3930 6218
187 323 304 395 961

818 327 1240 396 SYNTAGMA
1282 314 1680 393 CANONUM.
1715 359 1790 375 -
1834 313 1991 391 'r‘rr.
2038 315 2208 408 xm,
2253 323 2423 390 CAP.
2471 321 2928 392 XXIV-XXIX.

3449 315 3574 387 962'

281 481 534 538 ΚΕΦΛΛ.
584 477 724 537 KA'.
784 511 864 523 —
925 473 1047 554 Περὶ
1119 486 1212 536 τοῦ
1289 476 1368 551 μὴ
1452 475 1719 554 βαλλίζειν
1803 473 1838 542 ἣ

2006 469 2164 535 CAP.
2199 469 2415 536 XXIV.
2448 500 2525 517 -ρ
2555 471 2646 534 Ne
2677 469 2909 534 choreae
2961 470 3031 532 in
3070 468 3328 552 nuptiis,
3373 468 3570 531 salta-

193 565 490 646 ὀρχεῖσθαι
522 565 578 623 ἐν
607 567 825 643 γάμοις.

563 655 791 712 Συνόδου
826 653 1140 716 Λαοδικείας
1169 655 1344 712 κανὼν
1376 653 1481 732 νγ⁹.

283 745 392 824 νγ’.
424 745 547 804 "Ott
589 747 648 803 οὗ
676 744 760 802 δεῖ
811 746 1158 820 Χριστιανοὺς
1214 747 1287 809 εἰς
1336 745 1542 822 γάμους
1594 745 1844 822 ἀπερχο-

196 835 419 916 μένους,
455 835 724 912 βαλλίζειν
755 834 790 903 ἢ
823 836 1130 914 ὀρχεῖσθαι,
1189 833 1326 890 ἀλλᾶ
1369 834 1578 910 σεμνῶς
1608 830 1842 890 δειπνεῖν

194 925 233 994 ἢ
265 927 508 1003 ἀριστᾷν,
543 926 618 988 ὡς
650 924 841 1005 πρέπει
874 930 1240 1002 Χριστιανοτς.

285 1107 538 1162 ΚΕΦΛΛ.
573 1103 710 1163 ΚΕ¹.
733 1135 814 1149 —
849 1103 971 1182 Περὶ
999 1111 1092 1160 τοῦ
1121 1103 1200 1180 μὴ
1231 1100 1578 1159 συλλούεσθαι
1612 1098 1842 1180 γυναιξὶν

191 1193 420 1274 ἄνδρας.

575 1281 807 1342 Συνόδου
841 1281 1150 1348 Λαοδικείας
1183 1283 1363 1339 κανὼν
1391 1280 1467 1340 λ’.

276 1372 355 1436 λ’.
388 1371 512 1442 "Ott
546 1370 631 1429 δεῖ
659 1374 978 1453 ἱερατικοὺς,
1025 1372 1059 1440 ἣ
1089 1372 1400 1448 κληρικοὺς,
1436 1369 1472 1437 ἢ
1502 1369 1740 1436 ἇσκητὰς
1785 1367 1840 1424 ἐν

191 1465 470 1544 βαλανείῷ
500 1466 640 1541 μετὰ
665 1470 931 1544 γυναικῶν
965 1465 1347 1538 ἀπολούεσθαι,
1379 1486 1435 1521 κ.
1470 1486 1522 1523 τ.
1554 1459 1609 1520 λ.

429 1642 661 1701 Συνόδου
689 1645 1070 1718 οἰκουμενικῆς
1108 1643 1272 1709 ἕκτης
1306 1641 1477 1699 κανὼν
1508 1637 1616 1712 οζ¹.

274 1725 379 1806 οζ’.
413 1731 536 1793 ’Ὁτι
569 1736 629 1791 οὗ
679 1732 763 1790 δεῖ
809 1735 1136 1810 ἱερατικοὺς,
1168 1733 1204 1800 ἢ
1234 1731 1551 1808 κληρικοὺς,
1583 1729 1618 1798 ἢ
1661 1729 1839 1796 ἄσκη-

1929 564 2202 626 tionesve
2232 563 2412 643 ﬁant.

2238 654 2502 714 Consilii
2532 651 2906 714 Antiocheni
2932 667 3127 712 canon
3156 649 3257 713 53.

2006 742 2085 806 53
2141 743 2306 814 Quod
2345 762 2462 803 non
2515 749 2754 822 oportet
2808 740 3184 802 Christianos
3227 739 3297 800 ad
3334 737 3570 821 nuptias

1927 833 2262 911 venientes,
2287 831 2428 892 466
2456 850 2522 894 se
2558 831 2815 910 turpiter
2847 839 2904 891 et
2930 830 3214 892 indecore
3245 847 3456 908 gerere
3478 830 3569 892 vel

1929 923 2146 984 saltare
2174 943 2189 1003 ;
2222 923 2326 984 sed
2363 922 2633 984 modeste
2661 938 2922 995 coenare,
2958 929 3015 981 et
3046 919 3438 1000 prandere,ut
3469 918 3574 980 de~

1929 1026 2021 1074 cet
2051 1011 2458 1076 Christianos.

2009 1100 2167 1164 CAP.
2203 1099 2383 1164 XXV.
2419 1136 2490 1147 —
2527 1099 2612 1163 Ne
2634 1100 2762 1163 viri
2791 1117 2928 1162 cum
2958 1097 3325 1161 mulieribus
3353 1099 3420 1161 in
3450 1099 3576 1162 bal-

1928 1208 2042 1253 neo
2070 1195 2218 1256 sint.

2266 1280 2535 1344 Conciliz’
2566 1281 2898 1343 Laodicem'
2927 1295 3120 1341 canon
3147 1279 3248 1343 τέο.

2008 1371 2107 1433 30.
2146 1372 2316 1447 Quod
2354 1391 2470 1433 non
2507 1379 2743 1452 oportet
2766 1389 2902 1431 eum
2937 1369 3036 1448 qui
3071 1377 3163 1429 est
3193 1376 3459 1430 sacratus
3480 1369 3572 1430 vel

1923 1461 2205 1536 clericus,
2249 1463 2331 1524 vel
2367 1463 2750 1534 exercitator,
2787 1460 2846 1520 in
2879 1459 3094 1520 balneo
3125 1477 3260 1520 cum
3297 1457 3572 1521 mulieri-

1925 1551 2036 1614 bus
2067 1552 2275 1626 lavari,
2307 1561 2452 1625 etc.,
2486 1559 2552 1614 ut
2581 1569 2722 1632 pag.
2762 1550 2901 1610 790.

2205 1641 2474 1704 Concilii
2504 1642 2856 1702 acumenici
2885 1657 2937 1699 vt
2967 1656 3164 1700 canon
3197 1637 3297 1700 77.

2003 1727 2104 1809 77.
2141 1731 2306 1804 Quod
2345 1751 2463 1793 non
2497 1739 2735 1812 oportet
2765 1731 2954 1792 sacris
2988 1727 3275 1810 initiatos,
3320 1729 3412 1790 vel
3443 1729 3575 1792 cle-

188 1827 319 1901 τὲις,
349 1824 407 1881 ἐν
434 1823 700 1901 βαλανείῳ
731 1825 868 1900 μετὰ
898 1829 1162 1901 γυναικῶν
1191 1820 1572 1896 ἀπολούεσθαι,
1604 1841 1662 1882 κ.
1693 1841 1744 1879 τ.
1779 1817 1833 1881 λ,

2006 1839 2081 1881 :os
2105 1821 2195 1882 vel
2227 1831 2482 1897 ascetas,
2519 1820 2701 1882 lavari
2733 1837 2868 1880 cum
2909 1817 3287 1894 mulieribus,
3323 1827 3468 1894 etc.,
3505 1825 3577 1882 ut

277 2003 579 2078 ’Λνᾶγνωθι
610 2003 674 2059 τὰ
707 2001 1121 2082 παραγραφέντα
1164 2001 1217 2058 ἐν
1260 2005 1338 2074 τῷ
1385 1997 1470 2057 λα’
1515 2020 1638 2078 κεφ,
1673 2005 1766 2056 τοῦ
1797 1997 1844 2056 θ’

199 2085 313 2144 τίτ.
347 2092 439 2140 τοὺ
465 2085 726 2162 παρόντος
760 2083 1153 2160 συντάγματος.

291 2178 544 2236 ΚΕΦΛΛ.
612 2173 758 2247 κζ’.
820 2205 900 2219 —
957 2175 1081 2250 Περὶ
1150 2180 1246 2230 τοῦ
1299 2168 1656 2251 χλευάζοντος
1723 2169 1845 2234 τοὺς

197 2260 480 2325 ἀσθενεῖς.

687 2350 1035 2408 ’Λποστόλων
1061 2352 1238 2408 κανὼν
1262 2349 1365 2421 νίζ’,

286 2439 390 2514 νζ’.
430 2442 497 2499 Εἴ
555 2463 636 2507 τις
698 2440 955 2519 κληρικὸς
1011 2439 1198 2521 χωλὸν
1255 2440 1290 2508 ἢ
1347 2438 1844 2520 κῳὸνῆτυιρλὸν,

195 2556 256 2596 κ.
292 2554 349 2595 τ,
380 2531 436 2594 λ,

286 2625 542 2682 ΚΕΦΛΛ.
607 2610 735 2679 ΚΖ’.
791 2653 871 2665 -
914 2623 1038 2696 Περὶ
1099 2626 1193 2677 τοῦ
1223 2619 1301 2694 μὴ
1333 2619 1552 2676 εἰσιέναι
1584 2631 1844 2698 γυναῖκας

197 2714 276 2777 εἷς
339 2711 736 2788 θυσιαστήριον,
822 2711 912 2765 καὶ
1000 2708 1081 2764 ὅτι
1137 2710 1324 2782 μόνοις
1378 2721 1497 2773 τοῖς
1553 2711 1844 2787 ἱερατικοῖς

197 2802 376 2868 ἔξεστι
401 2813 683 2858 κοινωνεῖν
714 2799 768 2855 ιν
808 2807 886 2873 τῷ
915 2799 1292 2877 θυτιαστηρίω.

508 2888 734 2946 Συνόόου
767 2887 1078 2952 Λαοδικείας
1111 2889 1286 2944 κανὼν
1317 2886 1407 2961 ιϐ’,
1443 2886 1554 2964 μδ’.

285 2977 380 3042 ιθ“.
427 2979 556 3058 Περί
617 2985 712 3036 τοῦ
768 2976 882 3035 δεῖν
939 2975 1040 3051 ἰδίᾳ
1070 2978 1302 3056 πρῶτον,
1343 2979 1478 3053 μετὰ
1508 2978 1602 3042 τὰς
1634 2977 1847 3053 ὁμιλίας

197 3077 318 3129 τῶν
346 3069 681 3139 ἱπισκόπων,
717 3091 773 3132 κ,
809 3091 860 3131 τ.
895 3067 948 3127 λ.

286 3158 401 3237 μιδῖ
464 3144 582 3217 ηΟτι
636 3162 696 3218 οὒ
753 3156 838 3215 δεῖ
893 3171 1154 3238 γυναῖκας
1230 3157 1284 3214 ἐν
1360 3164 1437 3233 τῷ
1492 3158 1848 3236 θυσιαστηρίῳ
1865 3209 1908 3262 c

200 3249 576 3330 εῐσὲρχεσθαι,

449 3335 678 3398 Συνόδου
707 3336 1082 3413 οἶκουμενικῆς
1110 3335 1273 3403 ἕκτης
1305 3335 1478 3393 κανὼν
1507 3331 1605 3403 EO’.

283 3429 488 3497 ξθ’.Μὴ
521 3429 716 3494 ἐξέστω
741 3429 844 3485 τινὶ
876 3434 980 3485 τῶν
1013 3427 1262 3483 ἁπάντων
1293 3425 1348 3482 ἐν
1379 3424 1599 3492 λα’ίκοῖς
1628 3423 1848 3485 τελοῦν-

194 3545 277 3602 τι,
318 3519 468 3577 Ξνδον
497 3522 637 3596 ἱεροῦ
666 3518 878 3576 εἰσιέναι
909 3517 1313 3597 θυσιαστηρίου,
1348 3537 1403 3576 κ.
1435 3537 1487 3575 τ.
1521 3514 1577 3580 λ,

278 3703 539 3760 ΚΕΦΑΛ.
602 3695 740 3756 KEI’.
775 3729 853 3741 —
887 3694 1018 3775 [ιερὲ
1059 3698 1154 3754 τοῦ
1184 3695 1262 3773 μὴ
1311 3708 1492 3754 ποιεῖν
1543 3695 1648 3753 ἀπὸ
1706 3716 1848 3770 συμ-

194 3787 373 3854 ϐολῆς
411 3787 709 3864 συμπόσια,

560 3873 788 3934 Συνὸδου
833 3875 1144 3940 Λαοδικείας
1188 3875 1365 3932 κανὼν
1397 3875 1497 3938 νε’.

282 3967 389 4030 νε’.
420 3965 545 4024 Ὀτι
575 3965 634 4022 οὔ
667 3963 750 4022 δεῖ
779 3965 1074 4039 ἱερατικοῦς
1123 3962 1158 4034 ἢ
1204 3963 1516 4040 κληρικοὺς,
1549 3963 1611 4022 ἐκ
1641 3962 1850 4040 συμϐο-

195 4055 304 4124 λῆς
343 4056 611 4125 συμπόσια
639 4053 933 4122 ἐπιτελεῖν,
963 4052 1086 4110 ἀλλ’
1118 4052 1234 4110 οὐδὲ
1262 4053 1511 4118 λα’ίκούς.

287 4151 544 4207 ΚΕΦΑΛ.
595 4143 733 4204 ΚΘ’.
788 4176 865 4190 -
923 4145 1047 4224 Περὶ
1101 4141 1433 4204 κυϐευόντων
1490 4145 1525 4214 ἢ
1581 4146 1848 4221 μεθυσκο-

198 4235 382 4312 μένων
395 4285 408 4299 ,

679 4324 1025 4382 Ἀποστόλων
1055 4325 1231 4381 κανὼν
1257 4323 1380 4402 μγ’.

285 4411 409 4494 μγ’.
475 4405 876 4489 Ὑποδιακονος,
923 4415 959 4482 ἢ
1021 4414 1392 4493 ἄναγνώστης,
1430 4413 1464 4482 ἢ
1524 4413 1738 4490 ψάλτης
1786 4415 1852 4472 τὰ

201 4506 370 4582 ὅμοια
416 4510 610 4580 ποιῶν,
645 4505 680 4574 ἢ
707 4507 1017 4580 παυσάσθω,
1071 4506 1108 4574 ἢ
1161 4504 1492 4586 ἀφοριζέσθω
1527 4525 1540 4543 ⁸
1597 4506 1850 4570 ὡσαύτως

205 4596 295 4652 καὶ
327 4593 426 4651 λαΐ
432 4595 524 4658 κός
541 4643 554 4656 ,

459 4682 690 4743 Συνόὸου
717 4684 1098 4759 οίκουμενικῆς
1143 4683 1306 4750 ἕκτης
1335 4685 1511 4741 κανὼν
1539 4686 1612 4745 v'.

289 4776 362 4838 ν’,
413 4771 626 4841 Μηδένα
673 4779 782 4831 τῶν
830 4773 1080 4829 ἁπάντων
1123 4772 1237 4829 εἴτε
1270 4773 1478 4830 λα’ίκνξύν
1510 4772 1622 4831 εἴτε
1653 4771 1854 4855 κληρι-

209 4871 320 4923 κῶν
355 4861 598 4920 κυϐεύειν
631 4862 736 4920 ἀπὸ
767 4872 862 4923 τοῦ
891 4865 1001 4934 νῦν,
1036 4885 1092 4924 κ.
1125 4884 1178 4925 τ.
1214 4861 1269 4923 λ.

290 4954 358 5011 Ἠ
425 4952 479 5008 α’
536 4951 676 5012 διάτ.
735 4959 830 5010 τοό
887 4949 984 5028 μγ⁹
1033 4954 1135 5015 τίτ.
1188 4962 1281 5010 τοῦ
1325 4951 1376 5030 γ’
1420 4951 1558 5028 βιϐλ.
1601 4960 1688 5010 τοῦ
1719 4952 1846 5014 κώδ.

205 5047 371 5126 φησὶν
403 5041 487 5099 ὅτι
521 5043 548 5098 ὁ
577 5044 824 5110 ἡττηθεὶς
857 5043 929 5107 εἷς
986 5043 1176 5099 κόττον
1235 5045 1328 5100 οὒκ
1366 5041 1704 5118 ἀπαιτεῖται,
1766 5045 1853 5100 καὶ

203 5128 530 5191 καταλαϐὼν
609 5128 974 5205 ἀναλαμϐάνει
1057 5131 1194 5206 μετᾶ
1266 5129 1535 5212 διαδόχων
1590 5132 1695 5190 ἀπὸ
1761 5133 1855 5190 τοῦ

202 5227 530 5294 νικήσαντος
560 5222 650 5277 καὶ
679 5219 1036 5299 κληρονόμων
1068 5221 1228 5278 αὒτοῦ
1260 5218 1520 5289 διηνεκῶς
1580 5223 1668 5279 καὶ
1719 5222 1854 5299 πέρα

203 5311 645 5390 τριακονταετίας
682 5326 696 5341 ⁶
736 5311 779 5366 εἷ
808 5309 863 5366 δί
897 5311 976 5386 μὴ
1033 5310 1272 5367 θέλουσιν
1330 5307 1648 5384 ἀναλαϐεῖν,
1697 5313 1724 5368 ὃ
1760 5311 1852 5368 θέ-

202 5401 313 5460 λων
375 5402 467 5458 καὶ
523 5400 760 5475 μάλιστα
819 5402 846 5456 ὁ
905 5405 1004 5467 τῆς
1062 5399 1272 5466 πόλεως
1327 5400 1634 5476 ἰνῇτοῠτο
1663 5401 1852 5480 γέγονε

207 5493 388 5570 πατὴρ
451 5492 486 5558 ἢ
519 5487 730 5556 ἔκδικος
774 5489 1000 5546 ἀπαιτεῖ
1041 5492 1130 5547 καὶ
1184 5488 1397 5563 δαπανᾷ
1447 5491 1520 5554 είς
1568 5489 1697 5568 ἔργα
1753 5493 1853 5557 τῆς

204 5583 447 5662 πόλεως,
495 5583 582 5638 καὶ
628 5583 662 5648 ἡ
721 5581 988 5658 γενομένη
1046 5579 1134 5638 ἐπὶ
1165 5581 1340 5654 κόττῳ
1369 5580 1633 5661 ἀσφάλεια
1661 5577 1852 5659 ἄκυρός

206 5673 323 5733 εστι
380 5673 472 5730 καὶ
521 5668 825 5730 ἀποδίδοται
857 5691 870 5705 ο
918 5672 962 5730 εἰ
1005 5669 1060 5729 δὲ
1121 5671 1212 5730 καί
1239 5693 1321 5738 τις
1352 5669 1408 5729 ἓν
1439 5672 1690 5754 σχήματι
1720 5674 1852 5728 κότ-

1924 1929 2062 1993 pag.
2096 1911 2239 1975 790.

2011 2003 2161 2096 Lege
2186 2019 2321 2094 quae.
2348 2008 2630 2063 annotata
2662 1999 2884 2060 suntin
2918 2015 3053 2081 cap.
3085 1998 3185 2074 3t,
3223 1997 3313 2060 tit.
3348 1998 3386 2061 9
3419 2017 3576 2080 praes

1930 2093 2119 2159 sentis
2149 2093 2378 2154 operis.

2007 2169 2172 2235 CAP.
2206 2167 2412 2235 XXVI.
2443 2205 2522 2218 -—
2555 2173 2636 2233 De
2665 2187 2734 2232 eo
2767 2174 2877 2250 qui
2904 2167 3176 2248 inﬁrmos
3203 2167 3451 2234 irridet.

2364 2353 2405 2412 Α
2417 2349 2785 2429 postolorum
2800 2327 3012 2410 Otonon
3042 2346 3143 2408 57.

2009 2439 2084 2503 57
2119 2440 2271 2522 I56].
2334 2439 2399 2503 Si
2459 2439 2593 2520 quis
2639 2438 2898 2499 clericus
2951 2436 3255 2509 claudum,
3319 2436 3405 2498 vel
3435 2455 3574 2501 sur—

1928 2529 2094 2601 dum,
2130 2539 2274 2603 etc.,
2310 2539 2376 2591 ut
2406 2547 2556 2610 pag.
2590 2529 2733 2591 738.

2008 2619 2170 2683 CAP.
2201 2617 2436 2683 XXVII.
2473 2653 2545 2664 —
2580 2618 2670 2681 Ne
2699 2619 2987 2680 mulieres
3027 2618 3109 2679 ad
3137 2619 3336 2680 altare
3365 2620 3572 2697 ingre-

1927 2709 2225 2787 diantur;
2255 2715 2308 2772 et
2340 2709 2502 2790 quod
2530 2708 2678 2771 solis
2706 2706 3130 2771 ecclesiasticis
3187 2707 3374 2770 liceat
3403 2722 3574 2770 com-

1928 2800 2199 2861 munica:
2213 2817 2244 2860 e
2272 2801 2339 2861 in
2375 2798 2561 2860 altari
2570 2847 2584 2861 .

2155 2889 2422 2949 Concilii
2460 2886 2790 2950 Laodiceni
2815 2900 3083 2948 canones
3114 2884 3215 2959 19,
3242 2883 3343 2949 44.

2013 2976 2109 3040 19.
2147 2977 2447 3052 Oportere
2507 2993 2784 3038 seorsum
2846 2975 3131 3055 primum,
3168 2980 3306 3054 past
3333 2973 3574 3054 episco-

1933 3085 2142 3148 porum
2179 3083 2520 3139 sermones,
2554 3075 2700 3138 etc.,
2734 3074 2801 3127 ut
2822 3082 2968 3144 pag.
2999 3063 3141 3128 587.

2009 3155 2110 3220 44.
2145 3155 2315 3228 Quod
2349 3174 2469 3217 non
2520 3163 2761 3236 oportet
2813 3154 3104 3216 mulieres
3153 3153 3228 3216 ad
3259 3153 3445 3218 altare
3473 3152 3572 3216 in-

1932 3245 2125 3324 gredi.

2119 3333 2256 3394 467
2289 3332 2557 3398 Concilii
2584 3335 2940 3398 acumenicz‘
2968 3353 3020 3396 vt
3051 3352 3250 3398 canon
3281 3334 3383 3399 69.

2015 3423 2116 3486 60.
2144 3423 2304 3486 Nulli
2329 3427 2600 3486 omnium
2633 3425 2835 3501 liceat,
2871 3425 2972 3504 qui
2999 3425 3246 3505 quidem
3281 3425 3358 3485 sit
3382 3425 3442 3486 in
3469 3423 3576 3487 lai-

1933 3531 2140 3579 corum
2176 3533 2451 3585 numero,
2486 3514 2645 3578 intra
2693 3524 2862 3595 septa
2891 3512 3048 3576 sacri
3077 3513 3287 3575 altaris
3314 3513 3574 3592 ingredi,

1934 3615 2080 3678 etc.,
2113 3617 2183 3666 ut
2211 3622 2349 3685 pag.
2384 3602 2524 3669 602.

2013 3693 2177 3758 CAP.
2211 3691 2482 3758 XXVIII.
2521 3725 2598 3741 --
2633 3692 2726 3756 Ne
2781 3692 3121 3774 potationes
3150 3691 3372 3756 collata
3405 3705 3573 3773 sym—

1935 3783 2076 3849 bolu
2109 3784 2288 3864 ﬁant.

2273 3873 2543 3938 Concilii
2573 3873 2898 3938 Laodiceni
2926 3889 3121 3936 canon
3148 3873 3250 3936 55.

2013 3965 2113 4028 55.
2148 3965 2315 4038 Quod
2349 3983 2467 4026 non
2519 3972 2756 4044 oportet
2803 3971 3073 4024 sacratos
3127 3971 3186 4024 et
3234 3961 3490 4040 clericos
3518 3964 3576 4026 ei

1932 4054 2235 4118 collatioui
2268 4052 2538 4116 convivia
2570 4070 2878 4132 peragere,
2917 4052 3022 4114 sed
3054 4069 3252 4134 neque
3281 4053 3488 4116 laicos.

2013 4143 2184 4208 CAP.
2214 4141 2419 4208 XXIX.
2450 4177 2522 4192 —-
2555 4144 2641 4206 De
2668 4141 3012 4205 uiatoribus
3043 4149 3101 4207 et
3129 4142 3410 4207 ebriosis.

2369 4322 2788 4401 Apostolorum
2818 4338 3012 4386 canon
3042 4315 3144 4387 43.

2016 4415 2090 4476 43
2119 4412 2278 4493 [4'2].
2313 4411 2794 4492 Hypodiaronus,
2830 4412 2922 4474 vel
2965 4412 3180 4486 lector,
3216 4413 3305 4476 vel
3339 4419 3574 4490 cantor,

1935 4503 2157 4566 similia
2187 4502 2434 4577 faciens,
2471 4503 2564 4565 vel
2598 4510 2814 4580 cesset,
2848 4503 2938 4564 vel
2970 4505 3574 4584 segregetur.ltidem

1937 4602 1998 4657 et
2027 4591 2238 4658 laicus.

2213 4682 2476 4746 Consilii
2499 4685 2857 4746 (Βοανηεηίτί
2886 4701 2939 4746 vt
2971 4700 3169 4747 canon
3201 4685 3301 4747 50.

2017 4774 2116 4836 50.
2151 4771 2390 4835 Nullum
2425 4771 2853 4845 omnium,sive
2886 4772 3099 4834 laicum
3133 4771 3258 4833 sive
3287 4771 3575 4835 clericum

1939 4865 2228 4943 deinceps
2260 4862 2389 4924 alea
2426 4862 2659 4941 ludere,
2693 4869 2838 4936 etc.,
2872 4870 2941 4924 ut
2973 4879 3110 4943 pag.
3150 4863 3288 4923 774.

2019 4952 2513 5026 Textus.Const,t
2535 4950 2942 5026 ,ιὶι.43,1ἱὶ).ι·ι
2967 4952 3216 5012 cod.ait:
3243 4948 3352 5022 Qui
3373 4947 3434 5011 in
3458 4959 3582 5012 cot-

1936 5052 1996 5107 to
2019 5045 2212 5104 victus
2234 5051 2346 5116 est,
2377 5061 2494 5104 non
2526 5050 2790 5116 tenetur;
2815 5054 2876 5102 et
2899 5040 2949 5100 si
2973 5038 3309 5118 solvit,cum
3331 5057 3581 5104 succes-

1936 5133 2175 5196 soribus
2206 5150 2240 5191 a
2288 5132 2519 5193 victore
2581 5129 2834 5210 ejusque
2885 5129 3231 5190 haeredibus
3261 5139 3581 5211 perpetuo,

1937 5223 2115 5285 etiam
2152 5230 2286 5299 post
2317 5220 2559 5298 triginta
2589 5237 2779 5280 annos
2810 5217 3085 5299 recipere
3117 5217 3502 5301 [potest.Qui|
3532 5218 3585 5281 si

1936 5329 2231 5390 recupare
2257 5310 2475 5380 nolint,
2509 5309 2877 5390 quicunque,
2911 5316 2971 5371 et
2999 5308 3300 5390 praecipue
3328 5309 3585 5372 civitatis

1935 5401 1996 5462 in
2027 5417 2144 5480 qua
2177 5400 2234 5460 id
2268 5399 2490 5460 factum
2523 5406 2637 5470 est,
2702 5409 2872 5478 pater
2920 5407 3022 5460 aut
3065 5398 3351 5460 defensor
3378 5399 3584 5478 exigit,

1935 5501 2112 5570 atque
2143 5488 2203 5550 in
2236 5487 2496 5550 civitatis
2529 5507 2712 5570 opera
2735 5488 3161 5561 insumit.Quaa
3177 5507 3316 5550 vero
3342 5489 3401 5550 in
3426 5496 3585 5550 cotto

1937 5579 2137 5641 cautio
2171 5579 2324 5641 facta
2355 5587 2468 5650 est,
2536 5579 2704 5640 irrita
2763 5589 2854 5642 est
2909 5587 2967 5640 et
2998 5577 3299 5643 redditur.
3333 5577 3504 5650 Quod
3533 5577 3587 5638 si

1939 5669 2078 5751 quis
2103 5669 2287 5734 etiam
2309 5678 2465 5735 cotto
2489 5670 2553 5735 in
2581 5670 2848 5755 speciem
2875 5669 3342 5758 [repraesentata]
3364 5665 3587 5748 lupinis
