4090 6204
458 273 574 340 963

1640 275 1906 340 PHOTII
1956 267 2478 339 PATRIARCHE
2527 269 2643 336 GP.

3706 259 3824 332 964

452 411 643 475 aliave
677 412 842 493 [qua]
905 411 1152 474 materia
1204 413 1395 474 victus
1455 411 1634 475 fuerit
1679 430 1798 473 non
1835 419 2084 473 tenetur.

2199 415 2273 467 τοῦ
2331 410 2538 484 ἡττηθῇ
2587 406 2822 486 θερμίοις
2867 408 2900 476 ἣ
2941 403 3094 483 ἑτέρᾳ
3139 399 3268 472 ὕλη,
3323 401 3420 460 οὒκ
3476 402 3819 477 ἂπειιτιττιι,

452 499 731 582 Episcopi
755 501 998 583 [autem]
1020 501 1241 563 auxilio
1267 502 1616 580 praesidum,
1648 513 1879 580 patrum
1917 509 2097 577 atque

453 591 843 653 defensorum
867 592 927 651 in
961 593 1072 652 hoc
1103 590 1450 672 inquirendi
1479 591 1821 653 facultatem
1850 591 2093 653 habent.

453 679 715 743 Proinde
741 681 877 740 468
900 680 1196 751 μονόϐο).ον
1222 681 1594 755 duntaxat,et
1613 679 2092 757 κοντομονόὸολον,

455 777 515 831 ei.
543 771 796 827 κυντανὸν
846 773 1079 827 κόντακα
1136 770 1259 832 sive
1321 771 1522 834 ﬁbula.
1581 779 1638 830 et
1690 771 1991 851 περιχυτὴν
2037 777 2098 830 ει

451 861 702 927 ἱππικὴν,
737 859 870 921 sine
901 859 1038 920 dolo
1089 870 1266 940 atque
1297 860 1531 920 callidis
1562 859 2093 921 adiuventiunibus

453 947 663 1009 ludere
693 958 783 1009 est
815 949 1066 1012 licitum.
1103 949 1186 1010 Ac
1243 949 1414 1010 valde
1459 949 1702 1028 quidem
1754 949 1972 1009 divites
2033 952 2092 1010 in

451 1055 636 1098 unum
691 1038 950 1099 solidum
1007 1057 1365 1119 unaquaque
1411 1038 1795 1117 appositione
1829 1039 2088 1100 ludunt:

449 1127 666 1208 reliqui
700 1146 840 1190 vero
872 1133 932 1188 in
969 1128 1151 1188 multo
1181 1130 1400 1192 minus.
1433 1127 1541 1206 |ln|
1567 1127 1726 1203 quod
1754 1136 1948 1188 autem
1971 1147 2092 1188 am-

451 1217 609 1292 plius
634 1217 847 1293 [lusum
873 1218 1006 1294 est],
1041 1235 1157 1277 non
1183 1218 1459 1296 exigitur,
1495 1229 1550 1280 et
1573 1217 1770 1276 datum
1798 1216 2090 1279 redditur.

451 1303 675 1367 Harum
709 1305 934 1384 [autem
994 1307 1220 1382 rerum]
1261 1325 1460 1367 curam
1523 1305 1744 1366 habent
1779 1306 2086 1386 praesides,

448 1403 626 1475 atque
658 1394 867 1455 decem
898 1394 1189 1456 librarum
1225 1397 1411 1457 multa
1435 1395 1730 1456 incumbit
1761 1404 2091 1474 transgres-

451 1484 691 1547 soribus
723 1493 782 1544 et
800 1487 1334 1560 transgressionem
1363 1485 2087 1564 permittentibus.Cuust.

2177 500 2283 554 τῶν
2339 499 2648 555 ἐπισκόπων
2699 495 2875 553 ἄδειαν
2920 496 3159 576 ἐχόντων
3208 503 3372 553 ταῦτα
3417 502 3632 565 ζητεῖν,
3677 496 3819 571 βοη-

2175 588 2404 644 θούντων
2459 587 2645 650 αὐτοῖς
2722 595 2828 643 τῶν
2899 585 3148 662 Πατέρων
3228 585 3313 639 καὶ
3373 583 3659 662 ἀρχόντων
3732 588 3822 642 ιιιὶ

2175 675 2396 733 ὲκδίκων
2432 695 2446 708 ⁶
2509 679 2670 748 μόνον
2730 674 2784 732 δὲ
2861 675 3069 746 παίζειν
3139 673 3308 738 ἔξεστι
3381 671 3670 748 μονίϐολον
3734 678 3822 731 καὶ

2177 764 2639 842 κονδομονίϐολον,
2701 765 2797 822 καῖ
2855 766 3161 836 κυίντανὸν,
3215 767 3311 820 καὶ
3371 762 3604 821 κόνδακα
3650 768 3820 844 χωρὶς

2176 862 2274 922 τῆς
2327 857 2520 934 ὁρπῆς,
2567 879 2656 912 im
2701 857 3026 935 περιχύτην,
3061 857 3146 910 καὶ
3191 855 3415 910 ἱππικὸν
3448 852 3570 913 ἄνευ)
3613 855 3821 935 τέχνης

2175 948 2263 1002 καὶ
2317 945 2552 1008 ἐπινοίας
2589 962 2602 974 ⁸
2651 947 2738 1001 καὶ
2769 947 2815 1001 oi
2863 944 2961 1018 μὲν
2999 941 3198 1023 σφόδρα
3241 942 3515 1010 πλοῦαιοι,
3553 943 3667 1009 ἑνὸς
3728 966 3824 1000 v0-

2177 1033 2440 1107 μίσμίιτος
2497 1033 2732 1100 ἑκάστην
2779 1035 3016 1090 σύνθεσιν
3063 1039 3341 1102 παίζουσιν
3373 1046 3389 1061 ⁶
3447 1034 3495 1088 οἱ
3526 1031 3578 1088 δὲ
3613 1031 3820 1108 λοιποὶ,

2175 1122 2312 1178 πάνυ
2343 1121 2562 1189 ἥττονος
2600 1139 2613 1153 '
2648 1125 2709 1178 τὸ
2766 1121 2820 1178 δὲ
2877 1121 3040 1178 πλέον
3088 1121 3380 1188 ἀπαίτησιν
3424 1123 3519 1177 οὒκ
3551 1120 3695 1200 ἔχει,
3733 1124 3822 1178 ιιιῖ

2173 1209 2446 1285 διδόμενον
2512 1213 2608 1268 οὐκ
2636 1210 2944 1268 ἀποδίδοται
2977 1227 2992 1241 ⁶
3027 1219 3312 1288 προνοοῦσι
3365 1211 3563 1266 τούτων
3613 1214 3662 1266 οί
3715 1212 3821 1286 ἅρ-

2172 1300 2522 1382 χοντεςβὲκι
2555 1300 2744 1376 λιτρῶν
2777 1307 2969 1367 ποινῆς
3002 1298 3357 1371 ἐπικειμένης
3389 1313 3510 1362 τοῖς
3543 1298 3819 1375 παραὸιίο

2173 1412 2374 1463 νουσιν,
2408 1391 2443 1457 ἢ
2473 1393 2813 1469 συγχιυροῦπι
2845 1387 3283 1465 πιραόιίνεσθκιο
3319 1392 3355 1459 ἡ
3386 1386 3442 1443 δὲ
3468 1387 3520 1464 β’
3545 1387 3689 1450 διὰτ.
3725 1391 3820 1446 τοῦ

2174 1481 2333 1536 αὒτοῦ
2363 1481 2464 1541 τίτ,
2499 1481 2684 1558 φησὶν,
2708 1479 2788 1536 ὅτι
2813 1479 2931 1536 οὔτε
2954 1492 3071 1537 τοῖς
3094 1475 3449 1545 καλουμένοις
3467 1476 3692 1543 ξυλίνοις
3721 1483 3820 1536 ἱπ-

449 1593 594 1636 vero
625 1574 665 1635 2
685 1574 957 1652 ejusdem
983 1577 1072 1633 tit.
1109 1573 1210 1632 ait:
1239 1571 1442 1653 Neque
1468 1573 1686 1651 ligneis
1707 1575 2084 1650 equestribus

2199 1582 2382 1642 ιικοϊς,
2404 1569 2519 1624 οὔτε
2550 1566 2687 1644 ἄλλῃ
2718 1567 2900 1641 κυϐείᾳ
2931 1569 3136 1638 παίζειν
3167 1565 3362 1639 ἔξεττι,
3393 1568 3535 1634 πλὴν
3565 1575 3674 1624 τῶν
3701 1569 3822 1626 ἐπι-

454 1661 814 1744 [quomodo]
846 1671 1150 1731 vocantur,
1189 1681 1384 1741 neque
1425 1661 1605 1723 alium
1641 1661 2084 1744 [quemcunque

2199 1658 2482 1735 ῖραπέντων
2516 1658 2569 1714 ὲν
2609 1657 2676 1734 τῇ
2706 1655 3046 1735 προλαϐούπῃ
3076 1655 3214 1716 διάτ.
3266 1658 3354 1713 καὶ
3396 1660 3443 1713 οἱ
3492 1661 3649 1715 τόποι
3693 1657 3819 1716 καθ’

452 1753 598 1817 aleae
620 1751 826 1811 ludum
855 1750 943 1810 ius
969 1760 1059 1812 est
1085 1751 1316 1812 ludere:
1347 1762 1738 1832 prmterquam
1779 1752 1853 1812 iis
1877 1771 2008 1830 qum
2031 1753 2084 1814 in

2203 1749 2259 1810 ὓς
2298 1749 2351 1804 ἐν
2382 1761 2499 1811 τοῖς
2529 1749 2780 1811 τοιούτοις
2805 1751 3051 1810 ἱππικοῖς
3081 1747 3322 1818 παίζοντι
3355 1744 3612 1822 δημόσιοι
3644 1750 3820 1826 γίνον-

448 1840 828 1925 praecedente
874 1839 1302 1902 constitutione
1361 1842 1654 1920 permissa
1695 1850 1852 1902 sunt.
1892 1840 2084 1921 [Alio-

2208 1859 2282 1906 αι,
2342 1839 2429 1893 καὶ
2472 1838 2536 1894 τὰ
2569 1835 2818 1912 διδόμενα
2849 1835 3185 1893 ἀποδίδονται
3220 1850 3237 1866 ⁸
3272 1835 3306 1903 ἢ
3341 1836 3419 1908 μὴ
3468 1836 3819 1913 βουλομένων

448 1922 613 2013 quin]
675 1938 735 1991 et
791 1929 920 1990 loca
965 1930 1022 1989 in
1073 1929 1290 2010 quibus
1323 1931 1669 2010 bujusmodi
1705 1930 2084 2010 equestuibus

2199 1924 2461 1983 :vzh5stv
2490 1934 2597 1984 τῶν
2619 1925 3308 1999 δεδωκότωνβπαιτωόνται
3333 1922 3417 1980 διὰ
3445 1928 3539 1982 τοῦ
3567 1927 3818 2008 ἐπάρχου

448 2021 696 2088 luditur,
732 2017 970 2098 publica
1024 2019 1196 2090 fiunt,
1254 2029 1314 2080 et
1343 2021 1479 2080 data
1507 2021 1906 2082 restituuntur
1941 2037 1954 2081 :
1988 2029 2084 2080 aut

2199 2019 2258 2073 ,αἱ
2285 2018 2392 2073 τῶν
2422 2017 2698 2096 ἀρχόντων
2742 2024 2847 2074 τῶν
2891 2016 3195 2097 ἐπαρχιῶν,
3243 2016 3333 2071 xxi
3383 2025 3813 2095 προτκυροῦντιι

445 2111 497 2176 si
528 2107 629 2189 qui
656 2106 973 2182 dederunt,
1008 2109 1286 2188 recipere
1332 2109 1546 2187 nolint,
1602 2128 1710 2188 per
1741 2108 2084 2187 praefectum

2202 2119 2285 2168 οῖς
2318 2101 2490 2184 ἔργοις
2523 2112 2630 2163 τῶν
2662 2105 2896 2166 πόλεων.

448 2211 507 2262 et
531 2197 970 2279 provinciarum
1005 2197 1293 2277 prasides
1345 2198 1693 2277 exiguntur,
1726 2208 1905 2280 atque
1934 2197 2085 2261 civi-

446 2296 632 2352 tatum
664 2285 948 2367 operibus
979 2285 1382 2364 applicantur.

527 2375 698 2441 CAP.
727 2372 902 2438 XXX.
935 2408 1014 2421 —
1044 2376 1128 2437 De
1173 2377 1608 2454 dcemoniacis,
1643 2384 1751 2441 aut
1793 2377 1858 2441 id
1885 2382 2084 2442 simu-

2251 2377 2500 2434 ΚΕΦΑΛ.
2561 2371 2647 2433 Λ’.
2703 2406 2782 2418 -
2855 2376 2978 2454 Περὶ
3038 2370 3491 2452 δαιμονιζομένων
3551 2376 3587 2444 ἢ
3635 2395 3819 2455 προσ·

447 2467 735 2532 tantibus.

870 2556 1301 2633 Apostolorum
1332 2575 1529 2620 canon
1559 2558 1660 2622 79.

530 2647 628 2709 79.
659 2645 721 2709 Si
750 2644 886 2723 quis
915 2643 1250 2708 damonem
1285 2645 1526 2726 habeat,
1564 2665 1638 2709 ne
1670 2648 1768 2710 fiat
1799 2647 2079 2724 clericus,

447 2744 592 2815 etc.,
624 2745 691 2798 ut
719 2753 867 2816 pug.
897 2733 1039 2795 503.

717 2822 980 2888 Coucilii
1008 2827 1358 2888 cecumenici
1392 2843 1450 2887 Vl
1477 2844 1667 2888 canon
1711 2826 1812 2890 60.

522 2918 624 2981 60.
661 2913 808 2978 Cum
861 2913 1078 2978 clamet
1113 2914 1459 2994 Apostolus,
1495 2915 1656 2996 quod
1687 2917 1795 2995 qui
1827 2915 2082 2980 Domino

2174 2462 2532 2539 ποιουμένων,

2637 2551 2983 2609 ’Λποστόλων
3012 2556 3188 2612 κινὼν
3221 2555 3325 2617 οϐ’.

2249 2641 2349 2701 οθ’.
2408 2641 2533 2699 Ἐάν
2576 2664 2657 2704 τις
2701 2639 2926 2717 δαίμονα
2957 2641 3064 2723 ἔχῃ
3097 2643 3379 2721 κληρικὸς,
3433 2647 3513 2721 μὴ
3553 2643 3810 2722 γινέσθὼ,

2163 2754 2218 2793 κ.
2250 2753 2303 2794 τ.
2336 2729 2390 2794 λ.

2415 2819 2640 2879 Συνόδου
2669 2822 3042 2896 οἷκουμενικῆς
3073 2821 3238 2890 ἕκτης
3270 2823 3446 2878 κανὼν
3479 2821 3548 2888 ξ’.

2246 2909 2316 2977 ξ’.
2371 2909 2474 2969 Τοῦ
2528 2910 2829 2966 ἀποστόλου
2872 2913 3133 2985 βοῶντος¹
3168 2911 3250 2968 ὅτι
3295 2915 3322 2968 ὁ
3355 2911 3695 2985 κολλώμενος
3732 2915 3810 2984 τῷ

441 3004 899 3084 adhceret,unus
921 3014 1006 3066 est
1027 3005 1285 3084 spiritus
1303 3007 1390 3078 55;
1409 3005 1636 3066 clarum
1662 3014 1774 3076 est,
1798 3015 1956 3086 quod
1983 3007 2084 3087 qui

2199 3000 2340 3077 ἱυρίῳ
2381 2997 2438 3055 ἓν
2485 2999 2697 3073 Πνεῦμέ
2725 3000 2862 3072 ἐστι,
2892 2999 3164 3076 πρόδηλον
3198 3003 3272 3066 ὡς
3305 3002 3393 3058 καὶ
3445 3002 3472 3056 ὁ
3527 3007 3604 3072 τῷ
3643 3000 3808 3056 ἄνειν-

441 3095 621 3158 etiam
650 3111 784 3156 cum
841 3093 1143 3154 contrario
1189 3092 1301 3154 init
1331 3093 1802 3155 faJ-iliaritatem
1833 3113 1902 3156 ac
1931 3113 2081 3157 con-

2200 3089 2261 3162 ίῳ
2303 3089 2488 3144 ἑαυτὸν
2535 3089 2746 3146 οἱκειῶν
2790 3089 2846 3144 ἓν
2885 3090 3086 3168 γίνεται
3155 3097 3223 3167 τῇ
3282 3092 3411 3166 πρὸς
3471 3089 3630 3146 αὐτὸν
3674 3113 3812 3145 συν-

438 3181 846 3256 suetudinem,
877 3200 1012 3242 cum
1042 3180 1148 3243 illo
1180 3183 1610 3263 conjunctione
1640 3203 1822 3246 unum
1855 3183 2082 3248 sit.Eos

2201 3178 2320 3257 φείᾳ
2354 3192 2368 3208 ⁸
2405 3178 2526 3239 τοὺς
2557 3178 2726 3234 τοίνυι
2759 3176 3014 3254 δαιμονᾷν
3046 3180 3522 3259 δποκρινομένους,
3565 3181 3652 3235 xxi
3682 3181 3813 3256 τρό-

441 3291 608 3352 ergo,
628 3271 730 3352 qui
762 3287 827 3332 se
863 3269 1136 3334 daemone
1166 3282 1482 3350 correptos
1513 3291 1647 3334 esse
1676 3271 1986 3349 simulant,
2026 3282 2084 3336 et

2199 3290 2281 3323 ξων
2339 3265 2634 3347 φαυλότητι
2692 3276 3078 3345 προσποιητῶς
3136 3271 3201 3326 τὰ
3261 3269 3479 3326 ἐκείνων
3530 3290 3813 3349 σχημιτι-

440 3379 674 3424 morum
711 3359 1100 3436 improbitate
1123 3379 1330 3423 eorum
1356 3361 1602 3440 ﬁguram
1626 3369 1686 3424 et
1709 3361 1978 3424 habitum
2005 3363 2082 3424 si-

2199 3357 2443 3433 ομένους,
2499 3353 2638 3421 ἔδοξε
2685 3356 2866 3434 τρόπῳ
2923 3357 3266 3433 ὶπιτιμᾶσθαι
3329 3361 3508 3432 πιντὶ,
3555 3360 3645 3414 καὶ
3696 3379 3818 3414 τοι·

435 3451 663 3514 mulate
695 3466 816 3530 prae
862 3466 929 3510 se
979 3448 1201 3524 ferunt,
1236 3452 1427 3512 visum
1463 3458 1552 3512 est
1584 3451 1934 3514 omnimodo
1969 3471 2082 3531 pu-

2199 3445 2352 3509 ύταις
2413 3447 2599 3511 αὖτοὺς
2651 3445 3087 3526 σκληραγωγίιις
3123 3449 3212 3504 xxi
3242 3449 3425 3512 πόνοις
3457 3445 3812 3522 ὑποϐάλλειν,

434 3538 593 3610 niri;
627 3549 686 3600 et
717 3537 1014 3618 ejusmodi
1045 3537 1475 3602 atﬂictionibus
1507 3539 1942 3620 laboribusque
1973 3555 2083 3602 eos

2199 3538 2248 3599 ῖς
2284 3533 2346 3590 ἂν
2398 3537 2445 3592 οἱ
2490 3533 2708 3601 άληθῶς
2765 3533 3125 3610 δαιμονῶντες
3161 3539 3292 3616 πρὸς
3328 3535 3656 3615 ἀπαλλαγὴν
3710 3542 3816 3604 τῆς

433 3627 653 3708 subjici
710 3633 1019 3708 oportere,
1071 3627 1298 3705 quibus
1347 3629 1390 3691 ii
1440 3631 1713 3710 quivere
1743 3629 2081 3693 adamone

2199 3625 2252 3681 οὗ
2277 3621 2528 3701 δαίμονος
2561 3624 2825 3704 ἐνεργείαις
2858 3625 3017 3692 ἀξίως
3049 3623 3463 3691 δποϐἆλλοιντο.

431 3718 695 3798 correpti
725 3724 888 3789 sunt,
920 3726 988 3777 ut
1023 3734 1056 3778 a
1089 3715 1386 3780 daemonis
1417 3718 1772 3800 operatione
1805 3717 2076 3782 liberen-

436 3813 556 3884 tur,
582 3806 725 3886 jure
757 3805 1187 3885 subjiciuntur.

731 3894 1029 3958 Timothei
1053 3914 1321 3960 canones
1352 3897 1412 3971 2,
1447 3897 1508 3971 3,
1549 3898 1643 3968 14.
1679 3897 1780 3960 16.

511 3985 950 4065 Interrogatio.
985 3983 1049 4048 Si
1081 3986 1557 4048 catechumenus
1579 4003 1613 4047 a
1635 3985 1906 4049 daemone
1931 4005 2074 4050 cor-

431 4074 713 4156 ripiatur,
746 4083 891 4148 etc.,
925 4084 990 4137 ut
1019 4093 1166 4155 pag.
1201 4075 1342 4137 697.

513 4165 656 4226 469
687 4165 1038 4243 Responsio.
1095 4161 1159 4225 Si
1214 4163 1266 4224 is
1315 4163 1484 4245 quia
1511 4162 1786 4226 daemone
1817 4164 2076 4246 corripi-

440 4263 564 4335 tur,
597 4262 740 4322 etc.,
772 4258 840 4314 at
880 4269 1024 4333 pag.
1058 4251 1200 4316 627.

521 4342 952 4421 Interrogatio.
988 4341 1048 4405 Si
1097 4341 1233 4424 quis
1283 4360 1420 4404 cum
1470 4342 1547 4406 sit
1578 4341 1797 4422 ﬁdelis,
1832 4352 1978 4421 etc.,
2010 4351 2078 4408 ut

431 4449 584 4516 pag.
615 4431 754 4495 607.

518 4521 869 4604 Responsio.
905 4519 969 4585 Si
1024 4520 1374 4604 mysterium
1424 4540 1547 4586 non
1599 4523 1892 4600 enuntiet,
1928 4531 2073 4602 etc.,

437 4621 509 4678 ut
532 4631 679 4696 pag.
712 4613 854 4675 607.

516 4703 952 4785 Interrogatio.
986 4703 1050 4769 Si
1079 4703 1240 4786 quis,
1269 4721 1407 4768 cum
1438 4704 1532 4768 sui
1562 4724 1809 4788 compos
1841 4725 1961 4770 non
1991 4723 2082 4769 es.

433 4804 548 4872 set,
581 4803 647 4860 ut
674 4815 818 4878 pag.
849 4795 992 4859 6H.

513 4887 862 4967 Responsio.
882 4886 1008 4947 Hoc
1039 4883 1220 4947 debet
1251 4883 1517 4948 clericus
1547 4882 2078 4962 discernere,etc.,

433 4979 500 5040 ut
526 4993 666 5055 pag.
703 4975 849 5038 6H.

513 5062 948 5144 Interrogatio.
984 5062 1046 5127 Si
1078 5064 1333 5144 alicujus
1369 5082 1515 5125 uxor
1545 5063 1763 5146 spiritu
1819 5063 2079 5142 corripi-

431 5161 553 5227 tur,
592 5162 656 5215 ut
683 5154 915 5215 ferreos
946 5154 1126 5216 etiam
1159 5154 1485 5235 compedes
1511 5161 1729 5233 gestet,
1756 5157 1843 5213 vlr
1872 5161 2071 5214 autem

2508 3893 2764 3970 Τιμοθέου
2792 3895 2968 3953 κανὼν
2998 3894 3075 3974 β’,
3110 3895 3188 3974 γ’⁹
3223 3893 3312 3969 ιδ’,
3350 3893 3442 3957 ιε’.

2239 3983 2559 4063 Ἐρώτησις.
2605 3979 2730 4040 Ἐὰν
2782 3983 3224 4062 δαιμονιζόμενος
3253 4007 3335 4049 τις
3379 3987 3798 4065 κατηχούμενος

2161 4077 2219 4154 ᾗ,
2254 4096 2312 4130 κ.
2347 4095 2399 4134 τ.
2432 4072 2487 4136 λ,

2235 4163 2308 4240 β’.
2347 4161 2682 4244 Ἀπόκρισις.
2725 4163 2858 4222 Ἐὰν
2913 4165 2941 4221 δ
2991 4166 3426 4242 δαιμονιζόμενος
3481 4165 3560 4243 μὴ
3619 4169 3798 4223 καθι-

2159 4256 2336 4334 ρισθῇ,
2369 4275 2426 4315 κ.
2459 4275 2512 4314 τ.
2547 4254 2602 4317 λ.

2240 4342 2562 4422 Ἐρώτησις.
2631 4341 2756 4402 Ἐάν
2841 4367 2923 4411 τις
2981 4346 3168 4410 πιστὸς
3244 4344 3318 4404 ὢν
3397 4344 3799 4427 διιιμονίζηται²

2159 4456 2217 4499 κ.
2248 4455 2299 4495 τ.
2328 4431 2384 4498 λ,

2239 4524 2315 4605 γ’.
2369 4521 2707 4604 ’Λπόκρισις.
2765 4523 2889 4583 Ἐὰν
2943 4526 3021 4602 μὴ
3051 4523 3340 4606 ὲξιιγορὲόῃ
3369 4527 3431 4583 τὸ
3474 4527 3804 4606 μυττήριον,

2160 4638 2217 4679 κ,
2250 4636 2303 4673 τ.
2339 4613 2394 4673 λ.

2242 4702 2564 4783 Ἐρώτησις,
2594 4701 2722 4766 Ἐάν
2752 4728 2831 4770 τις
2861 4707 2940 4784 μὴ
2967 4707 3114 4788 ἔχων
3146 4706 3356 4784 ἑαυτὸν,
3391 4729 3444 4768 κ.
3477 4727 3533 4768 τ,
3573 4703 3629 4770 λ,

2245 4883 2335 4946 ιδ’.
2393 4883 2734 4966 Ἀπόκρισις.
2798 4884 3070 4966 Διαιρίναι
3158 4885 3357 4966 ὀφείλει
3414 4887 3442 4942 ὃ
3517 4884 3806 4964 κληρικὸς,

2163 4995 2218 5034 κ.
2254 4995 2305 5033 τ.
2341 4970 2396 5036 λ.

2242 5062 2566 5141 Ἐρώτηεις.
2633 5062 2761 5121 Ἐάν
2831 5085 2974 5129 τινος
3061 5066 3194 5143 γ’.»νή
3277 5071 3571 5141 πνευματιᾷ
3643 5066 3806 5138 πάνυ,

2163 5152 2300 5210 ὥστε
2331 5154 2418 5209 καὶ
2449 5150 2639 5228 σίδηρι
2669 5168 2879 5236 φορεῖν²
2938 5157 2966 5211 ὁ
3014 5154 3148 5231 ἀνὴρ
3205 5152 3258 5210 δὲ
3304 5153 3452 5233 λέγει
3499 5155 3579 5212 ὅτι
3613 5156 3673 5211 οὗ
3717 5153 3813 5212 δύο

431 5241 616 5324 dicat,
651 5261 771 5304 non
805 5259 1045 5322 possum
1080 5242 1418 5323 continere,
1453 5255 1514 5304 et
1549 5242 1690 5304 velit
1719 5241 1892 5305 aliam
1918 5241 2076 5304 acci-

2199 5266 2305 5301 zut
2337 5243 2776 5326 ἄγκρατεύισθιι,
2806 5247 2894 5302 καὶ
2923 5243 3064 5302 Θέλει
3086 5241 3273 5301 Ἇσιόετν
3300 5244 3498 5320 ἄλλην,
3533 5246 3576 5302 εἷ
3605 5245 3811 5326 ὀφείλει

432 5351 622 5416 pere;
653 5332 917 5395 debetne
953 5330 1126 5394 aliam
1157 5333 1435 5414 accipere
1464 5351 1539 5394 an
1573 5338 1738 5396 non?

511 5567 567 5618 ⁵⁸
593 5570 620 5637 Ι
649 5567 788 5635 Cor.
816 5583 897 5650 Vl,
931 5569 1029 5634 17.

2154 5331 2369 5414 λαϐιῐν²
2403 5333 2439 5402 ἢ
2471 5332 2531 5390 οὔ
2563 5353 2581 5412 ς
