4090 6204
259 301 376 370 965

810 303 1230 372 SYNTAGMA
1272 303 1670 371 CANONUM.
1713 335 1780 350 -
1835 296 1994 369 TIT.
2043 303 2211 385 XIII,
2258 297 2421 368 CAP.
2470 299 2970 370 XXX-XXXIII.

3509 308 3627 375 966

338 461 430 526 ιε’,
481 461 821 540 Ἀπόκρισις.
851 464 1086 542 Μοιχείᾳ
1116 463 1412 537 μεσολαϐεῖ
1441 466 1501 522 τὸ
1532 467 1780 540 πρᾶγμα,
1810 459 1899 518 καὶ

2064 459 2415 538 Responsio.
2450 459 2516 522 In
2550 459 2664 522 hac
2685 477 2753 522 re
2774 459 3019 540 quidem
3047 458 3408 525 adulterium
3439 473 3628 529 inter-

261 553 382 630 περί
431 551 621 608 τούτου
652 553 702 607 τί
753 552 1134 628 ἀποκρίνασθαι
1173 553 1277 633 οὑχ
1314 555 1538 632 εὑρίσκω
1573 569 1588 584 ⁸
1649 552 1785 608 κατά
1844 547 1900 605 δὲ

259 642 626 715 πνευματικὴν
657 640 947 721 ἀπόφασιν,
981 643 1076 698 οὑκ
1106 642 1332 721 ὀφείλει,

344 731 571 809 Εἴρηται
615 728 760 808 βιδλ.
823 731 869 786 ε’
923 739 1015 788 τοῦ
1071 731 1233 806 κώδ,,
1279 734 1382 793 τίτ.
1432 732 1503 807 θ’,
1553 730 1691 793 διάτ,
1739 725 1900 800 δ’,ὅτι

263 821 388 877 Ἐἀν
431 822 566 898 γυνή
624 823 881 895 μαίνηται
939 821 1247 887 αὖτεξουσία
1290 825 1442 896 οὖσα,
1475 823 1638 896 μόνος
1682 822 1710 876 ὁ
1766 817 1901 894 ἀνὴρ

260 907 475 966 δύναται
533 910 766 985 πέμπειν
810 909 1087 986 ῥεπούδιον
1124 927 1138 942 '
1187 911 1242 967 ἐν
1299 910 1355 966 δὲ
1419 917 1496 983 τῷ
1537 909 1626 985 ιβ’
1683 907 1895 982 διατάγ.

255 1009 353 1058 τοῦ
395 999 448 1076 γ’
491 1003 596 1059 τίτ.
632 1001 724 1056 τοῦ
754 999 834 1056 κδ’
887 998 1032 1077 β.6λ.
1081 1003 1264 1082 φησὶν,
1311 1001 1392 1057 ὅτι
1440 1001 1532 1056 ἐὰν
1575 1001 1603 1055 ὁ
1648 998 1733 1060 εἷς
1791 995 1900 1052 τῶν

257 1089 640 1147 συνοικούντων
687 1091 853 1166 μανῇ,
903 1094 1060 1156 αὐτὸς
1119 1093 1216 1164 μὲν
1279 1092 1338 1146 οὑ
1395 1089 1611 1145 δύναται
1657 1084 1900 1142 στέλλειν

257 1175 484 1235 διαίσιον
521 1194 534 1209 ⁸
569 1180 613 1234 εί
644 1178 697 1235 δὲ
731 1182 942 1258 φορητή
975 1180 1118 1236 ἐστιν
1166 1183 1200 1247 ἡ
1245 1179 1429 1250 μανία,
1464 1177 1578 1234 εἴτε
1610 1176 1895 1253 διηνεκὴς,

258 1267 375 1324 εἴτε
403 1267 466 1324 ἐκ
491 1265 927 1344 διαλειμμάτων,
975 1272 1072 1326 οὑκ
1113 1269 1313 1349 ὀφείλει
1373 1271 1399 1325 ὂ
1443 1269 1627 1348 νήφων
1657 1271 1733 1338 τῷ
1763 1286 1894 1339 μαι-

255 1357 468 1432 νομένῴ
509 1357 750 1414 στέλλειν
779 1359 1051 1436 ῥεπούδιον
1085 1377 1098 1391 ·
1135 1361 1178 1414 εἰ
1236 1358 1291 1414 δὲ
1352 1357 1562 1436 στείλῃ,
1607 1355 1894 1412 ὑποπίπτει

256 1461 376 1512 τοῖς
422 1447 712 1522 ἐπιτιμίοις
750 1451 848 1515 τῆς
885 1449 1080 1527 ἀλόγου
1111 1449 1419 1520 διαζεύξεως
1457 1467 1470 1482 ’
1506 1449 1550 1502 εί
1581 1444 1636 1502 δὲ
1667 1444 1893 1500 ἀνύποι-

261 1538 384 1602 στός
415 1537 557 1593 ἐστιν
588 1539 625 1605 τη
656 1539 845 1618 μανία,
905 1541 992 1595 καὶ
1036 1543 1128 1596 οὑκ
1180 1540 1322 1595 ἔστιν
1368 1537 1518 1600 ἐλπὶς
1549 1535 1895 1608 ἀνανηψεως,

256 1627 427 1694 ἔξεστι
470 1626 556 1683 διὰ
585 1629 676 1684 τὸν
720 1627 956 1685 ἰντεῦθεν
986 1627 1150 1709 φόϐον
1180 1631 1268 1686 καὶ
1316 1629 1414 1696 τὴν
1469 1626 1750 1699 ἔπιθυμίαν
1807 1631 1903 1680 τοῦ

256 1716 666 1792 παιδοποιῆσαι,
727 1717 985 1796 ρεπουδίῳ
1042 1718 1182 1776 λύειν
1231 1721 1323 1775 τὸν
1364 1717 1562 1796 γέμον,
1608 1713 1901 1789 μηδετέρου

1984 546 2168 636 cedit,
2203 565 2313 610 nec
2346 548 2562 625 habeo,
2596 559 2696 612 aut
2727 549 2968 612 invenio
2996 550 3142 631 quid
3177 551 3253 614 de
3285 571 3354 614 ea
3378 572 3624 636 respon-

1983 635 2183 699 deam.

2067 726 2556 790 TextusDicitur
2578 727 2726 790 lib.v
2745 729 3292 803 cod.tit.70,const.
3319 735 3543 816 4,quod
3574 738 3627 800 si

1988 817 2203 877 mulier
2220 817 2310 876 sui
2328 817 2486 896 juris
2500 819 2825 882 constituta
2839 819 3066 881 furiosa
3084 823 3356 893 sit,solus
3377 827 3626 891 maritus

1982 907 2300 982 repudium
2330 908 2566 970 mittere
2591 909 2795 985 possit.
2836 909 3214 987 Digest.vero
3235 913 3617 991 22,!it.3,lib.

1983 1011 2138 1087 xxiv,
2175 995 2256 1055 ait
2289 1017 2304 1087 ξ
2333 993 2395 1087 Si
2442 996 2593 1058 alter
2613 998 2936 1076 conjugum
2963 999 3164 1061 furere
3184 1007 3456 1083 coeperit.
3494 1007 3623 1087 ipse

1983 1084 2225 1165 quidem
2255 1084 2561 1165 [furiosus]
2589 1088 2864 1148 nuntium
2894 1088 3130 1150 mittere
3149 1110 3265 1152 non
3287 1084 3621 1172 potestz‘at-

1979 1193 2096 1255 que
2117 1175 2166 1235 si
2190 1175 2512 1268 fiiror,sive
2529 1179 3015 1268 perpetuus,sive
3035 1198 3144 1260 per
3164 1180 3472 1248 intervalla
3495 1187 3620 1268 [ac-

1980 1261 2224 1354 cedens]
2245 1265 2574 1326 tolerabilis
2588 1267 2891 1348 sit,neque
2915 1286 3160 1349 compos
3185 1275 3402 1336 mentis
3419 1261 3615 1354 fuerit,

1981 1353 2251 1414 nuntium
2280 1354 2516 1446 mittere
2534 1354 2804 1446 debeLSi
2830 1368 3028 1419 tamen
3057 1360 3312 1436 miserit,
3335 1363 3393 1425 in
3417 1353 3623 1446 pinnas

1982 1443 2190 1521 injusti
2214 1443 2456 1505 divortii
2478 1444 2892 1518 incidit.Quod
2921 1446 2971 1506 si
2990 1447 3160 1509 furor
3179 1451 3322 1511 470
3345 1443 3626 1519 intolera-

1983 1531 2122 1628 bilis
2147 1538 2221 1594 sit
2241 1552 2348 1628 nec
2371 1533 2493 1594 ulla
2517 1535 2956 1615 resipiscentiae
2971 1556 3111 1628 spes
3136 1542 3420 1620 supersit:
3450 1565 3626 1628 prop-

1985 1631 2075 1683 ter
2098 1623 2315 1684 luroris
2339 1633 2587 1697 metum,
2621 1642 2690 1684 ac
2713 1627 3101 1705 procreandm
3133 1630 3357 1693 sobolis
3373 1623 3623 1699 deside-

1984 1712 2166 1781 rium.
2192 1711 2341 1773 citra
2364 1719 2676 1792 utriusque
2695 1715 3006 1788 damnum,
3043 1719 3486 1784 matrimonium
3519 1745 3622 1788 re-

258 1807 620 1881 ζημιουμένου
654 1823 668 1838 ⁸
725 1811 770 1864 εἰ
817 1810 999 1882 μέντοι
1033 1811 1111 1883 μὴ
1159 1810 1266 1864 λύει
1327 1809 1525 1886 γάμον,
1561 1805 1697 1860 ἀλλὰ
1741 1823 1896 1879 περι-

2006 1801 2167 1862 ηιόὶο
2188 1801 2519 1862 dissolvere
2543 1802 2866 1866 licet.Sane
2906 1805 2954 1864 si
2991 1804 3286 1887 [maritus]
3311 1813 3621 1876 matrimo-

259 1896 448 1976 φρονεῖ
485 1897 672 1972 αὑτῆς,
735 1897 1092 1975 ἀναγκάζεται
1135 1897 1222 1954 διὰ
1271 1905 1362 1954 τοῦ
1423 1895 1692 1976 ἄρχοντος
1740 1894 1900 1969 στρέ-

266 2007 384 2066 φειν
421 1988 608 2060 αὑτὴν,
656 1986 750 2043 καί
783 1990 1073 2066 φροντίζειν
1132 1993 1230 2054 τῆς
1285 1989 1516 2064 ἰατρείας
1576 1984 1764 2060 αὑτῆς,
1813 1983 1902 2037 καὶ

272 2072 440 2144 μηδὲν
495 2075 821 2152 παραλιπεῖν
901 2085 1009 2134 τῶν
1083 2077 1225 2155 ἀνδρὶ
1283 2079 1596 2154 πρεπόντων
1657 2075 1784 2150 πρὸς
1841 2072 1901 2126 τὸ

269 2167 437 2222 ποσὸν
467 2170 567 2232 τῆς
611 2168 829 2243 προικός
865 2181 878 2196 ⁸
919 2169 964 2223 εἰ
993 2166 1046 2224 8‘s
1079 2167 1346 2246 σκορπίζει
1375 2167 1475 2234 τὴν
1506 2175 1729 2242 προῖκα,
1761 2181 1902 2235 μεσ-

269 2261 524 2332 εγγυᾶται
556 2253 638 2334 ἔφ’
668 2256 714 2330 ᾦ
772 2259 867 2323 τὴν
927 2270 1159 2332 γυναῖκα
1201 2258 1288 2313 καὶ
1331 2256 1433 2323 την
1489 2253 1744 2334 φαμιλίαν
1802 2253 1901 2308 αὑ·

267 2348 365 2402 τῖις
397 2344 543 2408 ἀξίαν
574 2357 738 2425 σχεῖν
787 2344 1022 2406 ἐντεῦθεν
1079 2347 1436 2423 παραμυθίαν,
1491 2341 1904 2424 φυλαττομένων

272 2438 374 2488 τῶν
416 2433 466 2498 ἐξ
523 2434 700 2513 ἀρχῆς
767 2436 1066 2514 συμφώνων
1098 2453 1112 2468 ·
1154 2435 1293 2491 ἀλλὰ
1338 2444 1504 2492 ταῦτα
1549 2434 1785 2508 σήμερον
1847 2430 1906 2485 οὑ

267 2519 564 2600 προϐαίνει,
623 2522 741 2580 οὔτε
788 2522 869 2583 διὰ
916 2526 1107 2600 μανίαν
1166 2525 1400 2601 εὑλόγως
1463 2523 1642 2579 λύεται
1705 2520 1898 2598 γάμος,

268 2617 368 2678 τῆς
431 2614 548 2690 περὶ
596 2613 884 2690 ῥεπουδίων
945 2613 1042 2692 ριζ’
1103 2623 1317 2693 νεαρᾶς,
1364 2614 1530 2689 ῥητὰς
1577 2612 1746 2674 αἰτίας
1805 2607 1903 2664 λε-

268 2703 490 2779 γούσης,
526 2704 612 2758 γαὶ
653 2700 1062 2772 ὑποϐαλλούσης
1119 2707 1212 2761 τὸν
1263 2703 1389 2782 παρ’
1422 2703 1582 2764 αὑτὰς
1615 2700 1903 2756 στέλλοντα

269 2789 546 2868 ῥεπούδιον
587 2791 654 2867 τῇ
709 2793 975 2850 ὶκπτώσει
1034 2801 1140 2851 τῶν
1196 2800 1449 2873 γαμικῶν
1483 2788 1776 2848 επιδόσεωθ
1805 2790 1903 2844 καὶ

267 2878 434 2945 ἄλλας
466 2880 782 2953 ιπιτιμίοις.

352 3064 603 3120 ΚΕΦᾹΛ.
653 3059 786 3123 AA’.
833 3091 912 3106 —-
945 3062 1068 3141 Περὶ
1119 3060 1314 3118 λαϊκοῦ
1367 3059 1764 3138 ἀφορισθέντος,
1820 3057 1908 3113 καὶ

1985 1891 2150 1984 nium
2185 1889 2478 1984 [quidem]
2528 1911 2645 1954 non
2674 1892 2939 1984 dirimat,
2972 1896 3079 1956 sed
3123 1897 3418 1961 furentem
3446 1903 3624 1984 [uxo-

1983 1983 2136 2058 rem|
2187 1981 2445 2060 negligat
2481 2000 2494 2044 :
2546 1983 2931 2061 compellitur
2956 2003 3063 2063 per
3089 1981 3496 2064 magistratum
3520 2013 3623 2056 se-

1985 2069 2242 2131 cundum
2264 2071 2418 2130 dotis
2435 2078 2824 2149 quantitatem
2849 2072 3013 2133 alere
3037 2073 3194 2133 illam
3220 2094 3286 2137 ac
3299 2082 3624 2144 sanandam

1986 2159 2528 2253 curare,_nihilque
2579 2178 2787 2253 eorum
2831 2179 2963 2253 quae
2985 2164 3623 2253 maritum[praestare]

1986 2248 2326 2321 conveniat,
2366 2249 2848 2339 praetermittere.
2884 2247 3000 2310 Sed
3045 2251 3319 2314 sidotem
3342 2247 3618 2339 dissipet:

1987 2347 2396 2417 sequestratur
2421 2338 2903 2417 |illa],quatenns
2923 2357 2992 2430 ex
3019 2359 3088 2402 ea
3109 2342 3347 2417 mulier,
3372 2338 3626 2430 ejusque

1987 2426 2212 2486 familia
2243 2435 2606 2520 competens
2617 2428 2837 2520 habeat
2859 2429 3164 2520 sinlatiurn:
3184 2437 3495 2499 servandis
3517 2426 3622 2520 [vi-

1987 2516 2238 2596 delicet]
2277 2518 2350 2578 ab
2389 2517 2555 2577 initio
2590 2515 2781 2597 [initis
2801 2517 3130 2600 dotalibus]
3156 2523 3362 2601 pactis.
3401 2515 3620 2592 Verum

1987 2605 2112 2666 haac
2147 2607 2323 2667 hodie
2357 2625 2474 2666 non
2509 2606 3071 2688 procedunt,neque
3093 2619 3338 2690 propter
3355 2614 3618 2682 furorem

1987 2705 2150 2756 recte
2182 2696 2626 2757 matrimonium
2685 2699 2984 2758 solvitur:
3041 2717 3176 2760 cum
3221 2703 3298 2764 de
3348 2708 3626 2785 repudiis

1991 2785 2228 2846 novella
2260 2787 2369 2847 117
2419 2795 2615 2848 certas
2658 2805 2870 2848 causas
2921 2787 3157 2865 recitet,
3191 2801 3369 2872 atque
3401 2812 3624 2876 praeter

1988 2892 2114 2950 eas,
2141 2876 2457 2954 repudium
2488 2881 2818 2938 mittentem
2838 2878 3194 2956 nuptialium
3221 2886 3626 2953 contributio-

1989 2983 2131 3025 num
2165 2965 2503 3040 amissioni,
2535 2965 2789 3047 aliisque
2823 2967 3014 3047 poenis
3042 2967 3340 3047 subjiciat.

2071 3051 2239 3150 CAP.
2270 3053 2479 3150 XXXI.
2517 3088 2584 3150 :-
2623 3057 2706 3118 De
2737 3057 2894 3118 laico
2923 3067 3256 3150 segregata,
3291 3065 3397 3141 qui
3417 3083 3628 3150 recep-

269 3145 551 3229 δεχθίντος
627 3149 678 3216 ἐξ
754 3149 934 3229 ἐτέρου
1018 3173 1160 3229 παρα
1259 3150 1483 3228 γνώμην
1558 3156 1651 3206 τοῦ
1709 3147 1900 3228 ἀφορί-

2006 3150 2091 3238 {iis
2119 3147 2315 3219 luerit
2347 3146 2423 3206 ab
2479 3143 2628 3220 alio,
2683 3151 2910 3224 praeter
2957 3145 3332 3213 voluntatem
3360 3153 3494 3232 ejus
3522 3143 3628 3238 qui

269 3259 484 3304 σαντος.

662 3342 1010 3400 Ἀποστόλων
1056 3343 1232 3400 κανὼν
1265 3341 1363 3419 ιβ’,
1400 3340 1498 3419 ιγ’.

350 3445 445 3523 ιβ’.
484 3447 548 3505 Εἴ
575 3469 656 3509 τις
687 3445 943 3524 κληρικὸς
994 3446 1030 3514 ἢ
1088 3445 1302 3526 λα’ίκὸς,
1357 3441 1731 3526 ἀφωρισμένος
1783 3441 1905 3510 ἤτοι

270 3534 515 3616 ἄδεκτσς,
549 3561 602 3598 κ.
633 3559 686 3598 τ.
716 3536 771 3601 λ,

345 3713 442 3794 ιγ’.
479 3717 536 3774 Εἰ
566 3715 620 3772 δὲ
653 3715 1024 3794 ἀφωρισμένος
1058 3717 1175 3790 εἴη,
1211 3739 1265 3781 κ,
1299 3739 1350 3777 τ.
1385 3717 1444 3778 λ.

608 3817 836 3875 Συνόδου
865 3819 1203 3899 Ἀντιοχείας
1235 3822 1433 3895 κανὼν,
1464 3819 1568 3894 ς·’.

338 3919 444 3993 ς’.
480 3919 548 3977 Εἴ
590 3943 672 3986 τις
713 3923 816 3978 ὑπὸ
859 3923 952 3979 τοῦ
990 3922 1118 3980 ἰδίου
1176 3922 1473 3982 ἐπισκόπου
1533 3921 1902 3990 ἀκοινώνητος

267 4009 483 4088 γέγονε,
513 4032 567 4074 κ,
602 4033 653 4070 τ.
690 4009 744 4071 λ.

346 4105 598 4162 ΚΕΦΑΛ.
645 4099 772 4161 ΛΒ’.
809 4135 886 4147 -
918 4103 1043 4182 Περὶ
1082 4107 1188 4159 τῶν
1219 4102 1275 4159 ἐν
1306 4110 1547 4184 κυριακῇ
1582 4103 1610 4170 ἱί
1644 4100 1905 4177 Σαϐϐάτῳ

264 4210 654 4256 νηστευόντων,

729 4278 1076 4340 Ἀποστόλων
1105 4284 1303 4359 κανὼν,
1339 4282 1433 4350 ξδ’.

347 4379 444 4448 ξδ’.
494 4382 563 4442 Εἴ
617 4406 698 4449 τις
741 4383 1002 4462 κληρικὸς
1050 4387 1232 4465 εὑρεθῆ
1276 4387 1375 4455 τὴν
1435 4387 1704 4467 Κυριακὴν
1759 4386 1900 4462 ἡμέε-

269 4495 364 4552 ραν
394 4474 692 4556 νηστεύων,
720 4498 780 4539 κ,
809 4497 862 4537 τ,
897 4478 952 4538 λ.

631 4578 863 4640 Συνόδου
915 4580 1158 4660 Γάγγροις
1201 4581 1401 4661 κανὼν,
1436 4579 1537 4649 ιη’.

351 4672 556 4753 ιη’,Ἐῖ
599 4707 678 4751 τις
721 4683 806 4741 διὰ
858 4684 1213 4760 νομιζομένην
1264 4683 1494 4754 ἄσκησιν
1553 4684 1606 4744 ἰν
1671 4686 1734 4762 τῇ
1793 4695 1902 4746 Κυ-

263 4782 424 4856 ριακῇ
453 4776 724 4849 νήστεύοι,
757 4775 993 4850 ἀνάθεμα
1023 4773 1183 4838 ἔστω,

429 4877 658 4939 Συνόδου
681 4882 1052 4955 οἱκοδμενικῆς
1085 4877 1250 4944 ἕκτης
1276 4881 1451 4937 κανὼν
1482 4879 1587 4962 νε⁹,
1621 4879 1728 4954 νς

348 4981 446 5042 νε’.
498 4978 726 5050 Ἐπειδὴ
800 4982 1191 5058 μεμαθήκαμεν
1235 4981 1354 5047 τοὺς
1397 4982 1452 5038 ἐν
1495 4989 1564 5058 τῇ
1627 4973 1903 5056 Ῥωμαίων

267 5071 446 5151 πόλει,
494 5070 547 5128 lv
603 5083 728 5134 ταῖς
773 5070 947 5149 ἀγίαις
992 5068 1088 5138 τῆς
1149 5071 1590 5150 Τεσσαρακοστῆς
1647 5073 1899 5153 ἡμέραις,

263 5183 316 5224 κ.
349 5183 397 5221 τ.
433 5160 487 5223 λ.

345 5247 475 5325 νς·’.
550 5249 829 5314 Ὠσαύτως
899 5251 1292 5328 μεμαθήκαμεν
1357 5249 1414 5307 ὲν
1469 5257 1538 5327 τῇ
1609 5248 1904 5329 Ἀρμενίων

275 5339 453 5420 χώρᾳ,
477 5363 529 5396 κ.
565 5361 618 5404 τ,
648 5339 702 5400 λ.

347 5437 598 5494 ΚΕΦΑΛ,
674 5429 802 5493 AI".
874 5463 952 5476 --
1022 5433 1147 5510 Περὶ
1225 5438 1334 5488 τῶν
1390 5429 1744 5490 διδασγόντων
1812 5451 1904 5487 τον

267 5520 428 5578 οἶκον
469 5527 563 5578 τοῦ
605 5528 738 5578 Θεοῦ
795 5522 882 5578 καὶ
931 5521 1027 5585 τὰς
1085 5520 1346 5588 συνάξεις,
1407 5521 1902 5603 εὑκαταγρονήτοος

264 5610 437 5677 εἶναι.

1992 3231 2168 3295 illum
2199 3243 2644 3314 segregaverat.

2308 3339 2744 3414 Apostolorum
2771 3357 3041 3403 nationes
3073 3342 3169 3418 12,
3207 3345 3304 3408 13.

2076 3439 2172 3504 12.
2223 3439 2282 3530 Si
2315 3440 2451 3530 quis
2479 3440 2736 3504 clericus
2765 3443 2856 3504 vel
2899 3443 3112 3519 laicus,
3145 3461 3500 3530 segregatus
3526 3461 3626 3523 vel

1989 3549 2108 3591 non
2141 3529 2553 3609 recipiendus,
2585 3539 2730 3610 etc.,
2761 3539 2828 3594 ut
2852 3549 2998 3611 pug.
3033 3533 3176 3597 67!.

1990 3617 2330 3771 ⁷313[121.
2365 3618 2424 3680 Si
2453 3627 2651 3683 autem
2679 3629 2770 3682 est
2792 3631 3163 3700 segregatus,
3196 3635 3337 3705 etc.,
3371 3639 3442 3694 ut
3464 3651 3613 3718 pag.

2081 3715 2129 3771 ι.

2329 3811 2590 3877 Consilii
2617 3814 2977 3879 Antiocheni
3005 3835 3204 3882 canon
3227 3797 3286 3886 6.

2065 3917 2125 3980 6.
2161 3915 2223 3980 Si
2256 3916 2389 4000 quis
2417 3936 2452 3980 a
2476 3919 2720 4000 proprio
2751 3920 3036 4001 episcopo
3067 3921 3247 3986 fuerit
3275 3944 3618 4002 excommu-

1985 4010 2236 4083 nicatus,
2273 4017 2416 4090 etc.,
2451 4016 2518 4072 ut
2545 4027 2686 4089 pag.
2726 4011 2864 4076 719.
3129 4063 3138 4070 .

2063 4097 2193 4158 47I
2231 4098 2398 4160 CAP.
2431 4096 2664 4161 XXXII.
2699 4133 2774 4145 —
2809 4101 2888 4162 De
2905 4101 3324 4181 jejunantibus
3359 4112 3426 4174 in
3455 4112 3621 4179 Sab-

1991 4187 2128 4251 balo
2155 4187 2247 4252 vel
2278 4188 2377 4251 die
2401 4187 2720 4250 Dominico
2742 4207 2763 4250 :

2410 4278 2837 4359 Apostolorum
2866 4297 3064 4346 canon
3094 4285 3193 4350 64;

2063 4384 2166 4447 45.
2201 4378 2260 4444 Si
2292 4383 2427 4464 quis
2475 4383 2727 4446 clericas
2765 4388 3044 4449 Inventus
3075 4389 3256 4454 fuerit
3277 4392 3375 4458 die
3398 4395 3610 4464 Domi-

1983 4475 2120 4536 nica
2145 4473 2445 4553 jejunare,
2480 4481 2626 4554 etc.,
2657 4481 2724 4536 ut
2747 4493 2894 4558 pag.
2928 4477 3067 4542 635.

2289 4578 2556 4641 Concilil
2587 4579 2969 4660 Gangrensis
2988 4600 3190 4648 canon
3221 4589 3321 4655 l8.

2071 4683 2166 4743 18.
2201 4677 2263 4742 Si
2280 4688 2412 4762 quis
2436 4693 2682 4762 propter
2703 4701 2832 4744 eam
2854 4703 2985 4763 quae
3006 4688 3408 4766 existimatur,
3439 4709 3619 4755 exer-

1987 4767 2330 4833 citationem
2365 4771 2424 4832 in
2457 4771 2768 4834 Dominico
2797 4773 3052 4857 jejunet,
3087 4777 3166 4838 sit
3192 4781 3536 4846 anathema.

2166 4873 2434 4936 Consilii
2461 4876 2811 4937 meumenlci
2839 4893 2896 4938 Vl
2926 4895 3182 4942 canones
3208 4880 3309 4957 55,
3339 4883 3439 4945 56.

2065 4976 2166 5039 55.
2194 4977 2489 5051 Quoniam
2521 4977 2926 5040 intelleximus
2956 4979 3016 5040 in
3041 4982 3450 5046 Romanorum
3481 4987 3627 5050 civi-

1987 5072 2107 5126 tate
2163 5064 2222 5126 in
2275 5067 2494 5129 sanctis
2542 5066 3018 5147 quadragesimae
3062 5070 3338 5150 jejuniis,
3372 5081 3517 5152 etc.,
3551 5081 3622 5140 ut

1986 5171 2128 5234 pag.
2157 5153 2298 5218 638.

2067 5243 2170 5309 56.
2201 5243 2498 5307 Similiter
2527 5246 2868 5326 accepimus
2900 5256 2959 5311 et
2986 5248 3048 5310 in
3083 5250 3509 5316 Armeniorum
3532 5271 3628 5318 re-

1985 5332 2194 5414 gione.
2220 5341 2368 5409 etc.,
2404 5343 2470 5398 ul
2500 5353 2647 5415 pag.
2681 5336 2824 5400 638.

2070 5422 2230 5485 CAP.
2267 5423 2538 5488 XXXIII.
2571 5458 2650 5471 -
2707 5426 2790 5487 De
2846 5432 2928 5489 iis
2982 5430 3090 5510 qui
3124 5429 3336 5495 docent
3381 5433 3626 5499 domum

1987 5516 2100 5580 Dei
2155 5514 2361 5596 ibique
2405 5522 2804 5598 congregatas
2849 5535 3118 5602 synaxes
3163 5521 3334 5601 ﬂocci
3359 5541 3488 5588 esse
3513 5526 3620 5606 fa-

1985 5609 2264 5673 cicadas.
