4090 6204
193 304 311 380 969

993 301 1414 375 SYNTAGMA
1452 300 1851 373 GANONUM.
1898 337 1979 351 -
2032 294 2400 387 TIT.,XIV,
2442 296 2607 371 cap.
2654 300 2738 370 II.

195 455 451 539 Θεοφίλου
510 457 573 516 ἐκ
651 460 749 523 τῆς
836 456 966 534 πρὸς
1001 457 1233 539 arma»
1318 451 1609 510 ἐπίσκοπον
1706 450 1830 508 ἐπι-

2002 447 2317 530 Theophili
2346 466 2423 513 ea:
2447 447 2701 531 epistola
2728 447 2807 511 ad
2834 448 3071 513 Menam
3102 452 3471 537 episcopum.

903 532 1100 599 στολῆς
1112 576 1125 591 .

272 627 518 702 Νόμιμον
576 631 800 704 πρᾶγμα
858 623 1216 691 πεποιήκασιν
1279 622 1326 678 οἱ
1377 620 1725 698 πρεσϐύτεροι
1781 620 1829 675 οἱ

192 716 246 772 ἐν
277 717 485 790 Γεμίνῳ
513 715 700 796 κώμῃ,
759 716 806 771 εἰ
853 712 1099 780 ἀληθεύει
1128 713 1164 779 ἡ
1196 711 1487 786 κομίζουσα
1514 712 1577 766 τὸ
1607 716 1830 788 πρᾶγμα

194 807 455 864 Εὖσταθία
485 821 499 836 ⁸
560 806 754 884 φάσκει
812 805 934 882 γὰρ,
986 801 1066 858 ὅτι
1115 798 1371 879 Κυράδιον
1401 798 1711 877 ἀδικοῦσαν,
1744 801 1831 855 καὶ

192 894 271 969 μὴ
326 893 663 970 βουλομένην
717 891 1033 950 ἀναστεῖλαι
1089 892 1191 956 τὴν
1265 887 1500 962 ἀδικίαν,
1560 888 1833 967 ἐχώρισαν

192 988 291 1050 τῆς
349 982 639 1049 συνάξεως,
703 981 927 1049 Ἐπειδὴ
971 980 1144 1037 τοίνυν
1199 980 1371 1057 εὗρον,
1416 980 1488 1044 ὡς
1541 980 1602 1034 τὸ
1636 978 1832 1043 ἑαυτῆς

190 1074 360 1128 κακὸν
416 1074 810 1151 θεραπεύσασα,
884 1069 1130 1148 βούλεται
1187 1069 1545 1148 συναχθῆναι,
1604 1066 1833 1134 θέλησον

192 1164 598 1237 παρασκευάσαι
659 1164 825 1230 αὐτὴν
869 1160 1154 1218 ἀποθέσθαι
1213 1164 1424 1236 πρῶτον
1475 1157 1574 1224 τὴν
1626 1155 1831 1213 ἀδικίαν

191 1253 284 1307 καὶ
338 1266 528 1310 πεῖσαι
589 1257 947 1329 μετανοῆσαι,
1007 1248 1102 1317 ⁹ίνα
1160 1248 1352 1318 οὕτως,
1408 1249 1452 1303 εί
1497 1245 1720 1311 συνίδοις
1750 1245 1831 1302 ὅτι

193 1341 347 1416 νόμῳ
396 1344 530 1398 Θεοῦ
597 1341 955 1422 προσέρχεται
1005 1344 1104 1407 τῆς
1177 1335 1443 1402 συνάξεως
1505 1335 1828 1414 ὁρεγομὲνη,

192 1429 491 1509 ἔπιτρέψῃς
524 1432 657 1509 αὖτῇ
688 1431 825 1505 μετὰ
854 1430 961 1487 τῶν
991 1428 1136 1484 λαῶν
1166 1427 1508 1506 συνάγεσθαι.
1644 1432 1651 1437 ”

426 1527 656 1588 Συνόδου
687 1526 1063 1604 οἷκουμενικῆς
1091 1525 1253 1593 ἕκτης
1284 1525 1460 1582 κανὼν
1492 1522 1591 1589 ξδ’.

278 1617 380 1691 ξδ’,
429 1619 552 1677 ’Ότι
583 1620 645 1675 ού
688 1618 801 1699 χρὴ
832 1615 1064 1692 δημοσίᾳ
1093 1614 1308 1689 λα’ίκὸν,
1344 1613 1507 1692 λόγον
1537 1626 1705 1671 κινεῖν
1738 1610 1833 1669 δο-

1992 626 2137 688 Rom
2157 627 2378 706 justam
2402 627 2668 717 fecerant
2693 626 3024 710 presbyteri
3060 630 3121 693 in
3160 634 3415 698 Gemino
3446 656 3555 717 pa-

1913 734 2008 793 go,
2045 716 2094 776 si
2118 735 2322 778 verum
2354 715 2524 797 dicit,
2557 736 2690 798 quae
2725 717 2918 780 defert
2951 718 3187 783 litteras
3220 715 3553 790 Eustatliia.

1915 805 2071 868 Dicit
2124 806 2306 879 enim,
2341 806 2502 883 quod
2536 805 2855 888 Cyradium
2888 808 3209 873 facientem
3243 813 3557 893 injuriam,

1916 915 2028 958 nec
2059 896 2130 957 ab
2163 915 2233 959 ea
2255 897 2555 959 desistere
2586 896 2913 973 volentem,
2942 917 2976 960 a
3007 905 3433 969 communione
3462 925 3561 969 se-

1917 995 2299 1066 paraverunt.
2337 985 2486 1060 Quia
2523 1004 2665 1063 ergo
2696 986 3088 1070 inveni,quod
3121 1010 3230 1054 suo
3264 995 3418 1057 malo
3451 1016 3562 1059 cu-
3662 1040 3671 1047 -

1914 1093 2041 1137 ram
2102 1075 2404 1137 adhibens
2453 1075 2579 1139 vult
2638 1079 3212 1156 communicare,fac
3252 1101 3322 1144 ea
3370 1090 3448 1148 ita
3496 1106 3562 1149 se

1916 1173 2319 1255 comparet,ut
2353 1165 2634 1255 injuriam
2668 1167 2930 1245 primum
2964 1168 3245 1250 deponat,
3273 1180 3332 1234 et
3364 1182 3561 1255 pinni-

1914 1254 2158 1316 tentiam
2190 1272 2369 1333 agere
2400 1254 2461 1315 in
2494 1253 2762 1316 animum
2795 1255 3060 1335 inducat,
3098 1267 3155 1321 et
3185 1260 3237 1321 si
3264 1253 3562 1327 sicvintel-

1916 1343 2151 1419 lexeris,
2185 1343 2344 1425 quod
2370 1344 2630 1418 accedit,
2661 1347 3151 1411 communionem
3180 1350 3559 1433 desiderans,

1918 1433 2229 1515 permittas
2261 1434 2315 1495 ei
2348 1443 2410 1495 ut
2441 1453 2575 1496 cum
2610 1435 2849 1515 populis
2882 1439 3314 1502 communicet.

2184 1523 2446 1587 Concilii
2476 1527 2834 1588 acumenicz'
2861 1545 2916 1589 v1
2948 1545 3151 1591 caizon
3178 1530 3277 1592 64.

1997 1612 2099 1704 64.
2134 1612 2303 1685 Quod
2338 1631 2458 1704 non
2500 1623 2735 1695 oportet
2767 1614 2983 1677 laicum
3017 1618 3259 1697 publica
3292 1622 3565 1704 disputa-

3408 254 3605 377 ,970'
3706 288 3719 303 ’

190 1710 457 1787 γματικὸν
519 1708 556 1776 ἢ
614 1706 906 1781 διδάσκειν,
979 1703 1185 1779 ἀξίωμα
1234 1705 1406 1778 ἑαυτῷ
1463 1700 1836 1760 διδασκαλικὸν

1936 1721 1985 1764 τε
2014 1703 2105 1764 vel
2136 1703 2376 1784 docere,
2430 1703 2686 1765 docendi
2736 1707 3153 1768 auctoritatem
3210 1728 3279 1771 ex
3321 1700 3408 1774 ου’
3447 1714 3569 1776 sibi

192 1797 435 1855 ἐντεῦθεν
479 1797 924 1878 περιποιούμενον
958 1811 972 1826 ⁹
1024 1792 1148 1850 εἰιλλ⁹
1180 1793 1351 1850 εἴκειν
1380 1799 1450 1870 τῇ
1482 1788 1836 1867 παραδοθείσῃ

1936 1792 2349 1866 vindicantem,
2384 1792 2490 1854 sed
2541 1792 2740 1854 ordini
2788 1812 2822 1856 a
2855 1793 3108 1858 Domino
3140 1799 3355 1861 tradito
3385 1802 3569 1865 cede-

190 1888 340 1966 παρὰ
367 1893 462 1944 τοῦ
507 1889 697 1964 Κυρίου
749 1885 918 1958 τάξει,
964 1885 1054 1942 καὶ
1093 1894 1156 1940 το
1198 1883 1288 1946 οὖς
1346 1894 1465 1946 τοῖς
1510 1881 1611 1949 τὴν
1671 1878 1836 1961 χάριν

1936 1900 2025 1959 re;
2063 1890 2121 1944 et
2149 1899 2356 1973 aurem
2414 1882 2512 1958 iis,
2569 1880 2675 1973 qui
2726 1881 2988 1973 docendi
3020 1886 3273 1965 gratiam
3306 1908 3567 1973 accepe-

188 1983 287 2033 τοῦ
343 1974 726 2035 διδασκαλικοῦ
782 1974 945 2053 λόγου
999 1972 1223 2030 λαϐοῦσι
1266 1970 1588 2049 διανοίγειν,
1635 1972 1723 2028 καὶ
1773 1976 1836 2028 τὰ

1936 1982 2080 2046 runt,
2109 1970 2347 2051 aperire
2377 1992 2393 2049 ;
2449 1980 2508 2032 et
2560 1970 2761 2032 divina
2804 1971 2878 2034 ab
2912 1978 3004 2034 eis
3040 1973 3245 2038 doceri
3281 1997 3295 2039 :
3330 1978 3406 2040 In
3439 1970 3570 2043 ima

185 2068 316 2122 θεῖα
371 2065 496 2144 παρ’
555 2065 731 2123 ασότῶν
796 2062 1193 2121 ἐκδιδάσκεσθαι
1225 2077 1241 2092 ⁸
1312 2061 1404 2120 Ἐν
1469 2061 1571 2140 γὰρ
1615 2066 1684 2137 τῇ
1741 2060 1836 2133 μιᾷ

1936 2062 2085 2122 enim
2115 2059 2387 2123 Ecclesia
2421 2060 2669 2122 diversa
2721 2060 2993 2124 membra
3016 2065 3159 2141 fecit
3194 2064 3355 2129 Deus
3382 2068 3467 2145 δι,
3502 2078 3570 2130 ut

185 2154 494 2236 Ἐκκλησία
522 2153 746 2236 διάφορα
793 2153 934 2230 μέλη
965 2154 1261 2219 πεποίηκεν
1310 2154 1338 2207 6
1386 2152 1518 2214 Θεὸς
1562 2149 1698 2207 κατὰ
1738 2151 1840 2216 τὴν

187 2233 289 2301 τοῦ
342 2233 681 2302 ’Λποστόλου
730 2245 937 2324 φωνὴν,
1018 2243 1085 2311 ἢν
1143 2244 1170 2298 6
1227 2238 1481 2318 θεολόγος
1538 2240 1848 2317 ἑρμηνεύων

197 2336 527 2414 Γρηγόριος,
590 2340 777 2412 σαφῶς
821 2334 920 2400 τὴν
983 2332 1037 2389 ιν
1100 2332 1308 2393 τούτοις
1353 2327 1497 2395 τάξιν
1558 2330 1848 2407 παρίστησι

207 2425 433 2505 φάσκων
468 2443 484 2460 ο
545 2424 753 2491 Ταύτην
838 2421 1106 2496 αἱδώμεθα
1177 2419 1275 2487 τῆν
1349 2419 1526 2492 τάξιν,
1606 2417 1836 2498 ἀδελφοὶ.

1936 2417 2169 2498 fratres,
2207 2417 2362 2479 hunc
2394 2434 2723 2505 servemus.
2756 2416 2865 2479 Hic
2895 2418 3136 2499 quidem
3174 2419 3249 2482 sit
3275 2424 3575 2501 auris,ille

204 2504 419 2580 ταύτην
477 2510 881 2593 φυλάττωμενο
935 2512 963 2566 6
1021 2510 1121 2585 μὲν
1163 2507 1301 2564 ἔστω
1355 2509 1433 2568 τίς
1491 2507 1653 2581 ἀκοὴ,
1712 2510 1740 2563 6
1798 2507 1836 2564 δῖ

1939 2524 2079 2569 vero
2110 2505 2310 2582 lingua
2345 2523 2358 2568 :
2417 2504 2517 2567 hic
2546 2513 2744 2567 autem
2778 2524 3013 2582 manus,
3044 2507 3143 2570 hic
3171 2527 3310 2571 vero
3343 2511 3573 2593 aliquid

192 2601 452 2681 γλῶσσα·
516 2604 544 2659 6
599 2600 654 2658 δὲ
715 2603 861 2681 χεὶρ,
921 2601 948 2656 6
993 2597 1048 2655 δὲ
1093 2596 1226 2655 ἄλλο
1274 2620 1323 2653 τι
1362 2613 1377 2628 ⁶
1421 2598 1449 2652 ὃ
1480 2597 1578 2672 μὲν
1608 2594 1836 2653 διδασκέ-

1937 2595 2094 2658 aliud
2133 2616 2146 2655 :
2205 2595 2303 2656 hic
2361 2594 2603 2675 quidem
2664 2595 2902 2669 doceat,
2955 2596 3057 2658 ille
3088 2616 3227 2660 vero
3258 2598 3467 2664 discat.
3501 2600 3574 2663 Et

186 2710 300 2766 τω,
359 2694 386 2749 6
444 2690 500 2748 δὲ
560 2691 873 2767 μανθανέτω
910 2708 923 2721 ·
981 2689 1070 2745 καὶ
1146 2687 1283 2762 μετὰ
1343 2685 1555 2765 βραχέα
1589 2700 1603 2715 ⁸
1670 2687 1768 2744 Καὶ
1827 2691 1836 2741 i

1939 2685 2112 2765 paulo
2146 2695 2273 2764 post
2307 2704 2320 2747 :
2355 2682 2425 2744 Et
2447 2683 2687 2746 discens
2735 2685 2794 2745 in
2824 2683 3153 2758 docilitate.
3195 2695 3254 2749 et
3282 2689 3570 2770 suppedi-

189 2780 475 2857 μανθάνων
530 2781 586 2836 ἐν
654 2778 943 2854 εὐπειθείᾳ,
1025 2775 1117 2833 καὶ
1187 2778 1215 2831 6
1286 2776 1545 2854 χορηγῶν
1600 2772 1654 2829 ἂν
1719 2774 1836 2831 ἱλα-

1936 2781 2067 2835 tans
2093 2774 2153 2834 in
2181 2773 2505 2847 hilaritate,
2538 2783 2599 2835 et
2643 2772 2992 2836 ministrans
3023 2775 3085 2837 in
3116 2776 3450 2844 alacritate.
3489 2777 3572 2842 Ne

192 2868 413 2950 ρότητι,
472 2871 559 2925 καὶ
611 2870 640 2924 ὸ
687 2870 968 2947 ὑπουργῶν
1025 2865 1080 2923 ἒν
1140 2864 1403 2944 προθυμίᾳ
1438 2881 1453 2897 ⁶
1507 2863 1587 2938 μὴ
1642 2861 1836 2929 πάντες

1936 2865 2115 2924 simus
2147 2880 2357 2924 omnes
2416 2861 2643 2942 lingua,
2702 2862 2862 2944 quod
2922 2871 3013 2926 est
3068 2868 3457 2945 promptius:
3494 2887 3571 2930 ne

189 2962 343 3034 ὦμεν
400 2958 620 3036 γλῶσσα
680 2958 744 3014 τὸ
823 2955 1200 3031 ἑτοιμότατον,
1280 2955 1357 3027 μὴ
1413 2953 1608 3016 πάντες
1694 2953 1835 3009 ἀπό-

1936 2970 2134 3014 )mnes
2165 2952 2443 3032 apostoli,
2505 2971 2583 3015 ne
2634 2970 2848 3015 omnes
2882 2954 3217 3033 prophetae,
3248 2974 3326 3018 ne
3353 2975 3571 3020 omnes

1932 2240 2132 2319 sarius
2160 2238 2502 2316 Theologus
2530 2239 2614 2313 53,
2649 2256 2788 2299 eum
2820 2237 2923 2320 qui
2952 2239 3014 2301 in
3046 2241 3122 2301 iis
3147 2251 3257 2317 est,
3292 2244 3570 2308 ordinem

1933 2326 2341 2400 commendat,
2374 2327 2584 2389 dicens
2612 2325 2819 2390 :Hunc
2852 2328 3124 2392 ordinem
3158 2348 3570 2408 revereamur,

1932 2158 2022 2213 est
2050 2166 2161 2211 vox
2194 2148 2490 2229 Apostoli.
2525 2148 2712 2221 Quam
2744 2159 2952 2230 aperte
2984 2152 3385 2231 interpretans
3415 2155 3570 2219 Gre-
3684 2180 3693 2183 -

190 3047 405 3124 στολοι,
479 3049 558 3123 μὴ
625 3068 822 3110 παντες
886 3050 1182 3124 προρῆται,
1266 3042 1344 3117 μὴ
1420 3041 1616 3106 πάντες
1688 3041 1832 3120 διερ-

1917 3040 2413 3122 interpretemur.
2471 3040 2541 3104 Et
2602 3050 2736 3123 post
2788 3041 3107 3123 qvaadam:
3168 3045 3308 3106 475
3357 3047 3478 3108 Cur
3512 3054 3572 3109 te

191 3138 567 3215 μηνεύωμεν⁶
633 3138 717 3194 καὶ
795 3135 934 3212 μετά
1012 3152 1176 3191 τινα⁹
1239 3132 1299 3190 Τί
1356 3131 1580 3187 σεαυτὸν
1651 3144 1832 3196 ποιεῖς

1936 3139 2216 3223 iastorem
2252 3130 2423 3206 facis,
2451 3149 2585 3192 cum
2621 3132 2704 3193 sis
2736 3130 2863 3193 ovis
2886 3130 2917 3191 ?
2939 3150 3047 3195 cur
3076 3142 3253 3215 caput
3286 3134 3571 3217 efﬁceris,

188 3228 454 3306 ποιμένα,
534 3224 803 3306 πρόϐατον
884 3223 1007 3300 div;
1089 3225 1140 3278 τί
1205 3221 1327 3300 γίνῃ
1404 3219 1642 3299 κεφαλὴ,
1703 3228 1831 3283 ποὺς

169 3316 533 3398 ΔἸτυγχτίνωνς
592 3316 643 3373 τί
716 3327 1046 3395 στρατηγεῖν
1122 3310 1449 3398 ἐπιχειρεῖς,
1508 3308 1834 3398 τεταγμένος

188 3389 667 3484 ἔν”στρατιῶταις
705 3424 722 3477 ;
785 3389 948 3462 .Καὶ’
995 3400 1208 3478 ἑτέρωθι
1247 3389 1254 3390 ί
1296 3389 1361 3454 ’11
1422 3399 1578 3479 σοφία
1651 3396 1836 3455 διακε-

191 3496 407 3553 λεύεται
437 3513 450 3529 ·
502 3494 589 3561 Μὴ
632 3491 744 3551 ἴσθι
785 3492 959 3572 ταχὺς
1003 3490 1058 3547 ἐν
1119 3490 1328 3569 λόγοις,
1390 3488 1468 3562 μὴ
1521 3510 1836 3566 συμπαρεκ-

189 3585 370 3641 τείνου
452 3583 619 3651 πένης
719 3581 792 3640 ὢν
882 3579 1144 3656 πλουσίῳ,
1254 3575 1393 3653 μηδὲ
1480 3578 1630 3647 ζήτει
1730 3586 1837 3636 τῶν

191 3679 377 3754 σοφῶν
434 3674 579 3729 εἶναι
654 3671 953 3751 σοφώτερος
990 3685 1004 3700 ⁸
1062 3669 1106 3724 εί
1163 3664 1225 3754 δέ,
1269 3687 1349 3754 τις
1409 3663 1522 3739 ἁλῷ
1584 3666 1668 3754 τὸν
1727 3688 1839 3722 πχ-

187 3753 351 3844 ρόντα
407 3761 792 3841 παρασαλεύων
852 3756 1074 3835 κανόνα,
1138 3753 1234 3813 ἐπῖ
1276 3753 1484 3831 ἡμέρας
1543 3753 1601 3831 μ’
1646 3754 1839 3836 ἀφορι-

192 3852 391 3926 ζέσθω.

1918 3238 2054 3279 cum
2088 3218 2173 3281 sis
2225 3223 2374 3300 pes?
2426 3238 2537 3281 cur
2588 3220 2922 3302 imperator
2972 3240 3107 3284 esse
3140 3226 3400 3300 conaris,
3435 3244 3572 3287 cum

1918 3309 2144 3370 relatus
2178 3308 2262 3371 sis
2288 3309 2349 3370 in
2374 3328 2691 3372 numerum
2727 3309 3032 3373 militum?
3064 3313 3138 3374 Et
3170 3314 3310 3376 alibi
3346 3331 3358 3376 :
3392 3313 3575 3378 Jubet

1920 3395 2226 3475 Sapientia
2267 3415 2279 3459 :
2318 3396 2405 3460 Ne
2432 3400 2520 3461 sis
2569 3398 2746 3463 velox
2794 3404 2857 3460 in
2890 3402 3296 3479 sermonibus,
3331 3421 3405 3464 ne
3437 3421 3574 3466 cum

1921 3486 2008 3548 sis
2034 3504 2295 3567 pauper,
2331 3505 2456 3550 una
2484 3504 2621 3550 cum
2652 3489 2844 3551 divite
2875 3490 3226 3552 extendam
3240 3514 3265 3564 ;
3294 3510 3371 3553 ne
3400 3509 3573 3572 quae-

1922 3593 2026 3637 ras
2056 3577 2435 3656 sapientibus
2469 3594 2597 3640 esse
2628 3579 2980 3657 sapientior
3008 3578 3092 3642 56.
3122 3579 3181 3642 Si
3217 3580 3350 3660 quis
3372 3587 3571 3643 autem

1923 3673 2281 3745 praasentem
2361 3684 2655 3728 canonem
2725 3664 3096 3728 labefactans
3154 3668 3574 3749 deprehensus

1924 3753 2102 3816 luerit
2133 3754 2529 3835 quadraginta
2560 3754 2774 3819 diebus
2804 3764 3178 3835 segregetur.

1571 4174 1977 4262 ΤΙΤΛΟΣ
2060 4176 2216 4278 ΙΔ,

1292 4394 1444 4457 ΠΕΡΙ
1490 4405 1740 4457 ΚΟΙΝΩΝ
1784 4403 2061 4457 ΠΑΝΤΩΝ
2108 4402 2494 4457 ΑΝΘΡΩΠΩΝ.

1498 4672 1972 4760 TITULUS
2048 4672 2269 4759 XIV.

811 4884 911 4950 DE
953 4883 1218 4951 CULPIS
1262 4882 1442 4960 QUIE
1483 4883 1558 4948 IN
1613 4882 1865 4949 OMNES
1909 4881 2249 4948 IIOMINES
2303 4880 2602 4947 CADERE
2643 4882 2978 4958 QUEUNT.

297 5004 553 5060 ΚΕΦΑΔ.
581 4997 676 5062 Δ¹.
707 5030 786 5043 ——
815 4997 940 5075 Περὶ
972 4992 1304 5061 πλεονεξίας.

601 5089 892 5168 Γρηγορίου
922 5084 1133 5152 Νύσσης
1164 5085 1341 5141 κανὼν
1369 5081 1472 5158 ς’.

300 5178 402 5255 ς’.
440 5181 512 5239 Τὸ
544 5177 599 5236 δὲ
627 5177 807 5258 ἕτερον
850 5174 997 5239 εἶδος
1024 5174 1122 5242 τῆς
1154 5171 1586 5253 εἰδωλολατρίας,
1620 5196 1680 5234 κ.
1712 5197 1765 5234 τ.
1798 5173 1855 5237 λ.

296 5273 549 5332 ΚΕΦΑΛ.
584 5266 672 5328 Β¹.
696 5298 774 5312 ·-
804 5265 937 5346 Περί
966 5262 1396 5342 ἀλογευομένων.

530 5356 762 5416 Συνὸδου
791 5355 1059 5435 Ἀγκύρας
1083 5354 1260 5411 κανὼν
1299 5352 1424 5433 ις’,
1454 5353 1543 5424 ιζ’.

305 5449 427 5525 ις’,
473 5450 599 5530 Περὶ
627 5454 734 5506 τῶν
792 5443 1237 5526 ἀλογευσαμένων
1296 5444 1330 5510 ἢ
1389 5444 1476 5500 καὶ
1516 5441 1851 5519 ἀλογευομέ-

217 5562 347 5617 νων,
378 5562 434 5603 κ.
464 5562 515 5600 τ.
547 5538 604 5603 λ,

2019 4989 2261 5055 CAPUT
2290 4990 2337 5056 Ι.
2371 5026 2449 5037 -
2486 4991 2569 5054 De
2599 4992 2895 5056 avaritia.

2310 5079 2598 5161 Gregorii
2622 5079 2887 5161 Nysseni
2915 5097 3112 5143 canon
3140 5084 3200 5142 6.

2017 5170 2078 5232 6.
2103 5170 2310 5233 Altera
2331 5168 2688 5231 idololatriae
2710 5169 2971 5249 species,
3003 5180 3155 5248 etc.,
3185 5172 3253 5232 ut
3266 5182 3414 5248 pag.
3437 5167 3579 5231 958.

2019 5258 2189 5323 CAP.
2221 5257 2298 5321 ΙΙ.
2334 5292 2412 5304 -
2442 5258 2528 5320 De
2547 5257 3089 5322 concumbentibus
3116 5275 3250 5321 cum
3280 5256 3523 5320 brutis;

2177 5347 2438 5410 Concilii
2472 5350 2795 5426 Ancyrani
2824 5363 3080 5410 canones
3113 5347 3210 5422 16,
3240 5347 3335 5409 17.

2021 5438 2119 5501 16.
2154 5436 2239 5501 De
2269 5437 2347 5498 iis
2380 5436 2480 5517 qui
2511 5436 2764 5498 rationis
2796 5437 3064 5518 expertia
3106 5436 3385 5500 animalia
3425 5433 3583 5496 inie-

1939 5535 2083 5589 runt
2110 5527 2201 5589 vel
2226 5526 2460 5603 ineunt,
2497 5533 2643 5600 etc.,
2677 5536 2747 5588 ut
2777 5543 2923 5608 pag.
2957 5526 3099 5591 891.

297 5655 363 5710 Μ
389 5653 443 5721 ll
474 5654 610 5721 Cor.
643 5670 751 5731 xu,
785 5652 886 5718 18.
930 5653 994 5703 55
1021 5650 1188 5713 Orat.
1221 5645 1292 5710 de
1317 5646 1618 5711 servanda
1649 5647 1714 5710 in
1743 5643 2264 5729 disputationibus
2291 5644 2729 5708 moderatione.
2801 5641 2866 5696 56
2894 5643 3056 5707 Eccl.
3093 5660 3152 5723 ν,
3193 5645 3250 5707 1.

539 5758 782 5823 Parum.
810 5755 927 5820 Gn.
960 5748 1106 5816 CIV.

3266 5741 3334 5807 31
