4090 6204
254 274 368 348 973

332 428 433 491 «ιε’,
467 429 527 486 Οἱ
558 442 677 493 τοῖς
710 428 944 505 λῃσταῖς
974 427 1398 509 ἀντεπεξιόντες,
1433 452 1486 488 κ.
1529 451 1576 489 τ.
1611 429 1664 488 λ.

330 517 463 591 νς·’.
515 509 572 576 Ὀ
620 520 876 583 ἑκουσίως
908 519 1193 598 φονεύσας,
1226 519 1365 594 μετά
1409 518 1462 574 δὲ
1519 529 1674 578 τοῦτο
1726 539 1893 593 μετα-

249 605 524 688 μεληθεὶς,
587 609 763 664 εῗκοσι
811 606 953 664 ἔτεσι
991 608 1354 675 ἀκοινώνητος
1388 607 1536 664 ἔσται
1580 622 1699 673 τοῖς
1729 608 1895 686 ἁγιά-

250 717 416 773 σμασι
455 717 467 730 ·
525 697 675 754 τὰδὲ
708 697 883 755 εἴκοσι
915 697 1010 763 ’ἐτη
1060 697 1227 762 οὕτως
1279 700 1761 773 οἰκονομηθήσεται
1807 697 1894 754 ἐπ’

249 790 418 858 αὐτῷ.
472 785 564 844 Ἐν
623 787 906 866 τέσσαρσιν
966 786 1109 845 ἔτεσι
1153 786 1498 865 προσκλαίειν
1538 786 1761 867 ὀφείλει,
1796 785 1893 853 ἔξω

249 879 348 942 τῆς
394 876 549 954 θύρας
608 875 775 941 ἑστὼς
834 883 926 933 τοῦ
977 878 1256 954 εὒκτηρίου
1289 877 1464 956 οἴκου³
1498 881 1588 931 καὶ
1628 883 1734 932 τῶν
1778 878 1890 933 εἷσ-

250 963 442 1020 ιόντων
502 971 704 1020 πιστῶν
773 962 1024 1041 δεόμενος
1077 966 1247 1044 εὒχὴν
1295 964 1427 1039 ὑπὲρ
1484 967 1645 1023 αὐτοῦ
1702 978 1891 1022 ποιεῖ-

248 1055 395 1128 σθαι,
454 1053 783 1131 ἐξαγορεύων
840 1055 937 1121 τὴν
1008 1053 1142 1111 ἰδίαν
1201 1054 1534 1133 παρανομίαν
1570 1070 1584 1084 ⁸
1642 1056 1780 1128 μετά
1836 1053 1891 1110 δὲ

243 1138 479 1219 τέσσαρα
534 1141 630 1208 ἔτη
689 1144 765 1206 εἰς
822 1144 945 1207 τοὺς
988 1142 1360 1221 ἀκροωμένους
1419 1144 1767 1223 δεχθήσεται.
1801 1142 1890 1201 Ἐν

246 1228 384 1286 ἐπτά
435 1230 573 1287 ἔτεσι
632 1234 768 1306 μετά
811 1238 917 1288 τῶν
962 1235 1017 1289 ἓν
1091 1234 1394 1290 ὕποπτώσει
1456 1233 1889 1311 προσευχόμενος

244 1316 620 1384 ἐξελεύσεται·
662 1321 716 1378 ἐν
779 1321 1026 1400 τέσσαρσι
1074 1324 1401 1392 συστήσεται
1434 1322 1598 1397 μόνον
1628 1334 1749 1383 τοτς
1793 1344 1890 1378 πι-

246 1420 427 1481 στοῖς,
467 1417 771 1490 προσφορᾶς
820 1409 875 1467 δὲ
932 1415 992 1471 οὐ
1023 1411 1400 1487 μεταλήψεται
1436 1431 1449 1447 ’
1495 1410 1887 1487 πληρωθέντων

242 1498 301 1556 δὲ
329 1501 560 1581 ’τούτων²
594 1500 800 1576 μεθέξει
831 1506 938 1557 τῶν
969 1502 1344 1579 ἀγιασμάτων.

329 1675 433 1748 νζ¹,
468 1677 531 1736 ’0
575 1677 840 1738 ἀκουσίως
891 1679 1177 1757 φονεύσας,
1220 1678 1275 1734 ἐν
1333 1678 1460 1736 δέκα
1515 1679 1684 1736 ἔτεσιν
1729 1682 1886 1737 ἀκοι-

1056 278 1477 359 SYNTAGMA
1520 276 1912 349 CANONUM.
1967 314 2043 329 —
2101 278 2260 348 TIT.
2310 282 2470 366 XIV,
2520 286 2684 355 CAP.
2732 284 2808 354 V.

1915 437 1956 484 Α
2195 428 2313 520 Qui
2339 430 2398 493 in
2436 432 2721 517 latrones,
2756 446 2899 516 etc.,
2936 442 3000 502 ut
3024 457 3169 520 pag.
3202 440 3344 507 770.

3508 292 3621 370 974

2058 519 2158 617 ὅθ.
2193 518 2305 617 Qui
2334 522 2672 588 voluntarie
2703 518 3039 605 interfecit,
3077 518 3136 593 et
3186 541 3390 612 postea
3422 543 3618 617 poeni-

1978 607 2222 669 tentiam
2261 610 2474 673 doctus
2506 622 2617 691 est,
2652 618 2824 678 annis
2864 617 3074 697 viginti
3104 607 3617 691 sacramentorum

1925 765 1928 767 λ
1977 713 2094 757 non
2128 698 2242 758 erit
2285 699 2604 782 particeps.
2643 703 2866 783 Viginti
2914 716 3113 770 autem
3148 711 3287 771 anni
3337 714 3422 775 sic
3452 716 3512 778 in
3546 736 3617 781 eo

1976 784 2506 877 dispensabuntur.
2526 791 2718 855 Annis
2740 809 2999 875 quatuor
3032 799 3178 860 ﬂere
3209 799 3412 877 debet,
3452 813 3619 869 stans

1976 884 2137 966 extra
2162 876 2324 938 fores
2355 879 2570 941 domus
2602 883 2915 958 orationis,
2942 895 3000 949 et
3034 876 3441 966 ingredientes
3466 895 3619 957 lide-

1976 964 2063 1025 les
2084 977 2390 1061 rogansmt
2424 970 2694 1061 pro_ipso
2728 964 3379 1059 precentur,suamque
3400 982 3621 1061 iniqui-

1975 1062 2153 1115 tatem
2188 1057 2504 1120 contitens.
2536 1058 2674 1121 Post
2704 1075 2959 1143 quatuor
2988 1076 3191 1129 autem
3242 1057 3433 1132 annos
3462 1057 3620 1137 inter

1974 1143 2289 1206 audientes
2321 1148 2676 1228 recipietur,
2713 1162 2770 1213 et
2799 1154 3071 1235 quinque
3102 1158 3274 1219 annis
3303 1177 3436 1222 cum
3471 1163 3618 1243 ipsis

1974 1233 2176 1326 exibit.
2212 1234 2418 1297 Annos
2449 1245 2676 1318 septem
2712 1259 2831 1301 una
2859 1233 2995 1305 cum
3027 1244 3237 1326 iis,qui
3262 1253 3320 1308 in
3342 1233 3616 1313 substra-

1973 1320 2136 1414 tione
2158 1335 2510 1399 sunt,orans
2533 1328 2898 1407 egredietur.
2930 1334 3137 1396 Annos
3154 1320 3417 1414 quatuor
3437 1340 3618 1401 stabit

1971 1410 2329 1507 solum__cum
2365 1414 2780 1497 ﬁdelibus,sed
2807 1419 3131 1485 oblationis
3154 1410 3268 1485 non
3296 1427 3616 1507 eritparti-

1971 1517 2135 1579 ceps.
2164 1500 2267 1566 His
2297 1511 2499 1567 autem
2535 1507 2790 1587 expletis
2823 1512 3121 1593 particeps
3143 1515 3258 1575 erit
3279 1500 3619 1580 sacramen-

1973 1595 2192 1654 torum.

2050 1678 2151 1740 5'7.
2188 1680 2299 1752 Qui
2331 1701 2450 1744 non
2511 1686 2844 1750 voluntarie
2902 1689 3229 1767 interfecit,
3266 1711 3372 1773 per
3401 1694 3613 1759 decem

240 1767 484 1833 νώνητος
530 1765 674 1825 ἔσται
729 1768 836 1824 τῶν
894 1768 1245 1846 ἀγιασμάτων
1294 1771 1777 1844 οἰκονομηθήσεται
1834 1770 1883 1827 δὲ

1993 1784 2162 1830 mnos
2207 1781 2717 1836 sacramentorum
2767 1796 2887 1839 non
2937 1778 3052 1840 erit
3099 1765 3421 1862 particeps.
3456 1784 3614 1847 Anni

238 1857 309 1912 τὰ
339 1854 465 1913 δέκα
525 1855 619 1923 ἔτη
676 1856 763 1913 ἐπ’
823 1858 967 1931 αὐτῷ
1015 1855 1180 1919 οὕτως
1219 1875 1233 1889 ⁸
1292 1856 1378 1913 δύο
1437 1858 1536 1933 μὲν
1590 1857 1685 1926 ἕτη
1717 1881 1882 1937 προσ-

238 1944 461 2002 κλαύσει
488 1964 503 1981 ⁸
552 1947 669 2024 τρία
701 1944 753 2001 δὲ
788 1945 882 2014 ἔτη
916 1947 969 2002 ἐν
1022 1947 1390 2025 ἀκροώμένοις
1424 1967 1437 1980 ⁶
1499 1948 1553 2003 ἐν
1605 1948 1886 2025 τέσσαρσιν

236 2035 581 2115 ὑποπίπτων,
645 2037 732 2091 καὶ
808 2036 861 2091 ἐν
940 2036 1169 2108 ἐνιαυτῷ
1221 2038 1609 2106 συσταθήσεται
1695 2039 1880 2113 μόνον,

239 2125 331 2180 καὶ
363 2132 439 2199 τῷ
479 2124 600 2192 ἑξῆς
636 2126 711 2188 εἷς
743 2125 808 2180 τὰ
837 2124 967 2204 ἅγια
996 2122 1349 2206 δεχθήσεται,

1972 1864 2167 1954 autem
2195 1859 2404 1922 decem
2436 1864 2527 1954 sic
2559 1865 2617 1926 in
2645 1883 2718 1927 eo
2750 1859 3455 1948 dispensabdnturﬂuos
3484 1876 3617 1954 qui-

1969 1944 2103 2008 dem
2136 1966 2324 2010 annos
2354 1950 2675 2028 ﬂebit,tres
2707 1944 2907 2019 autem
2940 1976 3131 2020 annos
3164 1960 3324 2023 inter
3346 1944 3610 2025 audien-

1970 2042 2057 2097 tes
2090 2039 2524 2117 perseverabit,
2552 2043 2689 2103 478
2721 2054 2975 2124 quatuor
3004 2047 3434 2122 substratus,et
3453 2070 3611 2114 anno

1969 2142 2086 2217 uno
2118 2127 2405 2191 consistet
2436 2139 2661 2194 tantum
2689 2155 2705 2207 ;
2741 2142 2799 2196 et
2830 2134 3123 2217 deinceps
3163 2138 3235 2200 ad
3263 2149 3474 2203 sancta
3499 2143 3610 2204 ad-

1864 2254 1875 2265 .
1970 2214 2259 2279 mittetur.

609 2304 905 2381 Γρηγορίου
947 2304 1159 2371 Νύσσης
1190 2325 1310 2383 κεφ.
1347 2303 1417 2384 δ’,
1450 2304 1518 2364 ε’.

320 2389 389 2452 δ’.
428 2394 676 2449 Λείπεται
710 2395 841 2471 πρὸς
872 2393 1081 2457 τούτοις
1105 2394 1165 2449 τὸ
1196 2392 1498 2473 θυμοειδὲς,
1531 2416 1583 2454 τι.
1616 2419 1668 2455 τ.
1704 2395 1758 2458 λ,

323 2480 393 2541 ε’.
440 2483 496 2536 Ei
525 2478 579 2537 δέ
609 2504 688 2546 τις
722 2483 799 2556 μὴ
840 2480 1133 2559 πληρώσας
1190 2484 1279 2538 τὸν
1342 2485 1538 2562 χρόνον
1570 2485 1662 2541 τὸν
1693 2485 1755 2541 ἑκ
1776 2485 1881 2541 τῶν

2270 2306 2551 2385 Gregorii
2578 2312 2837 2394 .Vysseni
2866 2332 3134 2379 canones
3158 2318 3216 2392 4,
3254 2319 3314 2382 5.

2048 2392 2412 2490 fi.Rﬁestat_ad
2441 2400 2566 2462 hmc
2585 2392 2651 2462 ut
2672 2403 3285 2481 irascentem,etc.,ut
3309 2410 3602 2490 pag.810.

2046 2486 2106 2542 5.
2140 2481 2201 2545 Si
2235 2487 2370 2565 quis
2399 2498 2598 2551 autem
2635 2510 2754 2552 non
2790 2493 3025 2574 expleto
3060 2481 3331 2576 tempore
3367 2481 3413 2560 av
3430 2517 3606 2561 cano-

235 2570 481 2628 κανόνων
550 2568 923 2649 ἀφωρισμένον
1003 2569 1229 2637 ἑξοδεῦοι
1313 2580 1407 2628 τοῦ
1477 2574 1618 2649 βίου,
1677 2572 1879 2630 κελεύει

1993 2569 2144 2664 tibus
2176 2576 2506 2651 praestituto
2538 2579 2659 2642 vita
2690 2568 2963 2664 excedat,
2990 2583 3166 2663 jubet
3188 2568 3437 2648 'Patrum
3472 2588 3601 2650 cle—
3666 2629 3675 2636 ι

237 2661 273 2727 ἡ
334 2659 440 2715 τεῖὸν
500 2659 746 2738 Πατέρων
796 2660 1165 2739 φιλανθρωπία
1206 2662 1549 2741 μετασχόντα
1580 2668 1687 2719 τῶν
1715 2664 1876 2740 ἁγια-

1993 2660 2184 2757 nentia
2213 2672 2275 2723 ut
2298 2666 2548 2757 effectus
2576 2659 3092 2734 sacramentorum
3126 2675 3450 2757 particeps,
3485 2695 3615 2738 non

236 2749 482 2824 σμᾶτων,
535 2750 613 2825 μὴ
665 2752 819 2806 κενὸν
875 2758 969 2807 τοῦ
1038 2749 1225 2829 ἐφόδου
1294 2753 1425 2819 πρὸς
1484 2753 1582 2819 τὴν
1636 2753 1878 2833 ἐσχάτην

1993 2747 2179 2846 ’ἱδιίρο
2212 2768 2434 2816 vacuus
2463 2756 2535 2817 ad
2570 2766 2901 2821 extremam
2934 2760 3097 2822 illam
3130 2747 3191 2825 et
3219 2747 3456 2842 longam
3490 2782 3602 2846 pe-

234 2835 445 2904 ἒκείνην
484 2839 576 2894 καὶ
618 2840 827 2914 μακρὰν
874 2837 1182 2932 ἀποδημίαν
1244 2839 1614 2932 ἐκπεμφθῆναι
1657 2860 1669 2875 ⁸
1724 2844 1769 2899 εἰ
1822 2841 1875 2899 δὲ

1993 2838 2429 2932 egrinationem
2458 2846 2750 2912 mittatur.
2775 2850 2882 2912 Sin
2914 2856 3136 2927 autem,
3172 2835 3604 2932 postquam-sa-

235 2927 533 3006 μετασχὼν
576 2934 670 2985 τοῦ
713 2928 1074 3009 ἀγιάσματος,
1108 2927 1270 2984 πάλιν
1300 2930 1376 2993 εἰς
1425 2931 1523 2998 τὴν
1570 2938 1713 3001 ζωὴν
1771 2931 1874 2989 ἐπ-

1993 2931 2251 2991 ramenti
2284 2934 2581 3017 particeps
2612 2937 2804 3000 factus
2829 2927 3275 3016 fuerit,rursum
3311 2927 3384 3004 ad
3418 2943 3602 3005 vitam

231 3014 475 3091 ανέλθοι,
524 3015 809 3091 ἀναμένειν
866 3019 958 3074 τὸν
1007 3018 1332 3097 τεταγμένον
1388 3019 1608 3099 χρόνον,
1668 3020 1722 3076 ἓν
1780 3021 1873 3078 ἐκ-

1993 3036 2233 3085 eversus
2265 3027 2341 3086 sit
2376 3048 2388 3087 :
2427 3014 2714 3089 sta-tutum
2750 3035 2988 3109 tempus
3012 3014 3346 3110 exspectet,
3382 3032 3442 3093 in
3496 3031 3601 3093 illo

234 3105 360 3178 είνῳ
409 3111 486 3180 τῷ
541 3107 731 3182 βαθμῷ
785 3106 1099 3183 γενόμενον,
1140 3107 1194 3162 ἐν
1224 3110 1269 3181 ᾧ
1309 3106 1377 3174 ἦν
1433 3110 1535 3176 πρὸ
1593 3115 1692 3175 τῆς
1737 3113 1875 3168 κατὰ

1993 3111 2143 3173 radu
2176 3116 2467 3177 exsistens
2520 3118 2577 3178 in
2628 3135 2748 3196 quo
2782 3105 2908 3180 erat
2939 3127 3079 3180 ante
3108 3105 3599 3183 communionem

232 3194 473 3272 ἀνάγκην
504 3197 647 3267 αὒτῷ
670 3192 909 3263 δοθείσης
939 3198 1241 3261 κοινωνίας,

321 3288 574 3346 ΚΕΦΑΛ,
644 3282 726 3343 Δ’.
778 3318 851 3330 —
903 3286 1029 3365 Περὶ
1084 3292 1178 3343 τοῦ
1234 3286 1356 3349 τοὺς
1400 3285 1666 3362 ἐπιτίμιον
1717 3289 1875 3345 ἀκοι-

232 3372 501 3439 νωνησίας
593 3371 823 3453 ἔχοντας
909 3374 1141 3455 ὀφειλειν
1212 3389 1496 3433 κοινωνεῖν
1579 3375 1875 3451 μέλλοντας

231 3462 484 3535 τελευτᾷν
517 3479 532 3496 ⁸
583 3463 678 3519 καί
743 3464 794 3520 τί
856 3464 1056 3542 γίνεται
1123 3466 1214 3522 ἐὰν
1278 3463 1363 3520 διά
1422 3473 1579 3523 τοῦτο
1631 3466 1874 3543 μεταλα-

233 3548 441 3631 ϐόντες,
476 3553 554 3628 μὴ
586 3552 925 3623 ἀποθάνωσιν
963 3576 979 3631 ;

636 3730 865 3791 Συνόδου
896 3733 1120 3797 Νικαίας
1151 3734 1328 3789 κανὼν
1361 3733 1460 3811 ιγ’,

322 3817 421 3899 ιγ’.
494 3821 618 3899 Περὶ
674 3819 730 3876 δὲ
805 3826 913 3877 τῶν
970 3818 1336 3903 ἐξοδευόντων,
1399 3826 1427 3879 ὁ
1484 3823 1713 3887 παλαιὸς
1785 3829 1873 3883 καὶ

243 3910 518 3972 κανονικὸς
549 3910 715 3987 νόμος
746 3908 1151 3990 φυλαχθήσεται
1183 3914 1271 3968 καὶ
1297 3920 1409 3988 νῦν,
1442 3936 1498 3975 κ.
1535 3937 1586 3979 τ,
1612 3913 1667 3974 λ.

658 4000 949 4077 Γρηγορίου
982 4000 1193 4068 Νύσσης
1224 4024 1347 4082 nec.
1382 4002 1450 4066 ε’,

319 4086 385 4149 s’.
424 4089 479 4145 Εἰ
507 4086 562 4144 δέ
592 4109 672 4154 τις
705 4091 784 4165 μὴ
818 4087 1107 4167 πληρώσας
1136 4091 1228 4147 τὸν
1259 4093 1479 4172 χρόνον,
1507 4115 1563 4156 κ.
1596 4116 1647 4155 τ.
1683 4093 1736 4157 λ.

319 4182 568 4237 ΚΕΦΑΛ.
615 4176 707 4241 Ε¹.
753 4211 831 4223 —
878 4182 1007 4256 Περὶ
1070 4188 1163 4239 τοῦ
1225 4182 1642 4261 ὀνειρασθέντος,
1688 4185 1722 4252 ἦ
1767 4185 1873 4241 ἀπὸ

1960 3196 2045 3258 illi
2081 3219 2150 3262 ex
2184 3205 2542 3266 necessitate
2572 3206 2794 3270 datam.

2042 3286 2209 3354 CAP.
2244 3291 2343 3356 IV.
2387 3328 2453 3339 —
2491 3294 2657 3370 Quod
2688 3297 2736 3357 ii
2785 3299 2893 3377 qui
2948 3300 3604 3363 excommunicationis

1956 3394 2132 3456 pruna
2164 3381 2410 3443 multati
2435 3390 2602 3459 sunt,
2638 3386 2705 3446 in
2736 3390 2949 3449 mortis
2973 3386 3233 3449 articulo
3262 3395 3465 3450 tamen
3493 3390 3601 3453 da-

1958 3467 2095 3530 bent
2121 3473 2598 3536 communicare.
2637 3473 2797 3549 Quid
2846 3492 2984 3537 vero
3032 3477 3115 3538 iis
3144 3477 3514 3553 faciendum,
3547 3479 3605 3540 si

1956 3554 2029 3616 ob
2059 3573 2192 3619 eam
2220 3576 2472 3623 causam
2502 3562 2584 3623 ad
2623 3565 3107 3628 communionem
3141 3565 3423 3641 admissi,
3449 3584 3598 3648 pos-

1958 3652 2055 3707 tea
2081 3649 2559 3712 convaluerint?

2328 3738 2598 3801 Concilii
2625 3738 2864 3801 Nicaani
2895 3757 3093 3803 canon
3128 3741 3223 3805 13.

2038 3825 2136 3888 13.
2172 3823 2258 3888 De
2288 3826 2364 3889 iis
2394 3828 2496 3909 qui
2550 3828 2871 3909 excedunt,
2924 3831 3169 3910 antiqua
3222 3840 3280 3893 et
3311 3830 3601 3896 canonica

1956 3912 2053 3974 lex
2086 3932 2245 3977 nunc
2275 3934 2517 3997 quoque
2546 3916 2906 3991 servabitur,
2930 3925 3075 3993 etc.,
3108 3925 3173 3981 ut
3203 3936 3344 4000 pag.
3371 3920 3517 3983 731.

2356 4004 2634 4087 Gregorii
2667 4008 2922 4087 Nysseni
2949 4025 3082 4087 cap.
3119 4010 3177 4072 5.

1950 4090 2235 4173 5.Siquis
2246 4102 2445 4157 autem
2462 4115 2581 4157 non
2596 4096 2832 4176 eXpleto
2852 4104 3596 4180 tempore,etc.,utsupra.

2037 4182 2204 4246 CAP.
2242 4182 2313 4245 V.
2350 4219 2423 4231 —
2458 4184 2545 4249 De
2573 4203 2640 4249 eo
2669 4187 2776 4266 qui
2824 4194 3193 4251 nocturnam
3254 4189 3599 4252 illusionem

234 4265 424 4332 κοίτης
511 4270 612 4334 τῆς
693 4265 825 4331 ἰδίας
911 4270 1155 4345 γαμετῆς
1225 4269 1401 4350 ὄντος,
1464 4274 1554 4328 καὶ
1624 4272 1870 4337 θέλοντος

1995 4286 2162 4333 assus
2192 4281 2316 4350 est;
2348 4274 2445 4337 vel
2478 4280 2587 4356 qui
2602 4265 2739 4355 past
2780 4274 3057 4339 habitam
3086 4295 3218 4342 cum
3249 4296 3444 4342 uxore
3472 4296 3598 4341 rem

234 4356 559 4421 κοινωνῆσαι
596 4372 609 4385 ’
685 4358 774 4414 καὶ
838 4360 994 4423 ποίας
1060 4359 1264 4434 ἡμέράς
1309 4358 1393 4418 δεῖ
1435 4367 1533 4429 τῆς
1578 4364 1709 4442 πρὸς
1767 4364 1870 4420 ἀλ-

232 4442 433 4513 λήλους
466 4443 656 4520 μίξεως
690 4446 776 4504 διὰ
806 4453 961 4504 τοῦτο
999 4447 1325 4529 ἀπέχεσθαι.

237 4533 520 4592 Διονυσίου
608 4535 670 4592 ἐκ
776 4536 874 4605 τῆς
964 4539 1095 4639 πρὸς
1153 4538 1488 4639 ἓασιλείδην
1582 4541 1873 4611 ἐπιστολῆς

311 4704 602 4785 Αὐτάρκεις
633 4703 690 4762 δὲ
721 4706 810 4764 καὶ
841 4634 1321 4787 οἶζῖᾉμλέάες,
1356 4734 1413 4773 κ.
1448 4735 1501 4775 τ.
1533 4711 1587 4776 λ.

314 4880 384 4946 δ’.
418 4887 478 4942 Oi
508 4883 563 4941 δὲ
597 4884 651 4942 ἂν
682 4883 1022 4967 ἀπροαιρέτῲ
1049 4891 1325 4970 νυκτεριοῇ
1354 4892 1521 4970 ῥύσει,
1556 4914 1611 4956 κ.
1647 4915 1700 4956 τ,
1733 4894 1785 4952 λ.

630 5066 885 5142 Τιμοθέου
920 5067 1097 5125 καθὼν
1127 5068 1197 5146 ε’,
1232 5070 1329 5148 ιβ’,
1366 5070 1467 5151 ιγ’,

306 5151 378 5217 ε’,
402 5154 725 5234 Ἐρώτησις,
764 5157 888 5217 Ἐὰν
921 5158 1057 5238 γυνὴ
1088 5159 1436 5239 συγγένηται,
1470 5186 1525 5226 κ.
1559 5186 1611 5227 τ.
1639 5162 1693 5228 λ,

308 5329 404 5408 ιβ’.
439 5322 759 5410 Ἐρώτησις.
793 5336 921 5395 Ἐὰν
947 5339 1275 5419 όντιρασθεῖς
1307 5340 1522 5422 λα’ίκὸς,
1552 5366 1605 5407 κ.
1637 5365 1688 5404 τ.
1723 5343 1777 5404 λ.

306 5509 401 5589 ιγ’.
486 5504 656 5590 Ἐρώτ
669 5520 805 5584 dou.

221 5602 539 5686 κοινωνίαν,
575 5625 630 5668 κ.
666 5625 717 5664 τ.
752 5603 808 5669 λ.

899 5525 1026 5584 Τοῖς
1097 5520 1473 5601 ζευγνυμένοις
1546 5524 1617 5589 είς
1698 5524 1874 5603 γάμου

1955 4364 2401 4426 communicare
2428 4365 2561 4427 vult
2590 4384 2605 4439 ;
2636 4369 2898 4445 quotque
2930 4365 3067 4430 ideo
3106 4367 3317 4432 diebus
3345 4369 3600 4432 invicem

1893 4503 1941 4555 ο
1956 4447 2267 4555 abstinere.
2282 4451 2543 4555 debean
2570 4454 2598 4555 ξ

2011 4539 2295 4616 Dgonisii
2323 4559 2403 4604 em
2432 4543 2687 4624 epistola
2715 4546 2797 4609 ad
2822 4545 3183 4622 Basilidem,
3217 4564 3352 4628 cap.
3387 4548 3447 4622 3,
3481 4549 3542 4609 4.

2036 4716 2095 4781 3.
2124 4717 2317 4784 Porro
2348 4721 2450 4803 qui
2480 4725 2623 4789 satis
2654 4727 2727 4790 ad
2759 4726 2818 4788 id
2841 4726 3122 4789 instructi
3147 4733 3309 4803 sunt,
3351 4732 3497 4800 etc.,
3529 4732 3600 4786 ut

1950 4824 2094 4887 pag.
2122 4808 2264 4875 614.

2036 4897 2177 4960 479
2206 4900 2267 4962 4.
2302 4899 2413 4974 Qiii
2449 4910 2649 4966 autem
2679 4904 2741 4966 in
2773 4922 2893 4967 non
2939 4903 3271 4967 voluntario
3307 4911 3599 4967 nocturno

1953 4988 2141 5065 ﬂuxu,
2177 4999 2320 5066 etc.,
2354 4999 2427 5053 ut
2454 5010 2595 5074 pag.
2626 4993 2767 5057 611.

2294 5078 2591 5144 Timothei
2618 5099 2886 5146 canones
2917 5085 2978 5159 5,
3012 5083 3112 5162 12,
3152 5085 3249 5147 13.

2031 5169 2091 5228 5.
2125 5168 2561 5250 Interrogatio.
2598 5171 2661 5233 Si
2691 5190 2841 5235 uxor
2878 5191 3012 5235 cum
3045 5190 3153 5236 suo
3185 5173 3419 5250 marito,
3453 5180 3595 5248 etc.,

1952 5265 2019 5319 ut
2046 5275 2194 5338 pag.
2230 5258 2377 5323 614.
3460 5328 3463 5331 .

2035 5347 2136 5410 12.
2173 5348 2601 5430 Interrogatio.
2638 5349 2698 5414 Si
2724 5350 2910 5416 laicus
2941 5353 3044 5431 qui
3077 5354 3418 5431 somniavit,
3448 5362 3594 5427 etc.,

1954 5444 2024 5500 ut
2048 5455 2197 5521 pag.
2231 5439 2372 5499 611.

2039 5525 2137 5588 13.
2173 5525 2603 5609 Interrogatio.
2637 5529 2717 5592 lis
2748 5533 2849 5612 qui
2909 5531 3279 5598 matrimonii
3312 5532 3599 5596 societate

1952 5620 2310 5700 junguntur,
2346 5624 2489 5697 etc.,
2523 5624 2590 5682 ut
2614 5636 2758 5703 pag.
2793 5621 2934 5688 614.
