4090 6204
296 311 425 381 977

1748 312 2244 381 NOMOGANON.

3556 300 3675 384 97's

294 470 401 522 τοῦ
451 459 860 539 παναγιωτάτου
902 463 1062 539 ἡμῶν
1105 460 1391 537 δεσπότου,
1439 460 1528 518 καὶ
1577 459 1943 536 οίκουμενικοῦ

2029 481 2212 536 ηοηο,
2243 470 2301 525 et
2330 463 2709 526 sanctissimo
2759 461 3004 524 domino
3058 466 3266 525 nostro
3295 470 3477 548 atque
3508 437 3678 529 cecu-

294 553 643 635 πατριςίρχου
710 556 802 612 τοῦ
858 558 1147 635 γεγονότος
1210 556 1413 612 ὑπάτου
1471 556 1577 612 τῶν
1641 553 1949 634 φιλοσόφων

296 648 483 724 κυρίου
543 642 771 722 Μιχαὴλ
832 652 925 700 τοῦ
971 643 1294 724 Ἀγχιάλου,
1345 643 1463 708 τοὺς
1507 644 1678 721 ἱεροὺς
1723 642 1950 708 κανόνας

292 733 764 808 κατασκέψασθαι,
810 736 899 790 καὶ
949 735 1015 790 τὰ
1074 735 1127 788 ἐν
1189 735 1404 796 τούτοις
1442 733 1649 805 ἀσαφῆ,
1699 734 1786 789 καὶ
1828 746 1947 795 τοές

292 825 488 899 νόμοις
521 826 581 880 τὸ
625 822 807 881 δοκεῖν
851 822 1226 897 ἐναντιούμενα
1277 835 1598 902 σαγηνῖσαι,
1648 823 1736 877 καὶ
1782 821 1946 895 ἑρμη-

290 926 506 995 νεῦσαι,
539 914 793 978 ὡσαύτως
841 915 929 970 καὶ
984 914 1050 970 τὰ
1093 913 1236 990 παρὰ
1279 917 1372 967 τοῦ
1431 911 1734 990 ἁγιωτάτου
1798 909 1944 965 ἐκεί-

291 1028 393 1064 νου
445 1004 774 1083 πατριάρχου
808 1004 984 1079 κυρίου
1026 1003 1235 1059 Φωτίου
1293 1000 1688 1081 συγγραφέντα,
1736 1001 1832 1057 καὶ
1870 1001 1943 1062 εἷς

289 1093 428 1150 δέκα
472 1095 605 1171 πρὸς
668 1104 789 1157 τοῖς
848 1091 1098 1171 τέσσαρσι
1156 1089 1354 1156 τίτλοις
1410 1091 1774 1167 θεωρούμενα,
1846 1087 1943 1146 καῖ

290 1185 406 1263 πρὸ
438 1185 546 1240 τῶν
580 1182 819 1239 κανόνων
869 1179 1405 1260 συγκεφαλαιωθέντα
1456 1178 1576 1255 μετ’
1632 1180 1945 1240 ἐπιστασίας

292 1272 851 1351 πολυπραγμονῆσαι,
884 1272 973 1327 καὶ
1008 1270 1071 1326 τὰ
1113 1270 1212 1345 μὲν
1245 1269 1298 1325 ἐν
1327 1270 1536 1331 τούτοις
1585 1268 1800 1326 τεθέντα
1857 1268 1944 1325 νό-

293 1385 448 1437 μιμα
479 1361 572 1419 καί
617 1360 932 1439 ἐνεργοῦντα
974 1356 1384 1433 παραδηλῶσαι,
1417 1359 1483 1416 τὰ
1512 1357 1567 1415 δὲ
1597 1358 1946 1438 σχολάσαντα

293 1454 392 1509 καὶ
454 1452 531 1526 μὴ
589 1449 848 1531 δεχθέντα
902 1449 1041 1506 κατὰ
1090 1449 1190 1516 τὴν
1236 1448 1542 1504 τελευταίαν
1591 1448 1946 1524 ἀνακάθαρσιν

293 1548 411 1598 τῶν
470 1541 650 1615 νόμων
694 1540 797 1606 τῆν
839 1538 1142 1617 γενομένην
1186 1537 1330 1615 παρὰ
1371 1537 1464 1593 τοῦ
1493 1536 1736 1613 ἀοιδίμου
1792 1537 1947 1613 βασι-

293 1630 441 1694 λέως
484 1629 660 1706 κυρίου
707 1628 1110 1687 Κωνσταντίνου
1162 1626 1258 1683 τοῦ
1306 1627 1802 1705 Ποργυρογενήτου,
1843 1624 1943 1681 αὖ-

288 1725 378 1783 θις
409 1716 719 1783 ἆναδιδάξαι
749 1717 821 1779 ὥς
856 1714 917 1774 ἄν
976 1715 1052 1792 μή
1104 1736 1244 1779 τινες
1292 1714 1665 1794 ἐντυγχάνωσι
1708 1714 1941 1786 τούτοις,

2036 553 2273 614 menico
2322 554 2660 631 patriarcha
2712 557 2781 617 Ι).
2845 552 3135 615 Michaele
3175 553 3512 630 Anchialio,
3574 556 3675 636 qui

2032 641 2529 722 philosophorum
2566 644 2842 723 princeps
2885 641 3017 723 fuit,
3050 643 3360 706 decretum
3395 653 3575 717 esset,
3611 655 3677 707 ut

2032 750 2233 794 sacros
2263 752 2524 794 canones
2549 733 2873 812 diligenter
2914 734 3419 813 perspiceremus,
3457 744 3516 796 et
3545 752 3678 812 qum

2030 822 2092 882 in
2120 822 2237 883 illis
2267 821 2618 884 obscuriora
2649 829 2874 897 essent,
2908 822 3207 903 modoque
3225 822 3425 903 aliquo
3448 822 3676 900 legibus

2030 910 2330 973 adversari
2364 911 2735 981 viderentur.
2783 910 3227 972 declararemus
3275 920 3454 992 atque
3485 911 3676 974 inter-

2029 1010 2407 1079 pretaremur
2444 1021 2457 1064 :
2494 1000 2777 1062 similiter
2823 999 3003 1062 etiam
3060 1018 3191 1081 quae
3220 1019 3254 1062 a
3283 999 3671 1063 sanctissimo

2026 1089 2132 1152 illo
2163 1091 2500 1169 patriarcha
2530 1089 2599 1153 D.
2660 1089 2870 1153 Photio
2921 1089 3281 1170 conscripta,
3317 1098 3379 1152 et
3427 1088 3487 1150 in
3519 1108 3673 1171 qua-

2030 1187 2164 1240 tuor
2193 1180 2387 1242 decim
2416 1180 2603 1243 titulis
2631 1188 2882 1242 tractata
2905 1179 3355 1260 canonibusque
3386 1197 3674 1261 compen-

2029 1268 2201 1330 diose
2232 1271 2549 1349 prmposita
2578 1278 2738 1348 sunt,
2771 1287 3006 1331 summa
3036 1267 3301 1330 adhibita
3321 1286 3465 1331 cura
3496 1287 3676 1331 excu~

2028 1368 2317 1432 teremus,
2353 1377 2421 1420 ex
2455 1360 2649 1440 posito
2681 1360 2743 1420 in
2794 1359 2912 1420 illis
2955 1360 3090 1435 jure
3147 1357 3305 1440 quod
3360 1359 3564 1421 efﬁcax
3596 1359 3676 1422 sit

2029 1448 2441 1529 ostendentes,
2471 1449 2628 1530 quod
2659 1467 2804 1511 vero
2834 1457 2999 1510 vacet
3031 1467 3140 1510 nec
3166 1448 3495 1509 secundum
3529 1448 3674 1509 ulti-

2032 1557 2186 1600 mam
2219 1538 2416 1618 legum
2450 1538 2933 1619 rvpurgationem
2971 1555 3005 1599 a
3038 1535 3437 1598 celeberrimo
3470 1536 3670 1617 impe-
3756 1570 3769 1583 ι

2027 1636 2225 1690 ratore
2280 1627 2348 1689 D.
2413 1626 2800 1689 Constantino
2850 1626 3425 1706 Porphyrogenneta
3452 1626 3668 1689 factam

2027 1731 2335 1796 receptum
2366 1717 2442 1778 sit
2472 1716 2711 1779 diverso
2743 1715 2918 1778 modo
2951 1715 3237 1776 docentes
3257 1733 3374 1793 quo
3398 1711 3676 1777 videlicet

291 1809 396 1866 καί
427 1808 493 1864 τὰ
523 1807 943 1883 ἁπρακτήσαντα
994 1805 1200 1878 νόμιμα
1248 1806 1322 1868 ὡς
1368 1804 1680 1882 ἐνεργοῦντα
1711 1805 1798 1861 καὶ
1841 1802 1943 1879 ἒμ-

2029 1809 2284 1870 lectores
2316 1826 2433 1868 non
2466 1805 2943 1888 impingant,nec
2966 1806 3066 1885 jus
3093 1804 3366 1867 inefﬁcax
3394 1811 3669 1884 tanquam

289 1918 510 1977 πρακτα
538 1894 818 1976 δέχονται,
850 1892 1130 1950 κάντεῦθεν
1162 1895 1234 1956 ὡς
1267 1894 1538 1960 πλανῆται
1594 1896 1696 1961 τῆς
1740 1894 1942 1957 εῦθείας

290 1990 386 2044 καὶ
417 1986 698 2064 βασιλικῆς
750 1982 872 2043 ὁδοῦ
916 1982 1295 2063 ἆποτρέχωσιν
1344 1981 1476 2061 ὅπερ
1504 1983 1605 2040 κᾶν
1634 1984 1712 2058 τῷ
1737 1983 1943 2062 ῥηθέντι

289 2076 697 2153 παναγιωτάτῳ
739 2072 975 2150 δεσπότῃ
1021 2074 1178 2147 ἡμῶν
1246 2078 1325 2146 τῷ
1365 2073 1498 2150 ὑπὲρ
1558 2072 1762 2136 πάντας
1822 2072 1945 2137 τοὺς

288 2166 438 2223 κατᾶ
490 2165 591 2231 τὴν
626 2162 897 2237 ἡμετέραν
939 2160 1072 2223 τέως
1104 2161 1292 2241 γενεὰν
1325 2160 1481 2224 ὄντας
1514 2163 1734 2241 σοφοὺς,
1770 2182 1946 2239 σοφω-

287 2255 435 2334 τέρῳ
494 2265 794 2327 συμπεσεῖν
851 2248 1219 2308 ἐκινδύνευσεν
1264 2250 1350 2307 ἐπὶ
1422 2257 1491 2327 τῇ
1545 2251 1794 2309 ὑποθέσει
1853 2260 1946 2310 τοῦ

290 2341 699 2421 μητροπολίτου
773 2341 976 2398 ἐκείνου
1051 2338 1355 2410 ’Δμασείας
1430 2341 1609 2419 κυρίου
1692 2340 1940 2414 Λέοντος,

288 2435 431 2505 πρὸς
489 2432 551 2487 τὸ
607 2432 776 2510 παρὸν
838 2429 1296 2505 ἀπετολμήσαμεν
1330 2432 1552 2505 πόνημα
1583 2429 1941 2509 θαρσήσαντες

292 2522 395 2580 ἐπὶ
439 2523 508 2599 τῇ
567 2518 854 2595 ἂντιλήψει
899 2519 989 2575 καὶ
1032 2523 1100 2595 τῇ
1153 2520 1295 2598 εὐχῇ
1345 2518 1453 2574 τῶν
1507 2518 1944 2595 ἐπιστρεψάντων

293 2619 457 2671 τοῦτο
512 2612 671 2684 ἡμῖν.
715 2610 812 2667 Καὶ
856 2614 1043 2687 πρῶτα
1089 2608 1189 2683 μὲν
1245 2609 1312 2663 τὰ
1369 2607 1425 2662 ἐν
1467 2619 1586 2672 τοῖς
1644 2608 1944 2688 εἰρημένοις

291 2702 425 2759 δέκα
482 2702 616 2776 πρὸς
676 2711 797 2763 τοῖς
825 2699 1077 2775 τέσσαρσι
1110 2696 1311 2761 τίτλοις
1341 2696 1713 2776 συγγραφέντα
1741 2698 1945 2774 νόμιμα

295 2792 442 2869 παρά
489 2796 583 2847 τοῦ
631 2790 973 2869 πατριάρχου
1010 2795 1104 2845 τοῦ
1151 2787 1468 2858 συνθεμένου
1496 2788 1558 2844 τὸ
1587 2788 1945 2863 νομοκάνονον

299 2884 405 2959 πρὸ
448 2885 543 2947 τῆς
573 2885 682 2935 τῶν
725 2877 907 2955 νόμων
938 2878 1373 2956 ὰνακαθάρσεως,
1403 2880 1473 2940 ὡς
1506 2876 1724 2953 εἴρηται
1769 2900 1944 2935 κατα-

295 2969 669 3048 σκεψάμενοι,
706 2970 778 3032 sic
811 2965 902 3025 δύο
933 2968 1065 3023 αὐτὰ
1105 2965 1371 3042 διείλομεν
1420 2968 1508 3023 καὶ
1550 2967 1942 3047 ἐσαφηνίσαμεν

293 3073 433 3118 ποῖα
461 3058 514 3124 ἐξ
544 3063 716 3117 αεὸτῶν
749 3058 1064 3135 ἐνεργοῦντα
1096 3059 1252 3132 εἰσιν,
1287 3052 1377 3119 ὡς’
1412 3057 1501 3112 καὶ
1550 3057 1604 3112 ἐν
1647 3057 1726 3130 τῷ
1781 3059 1939 3134 βασις

2028 1898 2236 1960 eﬂicax
2290 1894 2642 1976 suscipiant,
2702 1895 2969 1973 indeque
3018 1912 3130 1957 ceu
3167 1910 3418 1956 errones
3448 1912 3482 1954 a
3511 1901 3674 1956 recta

2027 1995 2206 2068 atque
2233 1986 2396 2065 regia
2426 1985 2518 2047 via
2547 1985 2835 2048 recedant
2868 1983 3047 2065 (quod
3080 1984 3276 2065 ipsum
3308 2000 3519 2064 parum
3555 1983 3666 2045 ab-

2027 2077 2138 2138 fuit
2168 2075 2497 2157 quinetiam
2532 2075 2695 2137 dicto
2728 2074 3109 2136 sanctissimo
3157 2073 3405 2136 domino
3437 2081 3668 2152 nostro,

2030 2166 2383 2245 [eidemque]
2417 2163 2686 2225 omnium
2720 2162 2824 2244 qui
2856 2171 3059 2224 nostra
3090 2163 3201 2224 hac
3227 2169 3398 2223 aetate
3429 2161 3667 2242 sapien-

2027 2263 2152 2319 tum
2200 2252 2671 2334 sapientissimo,
2722 2252 2785 2313 in
2824 2269 3003 2315 causa
3030 2252 3193 2313 illius
3222 2251 3502 2313 Amaseni
3540 2268 3668 2312 me-

2029 2342 2374 2425 tropolitani
2435 2342 2505 2406 Ι).
2559 2341 2777 2405 Leonis
2833 2340 3145 2423 acciderit)
3193 2341 3480 2403 audacter
3508 2340 3670 2402 hunc

2026 2435 2292 2497 laborem
2320 2431 2723 2508 suscepimus,
2757 2449 2964 2493 eorum
3015 2432 3115 2513 qui
3159 2431 3328 2493 illum
3361 2428 3539 2492 nobis
3569 2430 3665 2492 in-

2023 2525 2390 2606 junxissent,
2424 2521 2691 2583 subsidio
2753 2529 2932 2602 atque
2983 2520 3265 2603 precibus
3314 2519 3549 2581 conﬁsi.
3581 2522 3669 2582 Ac

2030 2617 2284 2695 primum
2311 2611 2746 2693 quidem.quod
2768 2611 2871 2690 jus
2896 2610 2955 2671 in
2988 2610 3444 2688 quatuordecim
3479 2609 3668 2671 titulis

2027 2702 2101 2765 ab
2132 2722 2203 2765 eo
2259 2702 2597 2781 patriarcha
2645 2701 2749 2780 qui
2792 2700 3296 2763 Nomocanonum
3329 2696 3671 2780 composuit

2027 2792 2430 2872 conscriptum
2467 2797 2576 2863 est,
2612 2790 2685 2850 ad
2721 2789 2916 2868 legum
2964 2790 3454 2869 repurgationem
3485 2793 3667 2871 (quo-

2028 2881 2205 2944 modo
2237 2882 2459 2943 dictum
2489 2880 2605 2958 est)
2636 2880 3029 2954 excutientes,
3062 2878 3335 2941 bifariam
3367 2879 3427 2940 id
3457 2878 3667 2941 divisi-

2027 2989 2198 3034 mus:
2227 2968 2466 3047 etquod
2490 2988 2559 3031 ex
2598 2987 2668 3030 eo
2700 2969 2812 3028 vim
2837 2968 3261 3031 obtineatideo
3280 2969 3436 3050 quod
3462 2968 3524 3030 in
3549 2969 3666 3029 im-

2026 3061 2327 3143 peratorio
2356 3059 2663 3139 sexaginta
2688 3058 2966 3138 legalium
2988 3059 3282 3121 librorum
3309 3059 3510 3139 [velut]
3536 3059 3665 3120 solo

294 3148 435 3222 λικῷ
462 3145 660 3226 ἐδάφει,
696 3155 804 3203 τῶν
834 3145 1094 3218 ἐξήκοντα
1144 3147 1388 3220 νομίμων
1429 3143 1649 3222 βιϐλίων
1695 3147 1939 3226 κείμενα,

2027 3151 2381 3212 collocatum
2413 3149 2801 3231 sit,quodque
2830 3149 3078 3211 omnino
3108 3151 3247 3228 quia
3283 3150 3343 3210 in
3374 3166 3665 3231 repurga-

297 3241 392 3295 καὶ
443 3237 558 3293 τίνα
600 3235 816 3300 τελείως
875 3238 949 3302 ὡς
979 3236 1058 3310 μῆ
1092 3233 1349 3314 δεχθέντα
1380 3234 1435 3291 ἐν
1464 3242 1533 3307 τῆ
1564 3236 1939 3315 ἂνακαθάρσει,

296 3326 683 3407 ἠπράκτησαν.
759 3329 895 3382 Εἶτα
954 3322 1418 3401 παρεδηλώσαμεν
1469 3326 1583 3381 τίνα
1638 3324 1699 3380 ἐκ
1740 3330 1941 3382 τούτων

292 3418 350 3474 ἐν
404 3429 524 3478 τοῖς
577 3416 915 3485 πεντήκοντα
945 3412 1169 3491 βιϐλίοις
1202 3420 1309 3470 τῶν
1362 3413 1657 3493 Διγέστων,
1705 3415 1942 3476 καὶτοῖς

294 3503 370 3582 ιβ’
410 3502 636 3580 βιϐλίοις
667 3508 774 3559 τῶν
822 3502 1072 3561 Κωδίκων
1124 3504 1227 3580 πρὸ
1287 3502 1475 3559 τούτου
1508 3504 1751 3577 κείμενα.
1783 3502 1943 3580 σΑρτι

294 3593 353 3651 ἐν
417 3594 587 3655 ποίοις
632 3591 859 3669 βιϐλίοις
907 3595 996 3649 καὶ
1038 3591 1237 3657 τίτλοις
1298 3597 1403 3648 τῶν
1457 3590 1754 3669 βασιλικῶν
1809 3615 1945 3649 κατ-

298 3682 613 3763 εστρωμένα
663 3682 1017 3763 εὑρίσκονται,
1050 3682 1305 3745 ὡσαύτως
1364 3683 1453 3738 καὶ
1504 3683 1570 3738 τὰ
1626 3681 1678 3738 ἐν
1738 3683 1944 3747 τούτοις

293 3773 555 3832 δοκοῦντα
627 3772 982 3853 ἐναντιοςρανῆ
1039 3772 1301 3847 ἐλύσαμεν
1362 3773 1499 3830 κατᾶ
1557 3772 1651 3836 τὰς
1711 3771 1944 3837 παλαιὰς

298 3862 611 3941 ἑρμηνείας,
653 3864 744 3919 καὶ
786 3864 925 3919 κατὰ
982 3864 1082 3930 τὴν
1129 3870 1428 3941 προσοῦσαν
1471 3864 1610 3937 ἡμῖν
1653 3860 1944 3936 οὖδαμινὴν

296 3960 518 4031 γνῶσιν,
551 3952 765 4030 ’Ὥσπερ
809 3953 989 4011 καὶτὰ
1037 3954 1145 4009 ἀπὸ
1188 3955 1293 4009 τῶν
1330 3951 1770 4011 ἰουστινιανείων
1800 3963 1946 4010 Νεα-

297 4048 403 4120 ρὼν
446 4042 526 4117 μὴ
585 4039 842 4122 δεχθέντα
901 4041 955 4098 ἐν
1006 4048 1077 4118 τῇ
1121 4043 1498 4120 ἁνακαθάρσει,
1532 4043 1621 4099 καὶ
1664 4041 1809 4120 παραὶ
1854 4043 1949 4099 τοῦ

296 4131 641 4211 πατριάρχου
698 4133 772 4194 ὡς
822 4131 1138 4209 ἐνεργοῦντα
1185 4132 1591 4211 καταγραφέντα
1618 4132 1692 4196 ὠς
1751 4132 1947 4211 πέτραν

293 4219 594 4278 σκανδάλου
651 4220 1014 4298 περιείλομεν,
1081 4224 1176 4280 Καὶ
1232 4219 1369 4278 ἄλλα
1418 4220 1475 4277 δέ
1527 4243 1648 4278 τινα
1702 4220 1945 4301 χρειώδη

294 4311 387 4367 καὶ
442 4312 761 4387 ἓνεργοῦντα
818 4310 1155 4371 θεσπίσματα
1214 4312 1353 4384 μετὰ
1420 4312 1518 4377 τὴν
1590 4311 1947 4391 ἀνακάθαρσιν

294 4398 642 4476 ἐξενεχθέντα
712 4398 820 4455 ἀπό
889 4419 948 4454 τε
998 4400 1295 4476 βασιλικῶν
1366 4402 1797 4479 προσταγμάτων
1859 4403 1949 4458 καὶ

2027 3240 2191 3302 tione
2221 3249 2531 3318 receptum
2565 3258 2684 3300 non
2735 3240 2812 3301 sit
2863 3239 3061 3318 vigore
3091 3239 3439 3301 destitutum
3476 3247 3666 3312 vacet,

2026 3329 2265 3410 planum
2297 3339 2474 3407 atque
2499 3329 2875 3390 manifestum
2901 3329 3174 3393 fecimus.
3206 3328 3436 3392 Deinde
3468 3328 3666 3410 [vero]
3742 3352 3749 3361 ο

2025 3437 2155 3501 quae
2177 3419 2237 3481 in
2261 3419 2691 3498 quinquaginta
2727 3418 2897 3480 libris
2929 3421 3409 3498 Digestorum,et
3430 3420 3666 3481 duode-

2028 3510 2146 3570 cim
2171 3507 2340 3570 libris
2361 3507 2646 3570 Codicum
2668 3508 2920 3569 antehac
2954 3508 3236 3589 posita,in
3268 3508 3485 3589 quibus
3509 3528 3669 3570 nunc

2031 3598 2203 3661 libris
2237 3610 2292 3659 et
2318 3597 2502 3659 titulis
2529 3597 2923 3659 Basilicarum
2957 3606 3255 3660 constrata
3285 3598 3669 3659 inveniantur

2030 3688 2449 3750 indicavimus.
2478 3685 2725 3749 Similer
2748 3687 2929 3748 etiam
2956 3688 3263 3766 quminter
3284 3689 3410 3749 haec
3433 3688 3495 3748 in
3526 3704 3668 3766 spe—

2027 3778 2181 3841 ciem
2218 3795 2351 3839 esse
2382 3776 2682 3838 contraria
2714 3774 3414 3857 viderentur,secundum
3437 3786 3670 3839 veteres

2030 3867 2580 3949 interpretationes,
2615 3884 2682 3927 ac
2717 3885 2822 3946 pro
2861 3867 3028 3929 tenui
3060 3886 3176 3948 qua
3209 3867 3439 3947 praediti
3463 3884 3671 3928 sumus

2030 3957 2283 4021 scientia
2327 3956 2733 4019 dissolvimus.
2771 3957 2957 4029 Quem
3005 3957 3203 4038 [sane]
3245 3956 3570 4018 admodum
3613 3965 3674 4018 et
3762 4014 3765 4019 ,

2031 4067 2163 4130 quae
2220 4066 2288 4108 ex
2341 4046 2735 4110 Justiuianeis
2783 4044 3055 4109 Novellis
3085 4047 3146 4107 in
3180 4047 3669 4127 repurgationem

2032 4158 2152 4200 non
2183 4136 2463 4209 admissa,
2493 4154 2525 4197 a
2558 4135 2896 4218 patriarcha
2926 4145 3126 4197 autem
3154 4145 3429 4217 tanquam
3478 4137 3673 4199 etIica-

2031 4229 2123 4293 cia
2154 4227 2459 4306 descripta
2490 4235 2650 4300 sunt,
2688 4227 2847 4287 velut
2875 4226 3224 4287 olfensionis
3246 4227 3504 4307 lapidem
3536 4244 3674 4288 sus-

2031 4319 2297 4381 tulimus.
2331 4317 2690 4396 lPoslremO]
2744 4333 2883 4377 vero
2917 4316 3234 4378 nonnullas
3260 4335 3498 4396 quoque
3529 4315 3675 4376 alias

2030 4408 2208 4471 utiles
2237 4406 2634 4486 efﬁcacesque
2686 4423 2755 4467 ex
2817 4405 3224 4485 imperatoriis
3275 4403 3670 4483 jussionibus,

290 4494 512 4566 Νεαρῶν
567 4488 969 4561 θεσπισμάτων,
1019 4490 1137 4565 εἴγε
1183 4490 1281 4564 μὲν
1326 4491 1413 4546 καὶ
1457 4489 1746 4548 σύνοδικῶν
1800 4492 1940 4570 πρά-

2029 4495 2506 4563 commentariis.
2558 4493 2939 4575 Novellisque
2991 4492 3548 4569 constitutionibus,
3583 4501 3677 4554 at-

294 4577 451 4647 ξεων,
516 4577 572 4633 ἐν
630 4584 706 4650 τῷ
752 4579 980 4651 τοιούτῳ
1022 4579 1299 4654 πονήματι
1348 4579 1822 4660 κατεστρώσαμεν,
1867 4581 1938 4642 ὣς

289 4668 354 4724 ἃν
415 4666 586 4746 ἔχωσι
645 4669 988 4748 πανταχόθεν
1044 4672 1091 4726 οἱ
1145 4671 1564 4749 ἐντυγχάνοντες
1608 4674 1670 4728 τὸ
1701 4671 1935 4752 ἀσφαλὲς

294 4758 380 4813 καὶ
437 4756 890 4834 ἀπερικλόνητον,
955 4756 1021 4816 Εἴ
1067 4780 1116 4814 τι
1174 4760 1347 4816 τοίνυν
1400 4761 1478 4835 μὴ
1520 4761 1754 4828 καθῆκον
1799 4758 1933 4826 ἴσως

292 4847 592 4924 γέγραπται
621 4849 657 4915 ἢ
687 4850 742 4902 ὲν
773 4848 980 4914 τούτοις
1013 4848 1049 4917 ἣ
1079 4851 1134 4904 ἓν
1166 4849 1293 4912 ταῖς
1325 4854 1431 4906 τῶν
1472 4852 1709 4907 κανόνων
1754 4851 1931 4929 ἑρμη-

2026 4604 2141 4667 que
2173 4585 2347 4645 etiam
2380 4584 2439 4644 in
2470 4584 2863 4664 synodalibus
2909 4584 3068 4645 Actis
3123 4593 3256 4663 post
3287 4582 3674 4663 repurgatio-

2022 4693 2156 4736 nem
2191 4674 2384 4734 editas
2433 4674 2777 4735 Sanctiones
2832 4673 2973 4734 huic
3024 4674 3216 4734 labori
3254 4673 3675 4734 inseruinms:
3740 4690 3749 4695 '

2018 4782 2133 4846 quo
2165 4762 2498 4843 [videlicet]
2530 4764 2796 4843 undique
2817 4762 3073 4824 lectores
3104 4766 3521 4823 inconcussam
3555 4762 3654 4821 ha-

2014 4855 2196 4917 beant
2227 4852 2674 4914 certitudinem.
2709 4854 2996 4915 Caeterum
3029 4852 3077 4912 si
3108 4850 3248 4931 quid
3282 4851 3432 4912 forte
3462 4857 3561 4911 aut
3592 4850 3654 4910 in

295 4937 457 4996 νείαις
501 4934 760 5000 ἀξιούεθω
817 4936 1171 5016 συγγνώμης.
1233 4937 1364 4997 Οῦδὲ
1396 4940 1497 5019 γὰρ
1525 4939 1790 5019 ἡμέτερόν
1820 4939 1933 4997 ἐστι

2027 4944 2133 5023 his,
2169 4953 2268 5005 aut
2325 4942 2384 5003 in
2430 4960 2723 5004 canonum
2774 4939 3397 5022 interpretationibus,
3435 4948 3659 5017 prwter

295 5025 578 5100 τόλμημα,
626 5027 688 5081 τὸ
730 5036 825 5085 τοῦ
864 5028 1177 5102 πονήματος
1222 5028 1474 5107 μέγεθος,
1534 5029 1673 5087 ἀλλὰ
1726 5034 1827 5096 τῆς
1883 5030 1935 5096 ἐξ

299 5114 538 5193 ἀνάγκης
570 5116 813 5185 ὑπακοῆς
847 5115 1162 5193 ἆποκύημα.

2020 5035 2306 5097 decorum
2339 5033 2631 5114 scriptum
2660 5033 2757 5107 sit,
2790 5032 2961 5093 venia
2984 5031 3228 5110 dignum
3263 5029 3664 5092 habetor.Ne-

2020 5140 2139 5200 que
2170 5121 2324 5181 enim
2348 5121 2473 5181 haec
2494 5120 3047 5182 celucubrationum
3073 5118 3259 5180 moles
3281 5118 3549 5180 audacia:
3573 5136 3651 5179 no

2022 5220 2182 5289 strm,
2216 5209 2318 5269 se'l
2356 5211 2714 5271 necessaria)
2743 5208 3108 5270 obedientim
3138 5215 3345 5288 partus
3378 5216 3491 5270 est.
