4090 6204
409 449 415 453 λ
472 347 590 415 979

1658 353 1925 418 ΡΗΟΤΙΙ
1970 349 2491 419 ΡΑΤΒΙΑΗΟΗᾸΞ
2531 350 2647 414 CP.

3726 320 3862 403 980

3449 566 3816 584 -“

1845 715 2245 802 ΤΙΤΑΟΣ
2327 695 2456 798 Α’.

740 918 891 969 ΠΕΡΙ
937 918 1329 987 ΘΕΟΛΟΙῚΑΡ,
1384 922 1493 972 ΚΑΙ
1539 920 1944 973 ΟΡΤΘΔΟΞιὶΥ
1992 919 2307 988 ΠΙΣΤΕΩΣ,
2358 921 2465 969 KAI
2541 919 2884 986 ΚΑΝΟΝΩΝ,
2936 918 3043 967 ΚΑΙ
3094 915 3566 965 ΧΕΙΡΟΤΟΝΙΩΝ.

1745 1160 2125 1274 'l‘lTULUS
2198 1196 2563 1273 PRIMUS.

820 1378 916 1440 DE
954 1374 1411 1454 THEOLOGIA,
1456 1375 1916 1441 OBTHODOXA
1967 1376 2161 1459 FIDE,
2208 1373 2651 1450 CANONIBUS,
2700 1373 2791 1436 ET
2835 1370 3495 1440 ORDINATIONIBUS.

556 1568 803 1634 CAPUT
835 1565 1154 1631 PRIMUM.
1190 1598 1262 1610 -—
1302 1568 1387 1627 De
1437 1567 1750 1646 theologia
1805 1572 1857 1628 et
1913 1565 2113 1627 ortho-

2284 1572 2671 1623 ΚΕΦΑΛΑΙΟΝ
2718 1565 2805 1624 Α’.
2842 1598 2920 1609 —
2954 1563 3076 1641 Περὶ
3117 1561 3394 1640 θεολογίας
3446 1563 3535 1620 καὶ
3565 1563 3857 1643 ὁρθοδόξου

476 1661 640 1724 doma
666 1659 809 1738 ﬁde.

555 1748 982 1828 Apostolorum
1042 1762 1235 1806 canon
1289 1744 1367 1805 49
1399 1753 1459 1806 et
1489 1744 1607 1815 50;
1643 1743 1888 1805 concilii
1923 1745 2110 1805 Cons.

479 1835 967 1916 tantinopolitani
997 1852 1188 1896 canon
1227 1838 1284 1904 t.
1319 1834 1393 1904 5;
1428 1833 1663 1895 concilii
1696 1832 1982 1912 Ephesini
2010 1851 2114 1894 ca-

474 1945 595 1989 non
626 1928 659 1987 7
692 1923 974 2001 ;concilii
1005 1922 1495 2002 Carthaginensis
1526 1941 1718 1985 canon
1758 1923 1792 1984 ‘2
1824 1939 1836 1980 :
1876 1923 2114 1985 concilii

473 2015 629 2079 sexti
660 2032 852 2076 canon
890 2016 946 2088 1,
982 2012 1084 2085 73,
1121 2012 1220 2075 81.

557 2104 802 2167 Textus.
836 2101 1015 2164 Liber
1042 2104 1088 2179 l,
1124 2099 1360 2164 Codicis
1395 2100 1563 2162 titulo
1600 2102 1658 2175 1,
1686 2101 2116 2163 constitutione

480 2195 541 2270 ι,
575 2194 636 2275 5,
670 2201 729 2269 6,
765 2193 821 2266 7,
857 2192 917 2254 8.
951 2193 1014 2254 9.

551 2282 884 2346 Schotium.
918 2280 1118 2342 Prima
1152 2278 1497 2341 constitutio
1522 2278 1609 2339 tit.
1646 2286 1706 2358 t,
1742 2277 1848 2342 lib.
1883 2299 1900 2339 ι
1933 2278 2113 2341 Codi-

474 2373 562 2436 cis
592 2380 683 2435 est
714 2372 772 2447 1,
801 2377 978 2451 caput
1007 2386 1025 2430 ι
1056 2368 1162 2430 lib.
1219 2367 1641 2441 Basilicarum,
1677 2368 1836 2448 quod
1866 2370 1951 2430 sic
1981 2369 2064 2430 ait
2097 2389 2110 2429 :

476 2460 852 2525 Christianus
883 2469 996 2533 est,
1029 2458 1135 2539 qui
1166 2457 1360 2519 credit
1392 2457 1602 2529 Patris,
1646 2457 1778 2519 Filii
1831 2466 1890 2519 et
1922 2459 2116 2538 Spiri-

476 2560 572 2612 tus
600 2549 793 2612 sancti
817 2547 927 2609 sub
953 2547 1080 2628 pari
1104 2547 1417 2626 majestate
1438 2565 1615 2608 unam
1650 2563 1783 2608 esse
1807 2546 2110 2608 deitatem.

476 2639 588 2712 Qui
649 2656 786 2700 vero
841 2644 1050 2699 contra
1101 2636 1282 2715 [jam]
1315 2635 1472 2696 dicta
1529 2635 1762 2705 edocet,
1801 2635 2116 2699 limreticus

476 2737 587 2803 est,
626 2729 686 2802 5,
714 2728 774 2801 6,
811 2731 872 2800 7,
915 2726 951 2787 8
980 2733 1038 2786 et
1067 2725 1104 2787 9
1135 2724 1596 2786 constitutiones
1629 2743 1747 2787 non
1779 2735 1917 2787 sunt
1949 2727 2113 2805 posi-

476 2826 548 2881 tte
579 2819 636 2879 in
669 2816 961 2878 Basilicis.

2197 1656 2453 1719 πίστεως,

2276 1742 2622 1801 Ἀποστόλων
2654 1745 2826 1800 κανὼν
2858 1741 2946 1817 μΘ’
2981 1741 3077 1797 καί
3114 1738 3153 1796 ν’
3194 1757 3207 1770 ’
3244 1737 3461 1796 συνόδου
3497 1749 3857 1799 Κωνσταντι-

2197 1833 2497 1899 νουπόλεως
2555 1834 2730 1889 κανὼν
2781 1832 2856 1906 α’,
2891 1832 2935 1887 ε’
2976 1851 2987 1863 ·
3038 1829 3259 1887 συνόδου
3301 1829 3530 1908 Ἐφέσου
3559 1834 3745 1889 κανὼν
3775 1833 3852 1904 ﬁ"

2198 1921 2414 1981 συνόδου
2464 1921 2802 2000 Καρθαγένης
2877 1921 3053 1978 κανὼν
3095 1919 3150 1995 β’
3181 1935 3196 1949 ⁹
3267 1917 3483 1975 συνόδου
3541 1921 3619 1994 ς’
3667 1925 3860 1979 κανὼν

2198 2012 2274 2089 α’,
2308 2014 2416 2090 ογ’,
2450 2011 2570 2073 πα³.
2961 2065 2965 2068 .

2280 2103 2558 2177 Κείμενον.
2596 2100 2803 2159 Βιϐλίον
2839 2100 2888 2157 α’
2920 2107 3014 2158 τοῦ
3066 2095 3325 2175 Κώδικος,
3359 2098 3461 2160 τίτ.
3496 2097 3571 2173 α’,
3606 2098 3858 2167 διάταξις

2199 2191 2268 2271 ε’,
2301 2192 2405 2266 ς’,
2437 2190 2509 2271 ζ’,
2541 2190 2625 2264 η’,
2659 2189 2730 2254 δ’.

2281 2280 2544 2361 Σ-χόλιον,
2593 2284 2668 2338 'H
2711 2282 2899 2361 πρώτη
2944 2277 3177 2344 διάταξις
3225 2284 3315 2333 τοῦ
3362 2277 3414 2333 α’
3475 2282 3579 2339 τίτ,
3641 2293 3740 2337 του
3801 2282 3861 2339 α’

2197 2370 2403 2448 βιϐλίου
2446 2377 2538 2427 τοῦ
2571 2369 2833 2450 Κωδικος,
2865 2369 2978 2426 ἔστι
3014 2390 3132 2447 μιεφ.
3168 2367 3245 2443 α’,
3280 2378 3375 2428 τού
3407 2367 3461 2423 α’
3498 2367 3707 2444 βιϐλίου
3740 2374 3857 2430 τῶν

2200 2458 2500 2518 Βασιλικῶν
2540 2459 2678 2517 οὕτω
2726 2460 2885 2539 λέγον
2920 2479 2935 2496 ·
2994 2457 3309 2535 Χριστιανός
3349 2457 3491 2514 ἐστιν
3521 2460 3549 2514 ὁ
3578 2463 3857 2518 πιστεύων

2200 2556 2324 2627 μίαν
2368 2551 2511 2606 εἶναι
2568 2551 2797 2617 θεότητα
2856 2550 2911 2609 ἐν
2970 2549 3067 2624 ἴση
3110 2547 3317 2619 ἐξουσίᾳ
3364 2549 3455 2604 τοῦ
3484 2551 3720 2627 Πατρὶς,
3756 2559 3858 2609 τοῦ

2202 2642 2345 2715 Υίοῦ,
2409 2641 2496 2696 καὶ
2553 2646 2644 2696 τοῦ
2704 2640 2856 2719 ἁγίου
2919 2639 3248 2715 Πνεόματος.
3295 2640 3355 2719 Ὀ
3417 2638 3517 2717 γὰρ
3576 2642 3724 2716 παρὰ
3794 2644 3856 2699 τὲ

2199 2730 2455 2807 εἰρημένα
2511 2718 2761 2801 δοξάζων
2799 2729 3060 2809 αἱρετικός
3124 2728 3292 2789 ἐστιν.
3329 2718 3392 2783 Ἠ
3424 2726 3480 2783 δὲ
3512 2729 3582 2802 ε’,
3615 2729 3722 2811 ς’,
3772 2732 3848 2805 ζ’,

2198 2819 2285 2875 καὶ
2316 2818 2375 2886 η’
2397 2817 2538 2879 διάτ.
2569 2818 2665 2875 οὒκ
2691 2817 2950 2884 ἓτέθησαν
2983 2819 3056 2881 εἰς
3089 2817 3155 2872 τὰ
3187 2815 3473 2877 Βασιλικα.

557 2904 825 2972 CAPUT.
863 2904 935 2968 ll.
970 2940 1046 2951 —
1078 2905 1236 2980 Quot
1263 2921 1525 2969 canones
1570 2904 1770 2967 valere
1801 2904 2113 2985 oporteat?

2281 2914 2532 2970 ΚΕΦΑΛ.
2569 2918 2630 2970 Β.
2662 2942 2742 2953 —
2776 2906 2978 2971 Πόσους
3010 2906 3095 2963 δεῖ
3125 2920 3345 2984 κρατεῖν
3374 2906 3625 2971 κανόνας,

556 2996 809 3061 Concilii
842 2993 1353 3058 Chalcedonensis
1383 3011 1575 3055 canon
1608 3011 1625 3054 ι
1657 3014 1672 3067 ;
1705 2995 1943 3056 concilii
1970 2994 2113 3056 Car-

476 3084 848 3167 thaginensis
880 3103 1073 3147 canon
1103 3101 1164 3166 1;
1198 3082 1439 3146 concilii
1471 3084 1621 3145 sexti
1653 3102 1843 3145 canon
1868 3084 1903 3144 2
1933 3104 1947 3159 ;
1979 3103 2114 3146 con-

479 3176 603 3236 cilii
636 3174 863 3236 Nicaeni
893 3172 1144 3235 secundi
1178 3189 1368 3233 canon
1399 3171 1461 3236 ‘2.

564 3266 807 3327 Tewtus.
848 3262 1203 3326 Constitutio
1232 3265 1292 3333 5,
1329 3261 1420 3325 tit.
1453 3270 1488 3324 2
1529 3262 1933 3342 Novellarum,
1969 3271 2111 3339 etc.,

479 3370 673 3434 usque
701 3354 779 3415 ad
812 3352 1012 3414 irritas
1044 3369 1179 3413 esse
1210 3349 1413 3425 habet,
1445 3360 1510 3412 ut
1531 3370 1677 3430 pag.
1714 3353 1853 3413 451.

554 3440 1329 3515 δσήοἰιίυηι.ϐοιιει.3,ιὶῑ.ἓ
1350 3440 1754 3515 Novellarum,
1774 3450 1858 3503 est
1886 3443 2117 3504 novella

476 3531 805 3595 Justiniani
827 3530 931 3593 131
959 3533 1132 3611 lquw]
1150 3529 1481 3612 posita[est]
1506 3534 1563 3591 in
1589 3530 1740 3593 lib.v
1766 3532 2113 3607 Basil.tit.3,

474 3640 608 3702 cap.
632 3638 677 3697 ι,
705 3621 970 3683 themate
1011 3639 1050 3690 ι,
1097 3620 1255 3701 quod
1289 3619 1377 3683 sic
1402 3620 1580 3682 habet
1608 3638 1622 3683 :
1652 3621 1968 3683 Sancimus
2001 3623 2115 3701 igi-

475 3720 595 3794 tur,
623 3718 688 3774 ut
716 3711 907 3773 sancti
940 3708 1336 3772 ecclesiastici
1379 3728 1663 3787 canones,
1698 3711 1801 3790 qui
1831 3731 1863 3772 a
1895 3712 2118 3775 sanctis

474 3808 703 3882 septem
753 3799 1033 3862 conciliis
1065 3800 1420 3880 promulgati
1474 3809 1578 3861 aut
1614 3801 1946 3862 conﬁrmati
1980 3810 2119 3862 sunt

474 3890 663 3953 vicem
692 3891 885 3969 legum
911 3888 1479 3969 obtineant.Nempe
1501 3908 1533 3950 a
1552 3888 1791 3951 Nicacno
1816 3900 2117 3952 trecento-

475 3998 604 4043 rum
630 3980 1059 4057 duodevigenti
1084 3980 1324 4041 Patrum
1348 3978 1632 4052 concilio,
1670 3979 1730 4039 in
1761 4000 1878 4058 quo
1912 3982 2113 4051 Arius,

475 4070 834 4132 cuiafurore
857 4087 1198 4144 cognomen
1224 4067 1485 4129 inditum
1513 4076 1602 4129 est
1626 4068 2002 4131 anathemate
2030 4079 2118 4131 est

475 4176 838 4240 percussus;
885 4156 1549 4237 Constantinopolitano
1602 4156 1837 4217 Patrum
1875 4169 2115 4220 rentum

475 4247 928 4328 quinquaginta,
952 4265 984 4307 a
1009 4246 1229 4327 quibus
1251 4244 1510 4326 Spiritus
1532 4246 1721 4307 sancti
1746 4260 2118 4328 Oppugnator
2135 4292 2175 4341 ο

475 4336 859 4398 Macedonius
884 4334 1127 4395 infamia
1152 4340 1392 4396 notatus
1417 4345 1529 4407 est;
1555 4334 1861 4415 Ephesino
1896 4340 2111 4416 primo,

471 4431 534 4486 in
558 4440 675 4504 quo
697 4422 1010 4485 Nestorius
1024 4423 1460 4485 condemnatus
1476 4435 1590 4505 est;
1611 4424 2085 4489 Chalcedonensi
2099 4476 2112 4503 ,

478 4515 536 4573 in
560 4530 681 4590 qua
695 4512 988 4592 Eatychcs
1010 4531 1145 4574 cum
1163 4513 1438 4575 Nestorio
1460 4514 1841 4576 anathemate
1864 4535 2113 4596 percus-

474 4620 577 4665 sus
606 4611 696 4664 est
731 4623 745 4662 :
788 4602 1019 4674 editam,
1061 4601 1725 4680 Constantinotiolitano
1758 4606 2048 4679 secundo,
2084 4628 2113 4666 a

476 4710 595 4773 quo
629 4688 921 4770 Origenes
952 4710 1067 4753 una
1095 4709 1228 4754 cum
1261 4694 1547 4769 operibus
1579 4694 1724 4767 suis,
1753 4705 1808 4756 et
1845 4696 1942 4756 alii
1978 4696 2104 4775 qui-

386 4806 397 4817 ι
474 4782 610 4844 dam
647 4781 835 4861 impii,
872 4782 1202 4859 ignominia
1228 4783 1473 4843 atiectus
1501 4792 1591 4845 est
1619 4805 1631 4846 :
1657 4793 1946 4863 prmterea
1968 4785 2117 4847 Con-

474 4870 1015 4951 stantinopolitano
1051 4870 1416 4951 tertio,quod
1442 4873 1517 4933 (Ιο
1549 4873 1751 4933 multis
1788 4874 2117 4935 hmresibus

476 4959 877 5040 triumphans,
910 4960 1298 5021 vetustiorum
1333 4971 1679 5022 sanctorum
1720 4963 2115 5023 conciliorum

475 5049 693 5127 placita
718 5049 1133 5129 confirmavit;
1186 5050 1258 5109 ad
1313 5067 1646 5111 exrremutn
1681 5071 1841 5123 vero,
1878 5050 2115 5114 Nic-amo

476 5135 770 5209 secundo,
805 5139 860 5197 in
889 5157 1007 5217 quo
1047 5138 1135 5199 illi
1172 5137 1273 5218 qui
1297 5157 1330 5200 a
1354 5141 1584 5200 iversus
1606 5158 1801 5201 sacras
1828 5141 2117 5220 imagines

475 5225 1104 5304 iusaniebant.pariter
1121 5247 1253 5289 cum
1271 5230 1678 5291 anterioribus
1694 5233 1878 5293 lueret
1908 5236 1991 5293 cis
2010 5232 2113 5293 Dei

475 5313 749 5376 Ecclesia
777 5313 1040 5377 abdicati
1072 5329 1230 5379 sunt.
1255 5319 1683 5380 Pracdiclorum
1714 5322 1934 5382 etenim
1970 5341 2112 5382 san-

476 5412 705 5465 ctorum
759 5404 1153 5466 conciliorum
1216 5407 1458 5469 decreta
1503 5410 1755 5488 perinde
1800 5421 1866 5472 ut
1913 5430 2116 5473 sacras

476 5492 817 5572 Scripturas
846 5494 1231 5575 suscipimus,
1259 5505 1315 5557 et
1339 5516 1601 5559 canones
1633 5509 1695 5561 ut
1726 5501 1889 5578 leges
1920 5512 2116 5562 custo-

2279 2996 2505 3055 Συνόδου
2536 2997 2879 3063 Χαλκηδόνος
2909 2999 3085 3055 κανὼν
3117 2996 3193 3070 α’,
3232 2994 3451 3053 συνόδου
3498 2997 3850 3075 Καρθαγελιης

2201 3089 2375 3145 κανὼν
2404 3087 2455 3144 α’
2488 3108 2500 3124 ·
2550 3086 2766 3146 συνόδου
2821 3085 2901 3162 ς’
2933 3087 3109 3144 κανὼν
3141 3087 3194 3162 β’
3229 3106 3243 3121 ·
3279 3084 3495 3145 συνόδου
3527 3089 3755 3151 Νικαίας
3789 3090 3852 3144 τὸ

2199 3177 2275 3254 β’,
2310 3179 2486 3234 γανὼν
2517 3180 2594 3255 β’.

2283 3271 2560 3342 Κείμενον.
2598 3260 2659 3325 Ἠ
2706 3267 2757 3345 γ’
2803 3266 3034 3333 διάταξις
3093 3272 3188 3322 τοῦ
3248 3266 3325 3342 β’,
3380 3289 3435 3328 κ.
3471 3288 3527 3326 τ.
3562 3266 3616 3330 λ.
3652 3285 3850 3349 usque

2197 3358 2273 3419 ad
2304 3358 2454 3414 τύποι
2488 3357 2669 3435 ἅκυροί
2697 3359 2851 3416 εἰσιν.

2279 3445 2535 3525 Σχόλιον,
2586 3440 2651 3503 Ἠ
2695 3446 2749 3524 γ’
2793 3445 3025 3511 διάταξις
3072 3451 3163 3501 τοῦ
3215 3443 3268 3521 β’
3323 3444 3427 3504 τίτ.
3469 3450 3577 3501 τῶν
3624 3453 3848 3525 Νεαρῶν

2201 3535 2312 3592 ἔστι
2358 3537 2519 3613 νεαρά
2573 3534 2998 3601 ἰουστινισίνειος
3031 3534 3150 3613 ρλα⁹
3185 3534 3408 3610 κειμένη
3439 3535 3495 3590 ἐν
3539 3532 3735 3610 βιϐλίῳ
3779 3538 3848 3617 ε’,

2199 3632 2306 3682 τῶν
2370 3625 2668 3682 Βασιλικὼν
2728 3626 2833 3686 τίτ.
2880 3624 2957 3703 γ’,
2992 3647 3114 3703 κεφ,
3182 3621 3260 3698 α’,
3325 3623 3513 3699 θέματι
3560 3622 3635 3699 α’,
3682 3624 3848 3692 οὕτως

2202 3714 2384 3793 ἔχοντι
2426 3734 2438 3745 ·
2472 3717 2804 3789 Θεσπίζομεν
2835 3716 3031 3789 τοίνυν,
3066 3714 3247 3788 νόμων
3276 3711 3422 3778 τὰξιν
3465 3713 3690 3794 ἐπέχειν
3726 3717 3849 3779 τοὺς

2202 3804 2380 3883 ἁγίους
2430 3803 2908 3872 ἐκκλησιαστικοὺς
2955 3804 3183 3865 κανόνας
3228 3803 3351 3866 τοὺς
3393 3804 3495 3860 ὑπὸ
3525 3810 3633 3860 τῶν
3681 3804 3848 3881 ἁγίων

2200 3896 2249 3965 ζ’
2306 3892 2535 3950 συνόδων
2605 3894 2907 3958 ἐκτεθέντας
2982 3895 3016 3961 ἣ
3086 3891 3473 3969 βεϐαιωὸεντας
3528 3893 3676 3950 τοῦτ’
3735 3894 3846 3951 ἔστι

2200 3984 2320 4046 τοὺς
2355 3983 2407 4039 ἓν
2439 3985 2630 4057 Νικαίᾳ
2657 3986 2764 4041 τὼν
2807 3983 2943 4051 τιη’.
2974 3983 3091 4040 καθ’
3124 3986 3190 4051 ἣν
3222 3986 3249 4040 ὁ
3279 3984 3498 4061 ’ῖΑρειος
3531 3986 3559 4040 ὁ
3590 3990 3690 4051 τῆς
3731 4008 3847 4058 μα-

2202 4074 2313 4138 νίας
2360 4073 2635 4149 ἐπώνυμος
2681 4074 3093 4148 ἀνεθεματίσθη,
3149 4074 3237 4129 καὶ
3293 4074 3391 4141 τῆς
3454 4073 3508 4130 ἐν
3556 4080 3624 4149 τῇ
3689 4083 3846 4131 Κων-

2202 4162 2635 4222 σταντινουπόὶει
2689 4165 2795 4219 τῶν
2848 4162 3013 4240 ἁγίων
3068 4162 3144 4241 ρν’
3203 4163 3476 4241 Πατάρων,
3542 4164 3631 4242 ὑφ’
3689 4166 3769 4219 ὧι
3823 4167 3848 4219 ὃ

2200 4253 2655 4331 πνευματομάχος
2721 4251 3044 4315 Munatium;
3097 4251 3478 4328 ἰστηλιτεύθη,
3512 4254 3604 4309 καὶ
3647 4254 3746 4319 τῆς
3793 4254 3847 4308 ἐν

2200 4340 2408 4421 Ἐφέσῳ
2440 4340 2491 4397 α’
2523 4342 2576 4397 ἰν
2607 4344 2643 4417 ᾗ
2675 4344 2958 4421 Νεστόριος
3002 4342 3316 4421 κατεκρίθη,
3348 4343 3436 4398 καὶ
3467 4346 3568 4409 τῆς
3601 4342 3657 4398 ὲν
3697 4341 3846 4398 Χιλ-

2199 4430 2383 4498 κηδόνι
2427 4429 2546 4488 καθ’
2587 4430 2657 4498 ἣν
2706 4431 2954 4511 Εὔτυχης
3001 4431 3138 4505 μετὰ
3183 4431 3470 4507 Νεστορίου
3518 4430 3848 4505 ἀναθεματί-

2199 4524 2323 4587 σοη.
2372 4521 2507 4597 Πρὸς
2551 4518 2606 4576 δὲ
2651 4520 2867 4584 ταύταις
2911 4524 3009 4587 τῆς
3070 4524 3124 4575 ἒν
3173 4519 3742 4578 Κωνσταντινουπόλει
3788 4524 3847 4578 τὸ

2200 4611 2280 4687 β’,
2322 4608 2391 4665 δι’
2420 4610 2484 4678 ἧς
2519 4610 2799 4689 Ὠριγένης
2832 4612 2968 4686 μετὰ
3021 4611 3127 4667 τῶν
3182 4610 3341 4667 αὖτοῦ
3383 4611 3842 4688 συγγραμμάτων,

2202 4700 2289 4755 καὶ
2344 4697 2513 4777 ἕτεροί
2571 4721 2710 4762 τινες
2756 4697 3035 4763 δυσσεϐεῖς
3080 4698 3701 4779 παρεδειγματίσοησαν,
3753 4702 3841 4756 καὶ

2202 4788 2276 4843 ἔτι
2336 4790 2436 4854 τῆς
2479 4788 2533 4843 ὲν
2582 4787 3143 4847 Κωνσταντινουπόλει
3179 4790 3240 4844 τὸ
3273 4787 3349 4864 γ’,
3408 4787 3526 4854 ἥτις
3572 4786 3846 4867 διαφόροις

2202 4876 2426 4955 αἱρέσεις
2468 4875 2867 4951 θριαμϐεύσασα
2906 4879 2976 4933 1τὰ
3040 4880 3146 4933 τῶν
3198 4876 3630 4954 προγενεστέρων
3682 4879 3844 4955 ἁγίων

2204 4964 2433 5023 συνόδων
2461 4968 2585 5024 Οεῖα
2629 4964 2874 5044 δόγματα
2916 4967 3245 5045 ἐπεκύρωσε,
3301 4968 3389 5022 καὶ
3437 4966 3524 5022 ἐπὶ
3583 4973 3717 5024 πᾶσι
3748 4973 3843 5033 τῆς

2204 5056 2255 5111 ἐν
2290 5056 2481 5125 Νικαίᾳ
2535 5059 2594 5112 τὸ
2653 5055 2729 5133 β’,
2788 5056 2839 5122 ἐξ
2900 5058 2960 5124 ἧς
3019 5059 3066 5112 οἱ
3118 5057 3254 5114 κατὰ
3282 5062 3388 5112 τῶν
3422 5056 3590 5133 ἁγίων
3625 5058 3845 5112 εἰκόνων

2203 5144 2559 5211 λυττήσαντες
2593 5146 2643 5210 ἐξ
2677 5147 2797 5203 ἴσου
2840 5161 2958 5213 τοῖς
3006 5143 3364 5223 προλαϐοῦσιν
3419 5147 3722 5221 αἱρετιιιοτς
3750 5146 3845 5213 τῆς

2199 5234 2483 5303 καθολικῆς
2567 5243 2659 5292 τοῦ
2747 5239 2879 5292 Θεοῦ
2966 5234 3293 5301 Ἐκκλησίας
3354 5235 3841 5313 ἁπεκηρόχθησαν.

2200 5330 2315 5382 Τῶν
2373 5327 2472 5402 γὰρ
2531 5326 2936 5403 προειρημένων
2994 5325 3158 5403 ἁγίων
3212 5322 3445 5380 συνόδων
3502 5326 3569 5380 τὰ
3602 5322 3846 5401 δόγματα

2200 5412 2432 5491 καθάπερ
2461 5415 2554 5475 τὰς
2597 5417 2738 5476 θείας
2805 5417 3013 5494 Γρανρὰς
3073 5413 3368 5493 δεχόμεθα,
3404 5416 3489 5469 καὶ
3521 5415 3643 5476 τοὺς
3677 5416 3845 5470 κινά-

2199 5526 2291 5567 νας
2348 5504 2419 5565 ὠς
2478 5504 2660 5577 νόμοις
2720 5503 3077 5582 φυλάττομεν,
3114 5507 3179 5558 ’11
3234 5499 3318 5576 po“
3366 5501 3601 5567 διάταξις
3641 5510 3740 5559 τοῦ
3795 5500 3844 5580 γ’

474 5568 1114 5657 ἀίιιιὺεᾘοιιειΑίλίι.
1141 5585 1199 5657 3,
1218 5568 1331 5647 lib.
1363 5587 1636 5650 tCodicis
1661 5568 1897 5650 nonvest
1923 5600 2113 5668 posita

2213 5594 2303 5655 τίτ.
2337 5601 2430 5649 τοῦ
2464 5593 2513 5650 α’
2541 5592 2748 5671 βιϐλίου
2773 5600 2865 5650 τοῦ
2922 5592 3157 5657 Κώδικος
3191 5596 3288 5652 οὒκ
3339 5592 3493 5659 ἐτέθη
3521 5594 3596 5656 εἰς
3641 5594 3713 5647 τὰ
3743 5593 3845 5669 βα-

480 5671 543 5736 in
574 5671 755 5735 Basil.
790 5690 986 5754 neque
1018 5690 1155 5735 vero
1191 5679 1214 5735 1
1262 5683 1361 5737 aut
1383 5677 1418 5735 4
1443 5685 1635 5739 const.
1664 5676 1750 5737 tit.
1782 5685 1799 5738 l
1832 5676 2113 5741 Novella-

2201 5680 2401 5757 σιλικὰ,
2436 5681 2619 5752 οὐδὲὴ
2665 5682 2715 5740 α’
2765 5685 2852 5740 καὶ
2901 5681 2946 5738 δ’
3011 5680 3240 5748 διάταξις
3295 5690 3391 5740 τοῦ
3450 5678 3500 5737 α’
3559 5682 3668 5741 τίτ.
3737 5688 3845 5738 τῶν
