4090 6204
248 314 377 381 981

1273 317 1773 385 NOMOCANON.
1836 350 1912 365 —-
1979 317 2135 417 ω’.
2184 322 2233 400 1,
2279 319 2443 383 CAP.
2492 317 2670 382 1-111.

3518 314 3639 384 982

246 454 479 534 Νεαρῶν
511 457 583 512 ὧν
615 457 650 527 ἡ
683 456 780 530 μὲν
811 455 941 525 ἕκτη
997 456 1112 515 ἐστί
1160 459 1318 535 νεαρὰ
1373 457 1822 540 ἰουστινιάνειος,
1866 459 1888 513 ἱ

1983 473 2141 531 rum,
2180 472 2429 537 quarum
2483 452 2608 515 haec
2654 451 2902 535 quidem
2954 460 3046 514 est
3093 451 3129 515 6
3158 450 3481 515 Justiniaui
3513 471 3636 514 no-

247 542 308 599 δέ
380 543 439 601 π’
497 546 747 611 ὠσοὺτως
794 546 909 603 οὐδὲ
949 550 984 616 η
1032 548 1103 625 ιβ’
1139 546 1371 613 διάταξις
1423 550 1513 607 τοῦ
1561 549 1613 627 β’
1667 551 1773 611 τίτ.
1816 556 1888 605 τοι

1990 546 2177 626 νοΠο,
2204 546 2302 605 illa
2336 563 2473 604 vero
2503 543 2582 605 80
2612 542 2910 622 ejusdem.
2946 541 3152 622 Neque
3194 541 3396 624 [item]
3430 550 3625 605 const.

245 632 310 688 α’
360 631 565 710 βιϐλίου
613 644 702 693 τοῦ
765 634 1024 700 Κώδικος.
1083 639 1178 696 Καὶ
1233 636 1365 712 μηδὲ
1399 639 1461 694 σὺ
1491 640 1703 705 ταύταις
1731 662 1905 715 προσ-

243 723 399 801 χῇς,
432 724 644 800 πρῶτον
677 726 774 798 μὲν
807 724 889 782 ὅτι
933 724 1052 783 οὐδὲ
1083 726 1445 785 ἐναντιοῦνται
1477 734 1545 803 τῇ
1603 727 1721 806 ρλα’
1764 728 1904 786 Ἰου-

240 814 553 884 στινιανείιμ
584 821 765 892 νεαρᾷ,
802 816 928 873 εἶτα
962 816 1043 873 ὅτι
1075 815 1191 873 οὒδὲ
1222 814 1522 896 ἐδέχθησαν
1557 816 1611 872 ὲν
1645 831 1760 881 τοῖς
1794 826 1902 876 Βα-

239 900 517 967 σιλικοῖς.

336 992 562 1069 ’Έτερον
621 993 871 1074 σχόλιον.
934 997 1057 1073 Περὶ
1101 995 1200 1071 μὲν
1244 998 1332 1052 οὖν
1374 1002 1480 1054 τῶν
1544 995 1600 1053 ἐν
1660 1004 1735 1072 τῷ
1797 1018 1904 1054 πα-

239 1082 401 1157 ρόντι
445 1082 502 1158 β’
559 1104 680 1162 κεφ.
738 1082 1086 1151 δηλωθέντων
1144 1087 1411 1165 νομίμων,
1456 1087 1764 1165 ἱγράφησαν
1805 1086 1902 1143 καῖ

239 1172 460 1231 εἰκότα.
521 1173 792 1250 Γίγνωσκε
852 1173 907 1230 δὲ
968 1173 1049 1231 ὅτι
1109 1173 1373 1253 διαφόρως
1420 1177 1581 1232 εἶπόν
1623 1198 1761 1240 τινες
1816 1177 1901 1233 καὶ

241 1268 423 1319 ταῦτα
453 1262 680 1319 ἐνώπιον
712 1285 802 1320 του
832 1262 1097 1341 βασιλέως
1158 1266 1310 1339 ἡμῶν
1341 1272 1431 1322 τοῦ
1462 1264 1612 1342 ἂγίου
1642 1266 1718 1339 μὴ
1749 1266 1898 1344 ὀφεί-

242 1349 371 1406 λειν
401 1366 621 1429 κρατεῖν
652 1353 772 1416 τοὺς
805 1353 1055 1426 κανόνας,
1119 1353 1241 1410 ἔνθα
1288 1355 1472 1429 νόμοις
1518 1355 1897 1435 ἐναντιῶνται,

242 1438 339 1495 διὰ
403 1443 463 1497 τὸ
517 1443 619 1511 πρὸ
664 1446 765 1510 τῆς
814 1443 1221 1519 ἀνακαθάρσεως
1275 1447 1480 1510 τούτοις
1534 1448 1899 1523 συγγραφῆναι

242 1532 342 1586 καὶ
405 1529 545 1587 οὕτω
593 1530 967 1610 σχολάσασθαι
1024 1534 1144 1596 τοὺς
1208 1535 1390 1597 αὐτοῖς
1447 1534 1522 1608 μὴ
1554 1531 1896 1606 συνᾴδοντας,

239 1618 453 1677 ’Ἄλλοι
484 1618 539 1676 δὲ
582 1623 1001 1699 προκομίσαντες
1046 1625 1274 1688 κανόνας
1307 1637 1425 1687 τοῖς
1466 1625 1651 1700 νόμοις
1685 1622 1892 1680 ἐναντι-

241 1710 535 1785 ουμένους,
598 1712 686 1767 καὶ
745 1713 1087 1789 χρησάμενοι
1144 1720 1214 1789 τῇ
1272 1714 1512 1791 παρούσῃ
1562 1712 1682 1791 ρλα’
1739 1718 1897 1791 νεαρᾷ

1991 637 2090 709 12,
2127 638 2212 697 tit.
2250 636 2309 707 τὶ,
2346 632 2451 696 lib.
2486 650 2506 693 1
2537 632 2685 695 Cod.
2720 630 2926 713 Neque
2950 650 3094 693 vere
3122 640 3183 692 tu
3214 631 3329 693 illis
3358 632 3623 693 animum

1987 725 2279 807 applices.
2333 721 2626 802 Primum,
2686 724 2826 802 quia
2884 741 3001 783 non
3058 721 3450 783 adversantur
3512 722 3622 785 131

1989 813 2307 878 Justiniani
2340 813 2610 874 novellae.
2648 810 2901 888 Deinde,
2939 811 3081 890 quia
3114 812 3171 872 in
3203 810 3480 874 Basilicis
3511 829 3629 873 non

1986 911 2127 966 sunt
2149 913 2432 983 receptae.

2067 993 2259 1056 Aliud
2290 988 2712 1054 Scholium.De
2728 991 2869 1069 jure
2892 989 3159 1072 quidem,
3187 990 3342 1072 quod
3374 992 3432 1052 in
3465 1008 3624 1072 prae-

1985 1083 2141 1144 senti
2172 1084 2210 1144 32
2242 1081 2433 1161 capite
2463 1078 2830 1141 declaratum
2866 1079 3209 1160 est,scripla
3238 1079 3625 1142 suntdecen-

1986 1172 2086 1234 tia.
2121 1168 2289 1235 Scias
2349 1181 2571 1243 tamen,
2636 1168 2795 1250 quod
2828 1168 3004 1231 aliter
3032 1169 3308 1231 nonnulli
3340 1170 3625 1244 dixerint,

1986 1261 2163 1341 idque
2187 1262 2245 1321 in
2273 1280 2322 1339 p1
2342 1260 2589 1320 msentia
2611 1258 2802 1320 sancti
2832 1258 3424 1339 nostriimperatoris
3442 1261 3629 1336 [nem-

1986 1370 2060 1430 pe
2084 1368 2345 1411 canones
2365 1367 2483 1410 non
2505 1346 2729 1409 debere
2755 1347 3219 1429 valere,quando
3236 1348 3629 1409 adversantur

1984 1440 2255 1517 legibus:
2285 1446 2601 1518 propterea
2628 1437 2782 1516 quod
2807 1446 2944 1499 ante
2968 1438 3223 1518 [legum]
3257 1437 3630 1519 repurgatio-

1983 1549 2119 1590 nem
2140 1528 2223 1590 illi
2239 1526 2935 1607 conscriptisunl:atque
2954 1526 3143 1608 itaqui
3167 1529 3473 1608 {canones]
3488 1545 3623 1589 cum

1982 1615 2248 1700 [legibus]
2301 1636 2419 1678 non
2457 1616 2847 1689 conveniunt,
2898 1616 3123 1678 otiosos
3147 1634 3303 1680 esse.
3330 1616 3452 1678 Alii
3484 1635 3624 1679 vero

1980 1707 2357 1788 prolatis.qui
2386 1703 2618 1785 legibus
2638 1703 3625 1786 adversantur,canonibusetprae-

240 1804 314 1873 τῇ
345 1800 573 1875 κειμένῃ
606 1800 660 1854 ἐν
713 1798 904 1876 βιϐλίῳ
936 1800 981 1856 ε’
1023 1807 1129 1859 τῶν
1159 1801 1451 1880 βασιλικῶν
1510 1803 1613 1861 τίτ.
1660 1801 1712 1880 γ’
1767 1824 1888 1881 κεφ,

1981 1798 2130 1857 senti
2165 1796 2264 1858 131
2293 1794 2819 1875 novella,quzeinv
2842 1793 3167 1870 lib.Basil.,
3198 1796 3287 1856 tit.
3310 1795 3368 1871 3,
3396 1814 3523 1877 cap.
3556 1805 3611 1871 1,

240 1889 325 1963 α’,
365 1887 603 1969 λεερούση
636 1891 756 1952 τοὺς
791 1894 1013 1956 κανόνας
1044 1894 1118 1955 ὠς
1165 1890 1358 1965 νόμους
1405 1891 1756 1971 φυλάττεσθαι
1798 1892 1891 1948 καί

238 1978 317 2042 ὠς
370 1981 511 2042 θείας
584 1980 818 2058 Γραφὰς,
893 1979 1252 2057 ἐπεστόμισαν
1314 1982 1438 2045 τοὺς
1492 1981 1890 2045 ἀντιθετοῦντας

236 2072 465 2142 αὐτοῖς,
493 2066 580 2125 ὅτε
627 2069 883 2125 κάκείνων
937 2070 1192 2127 εἰπόντων
1235 2068 1546 2128 ἀνένδεκτον
1603 2072 1749 2128 εἶναι
1792 2073 1891 2139 τὴν

235 2156 504 2224 τοιαύτην
535 2158 724 2237 νεαρὰν
755 2159 827 2222 ὠς
860 2160 1001 2234 παρὰ
1041 2166 1135 2216 τοῦ
1185 2158 1559 2217 Ἰουστινιανοῦ
1590 2159 1889 2238 λεγομένην

248 2245 513 2322 γενέσθαι,
574 2248 663 2304 καὶ
709 2248 1061 2323 μεμνημένην
1103 2250 1190 2305 καὶ
1238 2255 1344 2305 τῶν
1372 2250 1507 2323 μετὰ
1538 2250 1629 2305 τὸν
1660 2248 1888 2307 Ἰουστι-

237 2336 427 2391 νιανὸν
458 2334 711 2416 συνόδων,
745 2339 832 2393 καὶ
889 2335 1028 2393 οὕτω
1072 2336 1271 2395 ἄτοπόν
1315 2360 1365 2393 τι
1404 2336 1557 2406 δῆθεν
1588 2360 1886 2395 κατασκευ-

239 2425 509 2499 αζόντων,
557 2427 701 2482 αὐτοὶ
756 2425 960 2501 μᾶλλον
1018 2429 1122 2483 κὰκ
1173 2427 1360 2484 τούτου
1388 2425 1887 2503 καταλαμϐάνεσθαι

242 2517 436 2589 εἷπον,
496 2517 558 2572 τὸ
615 2515 984 2572 οἰκειώσασθαι
1041 2518 1105 2573 τὰ
1153 2522 1249 2584 τῆς
1284 2523 1473 2595 νεαρᾶς
1504 2519 1594 2574 τὸν
1625 2518 1721 2585 τὴν
1753 2518 1885 2574 ἀνα-

239 2605 511 2681 θεώρησιν
552 2603 646 2660 καὶ
713 2604 1067 2683 ἄνακάθαρσιν
1123 2610 1229 2662 τῶν
1288 2605 1465 2680 νόμων
1525 2607 1887 2681 ποιησάμενον

239 2692 498 2772 βασιλέα.
561 2696 617 2750 Εἰ
654 2694 753 2772 γὰρ
798 2695 876 2769 μή
920 2694 1077 2752 τοῦτο
1120 2697 1186 2761 ἢν
1230 2699 1329 2754 οὒκ
1371 2696 1432 2751 ἃν
1472 2696 1558 2750 καὶ
1605 2695 1729 2758 τοὺς
1782 2702 1887 2752 τῶν

246 2783 716 2861 μεταγενεστέρων
760 2782 990 2840 συνόδων
1054 2784 1281 2849 κανόνας
1330 2785 1402 2842 ὠς
1447 2786 1629 2859 νόμοις
1672 2797 1889 2857 κρατεῖν

247 2875 564 2951 προσέθετο,
627 2875 710 2929 καὶ
769 2873 844 2937 ὠς
904 2876 1042 2940 θείας
1097 2875 1328 2955 Γραφάς.
1363 2873 1531 2932 Ἀλλὰ
1560 2876 1648 2932 καὶ
1691 2875 1889 2942 ταύτην

245 2966 320 3031 ὠς
350 2966 439 3020 καὶ
482 2962 647 3030 ἄλλας
702 2961 1153 3029 Ἰουστινιανείους
1214 2965 1401 3042 νεαρὰς
1457 2964 1551 3020 ἵνα
1592 2963 1888 3043 ἐσχόλασεν

242 3056 307 3111 ὲκ
365 3055 461 3109 τοῦ
512 3055 589 3128 μὴ
633 3059 1006 3125 καταστρῶσαι
1039 3055 1204 3121 diuini
1237 3055 1311 3115 εἰς
1354 3055 1421 3110 τὰ
1449 3052 1724 3130 βασιλικὰ,
1759 3053 1888 3130 ὅπερ

244 3142 473 3224 ἐδέχθη,
519 3143 607 3198 καὶ
649 3150 795 3219 παρὰ
837 3150 913 3216 τῷ
976 3142 1195 3219 βασιλεῖ
1255 3150 1331 3218 τῷ
1376 3141 1511 3221 ἁγίῳ
1575 3147 1946 3241 Σημειωσαιο

1977 1885 2169 1966 posita
2201 1893 2313 1963 est,
2349 1883 2445 1964 [in
2483 1883 2783 1963 medium]
2817 1883 3127 1963 producta,
3162 1883 3522 1947 adversariis
3556 1904 3621 1948 os

1975 1976 2354 2037 obturarunt:
2373 1976 2526 2051 [cum
2548 1973 2670 2051 illa]
2686 1991 2951 2034 canones
2967 1983 3249 2053 tanquam
3266 1973 3429 2052 leges
3444 1982 3621 2054 atque

1972 2081 2174 2125 sacras
2205 2062 2543 2142 Scripturas
2587 2060 3014 2123 custodiendos
3046 2080 3204 2142 esse,
3238 2062 3416 2125 dicat.
3451 2063 3619 2135 Quod

1974 2172 2113 2215 vero
2148 2153 2232 2215 illi
2254 2152 2675 2222 dicerent,non
2700 2150 3143 2231 suscipiendam
3171 2170 3304 2213 esse
3327 2152 3489 2214 illam
3516 2170 3620 2213 no-

1972 2240 2282 2314 vellam,ut
2308 2260 2604 2323 quae,cum
2632 2259 2664 2301 a
2685 2239 3023 2302 Iustiniano
3040 2240 3198 2301 edita
3221 2240 3454 2302 dicatur
3480 2259 3618 2303 con-

1972 2332 2250 2392 ciliorum
2277 2330 2826 2410 postJustinianum
2843 2328 3228 2407 [habitorum]
3246 2329 3614 2392 mentionem

1972 2420 2355 2502 faciat,atque
2380 2420 2458 2481 ita
2476 2418 2903 2481 absurditatem
2939 2418 3256 2498 quamdam
3282 2420 3615 2481 constitue-

1969 2518 2127 2573 rent:
2155 2529 2220 2572 se
2244 2509 2385 2571 inde
2408 2509 2589 2572 etiam
2616 2506 2801 2587 magis
2824 2506 3041 2588 [illam]
3058 2507 3612 2589 amplectiaiehant,

1972 2598 2127 2680 quod
2154 2618 2285 2681 quae
2306 2598 2542 2662 novella
2567 2596 2768 2671 tradit,
2785 2596 2835 2657 is
2858 2594 3186 2675 imperator
3203 2597 3302 2677 qui
3321 2596 3489 2677 leges
3512 2614 3613 2660 re-

1974 2691 2241 2771 purgavit
2263 2701 2443 2771 atque
2465 2688 2835 2769 recognovit,
2869 2686 2985 2749 sibi
3013 2688 3357 2751 vindicavit.
3392 2687 3535 2749 Nam
3563 2689 3614 2749 si

1974 2780 2030 2841 id
2060 2781 2194 2861 [ita]
2225 2800 2342 2841 non
2362 2790 2669 2859 csset,non
2694 2778 2870 2839 etiam
2898 2778 3294 2857 posteriorum
3319 2778 3613 2840 concilio-

1973 2886 2103 2930 rum
2133 2888 2418 2942 canones,
2447 2878 2508 2929 ut
2526 2868 2688 2947 leges
2706 2875 2885 2948 atque
2909 2884 3111 2927 sacras
3133 2866 3612 2947 Scripturas,va-

1973 2958 2097 3020 lere
2113 2958 2386 3038 [debere]
2400 2959 2952 3037 adjecisseLAtque
2975 2955 3129 3017 hanc
3152 2958 3328 3017 etiam
3353 2956 3614 3037 [inquie-

1974 3049 2134 3126 bmit]
2168 3059 2228 3109 ut
2258 3048 2406 3109 alias
2463 3047 2780 3110 Justiniani
2833 3045 3121 3119 novellas,
3170 3045 3330 3107 velut
3359 3045 3609 3107 otiosam

1973 3138 2255 3211 reddidit,
2290 3138 2450 3217 quod
2486 3138 2678 3219 ipsam
2702 3135 2973 3197 Basilicis
3005 3154 3122 3196 non
3156 3133 3611 3215 aspersit.Quod

242 3234 345 3301 τὴν
404 3238 671 3309 παροῦσαν
730 3233 920 3309 νεαρὰν
971 3233 1045 3295 ὠς
1104 3232 1289 3307 νόμοις
1334 3246 1553 3311 κρατεῖν
1610 3231 1884 3307 μὴμόνον

1981 3246 2112 3288 sane
2134 3237 2374 3289 sanctus
2409 3227 2735 3307 imperator
2764 3225 2941 3287 etiam
2970 3223 3446 3305 probabat.Nota
3469 3243 3609 3286 vero

242 3324 367 3386 τοὺς
426 3322 567 3397 παρὰ
621 3323 727 3377 τῶν
771 3318 818 3392 ζ’
875 3322 1042 3399 ἀγὲων
1100 3320 1331 3378 συνόδων
1376 3321 1681 3386 ἐκτεθέντας
1715 3343 1883 3377 κανο-

242 3436 365 3493 νας,
399 3410 538 3467 ἀλλὰ
566 3412 651 3466 καὶ
708 3412 829 3476 τοὺς
874 3412 1017 3487 παρὰ
1047 3414 1244 3467 τούτων
1274 3408 1684 3487 βεϐαιωθέντας,
1719 3408 1884 3487 ἤγουν

243 3502 368 3566 τοὺς
419 3501 644 3563 κανόνας
700 3502 807 3556 τῶν
864 3506 1103 3557 τοπικῶν
1147 3498 1406 3559 συνόδων.
1466 3501 1561 3557 Καὶ
1619 3499 1881 3577 ἀνάγνωθι

244 3593 336 3649 τὸν
393 3592 446 3667 β’
495 3591 692 3646 κανονα
744 3595 840 3656 τῆς
869 3587 949 3663 ς’
980 3587 1222 3667 συνόδου,
1255 3588 1570 3666 βεϐαιοῦντα
1610 3590 1688 3664 μὴ
1720 3590 1885 3664 μόνον

245 3682 366 3747 τοὺς
423 3680 647 3740 τοπικὰς
680 3676 950 3753 συνοδους,
982 3678 1120 3735 ἀλλὰ
1165 3678 1259 3735 καί
1305 3678 1499 3757 ἑτέρων
1542 3678 1704 3756 ἁγίων
1751 3701 1882 3758 συγ-

244 3770 561 3849 γράμματα.
626 3766 1051 3843 Ἐπισημείωσαι
1104 3768 1206 3836 την
1248 3778 1519 3846 παρούσαν
1572 3769 1881 3846 ἑρμηνεῖαν,

243 3867 332 3916 καὶ
378 3858 524 3938 ἔχων
568 3859 732 3924 αὐτὴν
777 3858 863 3914 ἐπὶ
921 3860 1167 3938 μνήμης,
1202 3857 1326 3936 λέγε
1355 3860 1475 3921 τοὺς
1525 3859 1753 3920 κανόνας
1798 3861 1884 3917 la-

246 3951 405 4029 χύειν
449 3946 608 4004 πλέον
653 3953 760 4003 τῶν
804 3949 1008 4022 νόμων.
1053 3950 1113 4004 Οἱ
1156 3947 1253 4021 μὲν
1311 3949 1409 4027 γὰρ
1468 3947 1632 4027 ἤγουν
1665 3950 1882 4011 κανόνες

245 4039 391 4117 παρὰ
422 4035 710 4114 βασιλέων,
768 4038 857 4092 καὶ
904 4037 1070 4114 ἁγίων
1130 4039 1376 4116 Πατέρων
1434 4037 1731 4102 ἐκτεθέντες
1788 4038 1884 4095 καῖ

242 4126 625 4208 στηριχθέιτες
685 4126 755 4187 ὠς
819 4129 869 4182 αἱ
927 4130 1069 4183 θεῖαι
1128 4129 1327 4206 Γραφαὶ
1383 4126 1654 4207 δέχονται.
1705 4131 1765 4187 Οἱ
1828 4126 1882 4184 δὲ

1970 3327 2328 3397 praesentem
2356 3317 2815 3396 novel!am,quaz
2834 3334 2953 3375 non
2979 3314 3157 3375 modo
3176 3334 3206 3376 δ
3225 3326 3452 3395 septem
3478 3332 3612 3376 san-

1967 3408 2078 3467 ctis
2108 3405 2384 3468 conciliis
2432 3407 2836 3487 promulgatos
2868 3422 3154 3477 canones,
3188 3422 3393 3466 verum
3427 3404 3608 3467 etiam

1966 3495 2067 3575 qui
2098 3495 2169 3556 ab
2204 3495 2319 3556 illis
2351 3493 2685 3557 conﬁrmati
2718 3501 2859 3555 sunt
2908 3493 3384 3573 (provincialium
3412 3494 3610 3555 conci-

1967 3584 2184 3646 liurum
2208 3603 2471 3646 canones
2504 3583 2742 3664 nempe)
2771 3582 3018 3661 utleges
3049 3583 3249 3644 valere
3274 3582 3608 3661 dicit.Lege

1968 3675 2144 3736 etiam
2178 3674 2508 3735 secundum
2542 3691 2829 3734 canonem
2863 3671 3016 3733 sexti
3074 3670 3314 3732 concilii
3355 3671 3454 3752 qui
3487 3689 3608 3732 non

1968 3764 2161 3825 solum
2181 3763 2563 3843 provincialia
2586 3761 2975 3835 concilia,sed
3004 3761 3185 3823 etiam
3208 3758 3463 3821 aliorum
3480 3779 3611 3823 san-

1968 3862 2195 3915 ctorum
2214 3850 3129 3933 scriptaconﬁrmat.Notaigitur
3151 3858 3504 3931 praesentem
3522 3851 3609 3912 in-

1968 3944 2487 4024 terpretationem,
2521 3960 2776 4023 eamque
2801 3942 2858 4002 in
2884 3940 3175 4001 memoria
3198 3939 3427 4001 habens
3459 3939 3555 4001 dic
3590 3962 3603 3999 :

1966 4052 2227 4095 canones
2252 4033 2495 4112 majoris
2516 4031 2894 4094 auctoritatis
2919 4048 3075 4105 esse,
3102 4047 3275 4109 quam
3307 4028 3608 4109 legesllli

1968 4123 2128 4184 enim
2154 4139 2665 4200 canones,nempe
2687 4140 2821 4184 cum
2846 4119 2917 4181 ab
2942 4118 3408 4200 imperatoribus
3429 4129 3610 4199 atque

237 4220 393 4292 νόμδι
441 4219 581 4294 παρὰ
623 4214 887 4291 βασιλεων
918 4216 1080 4291 μόνον
1114 4215 1415 4295 ἐδέχθησαν
1447 4218 1482 4285 ἢ
1530 4217 1881 4285 συνετέθησαν

1981 4213 2187 4274 sanctis
2220 4212 2495 4273 Patribus
2527 4210 2889 4291 promulgati
2922 4210 3333 4271 contirmative
3364 4208 3506 4281 sint,
3544 4218 3612 4270 ut

237 4308 325 4364 καὶ
367 4305 453 4362 διὰ
522 4314 678 4362 τοῦτο
742 4308 802 4362 οὗ
862 4307 1244 4385 κατισχύσουσι
1301 4308 1405 4363 τῶν
1464 4307 1615 4363 θείων
1664 4314 1883 4387 Γραφῶν

238 4395 356 4453 οὒδὲ
389 4402 493 4452 τῶν
524 4397 787 4457 κανόνων,

1965 4321 2151 4363 sacra:
2183 4302 2508 4381 Scriptura:
2538 4300 2989 4381 suscipiuntur:
3027 4299 3189 4378 leges
3227 4317 3365 4359 vero
3398 4317 3431 4359 a
3463 4297 3609 4359 solis

1967 4391 2431 4473 imperatoribus
2451 4400 2747 4472 susceptae
2769 4398 2929 4462 sunt,
2955 4398 3131 4470 atque
3165 4388 3391 4450 idcirco
3423 4387 3611 4449 sacris

1966 4479 2297 4562 Scripturis
2330 4481 2453 4543 sive
2481 4479 2811 4543 canonibus
2844 4498 2964 4541 non
2997 4477 3425 4557 praevalebunt.

319 4579 574 4633 ΚΕΦΑΛ.
622 4573 711 4632 Γ¹.
760 4607 831 4618 --
878 4575 1004 4653 Περὶ
1046 4583 1141 4632 τοῦ
1198 4573 1552 4654 φυλάττεσθαι
1599 4577 1657 4631 τὸ
1709 4576 1877 4655 ἄγρα-

2048 4570 2296 4635 CAPUT
2348 4570 2444 4634 lll.
2511 4605 2584 4615 —-
2648 4568 2720 4632 Ut
2770 4567 3141 4631 consuetudo
3198 4566 3609 4629 ecclesiastica

238 4686 332 4742 φον
387 4661 841 4730 ἐκκλησιαστικὸν
900 4662 1015 4725 ἔθος
1095 4664 1169 4725 ὠς
1242 4663 1427 4738 νόμον,
1494 4664 1589 4720 καῖ
1644 4664 1723 4722 ὅτι
1784 4668 1875 4723 οὒκ

1981 4681 2081 4725 wn
2139 4663 2366 4741 scripta
2425 4667 2728 4732 servetur,
2764 4666 2829 4720 ut
2885 4661 3005 4719 (ex.
3061 4656 3141 4718 Et
3176 4656 3340 4735 quod
3374 4670 3611 4716 necesse

238 4752 442 4832 ἔχομεν
523 4752 763 4830 ἀνάγκην
859 4751 1140 4830 φυλάττειν
1236 4753 1302 4808 τὰ
1399 4761 1490 4810 τοῦ
1587 4761 1878 4811 Μωσαῖκοῦ

1984 4771 2084 4815 ton
2116 4753 2194 4815 sit
2228 4768 2473 4813 scrvare
2504 4748 2659 4829 leges
2688 4749 3015 4813 Mosaicae.

241 4865 406 4917 νομου
415 4889 430 4903 .

325 4929 556 4989 Συνόδου
585 4931 664 5006 ς’
688 4934 861 4989 κανὼν
894 4930 1297 4996 πα’,Βασίλειος
1330 4931 1434 4989 ὰπὸ
1463 4939 1561 5001 τῆς
1594 4936 1724 5011 πρὸς
1762 4934 1879 4991 Διός

243 5018 408 5100 δωρον
454 5022 771 5096 ἐπιστολῆς,
815 5022 902 5079 καὶ
956 5021 1015 5077 ἐκ
1046 5028 1139 5078 τοῦ
1167 5018 1273 5095 κζ’,
1311 5023 1395 5078 καὶ
1425 5022 1485 5079 ἐκ
1514 5031 1604 5080 τοῦ
1636 5022 1716 5081 κθ’
1759 5046 1882 5103 κεγ.

244 5117 349 5168 τῶν
422 5114 552 5186 πρὸς
614 5110 975 5193 Ἀμφιλόχιον
1048 5110 1347 5168 ἐπιστολῶν
1409 5115 1526 5191 περὶ
1583 5114 1675 5171 τοῦ
1735 5115 1886 5193 ἁγίου

248 5206 288 5255 1]
303 5203 550 5276 νεύματος
563 5249 578 5264 .

192 5348 199 5351 _
328 5289 604 5363 Κείμενον.
644 5289 740 5347 Καὶ
772 5288 857 5346 ἐπὶ
890 5296 982 5346 τοῦ
1028 5286 1311 5345 πολιτικοῦ
1356 5286 1544 5365 νόμου,
1607 5312 1661 5350 κ.
1724 5312 1778 5354 τ,
1825 5290 1879 5353 λ.

246 5394 433 5457 usque
462 5378 535 5440 ad
570 5380 667 5446 τὴν
704 5377 1011 5446 συνήθειαν.

329 5468 584 5548 Σχόλιον.
632 5470 702 5525 Τὸ
745 5466 791 5523 δ’
815 5466 1083 5546 διάταγμα
1124 5476 1219 5527 τοῦ
1247 5468 1298 5548 γ’
1344 5469 1445 5529 τίτ.
1478 5475 1571 5524 τοῦ
1602 5468 1654 5523 α’
1686 5467 1884 5544 βιϐλίου

248 5555 351 5611 τῶν
399 5557 696 5623 Διατάξεών
758 5557 867 5613 ἐστι
914 5555 1115 5633 βιὸλίον
1172 5565 1276 5615 τῶν
1324 5557 1621 5615 Βασιλικῶν
1654 5556 1730 5637 β’,
1778 5559 1879 5617 τίτ.

254 5643 323 5720 α’,
358 5667 477 5726 κεφ.
515 5644 633 5724 μα’,
670 5645 807 5706 οὕτω
840 5646 1018 5725 λεγον*
1057 5649 1178 5733 Περὶ
1215 5651 1289 5708 ὧν
1322 5647 1583 5729 ἔγγραφος
1617 5651 1677 5709 οὗ
1704 5660 1881 5707 κεῖται

2047 4929 2295 4993 Concilii
2329 4926 2480 4990 sexti
2503 4944 2692 4987 canon
2725 4925 2826 4997 81,
2860 4921 3113 4985 Basilius
3144 4938 3212 4981 ex
3256 4918 3509 4998 epistola
3535 4917 3608 4979 ad

1971 5021 2297 5083 Diodorum
2351 5027 2407 5079 et
2467 5036 2535 5078 ex
2594 5034 2727 5095 cap.
2787 5015 2859 5076 27
2917 5010 3079 5072 οιΞο
3113 5008 3502 5090 epistolarum
3534 5007 3609 5069 ad

1966 5108 2481 5190 Amphilochium,
2507 5106 2581 5167 de
2613 5104 2833 5185 Spiritu
2868 5111 3102 5165 sancto.

2053 5287 2377 5350 TextusEt
2411 5286 2627 5365 injure
2648 5282 2806 5345 civili
2830 5279 3203 5344 consuetudo
3236 5286 3608 5359 etc.,usque,‘

1968 5378 2049 5439 ad
2079 5376 2574 5438 consuetudinem
2610 5371 3108 5451 transgredimur,
3143 5376 3208 5431 ut
3235 5386 3385 5448 pag.
3419 5368 3559 5432 466.

2049 5468 2388 5528 Scholium.
2427 5463 2729 5544 Digestum
2761 5465 2823 5535 4,
2863 5465 2954 5525 tit.
2981 5464 3041 5536 3,
3079 5458 3229 5522 lib.1
3265 5458 3492 5537 Digest.
3525 5465 3617 5519 est

1970 5557 2076 5617 lib.
2116 5555 2294 5616 Basil.
2332 5555 2584 5629 11,tit.1,
2619 5571 2749 5633 cap.
2800 5550 3067 5632 4|,quod
3096 5549 3183 5609 sic
3205 5549 3328 5611 ait:
3362 5547 3449 5609 De
3478 5547 3613 5626 qui-

1972 5647 2081 5708 bus
2117 5645 2311 5707 causis
2341 5644 2501 5707 nulla
2534 5643 2757 5724 scripta
2789 5641 2879 5705 lex
2912 5647 3025 5717 est,
3059 5637 3351 5704 custodiri
3385 5642 3618 5721 oportet
