4090 6204
301 332 422 412 985

1290 342 1789 414 NOMOCANUN.
1845 377 1924 394 —
1971 343 2131 411 TIT.
2176 340 2414 413 I'CAP.
2461 348 2568 430 1v,
2615 345 2691 414 v.

3558 338 3677 410 986

299 476 537 560 ὀφείλειν
625 474 722 547 τὴν
800 489 1033 556 γυναῖκα
1092 481 1184 536 τοῦ
1255 478 1686 560 Πυῤῥογεωργίου
1752 479 1941 538 ἱκείνοι

2038 479 2369 564 [plenique]
2385 480 2599 563 judicii
2630 486 2813 555 esset,
2843 485 2910 542 ut
2927 496 3060 560 quas
3078 477 3259 541 etiam
3282 476 3677 560 quadraginta

301 570 621 628 ἀπεντεῦθιν
679 564 1019 647 ἀποωρῆναι
1063 567 1149 626 διὰ
1190 570 1253 626 τὸ
1308 573 1451 626 εἶναι
1521 569 1688 638 αὐτὴν
1745 572 1951 649 φρονή-

2035 588 2231 632 annos
2252 571 2530 634 haberet:
2556 590 2624 633 ac
2652 589 2793 633 vero
2813 569 2974 632 nulla
3000 569 3097 631 lex
3116 572 3338 651 scripta
3368 568 3446 631 de
3468 569 3672 633 trime-

301 681 475 735 ματος
520 659 737 734 στερεοῦ
793 659 867 719 ὡς
913 658 1002 715 καὶ
1033 659 1437 737 τεσσαράκοντα
1486 657 1584 726 ἔτη
1627 659 1810 734 οὖσαν,
1873 659 1941 736 μὴ

2034 659 2139 723 stri
2165 660 2332 743 [isto]
2355 671 2580 740 ageret:
2608 679 2642 722 a
2662 660 2787 723 Deo
2807 669 3124 723 coronatus
3145 658 3410 740 optimus
3439 666 3497 720 et
3528 677 3672 721 san-

302 749 449 820 εἶναι
507 746 563 804 δὲ
607 749 772 823 νόμον
826 745 1098 827 ἔγγραφον
1154 748 1316 828 χάριν
1355 755 1449 806 τοῦ
1472 751 1736 825 τριμήνου
1767 752 1796 807 ὁ
1824 752 1950 807 θεο-

303 838 530 919 στεφὴς,
592 838 901 918 κράτιστος,
947 840 1034 894 καὶ
1101 837 1256 916 ἅγιος
1326 840 1481 913 ἡμῶν
1538 838 1796 914 βασιλεὺς
1851 839 1948 905 τήν

302 928 514 1006 μακρὰν
571 927 856 995 συνήθειαν
905 931 1236 1003 κυρωθεῖσαν
1302 930 1377 992 ὡς
1422 926 1638 1006 εἴρηται
1679 928 1794 986 ἀντὶ
1851 928 1947 985 νό-

301 1039 407 1093 μου
475 1016 745 1095 ἐγγράφου
800 1014 1038 1094 ἐδέξατο,
1101 1019 1187 1076 οιαὶ
1268 1017 1613 1093 σημειιῖῳατι
1674 1016 1950 1095 ἐστήριξεν

298 1106 443 1165 ὥστε
485 1106 610 1163 τότε
653 1105 888 1187 ἄγραφος
961 1107 1210 1177 συνήθεια
1278 1104 1660 1186 παραϐαίνεται
1718 1109 1815 1165 τοῦ
1867 1106 1947 1163 δι-

301 1197 453 1253 καίου
495 1196 879 1269 ἀπαντουντος,
916 1195 1081 1273 ἤγουν
1129 1198 1314 1254 αἰτιῶν
1365 1196 1732 1275 προκειμένων
1786 1195 1946 1257 εὐλό-

301 1307 414 1364 γων
472 1284 562 1342 ὅτε
616 1286 694 1361 μὴ
745 1283 1040 1355 ἐϐεϐαιώθη
1077 1284 1163 1342 διὰ
1206 1285 1522 1353 δικαστικῆς
1580 1284 1943 1365 διαγνώσεως.

302 1371 465 1432 Είδον
506 1374 608 1452 γὰρ
651 1374 740 1431 καὶ
796 1373 1035 1455 ἄγραφον
1089 1377 1371 1446 συνήθειαν
1401 1377 1481 1452 μή
1512 1374 1651 1434 οὕτω
1678 1380 1944 1455 κυρωθεῖ-

299 1485 398 1520 σαν
455 1463 832 1531 ἀθετηθετσαν.
921 1465 1209 1532 Συνηθείας
1286 1465 1387 1543 γάρ
1444 1464 1605 1533 οὔσης
1660 1466 1781 1529 τοὺς
1839 1466 1948 1524 ἀπὸ

300 1552 488 1632 ἱερέων
513 1553 737 1618 λα’ίκοὺς
770 1554 1132 1628 μονάσαντας,
1165 1558 1254 1611 καὶ
1295 1552 1451 1619 ὄντας
1481 1554 1741 1633 πρότερον
1772 1577 1944 1614 κατα-

299 1642 732 1721 γεγραμμένους,
794 1644 870 1709 εἰς
926 1641 1197 1709 διακονίας
1257 1644 1466 1723 ἱερέων,
1511 1646 1601 1702 καὶ
1665 1646 1801 1720 μετὰ
1852 1646 1945 1702 τὸν

2031 756 2164 812 ctus
2192 760 2396 812 noster
2423 750 2756 829 imperator
2785 751 3021 829 longam
3053 747 3580 821 consuetudinem,
3610 754 3676 810 ut

2032 837 2258 901 dictum
2289 841 2819 914 est,contirmatam
2841 856 2945 919 pro
2968 838 3191 920 scripta
3222 838 3356 915 lege
3384 836 3671 917 suscepit,

2030 936 2208 1009 atque
2238 936 2380 992 tunc
2410 928 2692 1006 aequitate
2720 927 3081 1008 postulante,
3116 931 3239 988 sive
3263 925 3445 1007 j‘ustis
3475 927 3677 988 causis

2033 1019 2372 1099 propositis,
2384 1036 2501 1081 non
2525 1018 2809 1098 scriptam
2824 1018 3322 1080 consuetudinem
3339 1015 3675 1095 transgredi

2032 1107 2544 1190 [licere],quando
2572 1106 2846 1187 iudiciali
2874 1107 3175 1170 sententia
3199 1124 3320 1169 non
3352 1117 3445 1167 est
3471 1123 3676 1168 corro-

2031 1195 2490 1277 borata,scripto
2521 1195 2924 1259 conﬁrmavit.
2956 1196 3105 1259 Novi
3135 1203 3334 1258 autem
3363 1213 3484 1256 non
3517 1199 3673 1257 scri-

2030 1293 2193 1366 ptam
2221 1285 2578 1366 [quamdam]
2594 1285 3258 1365 consuetudinem,qua3
3279 1284 3420 1366 quia
3443 1284 3526 1345 ita
3542 1302 3675 1345 cor-

2028 1373 2316 1437 roborata
2338 1394 2457 1437 non
2480 1377 2995 1456 esset,reprobata
3015 1377 3095 1455 [et
3115 1375 3374 1456 rejecta]
3399 1375 3669 1436 est.Cum

2028 1465 2189 1527 enim
2224 1464 2409 1526 moris
2461 1464 2695 1540 fuisset,
2728 1474 2791 1527 ut
2821 1467 2921 1546 qui
2952 1484 3021 1528 ex
3053 1465 3225 1526 laicis
3252 1462 3672 1539 sacerdotibus

2031 1553 2311 1616 monachi
2368 1552 2506 1616 facti
2555 1562 2784 1627 essent,
2823 1554 3108 1635 quoniam
3141 1555 3307 1636 prius
3338 1552 3672 1615 ministerio

2025 1643 2408 1705 sacerdotum
2461 1643 2707 1722 ascripti
2758 1644 3037 1718 fuissent,
3089 1653 3224 1725 post
3271 1642 3669 1723 [susceptam]

301 1731 508 1808 μονάδα
560 1734 678 1812 βίον
755 1737 834 1806 τῷ
910 1739 1017 1790 τῶν
1101 1731 1385 1792 διακονιῶν
1456 1733 1941 1812 συγκαταλέγεσθαι

2034 1731 2204 1794 vitam
2261 1732 2673 1794 monachicam
2728 1733 2790 1794 in
2841 1751 3093 1814 corpore
3128 1735 3208 1811 [et
3236 1732 3518 1811 collegio]
3558 1731 3670 1791 mi-

302 1826 537 1898 σώματι,
598 1824 686 1881 καὶ
725 1822 863 1897 μετὰ
922 1821 1133 1880 λα’ίκῶν
1197 1824 1380 1903 ἱερέων
1436 1825 1941 1902 συναναστρέφεσθαι

2034 1821 2415 1884 nisteriorum
2451 1829 2945 1899 recenserentur,
2981 1832 3039 1884 et
3093 1840 3226 1884 cum
3257 1820 3674 1884 sacerdotibus
3756 1856 3763 1861 ι
3802 1876 3809 1887 ,

300 1914 329 1969 ὁ
370 1911 777 1991 παναγιῶτατος
834 1914 992 1988 ἡμῶν
1034 1911 1302 1981 δεσπότης
1352 1914 1528 1992 κύριος
1562 1913 1813 1994 Μιχαὴλ,
1846 1913 1941 1981 τὴν

2034 1912 2197 1975 laicis
2228 1922 2735 1974 conversarentur
2770 1933 2785 1974 :
2842 1911 3437 1974 sacrosanctissimus
3466 1919 3672 1972 noster

297 2002 508 2079 μακρὰν
536 2003 791 2069 τοιαύτην
822 2002 1110 2072 συνήθειαν
1162 2004 1236 2067 ὡς
1282 2000 1431 2061 οὐδὲν
1490 2001 1796 2081 ἐλογίσατο,
1856 2002 1941 2059 καὶ

2034 2004 2098 2061 D.
2134 2001 2387 2064 Michael
2424 2003 2577 2063 hanc
2609 2002 2847 2081 longam
2897 2001 3398 2065 consuetudinem
3433 2019 3539 2081 pro
3570 2000 3668 2061 ni—
3776 2068 3785 2071 _

299 2088 581 2165 διωρίσατο
638 2090 745 2147 ἀπὸ
801 2090 980 2165 μόνων
1039 2089 1249 2148 λα’ίκῶν
1292 2091 1476 2170 ἱερέων
1518 2092 1614 2155 τὰς
1672 2089 1941 2154 διακονίας

2034 2090 2147 2153 hilo
2177 2092 2495 2166 reputavit,
2529 2110 2600 2154 ac
2638 2093 2835 2172 [vero]
2870 2092 3233 2165 decrevit,ut
3261 2109 3338 2152 ex
3367 2090 3539 2152 laicis
3566 2107 3665 2150 sa-

298 2179 661 2259 συνίστασθαι,
715 2180 805 2236 καὶ
850 2180 973 2244 τοὺς
1018 2182 1295 2260 μοναχοὺς
1355 2182 1499 2259 παρὰ
1541 2194 1667 2247 ταῖς
1720 2184 1939 2244 οἰκείαις

2034 2179 2370 2242 cerdotibus
2399 2180 2591 2242 solum
2627 2180 2963 2242 ministeria
2991 2179 3679 2251 constituerentur,mo-‘

307 2266 676 2348 προσεδρεύειν
758 2281 982 2343 μοναϊς.
1061 2272 1347 2337 Συνηθείας
1405 2269 1568 2338 οὔσης
1623 2272 1746 2335 τοὺς
1803 2269 1945 2327 Ἰου-

310 2356 487 2422 δαίους
544 2356 847 2429 δικάζεσθαι
881 2359 1025 2436 παρὰ
1058 2360 1207 2435 νόμῳ
1230 2366 1310 2433 τῷ
1347 2382 1549 2438 στρατη
1567 2367 1633 2437 (ᾧ
1683 2369 1777 2419 τοῦ
1815 2377 1945 2416 στε-

220 2512 231 2517 _
309 2455 425 2527 νοῦ,
462 2450 490 2504 ὁ
550 2450 803 2525 κραταιὸς
857 2450 945 2506 καὶ
996 2448 1151 2527 ἅγιος
1195 2450 1351 2524 ἡμῶν
1390 2449 1636 2525 βασιλεὺς
1666 2448 1947 2527 διωρίσατο

308 2538 453 2614 παρὰ
485 2538 681 2602 παντὸς
712 2536 1051 2611 δικαστηρίου
1082 2540 1220 2595 κατὰ
1266 2539 1460 2615 νόμους
1520 2548 1736 2606 τούτους
1792 2540 1943 2598 δικά-

302 2631 505 2699 ζεσθαι.
542 2629 641 2686 Καὶ
688 2629 724 2697 ἡ
770 2629 1020 2698 συνήθεια
1077 2626 1330 2706 ἐλογίσθη
1360 2630 1484 2687 ὡσεὶ
1518 2628 1666 2687 οῦδὲν
1698 2630 1775 2705 μὴ
1806 2652 1943 2698 στη-

301 2720 552 2794 ριχθεϊσα
587 2717 856 2792 νομίμως.

379 2898 693 2969 Σημείωσαι
751 2895 852 2962 τὴν
912 2898 1181 2974 παροῦσαν
1217 2897 1502 2974 ἑρμηνείαν
1555 2894 1716 2976 χάριν
1766 2894 1939 2975 ἀγρά-

295 3008 396 3056 φου
465 2985 744 3052 συνηθείας
802 2987 877 3050 ὡς
935 2986 1368 3063 ἀναγκαιοτάτην
1432 2985 1696 3065 διαφόρων
1759 2987 1938 3060 νόμων

2030 2269 2206 2330 nachi
2263 2280 2460 2332 autem
2516 2272 2575 2332 in
2633 2270 2980 2333 recessibus
3027 2269 3155 2332 suis
3187 2267 3409 2331 assidui
3441 2275 3668 2330 essent.

2030 2357 2176 2421 Cum
2196 2359 2403 2438 {iteml
2465 2360 2650 2422 moris
2707 2369 2889 2434 esset,
2953 2368 3014 2421 ut
3065 2358 3259 2422 Judaei
3301 2375 3503 2420 coram
3537 2357 3668 2448 so'lo

2030 2449 2378 2529 angiportus
2437 2449 2715 2528 praefecto
2756 2449 3060 2529 litigarent
3108 2467 3123 2512 :
3188 2448 3451 2528 optimus
3482 2457 3668 2525 atque

2028 2546 2274 2601 sanctus
2298 2547 2504 2600 noster
2534 2539 2869 2618 imperator
2917 2540 3144 2619 statuit,
3200 2544 3265 2599 ut
3291 2554 3493 2599 coram
3525 2554 3674 2614 quo-

2026 2646 2266 2709 cunque
2288 2628 2579 2691 tribunali
2602 2629 2934 2691 secundum
2967 2629 3131 2706 leges
3162 2644 3373 2690 causas
3397 2634 3664 2706 agerent.

2025 2718 2109 2779 Ac
2141 2718 2518 2781 consuetudo
2550 2718 2843 2800 [quidem]
2882 2738 2986 2799 pro
3022 2716 3208 2780 nihilo
3241 2717 3440 2780 habita
3469 2725 3581 2797 est,
3608 2723 3672 2776 ut

2024 2825 2156 2888 quae
2188 2807 2454 2887 legitime
2488 2827 2604 2869 non
2636 2808 2850 2871 fuisset
2878 2808 3255 2871 conﬁrmata.

2102 2895 2293 2958 Aliud
2322 2896 2637 2961 scholium.
2696 2897 2842 2961 Cum
2905 2899 3107 2959 multa;
3156 2897 3321 2976 leges
3363 2894 3437 2957 de
3491 2897 3665 2974 longa

2021 2987 2458 3049 consuetudine
2490 2987 2899 3066 praescribant.
2935 2997 2993 3049 et
3023 2987 3138 3049 sibi
3175 2986 3432 3047 invicem
3455 2984 3662 3046 adver-

293 3077 418 3155 περὶ
474 3082 683 3154 μακρᾶς
742 3077 1018 3143 συνηθείας
1083 3075 1404 3152 νομοθετοόν
1460 3098 1590 3156 των,
1637 3077 1724 3133 καὶ
1780 3076 1937 3132 ἐναν-

2034 3084 2251 3148 tentur,
2283 3075 2443 3157 quod
2475 3075 2605 3137 alite
2636 3076 2861 3147 dicant,
2898 3076 3131 3154 longam
3164 3074 3661 3139 consuetudinem
3734 3138 3741 3147 ,

295 3164 592 3240 τιουμένων
621 3163 879 3233 ἀλλήλοις
910 3166 984 3228 ὡς
1032 3170 1140 3221 τῶν
1172 3164 1270 3239 μὲν
1300 3163 1571 3242 λεγόντων
1600 3166 1698 3233 τὴν
1732 3165 1938 3243 μακρὰν

2034 3165 2311 3245 [tametsi]
2345 3166 2404 3226 in
2424 3166 2678 3246 judiciis
2708 3167 3147 3243 confirmatam,
3181 3177 3318 3229 esse
3350 3166 3662 3238 irritam,si

297 3255 578 3323 συνήθειαν
630 3253 687 3310 ἐν
717 3252 1045 3332 δικαστηρίῳ
1094 3257 1483 3333 στηριχθετσαν
1543 3251 1736 3332 ἄκυρον
1794 3257 1935 3311 εἶναι

298 3344 389 3401 ὅτε
434 3344 581 3421 νόμῳ
610 3344 942 3401 ἐναντιοῦται
973 3343 1246 3423 ἐγγράφω,
1306 3348 1411 3399 τῶν
1457 3341 1512 3399 δὲ
1573 3341 1937 3419 παρακελευο-

300 3432 474 3510 μένων
507 3434 711 3500 ταύτην
759 3446 984 3509 κρατεῖν
1032 3433 1132 3490 κᾶν
1190 3431 1441 3512 ἐγγράφῳ
1497 3431 1824 3490 ἐναντιοῦται
1881 3434 1942 3489 τὸ

301 3526 471 3603 παρὸν
522 3523 679 3581 ἕκτον
739 3522 877 3598 θέμα
923 3532 1017 3582 τοῦ
1060 3522 1159 3597 μη⁹
1203 3544 1325 3601 κεφ.
1372 3531 1467 3581 τοῦ
1504 3520 1555 3577 α’
1587 3522 1691 3579 τίτ.
1741 3528 1834 3578 τοῦ
1889 3522 1940 3599 β’

299 3611 507 3691 βιϐλίου
535 3619 643 3670 τῶν
688 3612 986 3669 Βασιλικῶν
1032 3611 1145 3668 λύει
1197 3611 1293 3679 τὴν
1328 3610 1779 3691 ἑναντιοφάνειαν,
1813 3613 1942 3691 φησὶ

300 3703 398 3782 γὰρ
442 3703 542 3769 τὴν
601 3700 744 3758 θέσιν
803 3707 895 3757 τοῦ
952 3701 1117 3776 νόμου
1164 3700 1400 3780 ἄγραφον
1447 3700 1591 3756 εἶναι
1624 3701 1711 3756 καὶ
1744 3699 1941 3777 ἔγγρα-

298 3814 421 3872 φον,
477 3791 737 3856 ὡσαύτως
781 3792 869 3847 καὶ
914 3792 1009 3859 τὴν
1056 3790 1323 3869 ἀναίρεσιν
1361 3794 1456 3847 καὶ
1516 3792 1615 3857 τὴν
1659 3789 1758 3865 μὲν
1800 3790 1942 3847 θέσιν

294 3881 380 3937 διὰ
463 3880 559 3947 τῆς
641 3881 745 3936 ὑπο
828 3879 1068 3959 ἀγράφου
1139 3879 1418 3946 συνηθείας
1498 3878 1799 3958 ἀχρηστίας
1868 3881 1940 3945 ὡς

288 3968 527 4048 ἐπιϐαρῆ
584 3982 703 4031 τοῖς
749 3970 1014 4035 ὑπηκόοις
1066 3969 1399 4047 ἀναιρεῖσθαι
1432 3967 1517 4026 διὰ
1542 3969 1604 4025 τὸ
1634 3967 1936 4049 φιλανθρω-

284 4083 413 4139 πον,
457 4060 558 4127 τὴν
596 4057 651 4114 δὲ
696 4057 964 4137 ἀναίρεσιν
1020 4057 1107 4117 διὰ
1169 4057 1448 4126 συνηθείας
1502 4056 1623 4125 ἤτοι
1698 4057 1937 4137 ἀγράφου

287 4150 452 4224 νόμου
506 4151 585 4225 μὴ
660 4150 984 4223 ἀπρακτεῖν,
1046 4150 1131 4205 διὰ
1204 4150 1266 4204 τὸ
1323 4147 1688 4205 ἐναντιοῦσθαι
1741 4148 1937 4227 φιλαν-

281 4240 479 4314 θρώπῳ
531 4239 681 4313 νόμῳ
738 4236 879 4295 οὕτω
944 4237 1102 4295 λύσον
1167 4237 1265 4303 τὴν
1326 4237 1759 4318 ἐναντιοφανειαν
1803 4238 1936 4294 ἁκο-

289 4328 490 4393 λούθως
550 4333 628 4401 τῷ
687 4325 1026 4404 διαλεχθέντι
1089 4326 1387 4407 κεφαλαίῳ,
1435 4334 1504 4404 τῇ
1560 4328 1817 4404 ἑρμηνείᾳ
1848 4335 1940 4384 τοῦ

294 4419 588 4497 Στεφάνου,
640 4418 729 4474 καὶ
791 4423 864 4487 τῷ
914 4418 1063 4492 νόμῳ
1110 4424 1187 4491 τῷ
1217 4415 1454 4496 λέγοντι,
1488 4419 1619 4495 πρὸς
1649 4418 1711 4472 τὸ
1741 4416 1938 4496 φιλαν-

289 4509 624 4586 θρωπότερον
681 4508 807 4571 τοὺς
851 4507 1045 4582 νόμους
1102 4507 1509 4585 ἑρμηνεύεσθαι.
1574 4507 1696 4583 Περὶ
1728 4506 1936 4573 ἐκείνης

2022 3260 2261 3332 scriptae
2290 3255 2406 3333 legi
2459 3266 2790 3336 repugnet;
2841 3257 2972 3319 alia:
3032 3275 3172 3319 vero
3204 3256 3390 3330 illam,
3427 3255 3663 3317 etiamsi

2024 3343 2266 3423 scriptae
2294 3344 2413 3423 legi
2445 3356 2767 3425 repugnet,
2825 3348 3026 3408 valere
3071 3348 3365 3427 jubeant;
3399 3361 3663 3423 praesens

2023 3432 2060 3493 6
2093 3432 2315 3509 thema,
2351 3452 2484 3513 cap.
2515 3433 2616 3509 42,
2651 3435 2737 3496 tit.
2782 3437 2835 3510 1,
2873 3436 2978 3499 lib.
3014 3453 3055 3497 ιι
3111 3436 3293 3500 Basil.
3329 3434 3503 3496 solvit
3529 3452 3664 3514 qua:

2025 3521 2118 3582 his
2150 3528 2353 3585 inesse
2383 3522 2622 3585 videtur
2647 3525 3134 3587 contrarietatem
3174 3547 3187 3588 :
3224 3525 3362 3586 latio
3396 3522 3665 3600 legis,in-

2025 3610 2261 3692 quiens,
2296 3620 2396 3673 aut
2422 3612 2484 3674 in
2515 3612 2737 3694 scripta
2769 3614 3050 3690 refertur,
3086 3624 3185 3677 aut
3214 3632 3333 3675 non
3366 3610 3658 3679 refertur:

2029 3700 2155 3781 [sic]
2190 3701 2473 3763 similiter
2526 3704 2697 3782 [ejus]
2725 3702 3057 3780 abrogatio.
3094 3705 3168 3766 Et
3200 3701 3490 3781 legislatio
3522 3700 3661 3780 qui-

2024 3791 2185 3866 dem,
2220 3792 2267 3853 si
2297 3792 2495 3870 gravis
2527 3791 2781 3855 subditis
2826 3794 2927 3874 sit,
2981 3792 3370 3856 humanitatis
3396 3798 3665 3853 contem-

2026 3879 2286 3958 platione
2319 3899 2426 3962 per
2459 3882 2923 3944 desuetudinem
2950 3902 2983 3944 a
3014 3903 3133 3944 non
3163 3883 3385 3962 scripta
3416 3899 3664 3942 consue-

2024 3967 2230 4030 tudine
2265 3969 2626 4050 abrogatur;
2689 3972 2993 4049 abrogatio
3024 3991 3165 4034 vero
3197 3990 3302 4052 per
3333 3977 3661 4033 consuetu-

2024 4057 2227 4120 dinem
2261 4079 2365 4123 seu
2398 4060 2593 4138 legem
2630 4082 2747 4124 non
2793 4062 3077 4142 scriptam
3129 4063 3319 4125 otiosa
3351 4061 3436 4142 [et
3461 4058 3659 4139 irrita]

2027 4166 2144 4209 non
2181 4149 2268 4223 lit,
2308 4160 2628 4231 prapterea
2661 4152 2818 4232 quod
2846 4151 3119 4232 benignas
3151 4151 3266 4230 legi
3288 4153 3654 4212 adversetur.

2024 4239 2258 4319 [Atque]
2290 4240 2378 4301 sic
2412 4241 2707 4319 [quidem]
2740 4251 3128 4323 apparentem
3167 4240 3248 4315 [in
3279 4240 3398 4312 his]
3432 4247 3665 4301 contra-

2022 4328 2296 4390 rietatcm
2333 4330 2519 4410 solve,
2564 4350 2826 4410 sequens
2859 4333 3218 4413 explicatum
3252 4339 3450 4411 caput,
3484 4330 3663 4391 inter-

2024 4419 2412 4497 pretationem
2445 4421 2483 4484 6
2516 4422 2701 4484 them.
2738 4432 2798 4483 et
2843 4422 3032 4502 legem
3063 4441 3195 4503 quae
3235 4420 3551 4497 benignius
3583 4420 3665 4481 le-

2021 4524 2126 4585 ges
2151 4506 2648 4588 interpretandas
2681 4529 2814 4572 esse
2845 4512 3138 4592 praecipit.
3189 4510 3275 4573 De
3331 4511 3432 4572 illa
3461 4518 3662 4571 autem

294 4596 479 4670 μέντοι
508 4597 606 4665 τῆς
639 4597 911 4660 συνηθείας
941 4594 1170 4653 ἐκϐαλοῦ
1202 4602 1364 4652 ταῦτα
1393 4595 1491 4664 τῆς
1522 4595 1574 4652 ἐν
1619 4594 1941 4675 δικαστηρίῳ

2034 4598 2465 4660 consuetudine
2497 4600 2623 4661 haec
2660 4600 2952 4680 intellige,
2987 4620 3117 4682 quae
3153 4600 3212 4661 in
3234 4599 3482 4680 jodiciis
3513 4617 3663 4663 con-

291 4685 680 4765 στηριχθείσης
692 4733 705 4746 .

375 4780 633 4837 ΚΕΦΑΛ.
681 4772 766 4836 Δ’.
816 4805 896 4818 -
933 4772 1057 4830 ’Ὅτι
1090 4772 1195 4853 οὖχ
1221 4773 1307 4854 ὑφ’
1346 4774 1462 4839 ἐνὸς
1494 4773 1789 4830 ἂπισκοπου
1820 4771 1938 4829 ἀλλ’

289 4864 393 4921 ὑπὸ
424 4867 522 4933 τῆς
553 4866 871 4931 κοινότητος
905 4864 948 4919 οἱ
980 4884 1201 4926 κανονες
1235 4862 1549 4922 ἐκτίθενται.

368 5040 647 5098 Βασιλείου
698 5043 877 5100 κανὼν
934 5042 1054 5119 περὶ
1110 5041 1173 5097 τὸ
1232 5039 1384 5106 τέλος
1442 5040 1529 5114 μζ’
1572 5058 1585 5074 '

284 5130 498 5198 Νύσσης
530 5131 648 5209 περὶ
677 5131 745 5187 τὰ
775 5131 915 5207 μέσα
946 5132 1123 5188 κανὼν
1154 5130 1262 5204 ς’.

372 5226 625 5283 ΚΕΦΑΛ,
665 5219 749 5283 Ε⁹.
802 5253 876 5267 -
916 5222 1042 5300 Περὶ
1097 5224 1450 5300 πατριαρχῶν
1506 5221 1595 5277 καὶ
1651 5243 1935 5300 μητροπο-

283 5308 475 5392 λιτῶν,
508 5311 598 5367 καὶ
630 5316 738 5367 τῶν
770 5309 826 5367 ἐν
855 5309 1087 5390 Ἀφρικῇ
1118 5309 1428 5389 Λεγομένων
1457 5308 1756 5387 πριϐάτων,

368 5398 721 5457 ’Λποστόλων
752 5401 931 5457 κανὼν
959 5398 1040 5457 λδ’
1077 5416 1091 5431 ⁸
1151 5397 1370 5456 συνοδου
1402 5401 1621 5463 Νικαίας
1656 5401 1831 5456 κανὼν
1860 5398 1932 5475 δ’,

282 5487 390 5563 ς’,
420 5487 468 5559 ζ’
503 5504 519 5519 ⁸
553 5487 775 5546 συνοδου
805 5488 1152 5569 Ἀντιοχείας
1184 5489 1361 5546 κανὼν
1392 5486 1440 5545 θ’
1478 5506 1491 5522 ’
1525 5488 1744 5546 συνοδου
1792 5500 1936 5549 Κων-

284 5576 784 5643 σταντινουπολεως
866 5580 1042 5636 κανὼν
1115 5577 1194 5658 β’,
1254 5577 1304 5656 γ’
1342 5597 1355 5611 °
1435 5577 1653 5635 συνοδου
1711 5577 1935 5659 Ἐφέσου

285 5668 463 5725 κανὼν
521 5668 600 5739 η’⁶
658 5666 879 5727 συνοδου
936 5667 1280 5739 Χαλκηδονος
1341 5669 1516 5728 κανὼν
1558 5672 1629 5749 θ’,
1678 5667 1766 5746 ιζ’,
1814 5670 1929 5738 κη’·

1643 5042 1937 5120 Γρηγορίου

2025 4684 2257 4748 ﬁrmata
2289 4697 2400 4750 est.

2104 4773 2272 4840 CAP.
2300 4778 2486 4839 lV.—
2521 4778 2695 4853 Quod
2724 4798 2849 4842 non
2881 4781 2955 4841 ab
2988 4798 3111 4842 uno
3154 4784 3448 4859 episcopo,
3483 4776 3587 4838 sed
3624 4794 3662 4837 a

2020 4868 2333 4929 communi
2359 4869 2772 4949 episcoporum
2804 4877 2957 4933 cwtu
2984 4886 3243 4931 canones
3280 4865 3665 4947 promulgen-

2020 4961 2144 5015 tur.

2102 5044 2303 5107 Basilii
2338 5065 2529 5109 canon
2563 5050 2664 5123 47,
2693 5048 2844 5115 citra
2873 5047 3077 5109 ﬁnem.
3114 5044 3385 5126 Gregorii
3411 5044 3664 5125 Nysseni

2023 5150 2215 5195 canon
2244 5136 2306 5209 6,
2335 5136 2496 5199 circa
2528 5137 2821 5200 medium.

2099 5222 2263 5287 CAP.
2297 5226 2371 5287 V.
2414 5254 2477 5273 -—
2510 5229 2598 5288 De
2624 5225 3027 5307 patriarchis,
3059 5225 3571 5308 metrOpolitanis,
3604 5236 3662 5289 et

2016 5314 2287 5392 privatis
2309 5316 2557 5394 Africae,
2586 5326 2655 5382 ut
2686 5326 3008 5379 vocantur.

2098 5404 2525 5482 Apostolorum
2551 5424 2739 5469 canon
2759 5404 3110 5486 34,concilii
3134 5404 3359 5468 Nicaeni
3381 5424 3573 5468 canon
3595 5406 3659 5481 4,

2017 5491 2080 5571 6,
2118 5493 2425 5556 7.concilii
2448 5495 2814 5558 Antiocheni
2839 5513 3033 5558 canon
3055 5496 3157 5574 59,
3192 5495 3434 5559 concilii
3464 5496 3658 5559 Cons-

2019 5581 2508 5663 tantinopolitani
2533 5603 2725 5647 canon
2741 5586 2870 5662 2,3;
2893 5584 3133 5647 concilii
3152 5584 3443 5667 Ephesini
3464 5603 3656 5648 canon

2018 5672 2077 5747 8;
2096 5668 2345 5737 Consilii
2370 5674 2887 5741 Chalcedonensis
2909 5695 3098 5741 canon
3122 5676 3185 5755 9,
3199 5679 3221 5738 l
3237 5677 3402 5757 7,29;
3418 5673 3659 5738 concilii
