4090 6204
502 281 617 361 987

1698 298 1966 366 ΡΗΟΤΙῙ
2008 296 2532 366 ΡΑΤΒῙΑΒΟΗᾹΞ
2574 296 2691 365 GP.

3774 294 3865 366 ιιι

505 429 889 519 sardicensis
911 450 1101 498 canon
1125 435 1187 517 3,
1220 436 1280 513 4,
1314 437 1350 501 5
1378 456 1394 515 ;
1425 435 1668 500 concilii
1698 437 2137 519 carthaginen-

2243 437 2440 496 ιὐνόδου
2472 436 2738 518 Σαρδικῆς
2769 436 2945 495 κανὼν
2972 434 3049 514 γ’,
3073 424 3147 513 δ’,
3170 434 3219 493 ι’
3235 459 3251 472 ·
3289 428 3534 519 συνόδου
3565 436 3870 519 βαρθαγένης

507 518 592 583 sis
621 540 812 585 canon
846 527 941 599 17,
974 525 1090 607 39;
1121 526 1361 590 concilii
1394 526 1544 590 sexti
1580 546 1774 591 canon
1804 527 1902 606 36,
1928 518 2037 592 39.

592 613 832 677 Tewtus.
866 614 950 677 De
984 616 1197 681 ordine
1231 618 1732 699 patriarcharum,
1769 628 1910 693 etc.,
1958 636 2146 699 usque

504 701 584 762 ad
613 703 949 781 provincias
984 705 1118 785 [sub
1151 710 1233 785 se]
1266 706 1508 778 habeat,
1542 717 1607 770 ut
1636 728 1783 787 pag.
1819 710 1961 773 475.

581 789 1141 857 Scholium.Const.
1168 796 1336 869 7,tit.
1366 799 1422 868 1,
1449 796 1557 861 lib.
1582 815 1600 861 ι
1624 798 1895 861 Cod.non
1923 809 2011 861 est
2035 817 2144 879 po-

505 879 617 942 sita
638 879 701 941 in
725 884 906 947 Basil.
932 885 1137 949 Const.
1163 905 1305 949 vero
1328 887 1392 968 6,
1418 887 1510 948 tit.
1535 893 1595 962 2,
1622 887 1894 966 ejusdem
1915 886 2020 950 lib.
2058 894 2148 950 est

506 987 637 1057 cap.
664 971 700 1034 6
726 973 814 1035 tit.
847 980 902 1055 1,
933 974 1570 1057 lib.v,Basil.dicitque
1593 976 1654 1037 in
1682 978 1841 1038 hunc
1866 977 2141 1040 modum:

506 1055 757 1149 Oportet
779 1062 915 1125 illos
937 1065 1041 1145 qui
1085 1066 1144 1126 in
1169 1065 1404 1147 Illyrico
1423 1055 1499 1128 de
1527 1065 1636 1149 [re]
1655 1067 1933 1147 quapiam
1960 1084 2146 1129 cauo-

507 1148 643 1211 nica
658 1154 1052 1230 quaestionem
1082 1163 1297 1231 movet,
1330 1154 1406 1217 de
1431 1173 1503 1218 ea
1524 1155 1596 1217 ad
1624 1148 2148 1236 archiepiscopum

508 1237 1235 1325 Constantinopolitanum
1251 1246 1507 1326 referre,
1524 1255 1583 1307 et
1603 1246 1676 1309 ab
1696 1245 1824 1326 ipso
1847 1245 1920 1307 ad
1942 1262 2148 1307 sacer-

508 1326 768 1415 dotalem
794 1343 1178 1410 conventum,
1213 1338 1313 1414 qui
1357 1344 1562 1398 sancto
1598 1335 1831 1415 judicio
1863 1343 1921 1396 et
1955 1334 2154 1397 divina

508 1414 641 1497 lege
663 1419 889 1503 [illam]
913 1424 1441 1504 dijudicet.Const.
1472 1425 1576 1498 20,
1609 1425 1786 1486 etiam
1816 1433 1875 1487 et
1893 1423 1971 1484 24
1994 1424 2153 1503 ejus-

509 1507 647 1570 dem
670 1511 826 1575 tit.et
849 1512 1163 1592 lib.posita
1186 1534 1302 1577 non
1329 1523 1420 1576 est
1442 1515 1501 1575 in
1526 1514 1708 1577 Basil.
1734 1513 1955 1577 Verum
1980 1531 2151 1574 cons-

511 1597 671 1675 tit.2,
701 1601 790 1665 tit.
834 1612 853 1663 1
880 1604 1263 1666 Novellarum
1292 1613 1381 1668 est
1403 1603 1724 1668 Justiniani
1756 1603 1988 1665 novella
2016 1601 2149 1677 123,

512 1685 629 1765 [ac]
665 1696 855 1769 posita
886 1697 1025 1768 [est]
1051 1695 1109 1755 in
1135 1694 1313 1759 lib.ul
1335 1694 1619 1757 Basil.tit.
1648 1696 1705 1768 1,
1730 1692 2041 1773 cap.9,qui
2064 1690 2151 1753 sic

2230 531 2403 586 κανὼν
2434 527 2524 603 ιζ’,
2555 513 2671 585 λθ¹⁶
2707 525 2927 588 συνόδου
2956 513 3037 602 ¹
3074 528 3255 585 κανὼν
3292 524 3403 599 λς·
3415 513 3450 598 ’,
3487 513 3598 585 λθ’.

2314 618 2592 692 Κείμενον,
2672 618 2797 695 Περὶ
2866 622 2965 685 τῆς
3037 616 3240 683 τάξεως
3329 616 3451 672 τῶν
3535 621 3874 696 πιπτριαρχιῖιν¹

2229 731 2283 770 κ.
2317 731 2368 771 τ,
2402 708 2457 769 λ.
2493 725 2684 789 usque
2713 706 2789 769 ad
2818 709 2905 764 καὶ
2934 707 3089 771 ποίας
3122 707 3415 785 ἐπαρχίας
3451 704 3605 783 ἔχει.

2312 781 2683 876 Σχόλιον.”Η
2735 796 2803 870 ζ’,
2854 795 3086 861 διάταξις
3129 781 3240 853 του⁷
3269 781 3349 851 ἀ’
3404 781 3524 854 τίτξ
3571 793 3667 850 τού
3712 781 3763 876 αι’
3808 794 3875 868 βι-

2229 873 2396 945 ϐλίου⁷
2419 891 2510 945 τοῦ
2539 887 2769 951 κώδικος
2798 891 2894 947 οὒκ
2942 886 3098 953 ἐτέθη
3148 888 3221 950 εἰς
3255 887 3334 943 τὰ
3397 882 3695 962 βασιλικά.
3741 873 3799 939 Ἠ
3835 882 3877 939 δὲ

2229 966 2311 1052 ς·⁹
2366 976 2598 1044 διάταξις
2655 984 2747 1034 τοῦ
2817 976 2872 1054 β’
2936 999 3044 1038 τιτ.
3104 983 3196 1034 τοῦ
3252 975 3441 1032 αὖτοῦ
3514 971 3725 1051 βιϐλίου
3790 971 3879 1028 ἔστι

2230 1088 2354 1147 κεφ.
2413 1067 2494 1141 ς“’
2552 1070 2644 1124 τοῦ
2686 1066 2741 1123 α’
2780 1068 2887 1128 τίτ.
2921 1073 3014 1123 τοῦ
3043 1065 3111 1126 ε’.
3145 1063 3367 1143 βιϐλίου
3418 1070 3534 1121 τῶν
3586 1061 3881 1136 Βασιλικῶν,

2231 1158 2320 1213 καί
2378 1179 2539 1237 φησιν
2600 1157 2738 1214 οὕτω
2773 1176 2788 1192 ο
2834 1165 2930 1213 Δεῖ
2990 1157 3106 1215 τοὺς
3153 1154 3206 1213 ἐν
3282 1162 3373 1228 τῷ
3445 1150 3741 1230 Ἰλλυρικῷ
3786 1151 3884 1226 περὶ

2233 1254 2512 1305 κανονικοῦ
2540 1269 2685 1311 τινος
2717 1248 2943 1317 ζήτησιν
2998 1244 3363 1320 ποιουμένους
3420 1243 3717 1321 ἀναφέρειν
3755 1247 3883 1297 τοῦτο

2234 1336 2321 1394 ἐπὶ
2404 1339 2496 1393 τὸν
2578 1337 3007 1417 ἀρχιεπίσκοπον
3092 1331 3762 1407 Κωνσταντινουπόλεως,
3818 1332 3885 1386 καὶ

2235 1425 2361 1503 παρ’
2395 1426 2556 1485 αὺτοῦ
2598 1432 2663 1502 τῇ
2692 1428 2938 1503 ἱερατικῇ
2982 1423 3183 1498 συνόδῳ
3228 1427 3326 1481 καὶ
3394 1423 3536 1500 ἁγίᾳ
3595 1422 3763 1499 κρίσει
3812 1421 3886 1475 καὶ

2233 1514 2356 1589 θείῳ
2386 1502 2758 1592 διακρίνεσθαι,
2790 1516 2858 1571 Ἣ
2909 1514 2965 1571 δὲ
3014 1514 3066 1571 κ’
3096 1515 3185 1571 καὶ
3215 1502 3305 1569 κδ’
3340 1512 3603 1578 διάταξις
3634 1512 3727 1568 τοῦ
3753 1511 3884 1592 αὗτοῦ

2234 1604 2338 1665 τίτ,
2388 1606 2476 1659 καὶ
2532 1601 2735 1679 βιϐλίου
2794 1602 2889 1659 οὒκ
2948 1603 3204 1670 ἐτέθησαν
3246 1605 3329 1667 εἰς
3382 1603 3458 1658 τὰ
3488 1598 3775 1657 Βασιλικᾶ.
3832 1589 3883 1653 (Η

2236 1691 2418 1765 μέντοι
2475 1692 2529 1769 β’
2558 1690 2789 1759 διάταξις
2842 1702 2935 1752 τοῦ
2967 1691 3015 1749 α’
3048 1693 3151 1753 τίτ.
3181 1699 3287 1749 τῶν
3332 1696 3574 1767 Νεαρῶν
3609 1689 3722 1745 ἐστι
3752 1685 3882 1763 νεαρὰ

513 1776 732 1843 habet:
758 1778 885 1843 Prae
909 1782 1188 1845 omnibus
1214 1792 1411 1845 autem
1450 1782 1598 1844 illud
1625 1770 1926 1845 custodiri
1948 1770 2148 1842 sanci-

2243 1779 2659 1844 ἰουστινιάνειος
2701 1770 2824 1860 ρκγ’
2863 1782 3088 1856 κειμένη
3133 1781 3187 1837 ἐν
3240 1779 3453 1858 βιϐλίῳ
3506 1777 3562 1857 γ’
3611 1783 3718 1833 τῶν
3746 1776 3881 1851 βασι-

514 1875 741 1941 mus,ut
763 1888 939 1932 nemo
963 1890 1068 1951 per
1086 1873 1467 1951 largitionem
1487 1873 1747 1946 auri,aut
1776 1871 2025 1932 aliarum
2045 1888 2150 1931 re-

511 1972 646 2016 rum
670 1956 982 2023 ordinetur
1006 1968 1326 2043 episcOpus
1356 1962 1417 2025 Si
1438 1961 1582 2042 quid
1608 1961 1721 2023 tale
1746 1960 2151 2038 delinquatur,

513 2051 635 2108 tam
656 2047 760 2125 qui
779 2048 1129 2132 dant,quam
1152 2053 1255 2133 qui
1272 2052 1661 2132 accipiunt,et
1682 2050 2041 2113 mediatores
2060 2068 2157 2110 eo-

514 2134 793 2216 rum,ipsi
813 2138 1045 2218 seipsos
1066 2140 1555 2203 condemnationi
1577 2139 1905 2201 secundum
1927 2137 2154 2198 divinas

513 2220 858 2304 Scripturas
881 2237 939 2290 et
962 2229 1194 2291 divinos
1217 2248 1479 2292 canones
1494 2228 1845 2307 subjiciunt.
1865 2228 1946 2288 Ac
1973 2244 2150 2305 prop-

515 2320 679 2375 terea
703 2322 818 2377 tam
844 2317 894 2379 is
914 2318 1018 2397 qui
1041 2318 1347 2396 dat,quam
1375 2317 1476 2399 qui
1500 2318 1740 2397 accipit,
1774 2326 1833 2378 et
1865 2315 2156 2378 mediator

515 2404 812 2467 exsisteus
830 2426 862 2469 a
879 2408 1216 2471 sacerdotio
1234 2418 1331 2471 aut
1351 2408 1613 2470 clericali
1635 2409 1863 2469 honore
1887 2423 2157 2467 remove-

516 2502 635 2554 tor.
667 2495 830 2567 Quod
855 2515 994 2558 vero
1019 2516 1125 2578 per
1147 2498 1299 2560 hanc
1324 2517 1561 2559 causam
1588 2497 1790 2559 datum
1830 2495 2034 2568 fuerit,
2069 2492 2157 2554 illi

514 2581 804 2656 Ecclesiae
827 2586 1358 2667 vindicator,cujus
1380 2586 1777 2649 sacerdotium
1794 2584 1978 2646 voluit
1999 2582 2159 2646 redi-

519 2688 706 2732 mere.
731 2673 791 2737 Si
829 2675 1166 2738 mundanus
1190 2677 1266 2738 sit
1289 2676 1390 2757 qui
1415 2694 1520 2755 per
1536 2676 1688 2736 hanc
1720 2693 1957 2736 causam
1996 2674 2155 2734 acci-

519 2759 627 2838 pit,
669 2771 769 2824 aut
800 2764 1095 2827 mediator
1124 2765 1182 2827 in
1218 2765 1459 2844 negotio
1491 2765 1680 2826 factus
1710 2771 1821 2837 est,
1851 2763 2016 2825 datas
2058 2779 2157 2823 res

517 2848 576 2910 in
607 2849 854 2931 duplum
885 2854 957 2914 ab
991 2873 1062 2915 eo
1091 2854 1255 2933 exigi
1281 2853 1567 2933 jubemus
1601 2850 1992 2914 vindicandas
2024 2852 2157 2928 [sci--

516 2936 686 3021 licet]
714 2940 1021 3007 Ecclesiae.
1057 2946 1190 3007 Non
1222 2944 1414 3006 solum
1445 2950 1645 3005 autem
1677 2961 1814 3020 quae
1842 2942 1956 3003 hoc
1981 2939 2156 3002 modo

518 3027 654 3090 data
683 3044 846 3109 sunt,
879 3033 1170 3096 vindicari
1204 3032 1584 3114 praecipimus
1619 3054 1632 3090 :
1667 3030 1772 3093 sed
1813 3030 1992 3092 etiam
2026 3048 2154 3091 om-

520 3134 657 3190 nem
692 3121 1030 3184 cautionem
1066 3141 1170 3203 pro
1204 3122 1314 3185 hoc
1346 3139 1705 3202 quocunque
1763 3119 1939 3183 modo
1970 3138 2156 3200 expo-

2235 1869 2398 1926 λικὼν
2445 1872 2547 1932 τίτ.
2599 1869 2674 1950 α’,
2710 1892 2833 1950 κεφ,
2863 1871 2937 1944 θ’,
2970 1870 3135 1935 ούτως
3171 1869 3365 1950 ἔχοντι
3405 1886 3420 1899 ⁸
3464 1870 3580 1946 [Ιρὸ
3611 1866 3665 1922 δὲ
3697 1866 3884 1921 πάντων

2236 1959 2413 2016 ἐκεῖνο
2449 1961 2764 2036 θεσπίζομεν
2821 1958 3160 2040 φυλαί-θῆναι
3219 1960 3314 2016 ῗια
3351 1956 3558 2035 μηδείς
3592 1955 3679 2013 διὰ
3708 1954 3880 2012 δοσεως

2238 2050 2457 2128 χρυσίου
2489 2050 2523 2117 ἢ
2557 2048 2733 2110 ἄλλων
2764 2051 3096 2127 πραγμάτων
3145 2050 3458 2111 ἐπίσκοπος
3514 2047 3879 2127 χειροτονηθῇ.

2241 2140 2296 2195 Εἰ
2358 2138 2411 2195 δέ
2468 2162 2516 2195 τι
2547 2146 2786 2197 τοιοῦτον
2817 2139 3151 2217 ἁμαρτηθείη
3196 2140 3352 2196 αὐτοί
3387 2138 3618 2197 ἑαυτοὺς
3653 2138 3700 2192 οἱ
3728 2131 3878 2189 διδον-

2236 2249 2321 2289 τες
2367 2232 2456 2285 καὶ
2502 2233 2549 2287 οἱ
2598 2227 2964 2304 λαμϐάνοντες
3015 2231 3103 2285 καὶ
3134 2231 3181 2286 οἱ
3212 2228 3377 2304 μέσοι
3413 2227 3603 2283 αὐτῶν
3635 2223 3769 2280 κατὰ
3805 2222 3881 2281 τὰς

2237 2317 2376 2383 θείας
2426 2320 2636 2399 Γραφὰς
2696 2321 2785 2374 καὶ
2851 2319 2973 2380 τοὺς
3045 2319 3213 2383 θείους
3279 2317 3528 2380 κανόνας
3596 2311 3877 2384 κατακρίσει

2237 2405 2629 2483 ὑποϐάλλουσι,
2676 2408 2772 2464 καῖ
2816 2404 2901 2463 διὰ
2944 2416 3098 2466 τοῦτο
3142 2407 3235 2463 καί
3282 2409 3308 2463 ὁ
3356 2404 3545 2468 διδοὺς
3581 2405 3668 2460 καὶ
3699 2404 3725 2457 ὁ
3755 2400 3877 2473 λαμ-

2239 2494 2411 2553 ϐὶνων
2455 2500 2543 2553 καὶ
2590 2499 2616 2553 ὁ
2664 2497 2828 2573 μέσος
2875 2496 3154 2575 γινόμενος
3201 2496 3299 2563 τῆς
3362 2494 3689 2572 ἱερωσύνης,
3738 2486 3874 2556 ita:

2240 2592 2333 2643 τοῦ
2391 2584 2593 2664 κλήρου
2636 2591 2799 2660 τιμῆς
2852 2585 3234 2649 ἀποκινείσθω,
3289 2586 3365 2643 Τὸ
3415 2582 3476 2640 δὲ
3523 2583 3657 2657 ὑπὲρ
3701 2579 3874 2642 ταύτης

2239 2673 2336 2741 τῆς
2380 2676 2549 2739 αἰτίας
2599 2673 2745 2731 δοθὲν
2811 2680 2880 2750 τῇ
2923 2673 3181 2746 ἐκκλησίᾳ
3229 2674 3416 2751 ἐκείνῃ
3479 2669 3783 2728 ἐκδικείσθω
3820 2665 3871 2732 ἧς

2239 2761 2506 2832 ἐϐουλήθη
2552 2765 2650 2832 τὴν
2693 2767 2987 2842 ἱερωσύνην
3031 2765 3367 2834 ὠνήσασθαι.
3440 2764 3503 2821 Εἰ
3549 2759 3607 2818 δὲ
3650 2761 3735 2815 καὶ
3790 2776 3870 2811 κο-

2238 2855 2430 2928 σμικὸς
2463 2852 2555 2920 εἴη
2588 2857 2614 2911 ὁ
2645 2856 2774 2933 ὑπὲρ
2833 2855 3030 2921 ταύτης
3090 2857 3189 2923 τῆς
3253 2853 3433 2918 αἰτίας
3483 2845 3869 2923 ὰντιλαμϐἰνων

2240 2942 2275 3011 ἢ
2346 2944 2509 3017 μέσος
2567 2950 2645 3018 τῷ
2702 2944 2979 3023 πράγματι
3032 2944 3340 3023 γινόμενος,
3423 2941 3494 3000 τᾶ
3551 2938 3760 2996 δοθέντα
3817 2934 3869 2990 τὰ

2240 3032 2532 3111 πράγματα
2589 3034 2642 3091 ἐν
2703 3032 2876 3108 διπλῷ
2939 3033 3098 3090 αὗτὺν
3168 3032 3527 3089 ἀπαιτεῖσθαι
3584 3025 3865 3100 κελεύομεν²

2277 3128 2302 3138 -ο

2243 3128 2309 3199 τῇ
2365 3122 2661 3197 Ἐκκλησία
2716 3120 3202 3198 ἒκδικηθησόμενα,
3250 3126 3311 3181 εὖ
3354 3121 3504 3196 μόνα
3549 3117 3605 3174 δὲ
3652 3118 3714 3173 τὰ
3753 3111 3867 3168 κατὰ

518 3206 722 3281 sitam,
757 3219 858 3271 aut
880 3200 1194 3293 pignorum
1220 3230 1287 3274 ac
1313 3200 1682 3292 ﬁdejussoris
1710 3208 2154 3289 obligationem;

2243 3214 2334 3269 τὸν
2391 3220 2577 3269 τοῦτον
2634 3210 2888 3289 δεδομένα
2932 3213 3132 3291 τρόπον
3175 3210 3512 3268 ἐιδικεῐσθαι
3557 3202 3865 3293 προστέττοῖ

514 3316 755 3360 omnem
791 3300 1052 3382 denique
1083 3302 1259 3363 aliam
1285 3319 1707 3382 quamcunque
1739 3299 2037 3362 actionem
2067 3318 2161 3360 va-

515 3404 658 3450 care
690 3390 1016 3455 sancimus.
1049 3392 1245 3472 Atque
1279 3391 1525 3469 insuper
1555 3390 1655 3471 qui
1700 3388 2158 3469 promissionem

513 3480 864 3556 acceptavit,
899 3500 1018 3542 non
1051 3480 1247 3542 solum
1281 3478 1730 3541 confessionem
1758 3478 2017 3540 reddito:
2052 3476 2159 3539 sed

513 3566 692 3628 etiam
724 3569 978 3632 alterum
1013 3579 1267 3645 tantum,
1292 3579 1581 3651 quantum
1614 3568 1995 3631 confessione
2017 3585 2161 3629 con-

515 3655 759 3731 tinetur,
794 3660 1070 3740 exigitor,
1107 3660 1267 3740 quod
1318 3660 1515 3738 ipsum
1550 3659 1681 3720 dari
1713 3658 1893 3721 debet
1940 3656 2158 3719 Eccle-

514 3743 639 3805 siae.
675 3747 735 3809 Si
770 3751 900 3829 quis
935 3759 1132 3812 tamen
1166 3768 1234 3811 ex
1259 3750 1586 3828 episcopis,
1613 3748 1736 3809 sive
1759 3756 1896 3809 ante
1928 3746 2160 3808 ordina-

516 3834 742 3896 tionem
803 3858 997 3912 suam,
1032 3839 1158 3900 sive
1220 3846 1349 3919 post
1409 3836 1873 3912 ordinationem,
1909 3834 2163 3895 voluerit

512 3925 786 4005 proprias
809 3944 908 3989 res
937 3947 1100 4003 suas,
1133 3936 1232 3989 aut
1263 3946 1332 3989 ex
1364 3926 1435 3988 iis
1471 3936 1700 4006 partem
1731 3924 2154 3998 Ecclesize,cu-

512 4013 613 4092 jus
642 4016 1041 4078 sacerdotium
1076 4016 1367 4096 suscepit,
1419 4017 1636 4077 oﬂ'erre
1674 4035 1688 4074 :
1722 4034 1838 4075 non
1871 4013 2063 4076 solum
2096 4012 2156 4074 id

520 4122 637 4164 non
663 4105 1073 4187 prohibemus,
1099 4116 1158 4168 et
1190 4106 1356 4167 omni
1391 4124 1523 4167 eum
1559 4103 2060 4166 condemnatione
2089 4121 2159 4166 ac

520 4210 696 4269 paena
725 4194 976 4256 liberum
1012 4214 1148 4257 esse
1211 4213 1315 4274 per
1370 4194 1523 4257 hanc
1572 4194 1763 4270 legem
1800 4192 2106 4254 sancimus
2141 4210 2154 4255 :

521 4282 626 4344 sed
662 4284 837 4344 etiam
873 4286 1034 4346 omni
1067 4285 1243 4347 laude
1276 4284 1520 4363 dignum
1543 4283 1888 4364 judicamus
1924 4300 1936 4344 :
1974 4301 2161 4363 quan-

522 4369 849 4448 doquidem
878 4374 934 4435 id
970 4394 1089 4437 non
1120 4374 1366 4455 emptio,
1397 4374 1502 4435 sed
1535 4372 1755 4435 oblatio
1787 4371 2156 4435 est.Constit.

524 4463 622 4534 16,
658 4461 744 4524 tit.
778 4462 837 4537 ‘2,
875 4463 979 4528 lib.
1010 4481 1052 4539 I,
1110 4482 1229 4525 non
1290 4471 1381 4527 est
1413 4463 1605 4543 posita
1658 4463 1719 4524 in
1750 4462 1925 4524 Basil.
1964 4481 2158 4543 neque

530 4548 757 4634 [etiam]
811 4553 1055 4615 constit.
1090 4553 1151 4629 8,
1184 4558 1271 4615 tit.
1303 4555 1326 4612 1
1362 4550 1772 4627 Novellarum,
1807 4570 1937 4632 quae
1966 4561 2055 4614 est
2086 4551 2151 4612 11

2243 4553 2408 4630 ἀγορᾶ
2468 4552 2607 4609 ἀλλὰ
2668 4555 2968 4632 προσφορά.

516 4638 837 4705 Justiniaui
870 4643 1123 4705 novella.
1164 4641 1570 4705 Constit.vero
1605 4640 1667 4715 3,
1702 4641 1787 4702 tit.
1822 4641 1861 4703 2
1890 4640 2163 4703 Novella-

519 4749 676 4812 rum,
711 4741 802 4795 est
829 4733 1152 4796 Justiniaui
1191 4732 1426 4795 novella
1456 4730 1594 4805 131,
1628 4749 1758 4812 ηοω
1788 4731 1847 4791 in
1880 4729 2161 4805 lib.5,tit.

523 4818 582 4901 3,
606 4840 739 4903 cap.
775 4832 823 4898 Ι,
863 4823 1125 4885 themate
1150 4827 1208 4901 2,
1238 4823 1399 4885 hunc
1424 4822 1484 4883 in
1518 4821 1761 4881 modum
1797 4820 1988 4900 posita
2023 4828 2115 4881 est
2148 4840 2161 4877 :

520 4912 604 4973 Ac
637 4921 952 4992 propterea
983 4912 1313 4986 sancimus,
1362 4920 1423 4973 ut
1455 4909 1787 4973 secundum
1822 4926 2029 4970 eorum
2063 4908 2167 4970 de-

525 5001 830 5064 ﬁnitiones
874 5002 1154 5065 sanctiss.
1188 5001 1406 5063 veteris
1460 5002 1667 5063 Romae
1724 5015 1897 5078 papa,
1935 4997 2164 5078 primus

522 5090 788 5152 omnium
817 5093 1196 5154 sacerdotum
1217 5093 1290 5153 sit
1322 5112 1335 5152 :
1357 5088 1744 5153 beatissimus
1765 5106 1904 5149 vero
1923 5087 2163 5149 archie-

525 5178 803 5259 piscopus
827 5180 1370 5262 Constantinopolis
1394 5198 1555 5241 nova:
1576 5178 1802 5252 Romae,
1836 5175 2164 5240 secundum

523 5268 717 5328 locum
739 5278 873 5349 post
895 5279 1162 5332 sanctam
1184 5271 1573 5351 apostolicam
1604 5268 1817 5330 veteris
1840 5266 2045 5328 Romae
2067 5285 2164 5328 se-

524 5357 659 5417 dem
685 5355 1332 5439 obtineat,ca3terisque
1350 5358 1629 5420 omnibus
1646 5355 2168 5437 prmi‘eratucha-

525 5445 787 5508 tissimus
808 5454 1005 5508 autem
1035 5467 1139 5528 pro
1167 5456 1437 5529 tempore
1464 5447 1956 5526 archiepiscopus
1976 5444 2164 5509 Justi-

527 5540 752 5599 nianca:
772 5537 977 5616 primo:
1000 5538 1205 5617 patria:
1227 5547 1718 5618 nostrm,scmper
1738 5538 1849 5597 allii
1867 5534 2163 5616 jurisdic-

525 5626 688 5693 tione
730 5645 837 5692 sua
883 5626 1097 5695 habeat
1146 5627 1465 5710 episcopos
1496 5626 1938 5710 provinciarum
1969 5624 2166 5693 Daciae

2244 3323 2363 3378 μεν,
2440 3300 2578 3358 ἀλλὰ
2639 3303 2726 3359 καὶ
2789 3309 2965 3359 πᾶσαν
3008 3300 3305 3380 ἀσφάλειαν
3349 3301 3490 3378 ὑπὲρ
3534 3297 3719 3355 τούτου
3768 3286 3863 3348 καθ’

2245 3394 2366 3449 οἷον
2394 3391 2596 3461 δήποτε
2626 3390 2821 3470 τρόπον
2853 3394 3188 3466 ὲκτεθεῐσαν,
3224 3393 3318 3447 καί
3352 3391 3459 3458 τὴν
3484 3389 3594 3447 τῶν
3625 3381 3864 3462 ἐνεχύρωκ

2246 3482 2279 3551 ἢ
2325 3483 2423 3550 τὴν
2465 3490 2557 3538 τοῦ
2600 3482 2865 3560 ἐγγυητού
2923 3481 3126 3560 ἐνοχῆν
3174 3483 3261 3537 καὶ
3307 3487 3489 3538 πᾶσαν
3539 3476 3706 3542 ἄλλην
3733 3472 3862 3527 οἱαν-

2244 3569 2443 3640 δήποτε
2500 3571 2723 3648 ἆγωγὴν
2766 3570 2955 3648 ἀργεῖν
3004 3571 3345 3645 θεσπίζομεν.
3386 3571 3490 3628 Καὶ
3520 3568 3652 3644 πρὸς
3680 3561 3863 3621 τούτοις

2242 3660 2271 3716 ὃ
2302 3661 2400 3726 τὴν
2431 3661 2726 3739 ὑπόσχεσιν
2755 3658 3042 3735 λαμϐάνων
3101 3660 3180 3734 μὴ
3230 3660 3396 3734 μόνον
3453 3659 3556 3725 την
3600 3648 3859 3739 ὁμολογίξν

2242 3747 2564 3823 ἀποδιδότο,
2611 3748 2749 3806 ἀλλὰ
2779 3751 2866 3805 καὶ
2907 3746 3040 3806 ἄλλο
3082 3756 3336 3807 τοσοῦτον
3389 3748 3519 3805 ὅσον
3570 3748 3604 3814 ἡ
3631 3735 3860 3817 ὁμολογία

2243 3838 2489 3917 περιέχει
2536 3839 2861 3896 ἆπαιτείσθω
2904 3838 3118 3918 ὀφείλον
3170 3845 3237 3915 τῇ
3303 3837 3603 3908 Ἐκκλησία
3644 3832 3853 3918 δοθῆναι.

2245 3928 2310 3985 Εἴ
2342 3950 2421 3990 τις
2458 3928 2639 4003 μέντοι
2682 3927 2743 3983 ἐκ
2776 3935 2882 3985 τῶν
2908 3928 3234 3985 ’ἐπισκόπων
3279 3928 3395 3984 εἴτε
3459 3930 3562 4006 πρὸ
3609 3928 3700 3988 τῆς
3745 3914 3854 4006 is?“

2242 4018 2601 4098 χειροτονίας,
2649 4017 2683 4086 ἢ
2720 4019 2853 4090 μετὰ
2897 4019 2996 4086 τὴν
3043 4019 3379 4097 χειροτονίαν
3411 4003 3650 4090 βουληθῇ
3680 4003 3854 4098 τὰᾲῗδια

2242 4092 2533 4184 πράγματα
2575 4106 2609 4171 ἢ
2654 4105 2813 4184 μέρος
2863 4106 2916 4172 ἐξ
2959 4092 3131 4163 αὐτων
3188 4118 3566 4184 προσαγαγεῖν
3628 4105 3693 4174 τῇ
3740 4092 3851 4150 Ἐκ·

2242 4193 2437 4267 κλησίᾳ
2479 4195 2544 4262 ἧς
2576 4196 2673 4263 τὴν
2716 4197 3004 4272 ἱερωσύνην
3057 4194 3345 4270 λαμϐάνει,
3378 4198 3441 4252 οὗ
3471 4194 3635 4270 μόνον
3667 4190 3721 4245 οὗ
3758 4203 3851 4238 κω⁴

2242 4283 2462 4360 λύομεν,
2512 4284 2601 4342 καί
2643 4285 2822 4351 πάσης
2869 4283 3159 4351 καταδίκης
3204 4287 3293 4342 καὶ
3368 4289 3562 4351 ποινῆς
3618 4272 3849 4348 ἐλεύθερον

2241 4375 2390 4430 εἶναι
2432 4375 2750 4450 θεσπίζομεν
2790 4382 2883 4431 τοῦ
2914 4376 3175 4454 παρόντος
3208 4376 3399 4450 νόμου,
3447 4372 3586 4430 ἀλλὰ
3625 4363 3847 4454 καῖ-τείν

2241 4463 2332 4526 τὸς
2387 4463 2605 4521 ἐπαίνου
2666 4461 2808 4529 ἄξιον
2867 4466 3117 4543 κρίνομεν
3170 4463 3363 4532 ἐπειδὴ
3418 4471 3575 4521 τοῦτο
3606 4450 3846 4543 οὖκᾼὲσξιν

3049 4547 3109 4611 Ἠ
3159 4554 3255 4628 ις’
3325 4552 3468 4615 διατ.
3534 4558 3624 4608 τοῦ
3670 4541 3714 4622 β’
3747 4536 3846 4628 fi?

2245 4649 2339 4699 τοῦ
2404 4641 2455 4698 α’
2525 4641 2730 4719 βιϐλίου
2789 4647 2885 4702 οὒκ
2925 4644 3081 4709 ἒτὲθη
3128 4645 3201 4707 εἰς
3246 4644 3310 4699 τὰ
3354 4640 3636 4720 βασιλικά.
3675 4624 3844 4730 Οὖδὲβι

2246 4731 2303 4798 η’
2345 4730 2483 4789 διάτ.
2518 4739 2611 4789 τοῦ
2641 4730 2694 4786 α’
2735 4732 2840 4792 τίτ.
2874 4738 2978 4789 τῶν
3013 4739 3334 4810 Νεαρῶν,.,,
3396 4735 3527 4788 εὸσα
3568 4729 3845 4815 ἰουστινια-

2248 4835 2385 4883 νειος
2417 4822 2599 4894 νεαρά.
2647 4824 2713 4879 Ἥ
2744 4819 2799 4877 δὲ
2844 4822 2892 4899 γ’
2940 4818 3081 4881 διᾶτ.
3133 4821 3225 4877 τού
3267 4822 3319 4898 β’
3376 4821 3480 4885 τίτ,
3536 4822 3637 4874 τῶν
3665 4817 3843 4901 Νεαρίξν

2244 4914 2358 4966 ἔστι
2391 4910 2573 4986 νεαρά.
2608 4911 3030 4975 ἰουστινιάνειος
3076 4915 3300 4986 κειμένη
3359 4914 3411 4966 ἓν
3455 4906 3637 4985 βιϐλίῳ
3676 4898 3715 4955 ε’
3763 4908 3843 4947 των

2248 4998 2573 5078 Βασιλικῶν,
2606 5001 2710 5059 τίτ.
2748 5000 2822 5078 γ’,
2859 5022 2979 5080 κεφ.
3019 5000 3099 5081 α’,
3131 5000 3320 5076 θέματι
3351 5000 3430 5079 β’,
3465 5001 3627 5058 οὕτως
3653 4989 3840 5081 ἔχοντα’

2252 5093 2359 5147 Καὶ
2406 5087 2491 5144 διὰ
2534 5095 2691 5146 τούτο
2735 5091 3054 5165 θεσπίζομεν
3115 5092 3254 5147 κατὰ
3314 5091 3436 5154 τοὺς
3509 5088 3669 5143 αὖτῶν
3720 5072 3842 5165 δρωί

2248 5181 2337 5234 τὸν
2414 5176 2709 5254 ἁγιώτατον
2790 5179 2887 5247 τῆς
2960 5164 3327 5257 πρεσϐυτέρας
3395 5170 3605 5253 Ῥώμης
3672 5164 3836 5264 πρέπειν,

2249 5268 2460 5346 πρῶτον
2505 5272 2646 5325 εἶναι
2691 5269 2906 5325 πάντων
2950 5277 3053 5327 τῶν
3105 5269 3315 5347 ἱερέων,
3370 5270 3462 5324 τὸν
3505 5265 3558 5322 δὲ
3600 5265 3841 5349 μακαριξιν

2250 5376 2409 5413 τατον
2469 5356 2898 5436 ἀρχιεπίσκοπον
2946 5357 3555 5418 Κωνσταντινουπόλεως
3612 5348 3702 5436 τῆξ
3747 5350 3842 5391 νεα(

2251 5437 2466 5521 Ῥώμης
2521 5446 2763 5521 δευτέραν
2812 5446 2957 5512 τάξιν
3001 5447 3251 5527 ἒπέχειν,
3311 5447 3446 5522 μετὰ
3476 5447 3561 5501 τὸν
3588 5431 3839 5529 ἆγιώξπτξξ

2251 5534 2606 5591 ἂποστολικὸν
2647 5534 2831 5614 θρόνον
2873 5542 2970 5604 τῆς
3021 5534 3384 5617 πρεσϐυτέρας
3420 5528 3644 5610 Ῥώμης,
3675 5537 3765 5577 των
3792 5526 3840 5614 ,οε

2249 5623 2425 5684 ἄλλων
2481 5625 2695 5685 πάντων
2755 5630 3136 5708 προτιμᾶσθαι,
3199 5615 3298 5685 τὸν
3345 5625 3401 5688 δὲ
3475 5622 3601 5687 κατὰ
3664 5615 3835 5682 καιρους

4023 2167 4028 2293 1

4025 2374 4027 2477 l

4024 2566 4028 2671 I

4025 2758 4028 2863 γ
