4090 6204
263 361 391 434 989

1305 342 1799 438 NOMOCANON.
1849 402 1926 417 —
1986 368 2148 435 TIT.
2196 372 2246 450 1,
2295 371 2461 436 01p.
2507 370 2614 437 vr.

3528 350 3645 433 990

264 501 685 584 μακαριώτατον
747 502 1174 585 ἂρχιεπίσκοπον
1251 510 1348 573 τῆς
1425 504 1475 564 α’
1537 506 1905 577 Ἰουστινιανής

2000 507 2552 579 mediterraneae,et
2574 504 2770 569 Dacia:
2800 504 3110 585 Ripensis,
3146 504 3286 567 item
3314 503 3637 585 Prmvalize,

261 599 368 661 τῆς
425 593 684 671 ἡμετέρας
746 593 989 666 πατρίδος
1058 594 1210 676 ἔχειν
1269 596 1350 652 ἀεὶ
1411 598 1514 653 ὑπὸ
1571 596 1670 666 τῆν
1715 599 1909 655 οίκείαν

264 682 626 741 δικαιοδοσίαν
677 693 798 749 τους
844 684 1317 766 έπισκόπουςῗτῶν
1362 687 1641 766 ἐπαρχιῶν
1688 690 1907 763 Δακίας,

264 773 667 852 Μεδιτερανίας,
726 774 816 830 καὶ
900 774 1094 837 Δακίας
1174 765 1490 849 ²Ριπενσίας,
1529 765 1904 854 Πραιϐαλὲας,

266 867 360 921 καὶ
407 861 718 943 Δαρδανίας,
750 864 839 920 καὶ
894 864 1093 926 Μυσίας
1138 868 1237 930 τῆς
1287 865 1579 945 ὰνωτέρας,
1637 867 1725 923 καί
1782 868 1906 944 παρ’

266 954 430 1011 αἰτοῦ
483 952 700 1015 τούτους
754 957 1206 1031 χειροτονεῖσθαι,
1269 952 1363 1008 καί
1426 953 1480 1009 ἐν
1541 957 1728 1021 αὐταῖς
1782 969 1906 1021 ταῖς

265 1042 647 1119 ὑποκειμέναις
718 1045 862 1117 αὖτῷ
944 1043 1227 1127 ἐπαρχίαις
1312 1044 1405 1099 τὸν
1461 1043 1626 1101 τόπον
1686 1046 1909 1127 ἐπέχειν

266 1134 432 1191 αὐτὸν
510 1138 604 1189 τοῦ
671 1131 1028 1189 ἀποστολικοῦ
1086 1124 1298 1207 Ῥώμης
1357 1134 1564 1213 θρόνου,
1642 1124 1909 1192 κατα-’τὰ

267 1222 541 1298 ὁρισθέντα
584 1223 685 1278 ὑπὸ
742 1229 835 1279 106
891 1223 1041 1300 ἁγίου
1107 1220 1255 1278 παπα
1301 1220 1599 1281 Βασιλείου.
1664 1227 1763 1282 Καὶ
1817 1227 1912 1283 τὸν

267 1310 457 1386 ὅμοιον
521 1311 720 1390 τρόπον
790 1314 852 1367 τὸ
922 1309 1124 1366 δίκαιον
1168 1315 1267 1376 τῆς
1325 1312 1727 1391 ἀρχιερωσύνης
1781 1312 1911 1391 ὅπερ

264 1408 345 1475 τῷ
376 1401 658 1475 ἐπισκόπῳ
690 1400 1069 1468 Ἰουστινιανῆς
1106 1398 1463 1479 Καρχηδόνος
1508 1407 1609 1468 τῆς
1654 1402 1910 1483 Ἀφρικῆς

268 1489 597 1561 διοικήσεως
628 1487 935 1564 δεδώκαμεν
967 1488 1019 1555 ἐξ
1049 1492 1209 1567 οὗπερ
1260 1492 1288 1545 ὃ
1341 1492 1471 1555 Θεὸς
1522 1493 1723 1559 ταύτην
1774 1496 1910 1568 ἡμῖν

263 1579 674 1648 ἀποκατέστησε
759 1580 1113 1660 φυλάττεσθαι.
1209 1577 1518 1655 κελεύομεν.
1596 1585 1908 1657 Σημείωσαι

264 1672 375 1728 ἀπὸ
432 1670 526 1737 τῆς
591 1670 863 1747 παρούσης
922 1668 1297 1727 Ἰουστιανείου
1370 1677 1558 1747 νεαρᾶς
1644 1673 1709 1729 τὰ
1772 1696 1906 1752 προ-

267 1761 437 1834 νόμια
490 1765 582 1815 106
638 1759 1075 1837 ἀρχιεπισκόπου
1149 1757 1499 1837 Βουλγαρίας,
1584 1761 1736 1827 οὗτος
1808 1764 1908 1843 γάρ

1994 617 2063 660 ac
2097 597 2440 671 Dardaniae,
2476 603 2534 658 et
2566 598 2759 675 Mysia
2791 595 3123 675 superioris
3161 616 3173 654 :
3226 604 3282 657 et
3314 595 3386 657 ab
3418 596 3543 674 ipso
3576 594 3641 657 hi

1993 687 2450 761 ordinentur,et
2473 686 2535 747 in
2561 678 3318 765 provinciisipsisubjectis
3340 684 3534 746 locum
3558 693 3641 746 te-

1992 786 2130 839 neat
2150 777 2499 858 apostolicae
2524 775 2684 837 sedis
2709 778 3015 849 Romanae,
3051 776 3382 835 secundum
3420 791 3487 834 ea
3511 791 3641 853 quae

1991 876 2235 930 sanctus
2259 885 2411 948 papa
2430 864 2685 945 Vigilius
2701 862 3360 927 constituit.Consimili
3386 862 3564 923 modo
3583 871 3644 923 et

1991 955 2509 1037 archiepiscopale
2533 952 2934 1032 munus,quod
2952 954 3233 1034 episcopo
3253 952 3642 1016 Justinianeaa

1993 1046 2367 1124 Carthaginis
2390 1043 2696 1109 Africanae
2718 1044 3053 1106 dioeceseos
3089 1042 3390 1116 dedimus,
3417 1060 3489 1103 ex
3520 1059 3639 1122 quo

1995 1138 2155 1199 Deus
2186 1135 2363 1197 nobis
2394 1136 2549 1196 hanc
2609 1134 2893 1207 restituit,
2949 1132 3299 1194 conservari
3325 1130 3637 1211 iubemus.

1992 1227 2146 1289 Nota
2168 1244 2309 1287 vero
2333 1244 2404 1287 ex
2430 1223 2711 1304 praesenti
2731 1222 3111 1286 Justinianea
3137 1219 3642 1299 novella,privile—

1992 1315 2087 1394 gia
2109 1312 2555 1394 archiepiscopi
2578 1311 3011 1392 Bulgarimﬂic
3034 1330 3291 1393 namque
3309 1309 3641 1373 estarchie—

1994 1404 2283 1482 pisc0pus
2317 1403 2523 1483 primae
2561 1402 2979 1477 Justinianeae,
3017 1403 3225 1482 patriai
3256 1397 3639 1480 imperatoris

1988 1492 2542 1573 Justiniani.Atque
2575 1492 2851 1571 Bulgaria
2875 1493 3123 1569 quidem
3154 1500 3472 1572 propterea
3496 1489 3638 1551 lus-

1992 1582 2257 1645 tinianea
2288 1582 2530 1645 dicitur.
2588 1581 2882 1644 Caeterum
2920 1583 3293 1645 Justinianea
3340 1577 3639 1655 Carthago

1988 1673 2283 1736 Africanas
2332 1673 2696 1744 dimceseos,
2743 1681 3087 1751 nuncupata
3116 1670 3490 1734 Justinianea
3520 1677 3633 1747 est,

1989 1762 2146 1844 quod
2176 1763 2503 1842 imperator
2531 1757 2907 1823 Justinianus
2931 1761 3241 1838 regionem
3266 1758 3427 1819 illam
3451 1754 3637 1817 resti—

268 1852 413 1907 ἐστιν
443 1848 866 1927 ἆρχιεπίσκοπος
898 1848 993 1916 τῆς
1028 1848 1079 1905 α’
1129 1846 1509 1918 ἰουστινιανῆς
1568 1852 1665 1918 τῆς
1712 1855 1901 1933 πατρί-

1997 1853 2171 1913 tuerit
2199 1850 2608 1913 Romanorum
2642 1849 3018 1926 imperio.Ac
3041 1848 3268 1910 idcirco
3292 1847 3468 1908 etiam
3494 1861 3642 1925 pra)-

266 1938 353 2005 δος
397 1945 490 1996 τοῦ
532 1936 794 2015 βασιλέως
844 1937 1240 2001 Ἰουστινιανοῦ,
1297 1941 1394 1997 Καὶ
1437 1941 1470 2008 ἡ
1515 1942 1614 2015 μὲν
1661 1942 1904 2022 Βουλγαι-

264 2031 352 2107 ρία
393 2027 479 2085 διὰ
521 2049 677 2084 τουτο
734 2028 983 2084 καλεῖται
1038 2026 1390 2098 Ἰουστινιανή
1421 2027 1506 2085 δια
1536 2033 1596 2087 τὸ
1626 2034 1717 2088 τὸν
1745 2034 1906 2109 βασι-

265 2119 365 2176 λέα
421 2118 789 2175 ἰουστινιανὸν
859 2118 1303 2185 ἀποκαταστῆσαι
1365 2124 1433 2186 τῆ
1490 2120 1733 2196 βασιλείᾳ
1800 2128 1906 2179 τῶν

264 2209 547 2284 Ῥωμαίων
594 2211 690 2273 τὴν
742 2205 995 2273 τοιαύτην
1054 2206 1263 2285 χώραν.
1316 2208 1413 2263 Διὰ
1461 2209 1561 2286 γὰρ
1617 2217 1771 2267 τοῦτο
1813 2212 1903 2287 μέ.

269 2320 470 2375 μνηται
527 2298 588 2353 τὸ
631 2297 799 2373 παρὸν
842 2316 964 2376 κεφ.
1012 2297 1083 2359 είς
1142 2296 1241 2363 τὴν
1300 2296 1601 2376 ἐπιγραφὴν
1658 2303 1746 2356 καὶ
1801 2308 1920 2357 τῶν

266 2385 542 2465 πριϐάτων
588 2385 684 2453 τῆς
744 2384 798 2440 ἐν
848 2386 918 2460 τῇ
970 2382 1198 2464 Ἀφρικῇ
1252 2383 1626 2465 Καρχηδόνος,
1659 2388 1904 2455 δηλονότι

266 2485 375 2535 τῶν
419 2476 721 2555 προνομίωι
766 2474 954 2541 αὐτῆς.
1027 2472 1285 2551 Πρίϐατον
1350 2478 1449 2552 γὰρ
1512 2474 1726 2553 λέγεται
1770 2480 1907 2535 κατὰ

1989 1959 2131 2003 sens
2182 1952 2358 2020 caput
2394 1946 2453 2001 in
2489 1939 2885 2019 inscriptione
2943 1937 3219 1999 meminit
3273 1936 3637 2017 privatorum

1987 2029 2287 2093 Africanae
2309 2028 2878 2109 Carthaginis,quod
2897 2036 2988 2090 est
3011 2026 3452 2107 privilegiorum
3477 2023 3633 2103 ejus.

1990 2119 2338 2186 Secundum
2375 2119 2613 2181 Latinos
2645 2120 2806 2179 enim
2857 2116 3149 2198 privatum
3186 2115 3413 2177 dicitur
3441 2117 3501 2169 τὸ
3531 2112 3637 2168 ἰδι-

1990 2214 2104 2269 κὸν.
2141 2211 2301 2288 Lege
2333 2227 2474 2270 vero
2501 2208 2675 2268 etiam
2706 2209 2881 2269 tinem
2917 2206 3091 2267 scolii
3128 2204 3435 2285 prmsentis
3465 2202 3636 2280 capi-

1992 2300 2092 2375 tis,
2123 2298 2225 2379 qui
2261 2316 2395 2377 pars
2426 2307 2518 2359 est
2555 2298 2657 2358 131
2691 2295 3084 2357 Justinianeai
3116 2293 3391 2371 novellae,
3423 2300 3481 2352 et
3510 2305 3636 2351 sta—

1990 2389 2125 2457 tuit,
2162 2396 2227 2447 ut
2257 2387 2531 2449 Ecclesia
2568 2386 3060 2465 Carthaginensis
3092 2383 3434 2465 apostolicae
3473 2380 3638 2442 sedis

1993 2478 2301 2558 privilegia
2333 2476 2576 2539 habeat.

267 2568 521 2630 Λατίνους
584 2562 856 2626 τὸίδικόν,
921 2565 1017 2622 Καὶ
1050 2563 1312 2641 ἀνάγνωθι
1361 2566 1421 2620 τὸ
1481 2564 1634 2631 τέλος
1691 2567 1783 2624 106
1814 2566 2072 2649 σχολαίου
2102 2574 2194 2624 106
2252 2570 2512 2646 παρόντος
2568 2588 2689 2646 κεφ,
2753 2565 2912 2643 μέρος
2971 2564 3028 2620 δν
3084 2565 3180 2629 τῆς
3235 2560 3353 2641 ρλαί
3409 2559 3638 2618 Ἰουστι-

264 2656 491 2714 νιανείου
547 2660 759 2729 νεαρᾶς,
792 2656 879 2709 καὶ
935 2651 1293 2730 διοριζόμενον
1337 2651 1486 2733 ἔχειν
1536 2657 1623 2712 καί
1683 2657 1780 2725 τὴν
1828 2648 2149 2726 Ἐκκλησίαν
2213 2662 2312 2725 τῆς
2348 2654 2691 2736 Καρχηδένος
2737 2655 2800 2711 τὰ
2860 2653 3124 2731 προνόμια
3153 2659 3244 2708 106
3288 2648 3642 2708 ἀποστολικοῦ

262 2748 466 2825 θρόνου,

344 2839 597 2894 ΚΕΦΑΛ.
644 2833 749 2908 ς’.
801 2867 865 2877 —
913 2833 1037 2911 Περὶ
1079 2842 1169 2891 τοῦ
1211 2833 1355 2897 τίνας
1387 2832 1482 2889 καί
1513 2836 1616 2890 ποῦ
1650 2856 1903 2916 χειροτο-

264 2934 440 2984 νοῦσιν
537 2923 863 2985 ἐπισκόπους
966 2921 1000 2989 ἢ
1100 2920 1387 3000 κληρικοὺς
1424 2970 1441 2998 ,
1532 2924 1619 2980 καὶ
1702 2926 1793 2980 ἐὰν
1877 2927 1905 2981 ὁ

262 3015 660 3094 χειροτονηθείς
747 3010 830 3067 διὰ
910 3008 1156 3069 λιϐέλλου
1215 3025 1557 3090 παραιτεῖται
1629 3014 1727 3081 τὴν
1784 3014 1905 3071 ἐπι-

264 3125 470 3170 σκοπην
481 3151 494 3165 ,

349 3190 695 3249 Ἀποστόλων
754 3190 929 3246 κανὼν
987 3189 1062 3263 α’,
1124 3187 1202 3269 β’,
1246 3188 1328 3246 λε’
1366 3210 1378 3225 ·
1428 3189 1643 3248 συνόδου
1685 3194 1904 3257 Νικαίας

268 3284 441 3341 κανὼν
493 3279 564 3361 δ’,
600 3278 815 3337 συνοδου
874 3278 1211 3359 Ἀντιοχείας
1260 3280 1357 3358 ιγ’,
1406 3278 1498 3349 ιϐ’,
1545 3280 1658 3358 κβ’⁶
1691 3280 1908 3342 συνοδου

270 3370 577 3434 Λαοδικείας
629 3371 801 3427 κανὼν
864 3367 932 3441 ε’,
999 3368 1067 3445 ιβ’
1107 3385 1120 3400 ⁸
1179 3369 1398 3426 συνόδου
1451 3368 1678 3451 Ἐφέσου
1734 3372 1907 3427 κανὼν

270 3461 326 3529 η’
361 3481 375 3496 ⁶
429 3462 516 3518 καὶ
570 3459 831 3527 ἐπιστολὴ
888 3461 1019 3537 πρὸς
1066 3459 1164 3525 τὴν
1223 3459 1278 3515 ἐν
1338 3459 1623 3540 Παμφυλίᾳ
1667 3458 1905 3516 σύνοδον⁸

272 3548 486 3608 συνόδου
535 3549 801 3628 Σαρδικῆς
859 3549 1033 3605 κανὼν
1096 3549 1177 3622 ς’
1212 3564 1226 3579 ⁶
1292 3547 1509 3607 συνόδου
1569 3548 1909 3617 Χαλκηδόνος

276 3642 446 3698 κανὼν
489 3641 581 3705 κη’
618 3655 630 3668 ⁸
668 3636 888 3697 συνόδου
922 3639 1291 3716 Καρθαγέννης
1317 3640 1492 3695 κανὼν
1533 3637 1623 3718 ιγ’,
1660 3638 1761 3714 ιη’,
1794 3637 1905 3714 μθ’,

274 3728 379 3805 Vg"
412 3747 426 3760 '
478 3728 693 3787 συνόδου
742 3727 821 3802 ς’
873 3729 1049 3784 κανὼν
1097 3727 1205 3804 λγ’,
1259 3727 1342 3799 λζ’
1378 3747 1391 3761 ⁸
1441 3726 1659 3786 συνόδου
1691 3729 1909 3793 Νικαίας

271 3823 329 3877 τὸ
383 3818 434 3898 β’
494 3822 669 3877 κανὼν
720 3817 796 3895 β’·
850 3816 1067 3875 συνόδου
1110 3817 1165 3874 α’
1205 3821 1293 3875 καὶ
1336 3819 1414 3898 β’,
1461 3821 1909 3897 συγκροτηθείσης

268 3911 320 3965 ἐν
367 3906 949 3979 Κωνσταντινουπόλει,
1007 3910 1063 3962 ἒν
1119 3914 1196 3981 τῷ
1246 3915 1357 3980 ναῷ
1389 3915 1493 3965 τῶν
1523 3908 1687 3986 ἁγίων
1732 3909 1906 3965 Ἀπο-

263 3997 466 4055 στολων
523 3997 700 4054 κανὼν
755 3996 851 4070 ις’
891 4012 905 4027 ⁹
960 3995 1239 4053 Βασιλείου
1290 3994 1550 4064 ἐπιστολὴ
1595 3999 1726 4074 πρὸς
1785 3999 1905 4061 τοὺς

264 4087 703 4166 χωρεπισκόπους
736 4102 750 4117 ⁶
815 4084 1069 4163 Κυρίλλου
1121 4084 1182 4141 ἐκ
1225 4091 1322 4153 τῆς
1374 4088 1507 4164 πρὸς
1543 4096 1752 4162 Δομνον
1780 4086 1902 4143 ἐπι-

264 4175 459 4244 στολῆς
490 4177 668 4232 κανὼν
718 4173 796 4250 α’,
848 4175 897 4252 γ’
934 4193 947 4207 ’
1009 4175 1266 4243 Κυρίλλου
1302 4175 1361 4232 ἐκ
1390 4181 1489 4242 τῆς
1520 4178 1653 4254 πρὸς
1685 4176 1803 4239 τοὺς
1848 4176 1905 4234 ἐν

265 4265 428 4343 Λιϐύη
488 4267 577 4321 καὶ
652 4263 978 4321 Πενταπολει
1036 4265 1363 4330 ἐπισκόπους
1428 4263 1717 4332 ἐπιστολῆς
1800 4288 1902 4322 κα-

308 4357 370 4411 ῖον
426 4353 503 4430 α’,
563 4354 615 4432 γ’
653 4372 667 4387 ·
732 4352 985 4433 Θεοφίλου
1043 4352 1102 4411 ἐκ
1174 4361 1265 4411 106
1334 4356 1734 4429 ὑπομνηστικοῦ
1803 4378 1907 4412 κα-

351 4539 623 4611 Κείμενον,
688 4532 900 4591 Βιϐλίον
960 4533 1010 4591 α’
1065 4541 1154 4597 τοῦ
1214 4535 1473 4612 Κώδικος²
1525 4558 1629 4597 τιτ.
1678 4536 1753 4615 γ’,
1790 4535 1907 4593 διά-

2070 2834 2236 2900 CAl’.
2272 2834 2371 2899 Vl.
2406 2870 2483 2880 —
2515 2835 2659 2914 Qui,
2694 2840 2749 2897 et
2808 2831 2914 2894 ubi
2957 2831 3317 2894 ordinentur
3348 2828 3637 2909 episcOpi,

1989 2934 2098 2987 aut
2128 2926 2358 3000 clerici,
2416 2932 2474 2987 et
2523 2932 2579 2988 si
2610 2924 2932 2987 ordinatus
2956 2939 3069 3002 per
3100 2919 3364 2983 libellum
3398 2918 3633 2998 episco-

1982 3024 2199 3095 patum
2233 3023 2492 3079 recuset.

2082 3194 2519 3274 Apostolorum
2564 3211 2753 3255 canon
2788 3194 2841 3272 1,
2870 3190 2932 3268 2,
2968 3192 3085 3264 35;
3132 3189 3376 3254 concilii
3408 3184 3635 3249 Nicaani

1991 3301 2185 3344 canon
2217 3286 2276 3356 4,
2334 3283 2578 3346 concilii
2630 3282 2999 3346 Antiocheni
3032 3300 3224 3345 canon
3258 3282 3356 3359 13,
3399 3279 3491 3358 19,
3527 3277 3631 3351 2?,

1992 3374 2234 3435 concilii
2264 3374 2586 3435 Laodiceni
2618 3393 2809 3435 canon
2846 3380 2904 3451 5,
2944 3372 3051 3453 12;
3105 3371 3344 3433 concilii
3377 3368 3633 3449 Ephesi—

1993 3464 2054 3522 ni
2087 3481 2277 3524 canon
2311 3466 2371 3536 8,
2405 3472 2464 3525 et
2523 3463 2778 3542 epistola
2832 3464 2904 3523 ad
2942 3461 3389 3541 Pampliiliense
3420 3459 3631 3519 conci-

1991 3550 2140 3612 lium
2174 3552 2410 3632 [missa]
2440 3573 2456 3628 ;
2489 3552 2726 3613 concilii
2759 3550 3139 3613 Sardicensis
3166 3568 3356 3610 canon
3388 3551 3450 3621 6;
3483 3565 3634 3606 con-

1991 3640 2113 3701 cilii
2146 3641 2659 3704 Chalcedonensis
2690 3659 2885 3702 canon
2917 3639 2993 3700 28
3021 3657 3036 3713 ;
3068 3637 3308 3699 concilii
3331 3633 3632 3713 Carthagi-

1994 3730 2204 3792 nensis
2235 3749 2426 3791 canon
2464 3731 2557 3801 13,
2594 3732 2690 3804 18,
2729 3730 2826 3799 49,
2882 3729 2985 3808 56,
3018 3727 3139 3801 98;
3197 3724 3440 3787 concilii
3473 3721 3633 3784 sexti

1989 3838 2183 3881 canon
2216 3819 2317 3894 33,
2347 3821 2419 3883 37
2453 3841 2468 3897 ;
2502 3819 2740 3881 concilii
2795 3817 3023 3880 Nicazni
3053 3816 3305 3878 secundi
3338 3832 3529 3876 canon
3551 3811 3633 3890 2;

1988 3909 2233 3970 concilii
2266 3911 2442 3991 primi
2473 3920 2531 3971 et
2563 3909 2817 3971 secundi
2862 3904 3383 3981 Constantinopoli
3414 3904 3474 3966 in
3505 3902 3636 3964 aade

1986 4008 2327 4060 sanctorum
2359 3999 2785 4080 Apostolorum
2822 4000 3014 4059 coacti
3044 4014 3236 4058 canon
3272 3996 3387 4071 11');
3422 3991 3630 4055 Basilii

1989 4087 2242 4166 epistola
2300 4089 2371 4151 ad
2432 4087 2675 4149 ditionis
2735 4105 2860 4148 sum
2913 4090 3251 4167 episcopos,
3310 4081 3510 4163 Cyrilli
3565 4100 3635 4143 ex

1988 4177 2241 4256 epistola
2272 4178 2345 4239 ad
2378 4177 2673 4240 Domnum
2708 4196 2900 4238 canon
2944 4177 2994 4251 1,
3030 4176 3066 4236 3
3092 4194 3110 4249 ;
3136 4173 3345 4254 Cyrilli
3378 4191 3447 4234 ex
3481 4172 3637 4251 epis-

1988 4267 2103 4328 tola
2134 4267 2206 4328 ad
2242 4268 2560 4348 episcopos
2590 4267 2790 4348 Libya:
2836 4275 2897 4329 et
2944 4265 3292 4344 Pentapolis
3347 4281 3541 4325 canon
3574 4263 3633 4337 1,

1993 4357 2071 4433 3;
2105 4356 2426 4436 Theophili
2459 4377 2529 4419 ex
2562 4356 3029 4419 commonitorio
3062 4372 3254 4417 canon
3291 4357 3348 4415 3.

2076 4535 2322 4600 Τρωίας.
2386 4536 2511 4597 Lib.
2576 4535 2721 4599 Cod.
2788 4538 2843 4609 1,
2902 4534 2991 4599 tit.
3028 4534 3085 4610 3,
3120 4532 3365 4596 constit.
3401 4529 3500 4611 12,
3532 4529 3633 4603 30,

268 4624 411 4692 ταξις
446 4607 544 4702 ίβ’,
604 4623 679 4698 λ’,
742 4624 861 4705 μβ⁹³
907 4624 1020 4701 μζῗ²
1077 4622 1181 4700 νβ’,
1218 4627 1305 4682 καὶ
1336 4607 1522 4687 τίτ.ἀ’
1554 4631 1660 4681 τῶν
1691 4607 1905 4700 θεαρῶν

1997 4627 2092 4700 42,
2128 4627 2230 4708 47,
2265 4627 2364 4701 δε,
2398 4635 2458 4688 et
2492 4626 2644 4689 111.1
2703 4607 3085 4688 Novellarum
3141 4623 3380 4686 constit.
3418 4607 3546 4694 1,2
3577 4626 3638 4680 et

269 4714 497 4781 διάταξις
530 4714 609 4792 α’,
640 4713 715 4790 β’,
751 4715 843 4785 ιζ’.

347 4804 605 4885 Σχόλιον.
640 4803 703 4860 Ἠ
749 4803 820 4881 ιβ’
851 4802 1082 4869 διάταξις
1115 4805 1201 4860 καὶ
1243 4806 1278 4872 ἡ
1329 4802 1406 4880 λ’,
1464 4802 1580 4881 μβ’,
1645 4804 1757 4879 μζ’,
1819 4806 1907 4861 καὶ

269 4894 347 4970 νβ’
389 4901 483 4949 106
527 4892 579 4971 γ’
638 4892 819 4950 τίτλου
864 4900 956 4950 τοῦ
1001 4893 1052 4949 α’
1094 4892 1298 4971 βιϐλίου
1356 4901 1448 4951 τοῦ
1523 4892 1755 4959 Κώδιγος
1812 4897 1905 4951 οὒκ

267 4982 518 5049 ἐτέθησαν
548 4984 619 5045 είς
662 4983 727 5040 τὰ
776 4982 1060 5060 βασιλικά.
1095 4981 1155 5041 Ὀ
1187 4980 1241 5038 δὲ
1288 4978 1340 5039 α’
1382 4982 1560 5048 τίτλος
1595 4991 1698 5040 τῶν
1759 4993 1902 5041 Νεα-

266 5078 365 5151 ρῶν
410 5074 495 5129 καὶ
539 5074 572 5139 ἡ
617 5074 776 5129 αὐτοῦ
824 5071 876 5128 α’
908 5074 995 5129 καὶ
1025 5071 1077 5149 β’
1110 5073 1198 5128 καὶ
1230 5071 1321 5147 ιζ’,
1356 5071 1617 5137 διατάξεις
1650 5073 1904 5140 ἐτέθησαν

267 5165 335 5227 είς
383 5161 570 5239 νεαρὰς
615 5164 709 5217 106
752 5161 1123 5221 ἰουστινιανοῦ
1177 5159 1283 5235 ς’,
1316 5161 1434 5239 ρκγ’
1466 5163 1552 5217 καὶ
1584 5160 1718 5241 ρλζ’,
1756 5162 1904 5230 Πλὴν

264 5255 297 5319 ἦ
348 5252 445 5326 μὲν
489 5251 586 5307 οὒκ
624 5251 774 5317 ἐτέθη
820 5253 893 5314 εἷς
936 5253 1002 5307 τὰ
1050 5251 1330 5313 Βασιλικά,
1395 5252 1459 5309 Ἥ
1519 5250 1574 5306 δὲ
1632 5252 1748 5329 ρκγ’
1794 5251 1903 5308 ἐστὶ

267 5363 382 5420 κεφ,
446 5340 518 5413 θ’,
566 5350 662 5399 106
706 5338 759 5396 α’
802 5342 933 5414 τίτ,,
987 5350 1080 5399 τοῦ
1135 5340 1184 5419 γ’
1218 5338 1423 5416 βιϐλίου
1469 5341 1599 5419 ὅπερ
1633 5342 1719 5398 καὶ
1750 5341 1902 5407 ἐτέθη

265 5428 387 5508 παρ’
444 5431 599 5506 ἡμῶν
639 5432 713 5493 εἰς
758 5451 880 5511 κεφ.
944 5428 987 5487 ε’
1045 5438 1138 5488 τοῦ
1193 5430 1451 5504 παρόνιος
1486 5432 1586 5492 τίτ,
1638 5432 1720 5488 καί
1752 5433 1899 5502 ζήτει

267 5521 414 5579 αὗτὸ.
448 5520 515 5576 Ἢ
568 5517 622 5574 δὲ
667 5517 804 5595 ρλζ’,
845 5519 1005 5596 νεαρᾶ
1051 5518 1161 5576 ἐστι
1195 5541 1318 5601 κεφ.
1351 5520 1409 5586 η’
1440 5528 1536 5576 τοῦ
1564 5517 1614 5577 α’
1646 5542 1778 5598 τιτ.,
1811 5527 1902 5576 106

267 5606 318 5687 γ’
372 5606 577 5685 βιϐλίου
635 5607 765 5686 ὅπερ
818 5610 1078 5675 κατετέθη
1124 5612 1196 5674 είς
1230 5608 1460 5689 σχολιον
1507 5612 1601 5665 106
1658 5607 1714 5676 η’
1774 5631 1897 5689 κεφ.

269 5708 355 5759 106
412 5699 674 5780 παρόντος
718 5699 820 5763 τίτ.
880 5699 1006 5781 περί
1063 5700 1123 5757 τὸ
1166 5698 1343 5782 τέλος³
1378 5700 1467 5757 καὶ
1513 5701 1660 5773 ζήτει
1719 5708 1896 5764 τοῦτο,

2071 4805 2410 4869 Scholium.
2447 4805 2696 4869 Constit.
2738 4805 2831 4880 18,
2887 4803 2988 4876 30,
3044 4803 3148 4881 49,
3197 4802 3299 4873 47,
3335 4798 3411 4860 52
3447 4798 3536 4859 tit.
3575 4799 3630 4872 1,

1988 4895 2096 4958 lib.
2132 4913 2173 4975 ι,
2238 4894 2384 4959 Cod.
2445 4897 2506 4956 in
2567 4895 2747 4957 Basil.
2806 4914 2923 4955 non
2957 4902 3095 4953 sunt
3129 4890 3361 4971 positae.
3399 4887 3635 4950 Primus

1990 5004 2127 5046 vero
2184 4987 2276 5047 tit.
2330 4985 2735 5061 Novellarum,
2792 4982 3190 5062 ejusdemque
3250 4979 3399 5061 1,_2
3452 4985 3510 5037 et
3557 4979 3632 5036 17

1988 5074 2227 5134 constit.
2265 5082 2404 5134 sunt
2435 5072 2495 5134 in
2528 5071 2793 5133 Novellis
2818 5069 3140 5133 Justiniani
3166 5069 3224 5148 6,
3256 5066 3369 5130 123
3400 5074 3456 5128 et
3492 5068 3631 5130 137.

1985 5161 2230 5223 Interim
2267 5163 2326 5235 6,
2362 5182 2479 5223 non
2515 5172 2605 5223 est
2636 5162 2697 5222 in
2754 5160 2938 5223 Basil.
2978 5158 3192 5240 posita.
3232 5157 3343 5218 193
3371 5174 3512 5217 vero
3545 5164 3635 5218 est

1986 5269 2117 5331 cap.
2167 5253 2228 5330 9,
2264 5251 2358 5313 tit.
2399 5261 2454 5324 1,
2488 5251 2595 5314 lib.
2655 5267 2739 5324 Ill,
2777 5247 2937 5330 quod
2972 5268 3005 5310 a
3039 5248 3216 5309 nobis
3248 5245 3504 5328 positum
3543 5253 3635 5307 est

1985 5340 2045 5400 in
2081 5359 2211 5421 cap.
2250 5342 2287 5400 5
2314 5341 2630 5418 prasentis
2660 5339 2746 5402 tit.
2783 5338 2940 5418 quod
2976 5355 3235 5419 quaeras.
3264 5337 3509 5399 Novella
3534 5355 3631 5397 au-

1981 5436 2101 5490 tem
2143 5431 2244 5490 157
2280 5438 2369 5490 est
2400 5448 2533 5510 cap.
2567 5434 2627 5503 8,
2659 5431 2747 5491 tit.
2778 5436 2834 5502 1,
2863 5427 2970 5489 lib.
3003 5445 3090 5501 In,
3127 5428 3285 5507 quod
3316 5444 3631 5507 aspersum

1982 5529 2076 5580 est
2104 5518 2336 5580 scholio
2392 5520 2452 5592 8,
2502 5538 2634 5600 cap.
2699 5518 3018 5601 praesentis
3070 5519 3163 5579 tit.
3220 5519 3383 5579 circa
3417 5516 3624 5589 tinem,

1984 5608 2142 5689 quod
2180 5607 2355 5671 etiam
2390 5627 2648 5690 quaeras.
