4090 6204
465 272 581 346 995

469 525 590 568 non
616 516 705 569 est
724 506 1137 588 posita,neque
1155 510 1457 581 const.10,
1486 505 1577 567 tit.
1607 508 1667 569 11
1697 504 1966 584 ejusdem
2002 503 2104 564 lib.

469 596 705 668 Qumret
750 595 1000 658 fortasse
1052 595 1294 677 aliquis,
1345 616 1477 658 cum
1532 596 1609 657 36
1641 613 1835 656 canon
1870 591 2113 655 concilii

469 684 1298 764 Carthaginensisstatuat,ne
1325 685 1637 766 quisquam
1665 684 1723 745 in
1749 684 2109 744 clericorum

465 792 779 835 numerum
805 774 1155 854 recipiatur,
1192 774 1309 836 nisi
1343 791 1553 835 omnes
1583 772 1947 835 domesticos
1973 790 2112 832 suos

465 860 833 925 Christianos
864 863 1062 939 faciat,
1117 863 1421 945 quomodo
1457 872 1785 943 praesentes
1815 861 2109 923 constitu-

467 950 690 1027 tiones,
725 971 858 1014 cum
892 952 1095 1014 dicant
1126 970 1230 1015 eos
1274 952 1374 1032 qui
1407 971 1478 1013 ex
1510 951 1755 1033 paganis
1786 949 2110 1012 Christiani

463 1040 604 1103 facti
661 1050 825 1115 sunt,
885 1041 1112 1121 puniri,
1172 1041 1286 1103 nisi
1343 1059 1555 1103 uxores
1603 1058 1743 1102 suas
1772 1048 1831 1100 et
1860 1039 2106 1115 liberos,

465 1148 798 1210 omnesque
829 1130 1193 1192 domesticos
1230 1148 1371 1191 suos
1419 1130 1490 1191 ad
1523 1136 1966 1191 sacrosanctum
2000 1128 2113 1188 ba-

462 1220 680 1300 ptisma
710 1218 1035 1293 adducant,
1075 1218 1282 1299 positae
1322 1238 1441 1283 non
1489 1227 1632 1280 sunt
1663 1220 1722 1280 in
1753 1217 1937 1280 Basil.
1974 1236 2107 1279 cum

466 1308 721 1388 [tamen]
745 1308 805 1370 in
829 1308 922 1369 his
944 1327 1080 1370 cum
1106 1327 1335 1371 canone
1357 1309 1739 1371 conveniant.
1764 1305 2013 1370 Constit.
2050 1307 2109 1365 in

463 1397 646 1461 Basil.
678 1406 997 1476 assumpta:
1055 1416 1173 1458 non
1223 1407 1384 1472 sunt,
1444 1405 1688 1477 propter
1715 1396 1903 1458 sancti
1942 1394 2109 1457 Pauli

463 1486 716 1568 apostoli
749 1495 1114 1566 pr'eceptum
1137 1486 1476 1560 statuentis,
1507 1505 1581 1548 ne
1604 1485 1942 1547 inﬁdelium
1980 1502 2107 1545 ma-

466 1575 818 1640 trimonium
840 1576 1180 1652 solvatur,si
1202 1577 1354 1639 alter
1378 1576 1613 1637 illorum
1640 1574 1830 1638 ﬁdelis
1852 1575 1972 1635 ﬁat.
1998 1572 2106 1647 Qui

465 1683 724 1748 namque
744 1665 1112 1745 scis,inquit,
1130 1685 1205 1726 an
1228 1665 1423 1727 ﬁdelis
1445 1664 1751 1727 inﬁdelem
1785 1664 2105 1743 conjugem

1660 268 1928 345 PHO'I‘II
1971 268 2490 343 PATBIARCHIE
2531 267 2645 353 GP.

547 413 886 481 Scholium.
920 408 1126 481 Const.
1164 416 1262 489 18,
1303 417 1395 482 tit.
1421 414 1479 493 5,
1506 415 1900 479 lib.1.Cod.in
1928 412 2109 477 Basil.
2135 417 2171 466 Α

3722 272 3853 343 996

2278 411 2535 491 Σχολιον.
2587 411 2653 470 Ἠ
2703 411 2777 481 ιη’
2823 409 2959 476 διάτ.
3023 418 3113 471 τοῦ
3171 410 3216 468 ε’
3261 412 3362 472 τίτ.
3422 418 3515 470 τοῦ
3544 409 3850 488 α’βιϐλίου

2193 509 2287 558 τοῦ
2322 501 2555 570 Κώδικος
2598 504 2693 561 οὒκ
2724 502 2878 569 ἐτέθη
2915 503 2989 566 εἱς
3020 504 3087 560 τὰ
3120 503 3398 577 Βασιλικὰ,
3433 501 3549 559 οὐδὲ
3595 505 3630 571 ἡ
3677 501 3718 558 ι’
3749 508 3854 558 τοῦ

2197 590 2268 647 ια’
2300 592 2402 652 τίτ.
2437 599 2529 650 τοῦ
2572 596 2732 651 αὐτοῦ
2789 590 3026 669 βιϐλίου.
3059 593 3353 670 Ἐρωτήσει
3383 614 3465 657 τις
3496 594 3569 656 ὡς
3600 591 3694 649 τοῦ
3726 590 3847 664 λς’

2195 703 2417 746 κανονος
2448 683 2545 751 τῆς
2575 682 2630 739 ἐν
2665 682 3001 761 Καρθαγὲννῃ
3065 681 3282 739 συνοδου
3337 680 3701 761 διοριζομένου
3759 680 3845 754 μὴ

2196 770 2518 847 κληροῦσθαί
2551 795 2670 828 τινα
2715 773 2759 828 εἰ
2815 773 2891 840 μὴ
2948 774 3157 848 ποιήσῃ
3214 773 3558 849 Χριστιανοὺς
3633 772 3846 834 πάντας

2193 862 2315 923 τοὺς
2348 861 2401 917 ὲν
2438 865 2514 921 τῶ
2544 862 2684 938 οἷἰιῳ
2733 865 2914 940 αὐτοῦ,
2976 868 3090 923 πῶς
3149 864 3201 917 αἱ
3255 862 3517 939 παροῦσαι
3574 860 3848 925 διατᾶξεις

2195 953 2243 1006 αἱ
2297 949 2546 1029 λέγουσαι
2612 952 2735 1014 τοὺς
2813 951 2866 1018 ἐξ
2923 950 3201 1018 Ἐλλήνων
3278 972 3565 1029 γεγονοτας
3618 950 3849 1012 πιστοὺς

2194 1043 2568 1120 τιμωρεῖσθαι,
2607 1042 2650 1096 εἰ
2690 1040 2768 1114 μὴ
2814 1041 3145 1118 προσάγουσι
3185 1047 3263 1114 τῷ
3317 1040 3456 1118 ἆγίῳ
3509 1040 3847 1115 βαπτίσματι

2195 1130 2433 1205 γαμετὰς
2465 1128 2661 1202 αὐτῶν,
2695 1130 2785 1185 καὶ
2814 1128 3015 1193 παῖδας
3049 1130 3137 1185 καὶ
3189 1130 3390 1194 πάντας
3438 1131 3561 1194 τοὺς
3618 1128 3672 1184 ἐν
3718 1140 3846 1190 τοῖς

2194 1215 2367 1293 οἴκοις
2401 1221 2594 1295 ανῦτῶν,
2631 1222 2725 1277 οὒκ
2769 1218 3025 1285 ἐτέθησαν
3057 1220 3129 1280 εἷς
3161 1217 3227 1273 τα
3263 1217 3523 1274 Βασιλικὰ
3552 1216 3845 1291 σύνδεσμοι

2193 1306 2366 1381 οὖσαι,
2412 1309 2500 1365 καὶ
2538 1314 2702 1365 ταῦτα
2745 1315 2822 1381 τῷ
2865 1309 3066 1365 κανόνι.
3118 1308 3303 1371 Λύσις,
3357 1309 3418 1363 Ai
3449 1308 3547 1383 μὲν
3571 1304 3844 1372 διατάξεις

2192 1395 2251 1452 οὐ
2295 1395 2712 1475 παρελήφθησαν
2756 1398 2828 1462 εἰς
2859 1397 2926 1452 τὰ
2971 1395 3227 1453 Βασιλικὰ
3275 1394 3359 1452 διὰ
3400 1397 3500 1463 τὴν
3547 1403 3641 1453 τοῦ
3685 1394 3844 1472 ἆγίω

2194 1481 2522 1541 Ἀποστόλου
2621 1484 2986 1565 παραγγελίαν
3085 1486 3183 1552 τὴν
3277 1483 3644 1565 διοριζομένην
3756 1485 3841 1557 μὴ

2192 1573 2403 1629 λόεσθαι
2460 1574 2559 1641 τὴν
2605 1580 2710 1630 τῶν
2761 1574 2998 1631 ἀπίστων
3055 1576 3396 1649 συνοίκησιν,
3444 1574 3536 1630 ἐὰν
3579 1576 3607 1630 6
3650 1577 3736 1635 εἷς
3782 1571 3841 1637 ἐξ

2192 1663 2365 1719 αὐτῶν
2406 1664 2593 1727 πιστὸς
2650 1663 2897 1739 γένηται,
2966 1664 3026 1720 Τί
3084 1665 3206 1741 γὰρ,
3255 1666 3440 1744 φησὶν,
3486 1661 3636 1727 οἶδας
3676 1663 3769 1717 εὰν
3810 1663 3840 1716 6

464 1773 629 1817 suam
683 1754 755 1815 ad
818 1755 996 1816 ﬁdem
1053 1755 1129 1815 sit
1184 1755 1574 1828 deducturus,
1609 1764 1666 1816 et
1698 1751 2102 1816 econtrario?

2196 1753 2373 1816 πιστὸς
2405 1752 2690 1829 μεταγάγῃ
2735 1754 2865 1830 πρὸς
2909 1754 3008 1820 τὴν
3051 1755 3228 1809 πίστιν
3285 1754 3384 1819 τὴν
3440 1752 3663 1809 ἄπιστον
3739 1752 3839 1806 σύ-

462 1843 667 1908 Canon
686 1853 883 1905 autem
911 1843 1201 1919 vult,eum
1227 1844 1329 1922 qui
1353 1862 1655 1924 nunquam
1681 1841 1965 1917 inﬁdelis,
1999 1841 2103 1903 sed

467 1934 749 2014 [semper]
774 1933 1121 1995 orthodoxae
1142 1934 1281 1995 ﬁdei
1309 1931 1800 2007 fuit,cohabitare
1830 1931 2060 1993 inﬁdeli
2088 1952 2101 1995 :

460 2021 571 2106 [et]
634 2023 818 2083 multo
883 2022 1122 2103 quidem
1186 2023 1407 2098 minus,
1450 2031 1761 2102 postquam
1787 2021 1847 2082 in
1880 2021 2105 2083 clerum

461 2112 734 2193 [allectus
754 2111 873 2183 sit):
901 2130 968 2173 ac
991 2111 1219 2174 idcirco
1238 2112 1297 2173 in
1316 2113 1547 2174 clerum
1573 2109 1798 2172 assumi
1821 2129 1937 2171 non
1965 2128 2103 2190 per-

461 2202 665 2264 mittit.
689 2200 841 2273 Quin
870 2200 972 2261 alii
1004 2220 1243 2282 quoque
1272 2218 1537 2264 canones
1569 2200 1806 2262 ﬁdelem
1850 2199 1939 2279 [in
1973 2218 2101 2262 ma—

416 2306 419 2309 '
460 2290 829 2368 trimonium]
854 2290 1137 2370 conjungi
1172 2290 1404 2353 inﬁdeli
1431 2310 1545 2353 non
1568 2289 1795 2351 sinunt.
1831 2287 1932 2349 Est
1961 2306 2101 2366 ergo

461 2378 800 2442 differentia
824 2378 985 2440 inter
1006 2397 1142 2440 eum
1170 2379 1271 2460 qui
1296 2398 1431 2440 cum
1458 2379 1719 2440 inﬁdelis
1763 2377 1993 2449 fuisset,
2027 2377 2099 2440 ad

458 2469 640 2532 ﬁdem
666 2486 991 2530 conversus
1013 2476 1128 2544 est,
1163 2477 1221 2530 et
1242 2487 1377 2529 eum
1402 2471 1554 2549 quia
1577 2468 1875 2529 nativitate
1906 2467 2103 2529 ﬁdelis

458 2560 591 2622 fuit.
621 2557 730 2619 Ille
761 2561 920 2618 enim
975 2556 1147 2618 venia
1177 2557 1395 2636 dignus
1427 2556 1706 2628 habetur,
1739 2557 1789 2618 si
1819 2566 2104 2636 cognatos

462 2648 553 2729 [et
580 2645 985 2726 necessarios]
1017 2645 1293 2708 inﬁdeles
1316 2665 1433 2707 non
1459 2646 1847 2727 ejiciat,quod
1880 2666 1944 2708 se
1968 2647 2104 2709 illos

458 2738 638 2799 etiam
668 2736 740 2797 ad
774 2735 1164 2796 orthodoxam
1197 2734 1377 2796 ﬁdem
1407 2752 1838 2798 conversurum
1872 2745 2093 2816 speret:

454 2825 557 2888 hic
583 2843 722 2886 vero
750 2824 1012 2904 punitur,
1049 2832 1329 2903 tanquam
1366 2843 1500 2885 cum
1536 2822 1890 2886 inﬁdelibus
1924 2845 2094 2887 com-

457 2916 750 2979 mercium
781 2911 1020 2994 habeat,
1073 2920 1131 2974 et
1160 2921 1223 2974 ut
1254 2913 1314 2975 in
1345 2913 1572 2975 clerum
1605 2922 1948 2976 assumatur
1979 2934 2098 2978 non

456 3004 845 3088 permittitur.

2187 1847 2346 1918 ζυγον
2389 1840 2653 1904 αῦτοῦ,...
2700 1840 2761 1899 Ὀ
2830 1840 2885 1898 δὲ
2938 1843 3116 1899 κανὼν
3160 1843 3220 1899 οὔ
3263 1841 3402 1899 θέλει
3462 1854 3730 1899 συνοικεῖν
3775 1842 3843 1896 οῦ

2188 1929 2459 2005 μηδέποτε
2504 1932 2767 2009 γεγονότα
2798 1930 3047 2005 ἄπιστον,
3094 1930 3214 1988 ἀλλ’
3268 1930 3643 2008 ὀρθοδοξοῦντα
3698 1932 3841 2005 μετὰ

2189 2021 2432 2095 animo,
2494 2019 2679 2094 πολλῷ
2720 2018 2775 2076 δὲ
2820 2019 2983 2076 πλέον
3027 2022 3162 2095 μετὰ
3219 2019 3491 2099 κλήρωσιν
3542 2019 3629 2077 διὰ
3678 2030 3839 2079 τοῦτο

2192 2111 2252 2166 οὒ
2282 2122 2603 2189 παραχωρεῖ
2638 2110 2792 2166 αὐτὸν
2844 2109 3211 2187 κληρωθῆναι,
3247 2112 3345 2169 Καὶ
3402 2109 3570 2188 ἕτεροι
3616 2108 3670 2164 δὲ
3730 2132 3840 2165 κα-

2193 2199 2341 2261 νόνες
2379 2201 2439 2255 οὗ
2490 2206 2874 2278 παραχωροῦσι
2926 2205 3002 2271 τῷ
3059 2205 3234 2274 πιστῷ
3307 2202 3635 2280 συναφθῆναι
3698 2199 3843 2272 μετᾶ

2191 2288 2439 2349 ἀπίστου.
2491 2290 2725 2368 Διαφορὰ
2788 2288 2873 2345 οὖν
2940 2287 3080 2344 ἐστιν
3126 2288 3349 2346 ἀπίστου
3390 2291 3464 2351 εἷς
3509 2289 3608 2355 τὴν
3651 2289 3840 2344 πίστιν

2191 2376 2632 2457 ἐπιστρέψαντος,
2688 2378 2776 2434 καὶ
2833 2384 2925 2435 τοῦ
2978 2377 3037 2434 ἐκ
3114 2383 3334 2455 γενετῆς
3406 2377 3557 2441 ὄντος
3614 2385 3835 2439 πιστοῦ,

2193 2459 2250 2525 Ὀ
2312 2468 2410 2542 μὲν
2452 2467 2552 2545 γὰρ
2594 2466 2920 2545 συγγνώμης
2965 2466 3199 2533 ἀξιοῦται
3246 2467 3324 2543 μὴ
3386 2465 3662 2528 ἐκϐάλλων
3708 2468 3837 2529 τοὺς

2186 2569 2505 2633 προσγενεῖς
2578 2555 2719 2630 αὖτῷ
2780 2556 3055 2634 ἀπίστους,
3130 2556 3498 2636 μεταστρέψαι
3553 2556 3837 2619 κάκείνους

2185 2645 2535 2720 ἐλπιζόμενος
2592 2645 2665 2708 εἷς
2736 2646 2832 2712 τὴν
2893 2644 3165 2723 ὀρθόδοξον
3228 2649 3425 2720 πίστιν,
3476 2648 3504 2702 ὂ
3564 2643 3620 2701 δὲ
3648 2668 3834 2721 τιμω-

2184 2747 2355 2815 ρεῖται
2404 2735 2476 2797 ὼς
2508 2734 2644 2805 μετὰ
2696 2733 2934 2790 ἀπίστων
2980 2740 3378 2815 συγκοινωνῶν,
3424 2737 3512 2791 καὶ
3556 2737 3619 2792 οῦ
3648 2758 3834 2812 παρα-

2183 2836 2445 2905 χωρεϊται
2503 2821 2844 2900 κληροῦσθαι.
2884 2819 3177 2900 Ἀνάγνωθι
3237 2825 3326 2880 καὶ
3376 2827 3467 2880 τὸν
3511 2824 3594 2901 οβ’
3627 2823 3833 2880 κανόνα

2181 2915 2277 2982 τῆς
2320 2913 2374 2968 ἐν
2436 2919 2506 2986 τῷ
2562 2910 2813 2991 Τρούλλῳ
2869 2911 3084 2969 συνόδου
3142 2913 3282 2971 οὕτω
3342 2912 3646 2992 διαιροῦντα
3705 2915 3834 2976 τοῦς

2182 3003 2403 3068 πιστοὺς
2447 3005 2543 3058 καὶ
2601 3003 2732 3078 πρὸς
2762 3009 2839 3076 τῷ
2871 3002 3012 3058 τέλει
3042 3004 3207 3059 ταῦτα
3239 3002 3523 3084 διεξιόντα,
3567 3004 3828 3081 ἡγίασται

453 3097 556 3175 γὰρ
613 3096 639 3150 6
681 3092 902 3159 ἄπιστος
955 3095 1086 3172 ἀνὴρ
1131 3093 1185 3150 ἐν
1227 3099 1295 3169 τῇ
1350 3095 1581 3173 γυναικὶ,
1632 3095 1715 3150 καὶ
1760 3093 2010 3171 ἡγίασται
2074 3099 2107 3165 ἡ
2164 3096 2390 3156 ἄπιστος
2449 3091 2582 3169 γυνῆ
2628 3090 2682 3147 ἐν
2728 3091 2802 3165 τῷ
2841 3088 3005 3170 ἀνδρί,
3062 3092 3357 3166 Ἀνάγνωθι
3418 3093 3509 3148 καὶ
3562 3091 3671 3148 ἀπὸ
3729 3091 3830 3158 τῆς

453 3187 587 3262 πρὸς
635 3184 928 3260 Κορινθίους
1005 3182 1330 3249 Ἐπιστολῆς
1402 3182 1494 3239 τοῦ
1567 3184 1721 3261 ἁγίου
1795 3183 2100 3242 ἀποστόλου

456 3271 725 3349 Ἀδελφοὶ,
758 3272 812 3327 εἴ
840 3294 921 3334 τις
954 3272 1185 3352 ἀδελφὴν
1228 3285 1457 3348 γυναῖκα
1488 3272 1608 3352 ἔχει
1654 3271 1903 3352 ἄπιστον,

2184 3183 2395 3241 Παύλου
2450 3182 2511 3237 τὸ
2584 3181 2700 3258 περὶ
2768 3181 2956 3239 τούτου
3026 3182 3322 3260 πρόσφορον
3393 3182 3595 3262 χωρίον
3647 3179 3836 3259 λέγον,

1937 3274 2024 3329 καὶ
2054 3275 2119 3331 τὰ
2150 3273 2298 3353 ἕξῆς,
2328 3272 2417 3330 καὶ
2477 3270 2592 3327 εἰπὲ
2625 3270 2730 3326 ἀπὸ
2775 3270 2989 3330 πάντων
3019 3269 3196 3334 καλῶς
3245 3271 3534 3349 ἱερωσύνης
3564 3270 3840 3336 ἀξιοῦσθαι

451 3358 804 3445 βαπτισθέντα
835 3362 922 3417 καὶ
951 3361 1233 3440 ἀγιάζοντα
1267 3358 1458 3426 ἄλλους
1492 3363 1580 3419 καὶ
1609 3363 1710 3441 πρὸ
1739 3370 1832 3419 τοῦ
1870 3363 2123 3438 βαπτίσαι
2159 3364 2280 3427 τοὺς
2314 3364 2405 3418 σὺν
2438 3360 2581 3434 αὒτῷ
2611 3359 2911 3423 οἰκοῦντας.

533 3452 698 3518 CAP.
734 3451 839 3518 XI.
874 3489 952 3499 ——
991 3451 1080 3517 De
1109 3453 1203 3516 his
1232 3455 1341 3533 qui
1371 3454 1766 3517 emlaieorum
1785 3460 1947 3518 statu
1963 3455 2088 3536 epi-

2258 3459 2510 3514 ΚΕΦΑΛ.
2558 3452 2669 3516 IA’.
2732 3487 2809 3499 —
2866 3454 2990 3533 Περὶ
3034 3460 3141 3512 τῶν
3183 3452 3291 3510 ἀπὸ
3329 3451 3538 3511 λα’ἰκῶν
3600 3452 3840 3534 γινομέ-

451 3544 614 3621 scapi
644 3544 826 3623 ﬁunt.

528 3632 784 3697 Concilii
812 3632 1192 3698 Sardicensis
1241 3652 1431 3697 canon
1489 3632 1605 3709 10;
1641 3631 1883 3696 concilii
1919 3632 2101 3716 primi

451 3729 512 3786 et
545 3722 799 3786 secundi
828 3723 890 3785 in
914 3731 1256 3787 sanctorum
1289 3724 1718 3805 Apostolorum
1754 3724 1883 3786 aede
1922 3743 2099 3787 coac-

380 3860 385 3865 .
452 3812 520 3892 ti,
552 3832 744 3875 canon
781 3814 878 3876 17.

527 3898 1126 3966 Scholium.Const.2
1147 3901 1418 3983 ejusdem
1442 3902 1465 3965 1
1494 3902 1582 3966 tit.
1602 3899 1980 3964 Novellarum
2006 3911 2100 3964 est

460 3991 550 4073 (ut
576 3990 853 4072 superius
900 3990 1123 4052 dictum
1178 3992 1296 4070 est)
1324 3989 1652 4054 Justiniani
1683 3990 1921 4052 novella
1954 3989 2092 4052 123.

452 4080 578 4143 Ηοο
615 4099 750 4142 vero
785 4082 916 4159 ejus
944 4089 1121 4160 caput
1151 4099 1269 4143 non
1304 4089 1396 4141 est
1429 4081 1684 4161 positum
1717 4078 1779 4141 in
1812 4078 1992 4142 Basil.
2030 4078 2101 4141 Et

452 4176 715 4243 const.1,
741 4170 834 4232 tit.
861 4186 880 4230 ι
904 4168 1408 4245 Novellarum,est
1432 4169 1668 4233 novella
1687 4166 2012 4231 Justiniani
2032 4173 2093 4231 6.

454 4259 528 4322 Et
559 4276 751 4340 neque
783 4260 932 4333 hazc,
963 4277 1098 4331 cum
1156 4258 1406 4340 [tamen]
1460 4258 1533 4320 de
1564 4258 1659 4321 his
1688 4258 1791 4335 qui
1826 4276 1895 4320 ex
1930 4257 2097 4321 laicis

455 4347 723 4430 episcopi
752 4348 917 4428 ﬁunt,
946 4356 1183 4428 tractet,
1208 4348 1432 4410 inserta
1455 4356 1545 4410 est
1568 4346 1776 4428 Basil.,
1802 4347 2098 4428 quemad-

456 4436 704 4498 modum
725 4454 918 4518 neque
942 4455 1317 4519 quaecunque
1350 4436 1666 4507 Iustiniani
1704 4436 1939 4500 novella
1956 4436 2094 4513 alia,

458 4544 591 4609 quas
611 4527 720 4588 hac
739 4527 813 4590 de
837 4545 902 4589 re
925 4525 1393 4607 disserit.Hujus
1417 4527 1599 4607 igitur
1623 4528 1770 4608 [rei]
1794 4546 1972 4589 causa
1993 4527 2100 4591 uni

458 4617 535 4679 17
568 4616 781 4679 canoni
818 4618 841 4679 1
884 4623 944 4679 et
973 4615 1012 4678 2
1040 4616 1283 4679 concilii
1315 4619 1375 4678 in
1404 4624 1744 4679 sanctorum
1777 4616 2097 4698 Apostolo-

452 4723 590 4769 rum
613 4707 740 4769 aede
761 4706 1248 4788 coacti,animum
1270 4705 1652 4770 adhibe.Illic
1668 4705 1828 4769 enim
1854 4705 2101 4768 omnino

2184 3568 2288 3602 νων
2319 3542 2655 3605 ἐπισκόπων.

2266 3630 2492 3691 Συνόδου
2551 3630 2816 3711 Σαρδικῆς
2863 3634 3039 3691 κανὼν
3085 3631 3123 3689 ι’
3152 3649 3167 3666 ⁸
3241 3631 3457 3693 συνόδου
3511 3632 3563 3690 α’
3617 3636 3717 3693 καί
3782 3632 3838 3711 β’

2183 3722 2636 3803 συγκροτηθείσης
2682 3721 2736 3778 ὲν
2778 3722 2856 3798 τῷ
2899 3727 3010 3796 ναῷ
3081 3725 3188 3779 τῶν
3258 3723 3425 3803 ἁγίων
3481 3724 3839 3782 Ἀποστόλων

2184 3816 2357 3873 κανὼν
2395 3811 2487 3883 ιζ’.
3342 3810 3353 3823 ’

2262 3903 2524 3983 Σχόλιον.
2563 3892 2626 3959 Ἠ
2652 3900 2704 3978 β’
2734 3898 2876 3965 διαίτ,
2911 3908 3004 3959 τοῦ
3037 3899 3088 3958 α’
3118 3903 3221 3964 τίτ.
3255 3907 3362 3958 τῶν
3424 3909 3641 3982 Νεαρῶν
3685 3904 3832 3964 ἐστιν

2180 3995 2253 4056 ὡς
2284 3992 2482 4049 ἄνωθεν
2526 3988 2747 4068 εἴρηται
2795 3991 2953 4066 νεαρὰ
3007 3989 3433 4055 ’[ουστινισίνειος
3490 3993 3634 4072 ρκγ’,
3669 3997 3832 4053 τοῦτο

2180 4082 2234 4140 δὲ
2267 4082 2430 4148 αὒτῆς
2462 4082 2522 4137 τὸ
2553 4101 2675 4160 κεφ,
2723 4082 2818 4137 οῦκ
2848 4079 3001 4146 ἐτέθη
3035 4081 3107 4144 εἷς
3168 4082 3234 4138 τὰ
3294 4081 3574 4158 Βασιλικὰ,
3624 4084 3713 4140 καὶ
3773 4084 3825 4140 α⁹

2180 4172 2320 4231 διάτ.
2368 4178 2460 4228 τοῦ
2505 4169 2554 4227 α’
2597 4170 2700 4229 τίτ.
2752 4169 2856 4225 τῶν
2904 4176 3119 4247 Neapch
3164 4168 3273 4226 ἐστι
3306 4172 3466 4249 νεαρά
3496 4170 3825 4230 Ἰουστινιά-

2180 4284 2319 4326 νειος
2365 4258 2464 4335 ς’.
2506 4260 2602 4317 Καὶ
2634 4256 2750 4316 οὐδὲ
2791 4258 2926 4326 αῦτὴ
2972 4260 3090 4338 περὶ
3134 4261 3238 4314 τῶν
3283 4259 3388 4316 ἀπό
3420 4259 3627 4316 λα’ίκῶν
3670 4284 3829 4339 γινο-

2181 4351 2352 4428 μένων
2409 4348 2718 4407 ἐπισκόπων
2761 4346 3218 4423 διαλαμϐάνουσα,
3252 4351 3593 4427 κατεστρώθη
3639 4352 3716 4415 εἷς
3760 4352 3830 4408 τὰ

2181 4439 2462 4520 Βασιλικὰ,
2523 4438 2703 4515 ὥσπερ
2766 4436 2905 4504 ἄλλη
2959 4435 3195 4507 οἱαδήτις
3253 4435 3603 4506 ἰουστινιανὴ
3662 4441 3827 4520 νεαρὰ

2180 4531 2300 4606 περὶ
2328 4529 2514 4588 τούτου
2558 4531 2706 4602 μόνῳ
2762 4535 2838 4602 τῷ
2899 4525 2964 4598 ιζ’
3008 4528 3190 4584 κανόνι
3236 4527 3333 4595 τῆς
3382 4531 3439 4584 ἒν
3468 4535 3546 4602 τῷ
3575 4536 3689 4603 ναῷ
3718 4537 3827 4587 τῶν

2181 4620 2345 4698 ἁγίων
2391 4616 2736 4676 Ἀποστόλων
2779 4617 3230 4695 συγκροτηθείσης
3285 4613 3337 4673 α’
3382 4617 3469 4674 καὶ
3500 4613 3553 4693 β’
3580 4616 3824 4679 σδνόδου.

2181 4708 2397 4766 Ἐκεῐσε
2452 4707 2505 4763 δὲ
2549 4707 2762 4770 πάντως
2825 4706 3097 4785 εἰρήσεται
3142 4705 3287 4767 ὅπως
3341 4706 3407 4762 τὰ
3454 4714 3551 4763 τοῦ
3600 4708 3827 4772 κανόνος

454 4796 711 4875 dicetur,
745 4797 1047 4879 quomodo
1103 4814 1294 4859 canon
1356 4794 1851 4878 interpretandus
1882 4794 1985 4870 sit,
2039 4803 2095 4858 et

2196 4795 2629 4873 ;κλαμϐἀνονται,
2665 4797 2751 4853 καὶ
2782 4795 2888 4852 ἀπὸ
2935 4797 3041 4852 τῶν
3074 4796 3289 4866 Νεαρῶν
3322 4803 3415 4853 τοῦ
3450 4794 3830 4855 Ἰουστινιανοῦ

451 4886 591 4969 quid
625 4904 695 4949 ex
748 4885 1066 4951 Justiniani
1100 4884 1480 4967 imperatoris
1513 4882 1768 4947 novellis
1800 4884 2090 4948 obtineat.

536 4975 704 5043 CAP.
738 4977 864 5043 XII.
898 5012 972 5023 —
1010 4976 1320 5052 Quomodo
1367 4975 1631 5056 gentilis,
1666 4983 1773 5037 aut
1801 4982 2093 5056 ingratus,

454 5074 561 5131 aut
590 5085 788 5131 recens
821 5068 1192 5148 baptizatus,
1228 5073 1338 5128 aut
1390 5061 1759 5146 [quisquam]
1816 5083 1893 5128 ea:
1935 5064 2095 5127 mala

453 5157 911 5219 conversatione
944 5155 1281 5241 [pradicas]
1315 5155 1639 5218 ordinetur
1681 5154 1826 5231 [aut]
1861 5155 2094 5234 episco-

446 5262 589 5326 pus,
615 5250 721 5306 aut
752 5243 1032 5307 clericus.

532 5333 948 5413 Apostolorum
982 5351 1172 5398 canon
1201 5333 1321 5411 80;
1355 5333 1596 5397 concilii
1627 5330 1852 5396 Nicaeni
1895 5351 2088 5396 canon

2177 4894 2269 4944 τοῦ
2297 4886 2563 4964 βασιλέως
2594 4908 2645 4943 τι
2676 4898 2889 4965 κρατεῖ.

2262 4983 2510 5037 κεΦΑΛ,
2563 4975 2675 5039 [Β¹,
2715 5010 2793 5023 -—
2838 4981 2959 5041 Πῶς
3004 4977 3032 5031 ὃ
3075 4972 3303 5056 ἐθνικὸς,
3337 4976 3372 5043 ἢ
3403 4976 3431 5032 ὁ
3462 4973 3515 5032 ἓν
3575 4976 3743 5057 νόσῳ,
3788 4978 3826 5044 ἢ

2178 5067 2207 5123 6
2268 5064 2465 5122 νεωστῖ
2518 5066 2825 5143 βαπτισθεὶς
2897 5066 2984 5123 καὶ
3058 5066 3084 5121 6
3156 5067 3217 5121 ὲκ
3288 5063 3495 5143 φαύλης
3548 5062 3830 5143 διαγωγῆς

2177 5169 2574 5237 χειροτονεῖται
2609 5155 2920 5230 ἐπίσκοπος,
2955 5154 2991 5222 ἢ
3028 5152 3308 5233 κληρικὸς.

2256 5336 2441 5394 Καδὼν
2471 5334 2785 5392 ἀποστόλων
2831 5332 2887 5391 π’
2923 5352 2935 5366 ·
2999 5330 3217 5392 συνόδου
3247 5336 3474 5398 Νικαίας
3516 5333 3696 5390 κανὼν
3739 5333 3814 5411 ﬁ"

450 5421 531 5497 2;
565 5421 808 5484 concilii
860 5422 1366 5487 Neocaesariensis
1424 5441 1618 5487 canon
1672 5422 1784 5498 12;
1842 5422 2086 5488 concilii

2196 5423 2386 5483 υνόδου
2417 5425 2827 5503 Νεοκαισαρείας
2859 5420 3034 5480 κανὼν
3080 5417 3150 5500 ιβ’
3181 5440 3193 5456 ·
3247 5419 3467 5480 συνόδου
3501 5420 3818 5490 Λαοδικείας

447 5510 836 5577 Laodicensis
865 5531 1055 5582 canon
1087 5514 1146 5581 3.

2167 5515 2344 5573 κανὼν
2374 5507 2448 5597 γ’,
