4090 6204
176 308 185 313 “
283 314 398 393 997

1239 314 1730 391 NOMOGANON.
1765 358 1834 370 -
1885 311 2037 387 Tl'l’.
2086 316 2135 404 Ι,
2183 316 2346 388 CAP.
2393 315 2682 390 Xl-XIV.

3529 322 3644 394 998

367 476 619 533 ΚΕΦΑΛ.
657 470 761 532 II".
811 502 883 515 -—
918 474 1039 533 Πῶς
1071 473 1099 527 ὁ
1136 470 1419 550 σχολάζων
1452 471 1742 533 ἐπίσκοπος
1774 469 1917 548 γίνε-

2084 468 2247 533 CAP.
2282 468 2438 533 XIII.
2464 505 2543 517 —-
2565 470 2880 547 Quomodo
2901 473 3213 554 episcopus
3236 475 3645 560 episcopatum

283 584 370 623 ται
400 565 473 627 εἰς
506 560 897 640 σχολάζουσιαν
928 561 1258 630 ἐπισκοπήν.

368 650 595 709 Συνόδου
622 652 958 730 Ἀντιοχείας
991 652 1166 707 κανὼν
1197 651 1276 725 ις’
1280 650 1317 711 ’.

370 748 621 803 ΚΕΦΑΛ.
671 741 779 798 IA’.
816 774 894 784 —
939 747 1076 798 Ποτε
1120 741 1321 818 γίνεται
1367 739 1653 805 ἐπίσκοπος
1696 740 1731 807 ἣ
1790 739 1923 806 κλῆ-

288 833 434 912 ρικός
467 831 743 911 εὐνοῦχος,
778 829 814 897 ἢ
847 828 1024 893 ἄλλως
1057 829 1300 905 ἐμπαθὴς
1333 831 1393 885 τὸ
1422 836 1602 904 σῶμα.

370 1007 713 1067 Ἀποστολων
746 1009 918 1065 κανὼν
950 1007 1061 1087 κα’,
1093 1005 1204 1084 κβ’,
1237 1007 1338 1081 οζ’,
1373 1006 1460 1074 οη’
1496 1021 1510 1037 ⁹
1564 1005 1776 1063 συνόδου
1823 1016 1922 1064 Νι-

284 1102 439 1165 καίας
470 1100 647 1155 κανὼν
676 1097 727 1155 α’
738 1147 750 1160 ,

369 1192 646 1265 Κείμενον,
684 1179 743 1246 Ὀ
792 1187 1068 1250 πολιτικὸς
1112 1187 1273 1262 νόμος
1326 1188 1446 1248 τοὺς
1489 1187 1705 1249 ἑαυτοὺς
1738 1185 1773 1253 ἢ
1805 1185 1924 1242 ἑτέ-

284 1302 404 1359 ρους
442 1278 872 1358 εύνουχίζοντας,
908 1300 962 1339 γ,
995 1300 1046 1339 τ,
1082 1276 1132 1337 λ.
1180 1293 1374 1357 usque
1403 1275 1474 1336 ad
1508 1278 1925 1355 εὐνουχιζοντων

284 1368 412 1449 ea
442 1374 625 1447 -οεαρᾷο

367 1457 629 1538 Σχολιον.
665 1448 726 1512 Ἠ
772 1456 825 1512 α’
877 1458 965 1513 καὶ
993 1457 1042 1534 β’
1075 1454 1212 1515 διάτ.
1254 1456 1350 1511 τοῦ
1378 1454 1471 1531 μβ¹
1501 1455 1605 1518 τίτ,
1636 1461 1727 1511 τοῦ
1758 1452 1801 1511 δ’
1833 1456 1922 1531 βι-

283 1547 434 1605 ϐλίου
490 1556 583 1606 τοῦ
651 1543 896 1607 Κώδικος
959 1545 1215 1612 ἐτέθησαν
1276 1543 1329 1599 ἐν
1386 1541 1576 1620 βιϐλίῳ
1638 1550 1737 1599 τῶν
1811 1552 1924 1599 Βα-

285 1636 509 1694 σιλικῶν
562 1635 655 1715 ιϐ’,
714 1637 818 1697 τίτ.
874 1633 949 1707 α’,
1034 1656 1156 1713 κερ.
1219 1632 1333 1704 πζ⁹.
1406 1633 1433 1688 ὃ
1498 1634 1586 1689 καὶ
1643 1632 1766 1712 ἔχει
1829 1631 1924 1689 οὕ-

285 1746 441 1789 τως·
503 1724 565 1781 Ἠ
619 1723 850 1791 διάταξις
910 1722 1113 1780 κελεύει
1173 1722 1310 1779 ὥστε
1384 1721 1586 1797 μηδένα
1651 1722 1925 1797 Ῥωμαῖον

286 1814 706 1893 εὖνουχίζεσθαι,
738 1812 873 1889 μηδὲ
904 1813 1004 1880 ἔξω
1034 1816 1128 1870 τοῦ
1180 1812 1488 1887 Ῥωμαϊκοῦ
1527 1809 1774 1890 ἒδάφους,
1810 1832 1925 1884 μη·

289 1903 340 1960 δὲ
398 1904 678 1981 ἀγοράζειν
737 1901 941 1977 μηδένα
996 1905 1088 1958 τὶν
1165 1902 1570 1980 εὖνουχισθέντα
1628 1900 1925 1979 Ῥωμαῖον,

287 1991 423 2049 ἀλλὰ
453 1994 542 2048 καὶ
585 1994 680 2048 τὸν
709 1992 1115 2072 εὐνουχίσαντα,
1161 1992 1249 2048 καὶ
1281 1991 1439 2046 αὑτὸν
1469 1990 1803 2068 ἀγοράσαντα
1837 1987 1929 2044 καὶ

296 2083 388 2139 τὸν
417 2079 915 2160 συμϐολαιογράφον
971 2082 1063 2137 τὸν
1107 2079 1486 2157 συγγράψαντα
1515 2082 1675 2137 αὐτοῦ
1712 2079 1763 2135 :0
1790 2100 1932 2153 συμ-

298 2170 534 2244 ϐολαιον,
568 2169 662 2227 καί
692 2172 786 2227 τὸν
816 2169 1054 2236 τελώνην
1103 2171 1196 2226 τὸν
1250 2168 1613 2243 κομισάμενον
1673 2167 1824 2231 τέλος
1883 2189 1933 2223 τι

293 2263 424 2338 δπὲρ
481 2260 666 2317 τούτο)
724 2263 1100 2335 τιμωρεῖσθαι.
1135 2258 1210 2317 Τὰ
1249 2256 1303 2313 δὲ
1346 2254 1581 2335 βάρϐαρα
1633 2254 1935 2334 ἀνδράποδα

296 2352 361 2407 τὰ
386 2349 803 2428 εὖνουχιζομενα
834 2348 1021 2414 ἔξωθεν
1052 2354 1144 2404 τοῦ
1202 2345 1514 2420 Ῥωμαϊκοῦ
1570 2344 1789 2424 ἐδάφους
1844 2344 1932 2410 ἐξα

297 2440 436 2496 ἐστω
493 2445 622 2495 πᾶσι
681 2452 800 2501 τοῖς
859 2438 1114 2515 ἐμποροις
1159 2437 1247 2492 καὶ
1302 2435 1580 2513 ἀγοράζειν
1609 2435 1697 2490 καὶ
1727 2432 1933 2509 πιπρά-

295 2550 468 2591 σκειν,
500 2534 594 2584 τοῦ
623 2526 676 2582 δὲ
710 2527 808 2602 μη’
841 2524 1045 2603 βιϐλίόυ
1075 2532 1166 2581 τοῦ
1199 2522 1437 2589 Κώδικος
1471 2525 1497 2579 ὁ
1530 2520 1586 2589 η’
1616 2522 1792 2584 τίτλος
1822 2534 1935 2577 κετ-

293 2640 379 2674 ται
412 2618 468 2672 ἐν
509 2614 696 2692 βιϐλίῳ
724 2614 768 2681 ξ’
802 2622 908 2672 τῶν
940 2614 1264 2687 Βασιλικῶν,
1298 2613 1399 2671 τίτ.
1435 2610 1540 2692 λο’,
1572 2613 1637 2669 τὰ
1668 2610 1721 2667 δὲ
1764 2611 1931 2691 κεφά-

294 2706 420 2764 λαια
448 2713 614 2763 ταῦτα
645 2704 1072 2783 περιελείφθησαν
1120 2705 1206 2761 καὶ
1264 2704 1358 2760 οὒκ
1409 2701 1687 2769 ἐτέθησαν.
1749 2700 1817 2757 Ἥ
1878 2698 1932 2755 δὲ

297 2794 422 2875 ρμα’
468 2795 627 2873 νεαρᾶ
682 2797 777 2850 τοῦ
836 2793 1211 2851 Ἰουστινιανοῦ
1244 2791 1396 2858 ἐτέθη
1450 2795 1521 2853 εἱς
1577 2788 1781 2867 βιϐλίον
1828 2790 1935 2845 τῶν

294 2883 596 2943 Βασιλικῶν
651 2881 720 2959 ξ’,
753 2883 931 2939 τίτλον
963 2884 1073 2962 να’,
1106 2904 1227 2961 κεφ.
1263 2880 1309 2938 δ’
1345 2897 1359 2912 ⁶
1394 2880 1422 2936 ὃ
1453 2883 1540 2937 καὶ
1572 2879 1690 2959 ἔχει
1718 2877 1884 2939 οὕτως
1915 2896 1930 2914 ·

298 2976 624 3044 Θεσπίζομεν
672 2976 728 3028 ἓν
787 2972 1084 3045 οίῳδήποτε
1130 2994 1279 3043 τοπῳ
1329 2975 1427 3039 τῆς
1470 2970 1736 3049 ἣμετέρας
1768 2967 1932 3025 πολι-

297 3064 444 3127 τείας
502 3062 824 3141 εύνοοχίζειν
899 3061 1212 3137 τολμῶντας
1270 3060 1307 3127 ἢ
1366 3058 1741 3134 τολμήσοντας
1792 3060 1935 3115 οἷον·

300 3151 503 3223 δήποτε
548 3173 858 3231 προσωπον,
891 3152 936 3207 εί
975 3151 1043 3226 μὲ
1092 3148 1272 3228 ἄνδρες
1329 3149 1446 3205 εἶεν
1506 3148 1553 3204 οἱ
1596 3154 1750 3204 τοῦτο
1807 3145 1935 3203 τολ-

300 3243 597 3318 μήσαντες,
656 3241 690 3306 ἦ
748 3241 835 3296 καὶ
887 3244 1219 3315 τολμῶντες,
1273 3237 1435 3295 ταῦτὸ
1484 3238 1642 3294 τοῦτο
1673 3238 1866 3292 παθεῖν
1907 3234 1936 3289 ’ὁ

299 3330 654 3403 πεποιήκασι,
710 3330 801 3386 καὶ
856 3330 900 3384 εἰ
947 3332 1318 3405 περισωθεῖεν,
1372 3326 1438 3382 τὰ
1493 3325 1785 3403 πράγματα
1837 3324 1935 3380 αὒ-

302 3422 405 3476 τῶν
459 3427 536 3493 τῷ
593 3418 834 3494 δημοσίῳ
892 3420 1336 3495 προσκυροῦσθαι,
1389 3414 1473 3471 διὰ
1514 3417 1609 3471 τοῦ
1659 3414 1796 3471 κατὰ
1822 3437 1934 3470 και-

301 3510 390 3585 ρὸν
447 3508 546 3574 τὴν
597 3512 696 3574 τῆς
728 3512 827 3574 σῆς
861 3505 1204 3573 ἐνδοξοτητος
1231 3505 1482 3567 ἀνύοντος
1514 3502 1716 3583 ἀρχὴν,
1748 3502 1934 3559 κάκεί-

299 3618 406 3663 νοις
448 3596 504 3652 ἐν
561 3597 716 3674 γύψῳ
773 3595 1101 3671 πέμπεσθαι,
1131 3593 1440 3673 ὀφείλοντας
1467 3593 1557 3649 τὸν
1599 3591 1809 3649 ἅπαντα
1837 3592 1937 3660 τῆς

296 3693 440 3759 ζωῆς
472 3690 644 3746 unum
689 3707 889 3766 χρονον
921 3684 1040 3742 ἐκεῖ
1069 3688 1237 3748 εἶναι,
1272 3685 1331 3742 Εἰ
1357 3682 1411 3739 δὲ
1441 3698 1693 3761 γυναῖκες
1740 3682 1856 3738 εἶεν
1887 3684 1938 3738 αἱ

299 3787 455 3836 τοῦτο
504 3786 775 3851 ποιοῦσαι,
821 3776 911 3832 καὶ
940 3774 1135 3839 ταύτας
1173 3776 1549 3853 τιμωρεῖσθαι,
1583 3773 1670 3830 καὶ
1700 3772 1767 3828 τὰ
1798 3771 1939 3846 πρά-

301 3889 483 3945 γματα
508 3866 681 3923 αὒτῶν
714 3864 799 3922 διὰ
827 3873 918 3922 τοῦ
953 3866 1091 3922 κατὰ
1121 3866 1306 3940 καιρὸν
1336 3864 1436 3931 τὴν
1482 3862 1646 3930 αὖτῆν
1692 3862 1937 3938 ἀνύοντος

300 3957 481 4037 ἀρχὴν
512 3959 591 4031 τῷ
622 3954 871 4032 δημοσίῳ
900 3954 1437 4034 προσκυροῠσθαι,καὶ
1470 3954 1543 4018 εἷς
1575 3952 1775 4032 ἐξορίαν
1806 3950 1940 4018 πέμ-

297 4049 513 4121 πεσθαι,
570 4046 663 4102 ἕνα
738 4044 790 4110 ἐξ
856 4047 923 4112 ἧς
982 4044 1237 4119 ἐνομισαν
1299 4044 1333 4112 ἢ
1412 4043 1638 4109 ἐνοησαν
1698 4039 1939 4105 ἀσεϐείας

298 4133 481 4214 κέρδος
531 4136 715 4197 αὑτοῖς
760 4147 1067 4214 περιποιεῖν
1113 4132 1165 4198 ἐξ
1208 4134 1374 4200 αὐτῆς
1424 4134 1683 4211 τιμωρίαν
1715 4132 1802 4188 καὶ
1845 4130 1941 4188 ἕκ-

298 4246 504 4282 πτωσιν
550 4231 655 4280 τῶν
701 4223 843 4281 ἰδίων
900 4223 1230 4301 πραγμάτων
1261 4224 1557 4285 ὑποστῶσι.
1592 4223 1722 4286 Τοὺς
1756 4220 1938 4295 μέντοι

295 4314 674 4385 ἒπιτάξαντας,
710 4317 797 4371 καὶ
822 4314 906 4370 ἐπὶ
938 4314 1110 4387 τούτῳ
1141 4334 1426 4391 προσωπον
1472 4310 1935 4391 παραδεδωκὸτας,

298 4403 336 4472 ἢ
365 4405 449 4461 καὶ
496 4402 696 4479 οἴκοις,
740 4404 777 4473 ἢ
821 4425 985 4460 τοπον
1017 4404 1136 4460 τινα
1193 4402 1279 4459 ἐπὶ
1329 4402 1498 4475 τούτῳ
1533 4422 1941 4482 παρεχομενους

302 4492 414 4551 εἴτε
454 4493 822 4575 παρέχοντας,
869 4490 983 4550 εἴτε
1014 4491 1196 4572 ἄνδρες
1228 4496 1364 4571 εἶεν,
1408 4491 1522 4548 εἴτε
1563 4504 1814 4570 γυναῖκες
1847 4490 1940 4553 τὰς

302 4583 464 4647 αὒτάς
536 4583 826 4659 κελεύομεν
881 4584 1177 4649 ὑποστῆναι
1250 4581 1511 4660 τιμωρίας
1570 4582 1643 4643 ὡς
1694 4579 1939 4635 συνίστοσι

305 4694 402 4749 ρας
461 4672 766 4751 γινομένοις
810 4678 910 4741 τῆς
969 4671 1150 4731 ἀδίκου
1195 4671 1395 4737 ταύτης
1454 4666 1720 4746 πράξεως,
1756 4668 1944 4732 αὐτοὺς

305 4761 362 4820 δὲ
415 4763 538 4828 τοὺς
598 4762 1035 4842 εὖνουχισθέντας
1094 4760 1268 4841 ἐχρῆν
1315 4759 1412 4835 μὲν
1443 4759 1549 4815 ἀπὸ
1580 4756 1947 4837 παλαιοτέρων

306 4873 544 4933 χρονων.
600 4852 750 4921 Πλὴν
805 4851 1095 4928 κελεύομεν
1138 4851 1257 4915 τοὺς
1303 4850 1410 4906 ἀπὸ
1458 4853 1549 4917 τῆς
1596 4847 1631 4903 ι’
1680 4847 1946 4925 ἐπινεμή-

307 4964 446 5006 σεως
503 4948 596 4999 τοῦ
657 4950 746 5001 νῦν
799 4941 1115 5006 ἐπελθοντος
1151 4959 1165 4976 ⁶
1256 4938 1451 4996 κύκλου
1510 4937 1945 5019 εὐνουχισθέντας

305 5028 433 5109 παρ’
486 5032 786 5087 οοδτινοσοῦν
845 5030 900 5086 ὲν
954 5051 1141 5094 τοποις
1200 5033 1295 5096 τῆς
1360 5026 1626 5106 ἡμετέρας
1676 5025 1946 5091 πολιτείας

303 5119 609 5199 ἐλευθέρους
661 5124 825 5196 εἶναι,
872 5120 960 5177 καὶ
989 5119 1127 5178 κατὰ
1175 5115 1380 5193 μηδένα
1426 5138 1622 5193 τροπον
1670 5115 1946 5186 ἢοῖονδή-

301 5231 436 5268 ποτε
482 5208 631 5270 εἶδος
679 5208 1119 5286 συναλλάγματος
1176 5208 1249 5272 εἰς
1301 5204 1541 5263 δουλείαν
1571 5204 1941 5278 καθέλκεσθαι,

303 5298 442 5377 μηδέ
500 5296 826 5375 συμϐολαιον
883 5296 968 5355 ἐπ’
1023 5298 1212 5361 αὒτοϊς
1257 5295 1538 5377 ἀγοραῖον,
1590 5295 1626 5363 ἢ
1657 5293 1947 5374 ἷδιοχειρον

302 5387 423 5447 καθ’
483 5387 795 5456 οἱονδήποτε
852 5409 1050 5469 τροπον
1106 5388 1142 5456 ἢ
1173 5387 1308 5443 κατὰ
1354 5387 1631 5464 περίνοιαν
1668 5405 1949 5462 γινομενον

309 5479 344 5549 ἢ
375 5500 741 5560 γενησομενον
800 5478 1053 5558 κρατεῖν,
1113 5476 1253 5534 ἀλλὰ
1297 5474 1433 5553 mea
1504 5476 1598 5542 τὰς
1654 5473 1947 5555 λεγομένας

306 5568 609 5651 ἀνακρίσεις
639 5568 725 5627 ἐπὶ
755 5568 1014 5633 τοιούτοις
1051 5568 1282 5647 γίνεσθαι
1319 5565 1627 5643 προσώποις
1659 5564 1696 5635 ἢ
1724 5562 1945 5644 γινομέ-

306 5682 403 5725 νας
434 5671 676 5742 κρατεῖν.
722 5655 893 5716 Ἀλλὰ
940 5658 1029 5716 καὶ
1060 5656 1264 5723 πάντας
1294 5656 1416 5721 τοὺς
1447 5654 1717 5721 τοιούτους
1750 5652 1948 5712 συναλ-

2006 578 2128 622 non
2156 560 2492 637 habens,ad
2519 570 2836 625 vacrmtem
2869 565 3279 644 episcopatum
3297 574 3643 645 perveniat.

2088 647 2334 712 Concilii
2364 650 2731 713 Antiocheni
2761 670 2955 714 canon
2987 653 3088 715 16.

2088 737 2437 830 οΑΡηΧιν.
2474 775 2545 787 --
2577 740 2837 817 Quando
2866 745 3199 820 eunuchus,
3228 757 3334 811 aut
3365 756 3473 830 qui
3497 751 3648 815 alio-

2008 830 2115 911 qui
2146 829 2302 891 male
2321 831 2529 909 affecto
2559 849 2803 911 corpore
2851 840 2957 913 est,
3006 837 3334 917 episcopus,
3379 829 3489 903 aut
3519 842 3649 905 cle-

2007 919 2175 981 ricus
2203 926 2463 982 creetur.

2088 1009 2515 1087 Apostolorum
2550 1029 2742 1074 canon
2775 1012 2874 1088 21,
2909 1012 3003 1095 22,
3060 1017 3165 1091 77,’
3220 1017 3297 1079 78
3328 1039 3343 1095 ;
3404 1023 3645 1085 concilii

2008 1098 2235 1161 Nicaani
2264 1117 2452 1161 canon
2488 1104 2543 1163 l.

2097 1191 2337 1251 Textus.
2398 1188 2601 1252 Civilis
2661 1192 2754 1255 lex
2807 1211 2908 1255 eos
2968 1196 3067 1275 qui
3101 1196 3337 1277 seipsos
3367 1209 3467 1262 aut
3500 1202 3651 1265 alios

2010 1285 2301 1428 αδδιτο.)Ἥέ
2325 1288 2469 1354 etc,
2497 1297 2684 1361 usque
2715 1282 2795 1344 ad
2825 1283 2925 1363 qui
2956 1285 3263 1349 eunuchos
3302 1287 3551 1366 faciunt,
3585 1301 3651 1355 ut

2010 1385 2146 1428 naa.
2310 1414 2323 1427 .

2007 1385 2146 1449 pag.
2181 1369 2323 1431 503.

2087 1458 2422 1522 Scholium.
2483 1459 2687 1523 Const.
2756 1469 2775 1523 t
2829 1471 2889 1524 et
2919 1463 2980 1537 2,
3017 1465 3106 1525 tit.
3144 1466 3244 1541 42,
3282 1466 3385 1529 lib.
3420 1486 3479 1531 ιν
3509 1472 3646 1533 cod.

2009 1547 2215 1640 positae
2238 1550 2459 1640 suntin
2493 1549 2596 1613 lib.
2629 1551 2965 1632 Basil.x1x,
2999 1554 3086 1615 tit.
3128 1561 3182 1627 1,
3217 1573 3349 1636 cap.
3385 1559 3652 1640 I7,quod

2008 1637 2080 1729 ad
2104 1638 2269 1699 hunc
2288 1638 2530 1713 modum
2575 1640 2774 1702 habet:
2802 1642 3157 1704 Constitutio
3183 1643 3379 1726 jubet,
3407 1666 3482 1709 ne
3512 1637 3653 1729 quis

2008 1726 2310 1789 Romanus
2341 1729 2655 1791 eunuchus
2688 1731 2810 1808 ﬁat,
2841 1748 2916 1791 ne
2947 1739 3114 1792 extra
3141 1733 3475 1796 Romanum
3511 1726 3650 1815 qui-

1953 1831 1990 1880 B
2012 1815 2147 1877 dem
2180 1816 2371 1877 solum
2402 1834 2417 1890 ;
2479 1826 2536 1879 et
2590 1836 2666 1879 ne
2721 1818 2913 1899 [quis]
2944 1818 3277 1881 Romanum
3310 1825 3652 1887 eunuchum

2015 1905 2229 1968 factum
2257 1914 2414 1966 emat
2450 1928 2462 1964 :
2498 1906 2602 1967 sed
2638 1913 2703 1967 ut
2737 1908 2837 1986 qui
2885 1909 3226 1970 eunuchum
3263 1909 3424 1985 fecit,
3460 1931 3528 1975 ac
3559 1916 3653 1994 ip-

2015 2013 2079 2056 se
2104 2002 2360 2075 emptor,
2397 1994 2570 2076 [tum]
2596 2004 2653 2057 et
2680 1995 2926 2057 tabellio
2948 1997 3045 2075 qui
3079 1996 3154 2059 de
3185 2016 3253 2059 ea
3286 2001 3400 2081 [re]
3435 2002 3655 2064 instru-

2018 2093 2287 2146 mentum
2321 2084 2704 2165 conscripsit,
2739 2092 2798 2145 et
2828 2084 3179 2165 publicanus
3221 2087 3521 2169 [denique]
3552 2092 3652 2171 qui

2018 2173 2321 2252 vectigalis
2343 2174 2563 2255 aliquid
2596 2193 2700 2253 pro
2725 2193 2794 2236 eo
2820 2174 3105 2255 suscepit,
3143 2177 3652 2256 puuiantur.Bar-

2019 2262 2160 2324 hara
2192 2280 2334 2324 vero
2371 2263 2689 2344 mancipia,
2719 2272 2883 2325 extra
2908 2265 3243 2326 Romanum
3285 2267 3482 2329 solum
3516 2287 3652 2331 cas—

2019 2360 2192 2425 trata,
2229 2351 2687 2432 quibuscunque
2719 2353 3194 2429 negotiatoribus
3227 2373 3430 2418 emere
3481 2357 3657 2420 liceat

2018 2450 2075 2503 et
2108 2443 2387 2503 vendere.
2417 2442 2533 2504 Tit.
2571 2460 2748 2522 porro
2802 2442 2862 2518 8,
2897 2441 3003 2503 lib.
3039 2459 3213 2504 XLVIII
3269 2442 3397 2524 Dig.
3450 2456 3541 2507 est
3594 2448 3655 2508 in

2018 2530 2125 2592 lib.
2155 2547 2228 2591 Lx
2249 2530 2427 2604 Basil,
2458 2530 2549 2592 tit.
2573 2531 2672 2593 38.
2700 2529 2837 2592 Haec
2860 2549 2999 2592 vero
3025 2532 3218 2611 capita
3242 2534 3462 2594 omissa
3490 2545 3652 2616 sunt,

2019 2628 2076 2681 et
2098 2637 2213 2681 non
2242 2621 2454 2699 posita.
2488 2619 2736 2683 Novella
2760 2629 2953 2681 autem
2974 2619 3295 2683 Justiniani
3328 2622 3659 2703 I42,posita

2019 2722 2100 2770 est
2131 2709 2189 2769 in
2217 2708 2624 2784 lib.Basil.l7,
2660 2708 2751 2771 tit.
2774 2709 3055 2788 5|,cap.4
3090 2709 3284 2789 ;quod
3306 2711 3391 2771 sic
3425 2712 3607 2775 habet
3639 2731 3653 2775 :

2020 2799 2351 2872 Sancimus,
2389 2806 2452 2859 ut
2479 2798 2581 2876 qui
2614 2799 2675 2859 in
2733 2816 3090 2878 quocunque
3135 2798 3484 2879 reipublicae
3514 2820 3658 2863 nos-

2018 2896 2121 2950 trae
2142 2887 2277 2951 loco
2328 2905 2747 2967 quamcunque
2778 2904 3095 2967 personam
3128 2896 3395 2951 castrare
3426 2908 3655 2969 praesu-

2019 2984 2212 3058 munt,
2244 2981 2348 3037 aut
2380 2977 2555 3037 etiam
2589 2985 3131 3056 praesumpserant,
3167 2975 3217 3039 si
3270 2977 3516 3057 quidem
3549 2978 3659 3041 viri

2020 3075 2158 3127 sunt
2181 3067 2278 3146 qui
2305 3066 2416 3127 hoc
2441 3064 2636 3126 facere
2661 3064 3281 3144 prazsumpserinteut
3302 3067 3478 3128 etiam
3505 3086 3661 3148 prae-

1953 3187 1996 3238 C
2020 3163 2287 3233 sumunt,
2322 3153 2480 3216 idem
2502 3154 2615 3215 hoc
2637 3153 2796 3230 quod
2828 3153 2959 3215 aliis
2983 3152 3276 3229 fecerunt,
3314 3164 3373 3218 et.
3394 3156 3509 3235 ipsi
3545 3176 3659 3236 pa-

2022 3243 2343 3304 tiantur-.Et
2361 3242 2411 3303 si
2433 3242 2771 3304 incolumes
2793 3251 3255 3317 evaserunt,tam
3278 3243 3434 3307 bona
3450 3265 3659 3308 eorum

2020 3332 2376 3394 addicantur
2400 3332 2568 3404 ﬁsco,
2595 3351 2705 3411 per
2722 3351 2859 3394 eum
2892 3332 2992 3413 qui
3027 3351 3134 3414 pro
3168 3342 3435 3416 tempore
3470 3337 3659 3414 magi-

2018 3429 2266 3483 stratum
2298 3421 2426 3502 obit
2453 3421 2657 3502 glorias
2689 3429 2804 3484 tuae
2838 3439 2851 3483 ε
2894 3439 3068 3502 quam
3117 3422 3227 3502 ipsi
3255 3424 3565 3487 mittantur
3592 3424 3656 3486 in

2020 3520 2298 3581 gypsum,
2333 3501 2433 3562 ubi
2469 3501 2737 3563 locorum
2773 3519 2880 3582 per
2909 3520 3085 3564 omne
3111 3501 3243 3564 vita;
3274 3521 3397 3564 suae
3422 3514 3657 3584 tempus

2022 3609 2155 3652 esse
2178 3589 2627 3653 debebunt.Sin
2652 3607 2790 3652 vero
2814 3590 3100 3654 mulieres
3121 3600 3407 3672 suntquae
3429 3592 3489 3654 id
3510 3611 3652 3673 ege-

2022 3689 2180 3757 runt,
2215 3680 2551 3743 afﬁciantur
2582 3690 2639 3743 et
2666 3680 2811 3761 ipsa;
2842 3681 3230 3762 supplicio,et
3262 3682 3418 3745 bona
3448 3701 3655 3746 earum

2024 3790 2131 3853 per
2154 3789 2288 3833 eum
2314 3771 2410 3850 qui
2437 3789 2542 3851 pro
2570 3778 2837 3851 tempore
2854 3771 3006 3850 gerit
3031 3772 3439 3850 magistratum
3464 3780 3652 3855 tuum,

2022 3860 2373 3923 addicuntur
2397 3861 2564 3942 ﬁsco,
2591 3861 3022 3940 mittanturque
3070 3861 3130 3921 in
3161 3860 3459 3943 exsilium,
3493 3871 3556 3925 ut
3585 3881 3659 3925 ex

2024 3969 2139 4031 quo
2173 3949 2433 4031 putarint
2493 3958 2591 4012 aut
2647 3950 2962 4027 cogitarint
3016 3949 3267 4030 impium
3322 3969 3389 4013 se
3418 3951 3652 4014 lucrum

2023 4047 2424 4121 assecuturas,
2450 4059 2518 4102 ex
2543 4058 2612 4101 eo
2636 4038 2886 4120 suplicia
2908 4039 3088 4101 simul
3111 4047 3168 4101 et
3195 4039 3487 4103 bonorum
3515 4060 3656 4104 suo—

2024 4148 2154 4191 rum
2194 4129 2576 4192 amissionem
2623 4127 2984 4192 sustineant.
3019 4128 3201 4190 Porro
3237 4139 3292 4191 ct
3323 4149 3426 4192 eos
3453 4130 3555 4211 qui
3585 4129 3659 4193 ad

2024 4219 2137 4281 hoc
2166 4219 2505 4279 mandatum
2539 4217 2839 4292 dederint,
2894 4216 3294 4281 obtulerintve
3345 4237 3657 4299 personas,

2023 4316 2122 4370 aut
2168 4309 2346 4369 etiam
2372 4308 2582 4370 domos
2606 4306 2696 4368 vel
2720 4308 2917 4369 locum
2950 4307 3211 4388 aliquem
3243 4308 3314 4370 ad
3360 4310 3473 4371 hoc
3504 4328 3660 4388 prat—

2025 4396 2289 4477 buerint,
2324 4405 2423 4458 aut
2446 4396 2733 4476 praebent,
2769 4397 2892 4459 sive
2916 4397 3025 4458 viri
3045 4398 3312 4460 sintsive
3349 4398 3657 4471 mulieres,

2026 4486 2233 4548 eadem
2254 4485 3072 4567 subiresuppliciajubemus:
3100 4494 3300 4567 utpote
3314 4489 3485 4568 quiin
3488 4489 3664 4569 justas

2027 4575 2202 4654 hujus
2227 4575 2474 4637 actionis
2508 4584 2693 4638 testes
2726 4575 2865 4637 facti
2917 4575 3305 4639 sunt.Verum
3339 4577 3498 4657 ipsos
3527 4596 3663 4641 cas-

2031 4672 2214 4727 tratos
2246 4665 2479 4727 tametsi
2507 4683 2540 4726 a
2570 4664 2993 4727 vetustioribus
3040 4664 3411 4746 temporibus
3440 4667 3666 4729 liberos

2030 4773 2162 4820 esse
2181 4754 2489 4835 oportebat
2515 4753 2832 4834 :jubemus
2858 4763 3081 4829 tamen,
3111 4762 3177 4815 ut
3198 4755 3437 4835 quijam
3462 4755 3603 4817 inde
3634 4773 3668 4816 a

2030 4845 2264 4908 decima
2279 4844 2606 4907 indictione
2622 4845 2885 4907 ineuntis
2905 4842 3112 4905 circuli
3128 4860 3235 4923 per
3248 4861 3667 4923 quemcunque

2030 4936 2090 4997 in
2125 4934 2273 4996 locis
2298 4943 2510 4996 nostrae
2539 4933 2891 5015 reipublicae
2927 4932 3173 4994 castrati
3193 4931 3460 5006 fuerunt,
3492 4931 3670 4994 liberi

2030 5024 2147 5087 sint
2178 5044 2191 5084 :
2217 5042 2413 5103 neque
2440 5023 2560 5085 ullo
2590 5023 2790 5096 modo,
2816 5030 2915 5084 aut
2942 5021 3150 5103 quovis
3177 5039 3402 5100 genere
3429 5029 3667 5085 contra-

2030 5122 2160 5175 ctus
2182 5113 2241 5173 in
2260 5111 2602 5175 servitutem
2628 5111 3033 5174 retrahantur:
3062 5129 3262 5192 neque
3285 5110 3429 5173 item
3454 5111 3671 5174 instru-

2034 5207 2299 5263 mentum
2333 5200 2408 5262 de
2437 5201 2583 5281 ipsis
2612 5200 2701 5261 vel
2736 5198 3065 5281 publicum,
3100 5200 3191 5262 vel
3236 5200 3459 5283 privata
3492 5219 3671 5265 manu

2030 5293 2458 5370 conscriptum,
2495 5307 2858 5370 quocunque
2889 5289 3132 5352 tandem
3189 5288 3391 5368 modo,
3435 5301 3537 5355 aut
3563 5296 3675 5374 per

2030 5378 2299 5443 fraudem
2331 5379 2573 5451 factum,
2610 5387 2713 5440 aut
2756 5378 3042 5458 ﬂendum,
3080 5380 3289 5444 valeat.
3326 5380 3443 5444 Sed
3476 5399 3675 5463 neque

2032 5470 2378 5548 inquirendi
2414 5467 2653 5531 illorum
2690 5476 2878 5533 status
2908 5486 3087 5533 causa
3111 5470 3506 5553 cognitiones,
3540 5472 3673 5552 Quae

2032 5561 2330 5641 ἀνακρίσεις
2353 5558 2656 5636 dicuntur,
2695 5557 2768 5623 de
2796 5558 3132 5623 istiusmodi
3164 5559 3439 5643 personis
3466 5559 3663 5625 inter-

2039 5658 2356 5735 ponantur,
2391 5658 2493 5715 aut
2513 5648 2882 5735 interpositus
2907 5649 3166 5716 valeant.
3195 5650 3317 5716 Sed
3356 5658 3415 5716 et
3452 5668 3664 5717 omnes
