4090 6204
442 276 558 351 999
1649 273 1913 350 PHOTII
1955 272 2068 350 PA'

2170 277 2478 351 IARCHXE
2520 277 2632 352 GP.

3678 281 3828 355 l000

441 453 545 498 eos
574 429 676 518 qui
709 421 809 495 tali
841 430 1169 496 contractui
1219 431 1280 494 in
1336 439 1641 513 posterum
1678 430 2068 494 ministerium

2167 430 2402 510 λάγμασι
2437 435 2497 490 τὸ
2530 432 2720 490 λοιπὸν
2753 433 3172 514 ὑποδργοῦντας,
3207 433 3302 498 τὰς
3347 432 3598 513 ἀνωτέρω
3628 433 3822 491 κελεύ-

440 523 1015 606 praebent,superius
1046 521 1289 583 traditas
1313 522 1518 584 subire
1542 521 2075 602 pwnasjubemus.

441 616 734 677 Praeterea
763 615 813 675 si
848 614 1256 694 usuveniat,ut
1285 632 1491 674 servus
1525 625 1776 693 propter
1802 613 2081 674 morbum

439 703 1068 781 castratur,jubemus,
1097 712 1160 762 ut
1183 704 1358 765 etilte
1387 703 1727 763 libertatem
1766 707 2083 764 nancisca-

440 803 559 854 tur.
597 792 709 865 Qui
749 792 906 853 enim
940 792 1014 852 ab
1047 791 1215 854 initio
1241 792 1416 854 liberi
1445 793 1670 867 sunt,si
1701 791 1852 852 forte
1883 791 1943 851 in
1971 791 2084 852 hoc

435 899 629 960 genus
666 880 859 942 morbi
904 881 1202 954 incidunt,
1238 881 1330 942 sui
1363 889 1711 962 potestatem
1744 880 1988 960 habent,
2024 887 2088 940 ut

433 972 591 1052 quod
627 971 834 1045 velint,
871 970 988 1032 sibi
1021 969 1359 1032 remedium
1394 968 1743 1032 adhibeant.
1791 968 2084 1030 Jubemus

435 1061 637 1139 igitur,
675 1070 737 1123 ut
769 1060 830 1122 in
885 1067 1086 1121 nostra
1119 1060 1430 1140 republica
1457 1059 1694 1121 castrati
1721 1059 1845 1138 jam
1883 1057 2024 1119 inde
2053 1076 2086 1118 a

435 1159 761 1214 memorato
786 1159 1079 1228 tempore,
1115 1149 1271 1229 apud
1306 1166 1729 1228 quamcunque
1763 1165 2080 1226 personam

434 1239 576 1317 sint,
614 1239 1065 1321 perquirantur,
1097 1249 1153 1301 et
1177 1239 1352 1300 liberi
1383 1239 1526 1314 sint,
1564 1255 1761 1318 neque
1818 1254 2080 1318 unquam

445 1332 504 1391 in
533 1331 881 1392 servitutem
913 1329 1316 1391 retrahantur.
1339 1331 1637 1394 Caeterum
1663 1327 1711 1387 si
1745 1325 1847 1406 qui
1873 1343 2078 1388 eorum

441 1427 577 1498 post
612 1426 970 1500 praesentem
1005 1426 1270 1480 nostram
1298 1417 1489 1496 legem
1521 1416 1748 1496 aliquos
1780 1414 2082 1476 destinere

439 1509 596 1587 apud
611 1526 678 1569 se
691 1515 976 1570 castratos
993 1526 1182 1588 prtesu
1195 1506 1732 1587 mpserint,damus
1748 1505 1921 1566 etiam
1939 1504 2081 1584 ipsis

440 1597 1050 1670 castratislicentiam,
1076 1597 1358 1658 nimirum
1375 1597 1762 1676 quisemelex
1787 1601 2080 1674 praesente

2166 545 2296 594 ομεν
2327 523 2612 601 εἰρημένας
2656 524 2955 590 ὑποστῆναι
3015 545 3231 586 ποινας,
3287 526 3344 582 Ei
3378 524 3561 599 μέντοι
3593 523 3678 580 διὰ
3710 526 3824 580 πά-

2164 615 2254 676 θος
2313 611 2488 687 συμὲᾗ
2548 611 2732 669 δοῦλον
2807 616 3242 692 εὖνουχισθηναι,
3297 613 3553 669 κάκεῖνον
3597 613 3823 670 κελεύο-

2167 723 2264 773 μεν
2309 707 2408 767 τῆς
2440 702 2738 780 ἐλευθερίας
2773 703 3064 781 τυγχάνειν
3128 707 3187 761 Οἱ
3251 705 3346 781 γὰρ
3379 703 3430 768 ἐξ
3463 703 3642 782 ἆριῆς
3671 702 3821 765 ὄντες

2166 789 2431 862 ἐλεύθεροι
2478 792 2633 850 πάθει
2692 794 2764 854 ὼς
2802 794 2942 856 εἰκὸς
2975 794 3200 864 τοιούτῳ
3247 794 3656 871 περιπίπτοντες
3694 793 3823 848 ἐαυ-

2169 885 2274 934 τῶν
2326 879 2540 958 ἔχουσιν
2586 879 2820 945 ἐξουσίαν
2864 880 2929 948 ἢν
2989 880 3050 936 ἂν
3104 884 3296 938 θέλωσι
3346 882 3631 959 θεραπείαν
3692 884 3821 938 ἑαυ-

2167 981 2284 1032 τοῖς
2357 969 2665 1046 προσάγειν.
2755 971 2888 1033 Τοὺς
2946 972 3388 1051 εὖνουχισθένττις
3451 974 3629 1028 τοίνυν
3716 972 3820 1028 ἀπὸ

2167 1068 2258 1116 τοῦ
2316 1060 2773 1132 μνημονευθέντος
2823 1059 3022 1140 χρόνου
3068 1059 3122 1114 ἐν
3167 1065 3233 1135 τῇ
3276 1061 3517 1136 ἡμετέρᾳ
3575 1062 3826 1132 πολιτείᾳ

2168 1149 2292 1225 παρ’
2324 1146 2620 1221 οἱῳδήποτε
2654 1149 2927 1222 προσώπῳ
2985 1149 3139 1211 ὄντας
3203 1149 3495 1222 κελεύομεν
3536 1151 3821 1221 ἀναζητη-

2165 1241 2342 1312 θῆναι,
2378 1239 2466 1294 καὶ
2509 1236 2809 1315 ἐλευθέρους
2855 1239 2998 1295 εἶναι
3032 1240 3124 1294 καί
3160 1238 3435 1314 μηδέποτε
3469 1241 3541 1304 εἷς
3574 1239 3820 1296 δουλείαν

2167 1327 2380 1390 τούτους
2431 1325 2805 1386 καθέλκεσθαι.
2864 1329 2918 1383 Εἰ
2971 1327 3153 1401 μέντοι
3214 1327 3531 1405 θαρρήσουσι
3576 1350 3719 1391 τινες
3765 1328 3820 1392 ἐξ

2167 1419 2337 1474 αὐτῶν
2382 1421 2488 1471 τῶν
2532 1417 3003 1496 εὖνουχισθέντων,
3051 1417 3200 1480 τινας
3245 1417 3382 1491 μετὰ
3437 1418 3530 1473 τὸν
3574 1417 3821 1495 παρόντα

2162 1507 2318 1580 ἡμῶν
2350 1504 2602 1584 ἐπισχεῖν
2636 1506 2822 1579 νόμον,
2857 1503 3106 1579 διδόαμεν
3137 1504 3314 1562 ἄδειαν
3345 1508 3434 1563 καὶ
3478 1508 3599 1569 τοῖς
3632 1511 3817 1565 εὔνου-

2163 1596 2615 1671 χισθεϊσιαῦτοϊς
2673 1595 2744 1659 ὡς
2801 1592 2941 1659 ἅπαξ
2983 1593 3282 1672 ἐλευθερίας
3337 1595 3398 1650 ἐκ
3449 1603 3543 1652 τοῦ
3599 1598 3814 1673 παρόν-

436 1695 638 1748 nostra
662 1687 792 1764 lege
807 1687 1145 1748 libertatem
1163 1685 1699 1765 pron:eruerint,ut
1718 1683 1813 1744 hic
1831 1682 2068 1760 quidem

2167 1703 2251 1743 τος
2309 1684 2464 1757 ἡμῶν
2507 1693 2733 1762 τυχοῦσι
2779 1683 2970 1759 νόμου,
3016 1681 3238 1739 ἐνταῦθα
3293 1683 3392 1758 μὲν
3448 1689 3517 1759 τῇ
3557 1705 3615 1738 τε
3645 1685 3814 1759 βασι-

438 1777 809 1856 maiestatem
858 1776 1324 1855 imperatoriam,
1376 1781 1434 1836 et
1490 1773 1936 1834 sanctissimum
1972 1788 2068 1847 pro

2167 1769 2277 1842 λείᾳ
2332 1773 2629 1850 προσιέναι,
2685 1777 2761 1844 τῷ
2817 1793 2875 1827 τε
2919 1771 3060 1828 κατᾶ
3119 1773 3299 1850 καιρὸν
3355 1771 3638 1851 ἁγιωτάτῳ
3699 1796 3815 1829 πα-

1155 1833 1747 1942 ρθεδήῑξῐιειιιιθηοη
1772 1861 1924 1938 apud
1946 1833 2068 1940 g'lo-

2256 1833 2266 1842 .
2375 1833 2385 1850 .
2613 1833 2628 1847 ,
2734 1833 2745 1844 .
3211 1833 3221 1850 .
3403 1833 3414 1851 .
3612 1833 3621 1845 .

2167 1860 2416 1939 τριοὶρχῃ³
2449 1862 2535 1917 καὶ
2566 1874 2682 1924 τοῖς
2715 1859 3076 1923 ἐνδοὲοτςίτοις
3107 1862 3264 1935 ἡμῶν
3300 1860 3524 1940 ἄρχουσι
3559 1884 3815 1941 προσαγ-

434 1954 1060 2034 riosissimosimperii
1084 1953 1273 2015 nostri
1309 1970 1592 2034 proceres
1621 1951 1974 2013 relationem
2013 1967 2068 2010 ea

2167 1948 2396 2026 γέλλειν.
2460 1949 2551 2008 Ἐν
2604 1949 2659 2006 δὲ
2717 1963 2839 2014 ταῖς
2924 1949 3209 2030 ἐπαρχίαις
3271 1964 3388 2016 τοῖς
3459 1953 3597 2008 κατὰ
3639 1954 3817 2009 τόπον

2166 2039 2477 2104 ὃσιωτάτοις
2510 2039 2827 2104 ἐπισκόποις
2855 2041 3091 2104 καὶτοῖς
3142 2040 3343 2096 τούτων
3403 2040 3664 2120 ἄρχουσιν
3725 2043 3811 2121 ἐφ’

2166 2129 2211 2202 ᾦ
2266 2130 2484 2206 προνοίᾳ
2541 2131 2754 2194 παντως
2813 2135 2918 2186 τῶν
2993 2129 3272 2207 ἡμετέρων
3329 2130 3635 2209 ἀρχόντων,
3715 2135 3816 2188 καί

2168 2217 2388 2292 κινδύνῳ
2444 2225 2545 2274 τῶν
2600 2217 2928 2294 πειθομένων
3013 2219 3198 2282 αὺτοῖς
3275 2217 3498 2295 τάξεων,
3572 2221 3690 2277 εἴτε
3756 2221 3815 2277 ἐν

2160 2308 2744 2388 Κωνσταντινουπὸλει,
2809 2309 2922 2364 εἴτε
2980 2311 3035 2365 ἐν
3081 2309 3246 2386 ἑτέρῳ
3302 2307 3598 2380 οἱῳδήποτε
3655 2314 3815 2384 τόπῳ

2155 2403 2252 2464 τῆς
2308 2398 2572 2476 ἡμετέρας
2625 2397 2896 2464 πολιτείας
2943 2399 3160 2462 τούτους
3195 2396 3524 2456 ἐκδικεῖσθαι
3554 2399 3652 2456 καί
3699 2424 3810 2479 φυ-

2154 2486 2435 2543 λάττεσθαι
2491 2489 2590 2555 τὴν
2649 2486 2709 2544 ἐκ
2751 2494 2844 2544 τοῦ
2889 2487 3150 2565 παρόντος
3181 2489 3339 2562 ἡμῶν
3376 2489 3542 2561 νόμου
3571 2487 3807 2563 δεδομέ-

2153 2597 2249 2641 νην
2306 2577 2489 2639 αὖτοϊς
2545 2575 2862 2654 ἐλευθερίαν,
2911 2573 3162 2653 Παριδεῖν
3218 2576 3319 2653 γὰρ
3372 2575 3563 2652 φόνους
3596 2579 3806 2634 τοσού-

2152 2687 2274 2728 τους
2319 2664 2628 2742 γινομένους
2673 2665 2810 2721 κατὰ
2841 2667 3105 2743 πρόφασιν
3155 2671 3260 2720 τῶν
3292 2675 3511 2724 τοιαῦτα
3545 2667 3801 2742 τολμών-

2152 2775 2256 2810 των
2289 2757 2342 2808 ἱεν
2371 2761 2440 2830 τῇ
2484 2754 2718 2831 ἡμετέρᾳ
2763 2753 3008 2826 πολιτείᾳ
3056 2752 3300 2829 οὐδαμῶς
3355 2755 3690 2834 ἀνεχόμεθα.
3742 2760 3804 2814 Εἰ

2150 2843 2250 2920 γὰρ
2309 2841 2567 2921 Βάρϐαροι
2598 2843 2918 2908 ἀκούσαντες
2977 2850 3084 2899 τῶν
3128 2842 3404 2920 ἡμετέρων
3456 2847 3574 2923 περὶ
3605 2848 3802 2904 τούτου

2155 2931 2616 3010 παραγγελμάτων
2659 2943 2821 2990 ταῦτα
2866 2931 3146 3011 ἐφύλαξαν,
3208 2933 3322 2997 πῶς
3355 2932 3417 2987 ἂν
3446 2935 3612 3008 ἡμεῖς
3658 2959 3800 3014 συγ-

2153 3022 2493 3099 χωρήσωμεν
2539 3023 2672 3096 μετὰ
2715 3022 2977 3086 τοσαύτας
3023 3028 3127 3078 τῶν
3199 3025 3301 3100 πρὸ
3356 3023 3510 3098 ὴμῶν
3569 3023 3802 3100 βεϐασι-

2152 3110 2418 3170 λευκότων
2477 3112 2786 3186 νομοθεσίας
2864 3114 3101 3168 τοιούτον
3162 3133 3212 3168 τι
3267 3113 3688 3194 ἁμαρτάνεσθαι,
3763 3117 3803 3184 ἢ

434 2043 510 2105 de
530 2062 597 2106 re
619 2043 956 2106 instituant:
984 2044 1046 2104 in
1078 2043 1408 2124 provinciis
1441 2060 1604 2116 vero,
1634 2041 1792 2120 apud
1826 2039 2077 2116 religio-

433 2135 709 2196 sissimos
740 2134 1009 2196 locorum
1047 2136 1386 2213 episcopos,
1420 2141 1478 2193 et
1501 2133 1713 2194 borum
1741 2129 2028 2210 praesides
2065 2149 2078 2192 :

432 2241 550 2304 quo
568 2225 814 2286 omnino
838 2223 1213 2305 providentia
1235 2232 1571 2284 nostrorum
1601 2221 2070 2298 magistratuum,

431 2321 492 2375 et
513 2313 779 2394 periculo
811 2313 1351 2392 obtemperantium
1385 2312 1526 2390 ipsis
1559 2311 1897 2372 cohortium
1925 2309 2074 2388 (sive

430 2398 972 2481 Constantinopoli,
1010 2401 1132 2463 sive
1166 2401 1548 2481 alibicuuque
1571 2401 1832 2461 locorum
1855 2403 2073 2459 nostra;

428 2491 803 2570 reipublicae)
840 2490 931 2550 bis
955 2490 1292 2551 secundum
1321 2489 1660 2550 libertatem
1694 2488 1912 2548 dentur
1934 2487 2068 2547 vin-

430 2579 1001 2659 dicimJibertasque
1019 2597 1090 2639 ex
1107 2585 1398 2656 praesente
1415 2585 1616 2638 nostra
1640 2577 1768 2656 lege
1791 2575 1939 2656 ipsis
1960 2575 2071 2637 lar-

428 2668 548 2746 gita
577 2675 984 2730 conservetur.
1040 2665 1187 2728 Nam
1249 2675 1335 2730 tot
1385 2667 1578 2728 caedes
1608 2665 2070 2728 conniventibus

429 2758 621 2820 oculis
638 2757 910 2839 accipere
935 2776 1042 2838 per
1067 2776 1309 2820 causam
1334 2775 1541 2820 eorum
1562 2755 1662 2837 qui
1691 2755 1828 2816 talia
1845 2773 2067 2834 praesu-

427 2857 622 2924 munt,
652 2849 711 2910 in
747 2855 952 2909 nostra
978 2846 1669 2928 republica,neutiquam
1703 2845 2067 2907 sustinueri-

424 2956 580 3001 mus.
615 2939 675 2999 Si
720 2937 883 3000 enim
913 2936 1182 3010 Barbari,
1223 2936 1582 3016 simulatque
1620 2943 1820 2995 nostra
1849 2933 1923 2995 de
1955 2934 2069 2994 hoc

420 3027 740 3090 audierunt
770 3027 1069 3102 mandata,
1101 3029 1224 3088 haec
1264 3025 1680 3087 custodierunt
1715 3041 1728 3084 :
1766 3022 2068 3103 quomodo

422 3117 660 3178 tandem
695 3117 1137 3196 permittemus,
1173 3125 1234 3176 ut
1261 3122 1391 3195 post
1422 3121 1505 3191 tot
1531 3122 1694 3175 retro
1731 3112 2067 3192 principum

420 3206 762 3298 sanctiones
779 3205 899 3298 tale
921 3205 1063 3286 quid
1089 3205 1288 3298 denuo
1310 3205 1721 3298 delinquatur,
1755 3211 1854 3298 aut
1884 3201 2063 3264 etiam

2167 3201 2237 3256 ιαὶ
2291 3198 2632 3268 ἀνεκδίκητον
2690 3202 2757 3275 τῇ
2815 3201 3050 3278 ἡμετέρᾳ
3125 3199 3371 3274 πολιτείᾳ
3440 3202 3804 3278 καταλιμπά-

420 3294 674 3356 inultum
707 3293 1084 3376 relinquatur
1114 3295 1175 3356 in
1207 3303 1414 3358 nostra
1443 3292 1806 3374 republica?

504 3397 666 3462 CAP.
700 3397 824 3461 XV.
860 3431 932 3443 —
970 3395 1044 3460 Ut
1075 3400 1182 3478 qui
1211 3399 1544 3461 daemonem
1577 3396 1776 3472 habet,
1815 3394 2068 3458 clericus

422 3505 548 3552 non
575 3489 705 3569 ﬁat.

499 3579 925 3660 Apostolorum
957 3595 1149 3641 canon
1189 3577 1284 3642 78.

500 3695 668 3759 CAP.
705 3695 856 3759 XVI.
895 3732 971 3742 —
1003 3696 1086 3758 De
1114 3713 1182 3759 eo
1212 3695 1317 3775 qui
1336 3710 1446 3758 suo
1471 3698 1746 3774 episcopo
1776 3709 1900 3755 non
1929 3690 2060 3754 obeo

417 3785 507 3848 dit
537 3784 757 3849 volenti
785 3787 979 3866 ipsum
1011 3786 1312 3849 ordinare
1351 3785 1421 3848 in
1450 3784 1732 3847 altiorem
1767 3781 2055 3862 gradum.

498 3965 752 4029 Concilii
809 3963 1296 4045 Carthaginensis
1355 3981 1546 4027 canon
1577 3963 1679 4041 34,
1713 3963 1923 4028 Basilii
1952 3981 2058 4042 ca-

415 4057 668 4207 nogAig:
693 4143 876 4209 XVII.
911 4179 984 4189 —
1024 4143 1106 4206 De
1153 4149 1454 4225 episcopo,
1505 4149 1614 4207 aut
1641 4145 1862 4207 clerico
1894 4143 2057 4206 ordi-

414 4241 584 4309 nato,
621 4235 729 4315 qui
754 4235 828 4296 ab
857 4233 1079 4296 incolis
1107 4251 1227 4296 non
1254 4234 1612 4313 suscipitur,
1648 4240 1755 4298 aut
1783 4252 1899 4296 non
1932 4251 2057 4296 sus-

411 4324 580 4404 cipit,
617 4332 721 4387 aut
755 4323 925 4386 abire
953 4341 1078 4387 non
1107 4329 1322 4404 potest.

490 4501 918 4582 Apostolorum
947 4521 1139 4569 canon
1170 4502 1248 4566 36
1276 4521 1291 4579 ;
1324 4501 1565 4566 concilii
1617 4503 1911 4585 Ancyrani
1943 4521 2049 4568 ca-

408 4609 529 4653 non
561 4592 677 4668 18;
715 4591 955 4654 concilii
985 4591 1344 4656 Antiocheni
1377 4611 1568 4655 canon
1601 4593 1700 4669 l7,
1751 4593 1862 4672 18;
1897 4611 2046 4656 con-

407 4681 972 4777 ciliivicagromﬂ.
1099 4773 1119 4777 Α
1230 4773 1244 4777 _
1381 4773 1392 4777 Α
1787 4775 1794 4777 _
2069 4725 2116 4777 D

483 4770 654 4837 CAP.
690 4772 896 4836 XVIII.
947 4807 1026 4820 -—-
1081 4773 1246 4848 Quod
1295 4773 1604 4855 episcopus
1637 4775 1900 4836 moriens
1929 4791 2050 4837 non

394 4864 585 4941 possit
614 4864 807 4927 alium
833 4881 945 4944 pro
974 4881 1038 4927 se
1063 4865 1382 4928 ordtnare.

484 5044 906 5124 Apostolorum
936 5061 1128 5107 canon
1154 5044 1230 5106 76
1258 5064 1274 5121 ;
1301 5041 1546 5106 concilii
1565 5041 1925 5106 Antiocheni
1951 5060 2045 5106 ca-

405 5150 525 5196 non
551 5137 650 5196 23.

479 5247 642 5314 CAP.
678 5247 827 5312 XIX.
858 5283 937 5298 —
968 5251 1059 5314 Ne
1089 5258 1306 5316 temere
1335 5256 1402 5314 in
1431 5268 1625 5332 parva
1657 5251 1906 5314 civitate
1934 5261 2042 5316 aut

396 5355 563 5420 pago
590 5340 904 5419 episcopus
931 5338 1059 5418 ﬁat.

478 5427 734 5492 Concilii
763 5427 1149 5494 Laodicensis
1179 5448 1370 5494 canon
1402 5431 1516 5507 57;
1551 5429 1797 5495 concilii
1828 5430 2035 5496 Sardi-

397 5518 595 5584 censis
627 5536 818 5582 canon
849 5519 910 5583 6.

2149 3293 2350 3352 νεσθαι.

2230 3399 2479 3453 ΚΕΦΑΛ.
2528 3392 2636 3457 ιε’.
2666 3425 2746 3438 -—
2777 3394 2899 3474 Περὶ
2943 3397 3038 3452 τού
3079 3395 3171 3451 τὸν
3223 3391 3673 3471 δαιμονιζόμενον
3720 3398 3805 3473 μὴ

2147 3481 2412 3557 κληρουσθ
2421 3506 2470 3540 αι
2481 3529 2493 3543 .

2227 3570 2574 3631 Ἀπόστόλων
2605 3575 2782 3633 κανὼν
2811 3575 2924 3643 or.’.

2229 3695 2478 3754 ΚΕΦΑΛ.
2527 3689 2650 3764 ις’,
2685 3725 2760 3736 -
2808 3692 2932 3768 Περὶ
2986 3699 3080 3751 τοῦ
3143 3693 3220 3768 μὴ
3278 3696 3663 3774 πειθαρχοῦντι
3717 3701 3800 3770 τῷ

2139 3781 2252 3857 ἰδίῳ
2297 3781 2596 3855 ἐπισκόπῳ,
2679 3781 2989 3860 βουλομένῳ
3073 3796 3414 3862 χειροτονεῖν
3491 3785 3650 3842 αὐτὸν
3712 3787 3792 3849 εἷς

2136 3873 2353 3950 μείζονα
2383 3871 2613 3947 βαθμὸν.

2224 3957 2451 4018 Συνοδου
2505 3958 2873 4039 Καρθαγέννης
2933 3961 3108 4018 κανὼν
3153 3960 3242 4018 λα’
3275 3981 3289 3996 ·

2141 4051 2244 4111 νὼν
2279 4049 2341 4111 ι’.

2221 4143 2476 4201 ΚΕΦΑΛ.
2537 4139 2638 4202 ιΖ’.
2699 4173 2777 4186 --
2839 4140 2970 4220 Περὶ
3049 4139 3366 4223 ἐπισκοπου,
3426 4142 3462 4210 ἢ
3520 4142 3786 4223 κληρικοϋ

2136 4228 2634 4312 χειροτονηθέντος,
2699 4230 2786 4286 καὶ
2847 4231 2924 4298 μὴ
2976 4229 3260 4311 δεχθέντος
3318 4233 3419 4288 ὑπὸ
3478 4236 3579 4299 τῆς
3631 4255 3788 4312 παρ-

2135 4319 2329 4394 οικίας,
2423 4318 2458 4386 ἣ
2542 4318 2621 4394 μὴ
2706 4316 3152 4396 καταδεξαμένοδ,
3247 4320 3280 4388 ἣ
3351 4320 3429 4397 μὴ
3489 4318 3790 4398 δυναμένου

2132 4407 2405 4468 ἀπελθεῖν.

2210 4496 2557 4558 ’Λποστόλων
2610 4498 2787 4556 κανὼν
2858 4496 2972 4573 λς’
3005 4517 3019 4534 ο
3087 4499 3307 4558 συνοδου
3352 4499 3618 4580 Ἀγκύρας
3675 4525 3784 4560 και

2132 4586 2234 4646 νὼν
2263 4587 2340 4657 ιη’
2375 4607 2391 4623 ⁸
2425 4587 2642 4646 συνοδου
2673 4587 3014 4668 Ἀντιοχείας
3044 4590 3221 4647 κανὼν
3256 4589 3348 4664 ιζ’,
3383 4588 3458 4657 ιη’
3494 4609 3514 4628 ο
3563 4591 3788 4653 συνοδου

2131 4675 2210 4752 ς’
2243 4679 2418 4736 κανὼν
2450 4679 2540 4751 ιζ’.
3239 4679 3244 4681 “

2217 4774 2469 4832 ΚΕΦΑΛ,
2535 4766 2646 4831 IH'.
2722 4803 2798 4814 -—
2859 4769 2983 4846 Περὶ
3067 4771 3158 4826 τού
3243 4769 3619 4847 μὴδύνασθαι
3695 4775 3789 4830 τὸν

2130 4857 2462 4915 τελευτῶντα
2546 4858 2836 4934 ἐπίσκρπον
2917 4860 3095 4939 ἕτερον
3175 4857 3292 4916 ἀντ’
3374 4861 3532 4919 αὐτοῦ
3593 4884 3793 4943 χειρο-

2131 4960 2336 5008 τονιϊν.

2210 5040 2326 5096 Τῶν
2358 5037 2523 5115 ἆγίων
2555 5038 2874 5097 ἀποστόλων
2905 5039 3083 5097 κανὼν
3131 5038 3243 5114 ag"
3278 5056 3291 5071 ‘

2130 5127 2284 5206 χείας
2313 5128 2492 5184 κανὼν
2523 5125 2635 5206 κγ’,

2208 5258 2467 5316 ΚΕΦΑΛ.
2509 5252 2621 5317 ΙΘ’.
2661 5288 2741 5299 -
2797 5256 2922 5334 Περὶ
2973 5254 3066 5312 τοῦ
3124 5255 3202 5330 μὴ
3265 5254 3452 5320 ἅπλῶς
3515 5255 3573 5313 ὲν
3623 5257 3784 5315 πολει

3339 3961 3616 4020 Βασιλείου
3675 3986 3790 4022 κα-

3328 5039 3546 5101 συνοδου
3577 5040 3793 5099 Ἀντιο-

2123 5343 2372 5423 βραχείᾳ,
2407 5343 2442 5412 ἢ
2472 5343 2632 5421 κώμῃ
2665 5346 2900 5422 γίνεσθαι
2933 5344 3254 5406 ἐπίσκοπον.

2201 5432 2429 5490 Συνόδου
2488 5433 2796 5499 Λαοδικείας
2852 5435 3028 5492 κανὼν
3087 5429 3170 5506 νζ⁹
3200 5453 3214 5471 ⁶
3251 5434 3472 5494 συνόδου
3506 5436 3779 5519 Σαρδικῆς

2124 5523 2300 5580 κανὼν
2328 5521 2432 5598 ς’,
