3930 6218
110 304 223 374 1001

927 290 1421 365 NOMOCANON.
1487 328 1568 342 —
1618 290 1776 357 TIT.
1822 292 1873 370 Ῑ,
1919 295 2083 359 CAP.
2133 291 2513 361 XV-XXIII.

3258 292 3411 367 1002

169 457 378 513 ΚΕΦᾹΛ.
428 448 507 506 K’.
556 481 632 492 —-
677 445 801 521 Περὶ
832 451 924 501 τοῦ
968 444 1045 520 μὴ
1090 443 1233 499 εἶναι
1271 445 1328 498 ἐν
1358 448 1455 516 μιᾷ
1501 441 1711 513 imp-1

1848 437 2003 501 CAP.
2036 437 2160 503 XX.
2194 474 2273 486 -—
2300 439 2391 503 Nc
2422 442 2487 503 in
2518 458 2645 504 una
2672 442 2995 522 provincia
3026 450 3146 514 duo
3187 462 3410 521 metro-

102 547 178 626 χίᾳ
214 542 289 598 δύο
340 536 755 617 μητροπολίτας,
832 535 867 602 ἢ
917 534 970 590 ἐν
1030 539 1125 609 μιᾷ
1182 532 1337 589 πόλει
1396 530 1484 588 δύο
1542 532 1677 588 ἐπι-

1848 529 2027 627 ittam:
2071 530 2220 627 sint,
2274 536 2395 627 aut
2432 531 2659 627 inuno
2688 534 2935 627 civitate
2965 535 3083 600 duo
3118 545 3404 627 episcopi,

102 622 309 710 σκόπους,
335 629 366 697 ἢ
392 632 446 684 ἐν
476 628 585 683 δυσὶ
619 625 840 684 πόλεσιν
866 624 960 681 ἕνα
990 622 1274 700 κληρικόν,

159 708 356 778 Συνόδου
407 719 626 780 Νικαίας
686 716 864 773 κανών
907 712 966 779 η’
1002 734 1016 751 ο
1064 709 1281 769 συνόδου
1333 708 1678 778 Χαλκηδόνος

92 813 235 871 κανὼν
262 810 315 889 ι’,
346 807 410 884 ιβ’
440 825 456 843 ⁸
490 804 706 863 συνόδου
738 804 959 868 Νικαίας
993 804 1053 859 τὸ
1080 801 1154 879 β’,
1191 801 1366 858 κανὼν
1397 800 1487 864 ιε’,

154 887 397 974 Κείμενον.
446 887 505 954 Ὀ
567 888 950 955 Ἐλενόποντος
997 894 1086 949 δύο
1158 890 1278 971 ἔχει
1339 887 1673 968 μητροπολί-

85 1014 182 1063 τας,
222 1012 269 1051 κ..
312 1011 359 1050 τ.
392 980 482 1062 λη
537 1001 729 1065 usque
782 983 854 1044 ad
916 982 1056 1047 διάτ,
1124 979 1204 1037 λθ⁹
1248 980 1342 1039 τοῦ
1386 980 1543 1038 αὖτοῦ
1588 981 1674 1035 τί-

83 1080 205 1140 τλου.

150 1169 377 1250 Σχόλιον.
410 1168 476 1224 Ἠ
510 1165 603 1233 κη’
633 1165 792 1243 νεαρὰ
824 1178 1002 1221 κεῖται
1036 1166 1109 1228 εἰς
1154 1162 1357 1242 βιϐλίον
1416 1167 1521 1218 τῶν
1569 1169 1676 1217 Βα-

79 1259 269 1316 σιλικῶν
296 1257 391 1334 ς’,
423 1259 527 1316 τίτ.
565 1255 660 1334 ιβ’,
712 1277 837 1334 aq).
873 1253 948 1327 α’,
982 1253 1101 1321 ἥτις
1147 1256 1368 1311 ἐνταυθα
1399 1254 1495 1308 οὒκ
1524 1250 1678 1317 ἐτέθη

79 1349 184 1427 παρ’
222 1351 362 1422 ἡμῶν
404 1346 490 1405 διὰ
534 1349 594 1404 τὸ
640 1345 892 1423 μεγάλως
940 1343 1300 1411 ἀλλοιωθῆναι
1332 1342 1433 1410 τὴν
1478 1347 1580 1397 τῶν
1626 1339 1680 1395 ἐν

80 1442 217 1516 ταύτῃ
257 1437 590 1513 δηλουμένων
651 1440 850 1514 χωρῶν
881 1433 1209 1490 κατάστασιν
1240 1434 1343 1489 ὑπὸ
1376 1436 1481 1487 τῶν
1515 1429 1682 1486 ἆθέων

80 1526 352 1606 Βαρϐάρων,
384 1530 478 1584 καὶ
515 1524 599 1582 διὰ
631 1535 786 1583 τοῦτο
831 1523 1176 1599 ἀπρακτῆσαι
1214 1523 1299 1579 καὶ
1333 1521 1393 1577 τὰ
1423 1525 1522 1585 τῆς
1553 1540 1681 1577 νεα-

81 1626 180 1695 ρᾶς,
220 1620 310 1677 Καὶ
351 1621 380 1685 ἡ
423 1614 506 1674 κθ’
551 1616 713 1693 νεαρὰ
757 1612 963 1693 ἐγράφη
999 1613 1073 1676 εἷς
1119 1610 1323 1688 βιϐλίον
1354 1616 1461 1666 τῶν
1516 1618 1680 1665 Βασι-

79 1707 219 1764 λικῶν
245 1708 340 1781 ς’,
374 1708 479 1770 τίτ,
531 1704 629 1783 ιγ’,
680 1725 799 1783 κεφ.
833 1700 911 1774 α’,
946 1702 1165 1759 ἐνταῦθα
1192 1700 1247 1757 δὲ
1290 1700 1384 1756 οὒκ
1414 1697 1569 1765 ἐτέθη
1601 1696 1687 1754 διὰ

1760 623 1866 679 aut
1896 622 1961 678 in
1991 618 2222 679 duabus
2255 619 2610 683 civitatibus
2638 638 2800 683 unus
2824 622 3104 693 clericus.

1843 704 2092 767 Concilii
2112 705 2335 769 Nicaeni
2363 727 2556 771 canon
2583 710 2657 787 7;
2685 711 2924 774 concilii
2950 712 3406 786 Chalcedonen-

1760 795 1841 855 sis
1862 814 2055 857 canou
2074 797 2275 876 10,12;
2301 798 2544 860 concilii
2560 797 2786 862 Nicaeni
2809 806 3060 868 secundi
3087 827 3282 874 canon
3303 814 3404 877 15.

1848 884 2554 968 Τ‹-ίειιι.ς.ΗθΙοηοροηιυε
2586 889 2736 952 duos
2770 898 3267 976 metropolitanos
3298 904 3410 967 ha-

1763 974 1883 1051 bet,
1922 986 2069 1070 etc.,
2102 996 2292 1057 usque
2323 979 2402 1041 ad
2460 988 2524 1041 ut
2575 989 2773 1043 const.
2824 983 2924 1062 39,
2971 974 3254 1067 ejusdem
3290 992 3405 1070 tit.,

1764 1075 1825 1129 ut
1854 1085 1998 1148 pag.
2035 1069 2177 1130 510.

1844 1157 2182 1221 Scholium.
2210 1158 2457 1222 Novella
2495 1161 2573 1223 28
2605 1162 2798 1242 posita
2829 1172 2921 1226 est
2950 1165 3012 1227 in
3045 1168 3148 1234 lib.
3184 1189 3257 1234 vr.
3297 1173 3409 1236 Ba-

1763 1246 1860 1310 sil.
1897 1248 2123 1344 tit.-l2,
2158 1268 2313 1344 cap._
2356 1251 2412 1324 l,
2473 1269 2604 1331 quae
2663 1251 2759 1314 hic
2804 1271 2837 1344 a
2871 1255 3046 1320 nobis
3075 1259 3258 1344 [ideo]
3291 1283 3412 1326 non

1764 1344 1856 1398 est
1889 1337 2101 1417 posita,
2161 1340 2318 1419 quod
2381 1358 2634 1421 quarum
2696 1343 3008 1421 regionum
3044 1337 3411 1415 mentionem

1766 1426 1932 1501 facit,
1970 1427 2211 1489 illarum
2249 1430 2502 1491 multum
2537 1429 2611 1491 ab
2646 1432 2848 1512 impiis
2873 1434 3152 1501 Barbaris
3182 1441 3411 1507 immu-

1768 1524 1922 1576 tatus
1954 1516 2031 1577 sit
2058 1525 2268 1590 status,
2333 1536 2524 1599 eaque
2570 1519 2805 1582 ratione
2860 1522 3045 1586 irritae
3092 1529 3263 1591 factze
3294 1534 3416 1594 sint

1769 1606 2044 1670 novellae.
2081 1605 2325 1668 Novella
2358 1627 2496 1669 vero
2520 1608 2596 1671 29
2620 1610 2843 1690 scripta
2874 1621 2967 1675 est
2998 1614 3054 1676 in
3090 1616 3194 1679 lib.
3225 1621 3411 1685 Basil.

1769 1697 1828 1772 6,
1866 1694 1952 1759 tit.
1996 1700 2089 1772 l3,
2139 1717 2267 1778 cap.
2338 1705 2401 1773 1;
2462 1698 2558 1759 hic
2607 1706 2809 1762 autem
2861 1713 3107 1784 propter
3138 1710 3415 1772 eamdem

111 1798 122 1813 \
293 1798 304 1812 κ
427 1798 441 1817 ν
488 1797 499 1815 ι
664 1792 678 1817 ς
861 1789 875 1812 9
991 1791 1001 1809 ι
1172 1798 1193 1807 -ρ
1279 1789 1297 1812 ρ
1376 1790 1388 1809 ο
1552 1795 1572 1804 ν
1673 1786 1685 1805 ν

79 1819 160 1863 την
199 1801 350 1863 αὔτη-ι
392 1818 590 1857 αιτιαν,
683 1799 729 1850 Η
793 1791 852 1847 λε
918 1790 1060 1854 διατ,
1105 1814 1197 1848 του
1243 1816 1277 1868 γ
1338 1813 1441 1851 τιτ,
1485 1811 1577 1845 του
1634 1810 1667 1843 α

1848 1806 2009 1848 usam
2048 1807 2172 1849 non
2224 1795 2315 1850 est
2374 1788 2588 1868 posita.
2652 1792 2837 1851 Porro
2890 1796 2966 1855 3:3
3018 1806 3215 1861 const.
3253 1800 3341 1860 tit.
3379 1804 3417 1861 3

75 1884 250 1962 βιϐλίου
278 1889 366 1944 τοῦ
396 1884 626 1946 κώδικος
659 1882 769 1939 ἐστι
802 1903 926 1958 κεφ.
963 1878 1041 1960 γ’,
1092 1891 1185 1940 τοῦ
1235 1877 1284 1936 α’
1335 1880 1439 1940 τίτ.
1493 1884 1586 1934 τοῦ
1630 1874 1681 1955 γ’

77 1975 254 2051 βιϐλίου
291 1981 392 2031 τῶν
445 1970 772 2045 Βασιλικῶν,
838 1971 976 2028 οὕτω
1025 1970 1183 2047 λέγον
1221 1989 1234 2003 ’
1292 1971 1391 2027 Τὸν
1422 1968 1683 2048 ἀφαιρού-

72 2087 215 2138 μενον
241 2064 442 2130 πόλεως
482 2062 810 2130 οἱασδτίποτε
854 2084 996 2124 τινος
1043 2061 1213 2117 πάλαι
1271 2059 1458 2137 οὔσης,
1504 2057 1539 2125 ἢ
1598 2062 1685 2112 νῦν

70 2152 379 2222 πολισοείσης
412 2156 475 2211 τὸ
526 2158 623 2220 τῆς
673 2151 847 2217 ἷδικῆς
881 2150 1179 2218 ἐπισκοπῆς
1212 2147 1413 2205 δίκαιον
1441 2147 1476 2215 ἢ
1506 2144 1684 2220 ἕτερον

66 2244 326 2321 προνόμιον
380 2243 480 2300 κᾶν
558 2242 663 2298 ἀπὸ
741 2241 1027 2318 βασιλικῆς
1100 2240 1420 2317 ἐπιτροπῆς,
1494 2238 1685 2308 ἀτιμοῖ

64 2335 138 2389 καὶ
186 2331 395 2407 δημεύει
449 2336 485 2401 ἡ
552 2331 808 2409 διάταξις,
864 2330 1129 2407 ἆκυρουσα
1163 2330 1253 2385 καὶ
1290 2328 1389 2396 τὴν
1421 2327 1681 2407 ἐγχείρη-

62 2444 150 2498 σιν,
184 2422 448 2502 ὸπεξαιρεῖ
498 2421 556 2478 δὲ
588 2421 683 2485 τοὶς
729 2420 785 2476 ἐν
846 2421 1039 2492 Σκυθίᾳ
1083 2418 1348 2498 ἐπαρχίας
1380 2419 1467 2474 καὶ
1512 2422 1681 2472 Λεον-

58 2512 255 2569 τόπολιν
296 2519 396 2581 τῆς
431 2513 723 2588 Ἰσαυρίας.
776 2508 844 2567 Ἦ
877 2508 932 2565 δὲ
977 2507 1055 2565 λθ’
1108 2506 1342 2573 διάταξις
1385 2518 1476 2566 τοῦ
1522 2505 1682 2563 αὒτοῦ

58 2602 143 2664 τίτ.
174 2603 259 2659 καί
300 2601 521 2680 βιϐλίου
550 2603 644 2659 οὐκ
671 2601 829 2668 ἐτέθη
862 2602 934 2665 εἰς
982 2600 1048 2655 τὰ
1094 2596 1373 2660 Βασιλικά,
1422 2595 1679 2671 Σημείω-

57 2712 132 2746 σαι
188 2698 256 2765 τῷ
299 2693 526 2751 ἐνταῦθα
576 2689 998 2770 καταστριυθέντι
1060 2688 1210 2763 νόμῳ
1260 2686 1425 2764 ἤγουν
1481 2692 1557 2759 τῷ
1635 2683 1682 2764 γ’

60 2801 162 2859 κερ.
186 2782 273 2838 τοῦ
305 2781 354 2839 α’
389 2785 499 2846 τίτ,
530 2788 625 2839 τοῦ
656 2779 707 2860 γ’
740 2778 945 2857 βιϐλίου
978 2779 1055 2854 μὴ
1097 2778 1373 2857 πρόσχῃς.
1419 2774 1682 2853 Ἀνῃρέθη

58 2872 142 2948 γὰρ
194 2873 288 2929 ὕπὸ
334 2872 430 2930 τοῦ
474 2870 548 2944 ιζ’
594 2872 817 2936 κανόνος
856 2875 943 2937 τῆς
985 2867 1040 2923 ἐν
1087 2866 1390 2935 Χαλκηδόνι
1443 2865 1682 2937 συνόδου,

59 2962 138 3015 καί
192 2962 281 3017 10-3
321 2961 414 3029 λη’
461 2962 697 3024 κανόνος
756 2961 854 3027 τῆς
915 2959 970 3014 ἐν
1014 2966 1089 3033 τῷ
1154 2956 1400 3035 Τροόλλῳ
1445 2954 1684 3018 συνόδου,

56 3052 139 3107 Καὶ
174 3051 436 3130 ἀνάγνωθι
469 3056 570 3111 τὸν
616 3072 855 3109 τοιουτον
885 3048 972 3115 λη’
1016 3070 1214 3106 κανονα
1262 3047 1351 3103 καὶ
1380 3049 1477 3114 τὴν
1514 3046 1688 3124 ἑρμη-

53 3142 174 3196 νείαν
217 3147 375 3202 αὐτοῦ
410 3188 425 3203 ,

51 3231 167 3300 μετὰ
193 3232 451 3309 βασιλικοὶ
483 3234 710 3312 ῥήματα
754 3226 1187 3304 διαλαμϐάνοντα
1232 3230 1348 3291 πῶς
1379 3239 1494 3290 τοῖς
1524 3226 1683 3301 βασι-

49 3316 175 3376 λεῦσι
230 3322 443 3402 ἐφεῖται
525 3319 956 3387 ἐκκλησιαστικᾶ
1026 3323 1439 3394 μετασκευάζειν
1511 3313 1688 3370 δίκαια

48 3410 121 3465 καὶ
151 3411 438 3490 προνόμια,
493 3411 820 3487 Σημείωσαι
857 3428 872 3444 ⁸
921 3406 985 3466 Ἠ
1031 3407 1117 3465 λθ²
1162 3406 1303 3466 διάτ.
1354 3412 1448 3462 τοῦ
1486 3402 1537 3482 γ’
1581 3404 1684 3465 τίτ.

45 3502 125 3554 τοῦ
162 3500 210 3556 α’
240 3500 453 3577 βιϐλίου
487 3508 592 3558 τοῦ
642 3499 871 3563 κώδικος
906 3500 940 3566 ἡ
976 3496 1313 3575 διοριζομένη
1347 3495 1421 3570 μὴ
1457 3494 1690 3572 γίνεσθαί

48 3609 147 3646 τινα
176 3589 263 3649 δύο
295 3591 715 3670 μοναστηρίων,
750 3590 829 3666 μὴ
871 3587 1158 3668 ὀφείλουσα
1206 3586 1443 3664 ἐνεργεῖν
1501 3582 1586 3639 διὰ
1628 3585 1690 3639 τὸ

45 3680 110 3751 μὴ
164 3686 386 3750 τεθῆναι
433 3686 517 3748 εἷς
571 3682 641 3737 τὰ
683 3678 962 3758 βασιλικὰ,
998 3678 1209 3756 ἐνεργεῖ
1268 3673 1570 3737 ἆκολούθως
1614 3679 1691 3746 τῷ

53 3767 106 3822 ιε’
145 3774 323 3828 κανόνι
369 3779 473 3840 τῆς
523 3770 576 3844 ζ’
611 3768 827 3826 συνόδου
860 3772 937 3844 τῷ
966 3765 1320 3847 διοριζομένῳ
1350 3765 1429 3839 μὴ
1459 3764 1692 3842 γίνεσθαί

41 3880 140 3915 τινα
182 3862 449 3942 κληρικὸν
499 3864 585 3921 εἷς
619 3859 707 3916 δύο
740 3857 1029 3926 ἐκκλησίας
1066 3864 1193 3933 μιᾶς
1223 3856 1457 3917 πόλεως.
1491 3856 1547 3911 Εἰ
1590 3854 1691 3931 γὰρ

42 3949 122 4005 οὒκ
149 3950 354 4031 ἐξεῖται
404 3951 751 4032 κληροῦσθαί
779 3971 898 4007 τινα
930 3950 1003 4013 εἷς
1037 3946 1127 4005 δύο
1159 3943 1472 4024 ἐκκλησίας,
1505 3942 1692 4019 πολλῷ

35 4036 178 4096 πλέον
208 4040 327 4099 οὔδε
361 4045 687 4122 ἡγούμενος
735 4039 823 4097 δύο
876 4040 1251 4115 μοναστηρίων
1302 4034 1688 4115 προστήσεται,

37 4126 196 4205 ὥσπερ
231 4131 348 4192 οὗδὲ
398 4131 636 4212 κεφαλὴ
668 4130 763 4206 μία
794 4129 885 4188 δύο
921 4129 1213 4205 σωμάτων.
1250 4129 1320 4185 Τὸ
1350 4125 1403 4183 δὲ
1436 4126 1691 4204 προίστα-

33 4222 133 4276 σθαι
186 4225 279 4280 τὸν
340 4222 886 4301 Παντοκρατορηνὸν
936 4218 1240 4297 ἡγούμενον
1273 4215 1489 4274 πολλῶν
1521 4236 1690 4290 μονα-

34 4318 246 4387 σττιρίων
304 4316 409 4371 οὒκ
458 4312 808 4369 ἐναντιοῦται
853 4317 931 4384 τῷ
973 4332 1157 4366 κανονι
1192 4324 1207 4340 ⁸
1265 4310 1326 4365 τὸ
1371 4307 1470 4385 γὰρ
1521 4303 1696 4363 πολλὰ

34 4404 353 4483 μοναστήρια
400 4407 484 4471 ὡς
537 4401 603 4461 ἓν
662 4401 988 4480 λογίζονται,
1037 4397 1122 4457 διὰ
1168 4401 1229 4456 τὸ
1288 4396 1407 4455 κατ’
1459 4394 1694 4453 ἐπίδοσιν

34 4497 316 4566 περιελθεῖν
349 4497 431 4560 εἷς
464 4497 572 4551 τὸν
608 4493 1042 4570 παντοκράτορα.

104 4590 353 4646 ΚΕΦΑΑ.
422 4582 574 4646 ΚΑ’.
649 4615 730 4628 -
782 4584 908 4660 Περὶ
963 4584 1069 4639 τῶν
1130 4580 1581 4661 χειροτονούντων
1639 4577 1694 4634 ἐν

30 4684 138 4734 ταῖς
219 4675 301 4750 μὴ
378 4674 587 4739 οὔσαις
680 4671 769 4730 ὕπ’
852 4671 1042 4735 αὐτοὺς
1119 4669 1338 4728 πόλεσιν
1415 4670 1451 4738 ἢ
1522 4669 1694 4748 ἐπαρ-

29 4779 179 4839 χιαις,

96 4853 455 4915 Ἀποστόλων
506 4856 702 4915 κανὼν
744 4852 823 4910 λε’
851 4869 865 4884 ⁶
926 4851 1145 4911 συνόδου
1201 4850 1543 4932 Ἀντιοχείας
1589 4873 1694 4909 κα·-

27 4940 114 4996 νὼν
144 4943 239 5025 ιγ’,
273 4947 363 5026 ιβ’
404 4964 420 4979 ⁸
461 4943 707 5004 συνοδοδ
741 4942 968 5025 Ἐφέσου
1003 4945 1177 5002 κανὼν
1214 4940 1294 5011 η’,

96 5044 349 5102 ΚΕΦΑΛ,
452 5034 603 5097 ΚΒ’.
682 5069 762 5082 -
824 5034 955 5115 Περΐ
1025 5040 1132 5091 τῶν
1219 5033 1304 5090 διὰ
1372 5032 1695 5114 προστασίας

26 5118 293 5204 ἀρχόντων
324 5126 663 5208 γινομένων
695 5126 969 5205 ἐγκρατὼν
1002 5123 1333 5193 ἐκκλησιῶν.

94 5212 453 5278 Ἀποστολων
525 5217 723 5276 κανὼν
779 5214 829 5273 λ’
866 5235 880 5251 ⁶
946 5213 1164 5274 συνόδου
1236 5214 1457 5280 Νικαίας
1530 5215 1590 5271 τὸ
1648 5211 1697 5291 β’

25 5308 183 5364 κανὼν
216 5307 292 5389 γ’.

94 5394 395 5481 Ἀνάγνωθι
463 5404 536 5459 τὸ
606 5396 667 5456 α’
711 5419 834 5480 κειρ.
882 5402 975 5455 του
1018 5394 1075 5465 η’
1120 5397 1223 5461 τίτ,
1286 5407 1378 5456 τοῦ
1408 5395 1697 5476 παρόντος

29 5491 422 5568 συδτᾶγματος,
460 5496 562 5549 καὶ
598 5490 675 5547 τὰ
705 5489 757 5546 ἐν
790 5490 933 5563 αὖτῷ
962 5487 1484 5568 παραγεγραμμὲνα.

97 5587 346 5643 ΚΕΦᾹΛ.
406 5579 555 5644 ΚΓ’.
610 5612 698 5626 ——
741 5580 866 5658 Περὶ
908 5584 1017 5635 τῶν
1059 5575 1145 5634 διὰ
1188 5578 1361 5657 γάμον
1422 5574 1699 5646 ἢπαλλα-

24 5672 204 5748 κισμὸν
250 5675 330 5753 μή
364 5670 904 5757 χειροτονουμένων
935 5668 1269 5735 ἐπισκόπων,

338 5823 624 5891 Parnm.
656 5815 774 5887 Gn.
805 5812 953 5887 CIV.

1767 1876 1876 1969 lib.
1921 1894 1964 1969 ι,
2002 1877 2136 1969 cod.
2174 1887 2263 1939 est
2294 1896 2428 1956 cap.
2464 1878 2523 1953 3,
2559 1878 2648 1943 tit.
2690 1887 2714 1941 1
2773 1880 2882 1946 lib.
2917 1881 2977 1957 3,
3013 1884 3223 1961 Basil.,
3253 1890 3416 1969 quod

1767 1967 1855 2027 sic
1886 1967 1968 2028 ait
2001 1988 2014 2030 :
2071 1966 2246 2041 Eum,
2296 1971 2396 2048 qui
2430 1987 2856 2051 quamcunque
2888 1983 3150 2036 veterem
3182 1966 3286 2040 aut
3310 1999 3416 2042 re-

1769 2074 1911 2117 cens
1930 2056 2259 2147 conditam,
2283 2058 2586 2147 civitatem
2623 2060 2852 2139 proprii
2910 2063 3288 2145 episcopatus
3311 2071 3415 2147 ju-

1766 2163 1855 2238 re,
1891 2145 2080 2238 aliove
2114 2146 2423 2238 privilegio
2456 2147 2666 2238 privat,
2695 2152 2929 2211 tametsi
2964 2154 3250 2236 principis
3283 2145 3416 2238 per-

1770 2236 1953 2296 missu
1990 2235 2080 2314 [id
2118 2236 2308 2314 faciat]
2341 2257 2353 2296 :
2389 2236 2631 2299 infamia
2664 2247 2838 2302 notat
2866 2235 3198 2324 multatque
3241 2235 3415 2310 bonis

1767 2325 2138 2399 constitutio,
2174 2345 2240 2388 ac
2267 2325 2449 2387 simul
2483 2327 2792 2409 inceptum
2829 2328 2968 2391 facit
3001 2331 3262 2397 irritum.
3290 2338 3413 2399 Ex-

1767 2416 1915 2505 cipit.
1943 2424 2145 2478 autem
2203 2416 2461 2496 Scythiae
2507 2418 2870 2497 provincias,
2905 2428 2967 2483 et
2998 2423 3416 2505 Leontopolim

1769 2505 1827 2595 in
1862 2504 2109 2568 lsauria.
2147 2505 2491 2587 [Deinceps]
2529 2525 2668 2568 vero
2703 2508 2847 2569 huic
2879 2509 3011 2572 loco
3037 2504 3277 2577 inserta)
3298 2515 3414 2595 legi

1768 2593 1922 2675 (cap.
1958 2595 2235 2657 videlicet
2269 2596 2328 2677 3,
2356 2595 2446 2659 tit.
2479 2613 2520 2672 Ι,
2551 2596 2656 2659 lib.
2684 2599 2744 2677 3)
2780 2597 3046 2661 animum
3089 2621 3165 2665 ne
3195 2593 3413 2667 adver-

1768 2694 1875 2746 tas.
1915 2684 2222 2766 Siquidem
2258 2705 2291 2745 a
2321 2704 2555 2749 canone
2583 2688 2616 2747 7
2655 2687 3165 2754 Chalcedonensis
3194 2694 3408 2757 conci—

1770 2774 1856 2848 lii,
1895 2785 1952 2836 et
1982 2794 2214 2838 canone
2244 2777 2322 2841 38
2357 2777 2418 2837 in
2450 2775 2660 2838 Trullo
2714 2776 2960 2860 [habiti]
3016 2783 3282 2865 concilii,
3320 2794 3410 2847 est

1771 2866 2074 2944 abrogata.
2112 2866 2297 2945 Legas
2329 2874 2531 2928 autem
2565 2866 2642 2927 38
2675 2866 2843 2929 illum
2896 2888 3212 2949 canonem,
3251 2874 3414 2953 ejus-

1772 2973 1888 3035 que
1913 2956 2373 3035 eXpositioncm.
2413 2957 2645 3018 Inserta
2700 2965 2840 3019 sunt
2895 2960 3057 3021 enim
3086 2960 3175 3023 illi
3205 2962 3416 3044 scripti

1773 3043 2145 3124 imperatorii
2169 3048 2372 3119 verba,
2410 3063 2561 3125 quae,
2616 3045 2917 3124 quomodo
2952 3043 3418 3129 imperatoribus

505 3142 959 3217 κατεστρώθησαν
1030 3140 1130 3218 γὰρ
1202 3137 1256 3193 ἐν
1300 3138 1433 3213 αὐτῇ
1478 3136 1711 3211 σημείῳ‹

1848 3152 1907 3194 ra
1939 3133 2365 3215 privilegiaque
2402 3133 2815 3197 ecclesiastica
2847 3144 3246 3203 transmutare
3271 3160 3419 3205 con-

1771 3223 2040 3298 cedatur,
2079 3225 2401 3305 explicant.
2437 3224 2690 3286 Conslit.
2725 3226 2827 3300 39,
2865 3227 2953 3288 tit.
2990 3228 3049 3305 3,
3075 3230 3185 3296 lib.
3221 3233 3417 3307 I,cod.

1770 3332 1903 3394 qum
1929 3313 2131 3375 statuit
2167 3332 2241 3375 ne
2273 3316 2406 3394 quis
2471 3314 2690 3393 prazsul
2726 3314 2979 3378 duorum
3015 3323 3419 3385 monasterio-

1771 3423 1904 3465 rum
1938 3404 2059 3479 ﬁat,
2097 3404 2508 3483 [quanquam]
2544 3403 2766 3466 nullius
2822 3406 3107 3472 efﬁcaciae
3139 3429 3271 3473 esse
3304 3413 3419 3475 de~

1773 3494 1933 3575 beat,
1967 3493 2127 3575 quod
2156 3494 2215 3554 in
2248 3493 2520 3555 Basilicis
2553 3493 2742 3572 posita
2771 3512 2886 3556 non
2919 3496 2996 3557 sit
3031 3515 3044 3556 :
3088 3499 3416 3563 efﬁcaciam

1774 3586 2015 3661 [tamen]
2042 3582 2217 3645 habet
2248 3600 2321 3644 ex
2353 3582 2849 3661 interpretatione
2885 3585 2954 3645 14
2986 3588 3233 3650 canonis
3265 3609 3416 3651 con-

1774 3674 1900 3736 cilii
1928 3672 2173 3755 septimi
2206 3672 2656 3748 constituentis,
2696 3692 2770 3734 ne
2800 3673 2932 3753 quis
2963 3674 3021 3736 in
3057 3677 3288 3741 duabus
3311 3698 3416 3742 ec-

1776 3764 1976 3826 clesiis
2031 3762 2209 3825 unius
2267 3760 2433 3823 urbis
2464 3761 2721 3823 clericus
2752 3762 2874 3823 fiat.
2911 3761 2973 3825 Si
3006 3783 3267 3848 namque
3297 3788 3417 3831 non

1777 3854 2137 3936 permittitur
2167 3853 2445 3933 cuiquam
2503 3852 2564 3913 in
2617 3850 2850 3914 duabus
2909 3855 3185 3919 ecclesiis
3234 3859 3419 3921 cleri-

1775 3964 1908 4007 cum
1941 3944 2097 4019 fteri,
2152 3943 2338 4005 multo
2400 3941 2589 4021 magis
2648 3941 2867 4022 praesul
2903 3943 3019 4007 duo
3054 3950 3421 4012 monasteria

1776 4055 1894 4098 non
1925 4032 2342 4097 moderabitur
2377 4052 2390 4096 :
2447 4031 2954 4113 quemadmodum
3007 4054 3201 4118 neque
3231 4058 3417 4101 unum

1774 4135 1954 4207 caput
1983 4125 2102 4186 duo
2162 4142 2445 4203 corpora.
2502 4122 2671 4194 Quod
2722 4131 2918 4198 autem
2956 4127 3417 4192 Pantocratore-

1776 4235 1887 4277 nus
1922 4214 2137 4296 praasul
2198 4213 2406 4275 multis
2466 4213 2855 4276 monasteriis
2888 4224 3127 4299 praeest,
3163 4238 3281 4280 non
3311 4221 3421 4283 ad.

1776 4314 2050 4368 versatur
2107 4305 2351 4367 canoni.
2412 4303 2557 4365 Nam
2616 4303 2804 4366 multa
2834 4304 2937 4367 illa
2968 4310 3332 4372 monasteria
3359 4320 3422 4373 ut

1776 4415 1959 4459 unum
2012 4404 2387 4476 reputantur,
2437 4393 2599 4476 quod
2648 4396 2900 4458 auctarii
2931 4397 3123 4463 instar
3148 4400 3219 4463 ad
3252 4402 3419 4464 illum

1715 4529 1761 4583 ο
1779 4486 2178 4583 devenerunt,

1860 4577 2022 4640 CAP.
2055 4575 2206 4638 XXI.
2235 4611 2311 4623 —-
2349 4576 2432 4639 De
2460 4576 2555 4639 his
2580 4578 2688 4657 qui
2716 4576 3017 4642 ordinant
3047 4582 3111 4642 in
3140 4582 3419 4646 civitati-

1783 4670 1913 4745 bus,
1947 4675 2057 4731 aut
2085 4669 2452 4748 provinciis,
2487 4685 2622 4748 quae
2651 4666 2760 4729 sub
2784 4668 2935 4747 ipsis
2963 4687 3088 4732 non
3116 4678 3281 4735 sunt.

1859 4846 2284 4930 Apostolorum
2344 4864 2538 4908 canon
2595 4846 2719 4921 35;
2778 4848 3020 4910 concilii
3052 4849 3418 4915 Antiocheni

1779 4957 1973 5003 canon
2002 4940 2100 5012 13,
2132 4937 2250 5019 22;
2287 4936 2534 5000 concilii
2567 4936 2865 5016 Ephesini
2898 4957 3090 5001 canon
3121 4942 3181 5005 8.

1863 5027 2029 5092 CAP.
2061 5026 2244 5092 XXII.
2279 5063 2355 5074 —
2389 5026 2480 5088 Dc
2528 5026 2626 5088 his
2679 5026 2790 5105 qui
2813 5029 3160 5107 patrocinio
3188 5032 3425 5113 magis-

1782 5126 2051 5183 tratuum
2082 5117 2369 5181 ecclesias
2398 5122 2722 5195 occupant.

1861 5208 2281 5290 Apostolorum
2315 5224 2510 5269 canon
2541 5204 2656 5279 30;
2690 5206 2934 5269 concilii
2961 5206 3184 5274 Nicaeni
3215 5231 3427 5277 secun«

1782 5300 1842 5363 di
1875 5318 2071 5363 canon
2102 5303 2159 5362 3.

1861 5389 2196 5454 Scholium.
2231 5388 2387 5479 Lege
2420 5406 2554 5469 cap.
2613 5394 2670 5464 1,
2724 5388 2811 5454 tit.
2846 5389 2906 5467 8,
2942 5395 3253 5472 praesentis
3280 5415 3428 5479 ope-

1782 5483 1888 5556 ris,
1924 5490 1983 5543 et
2007 5498 2139 5562 qua)
2170 5480 2230 5541 in
2260 5478 2363 5541 illo
2393 5486 2783 5542 annotantur.

1865 5568 2243 5634 CAP.XX[lI.
2257 5569 2343 5632 De
2360 5570 2456 5634 his
2468 5571 2576 5652 qui
2588 5577 2834 5650 prapter
2844 5574 3308 5640 matrimonium
3324 5585 3433 5640 aut

1788 5662 2260 5727 concubinatum
2275 5679 2397 5726 non
2416 5661 3060 5747 ordinanturepiswpi
3071 5674 3178 5730 aut
3199 5666 3427 5730 clerici.

3113 5804 3192 5877 32
