4090 6204
461 293 616 366 1007
1645 289 1914 360 PHOTII
1957 290 2096 357 PAT

2190 289 2474 359 'ARCHzE
2517 293 2632 358 ΟΡ.
2660 322 2678 334 ν
3685 293 3844 366 1008

453 441 561 509 illa
586 462 845 527 persona
871 447 962 509 vel
991 441 1607 513 administrationem,
1633 441 1726 503 vel
1761 439 2094 503 ordinatiu-

2190 438 2236 495 ἒν
2278 441 2324 516 ᾧ
2366 443 2428 498 τὸ
2472 451 2711 502 τοιοῦτον
2742 445 3028 518 πρόσωπον
3073 447 3173 514 τὴν
3217 445 3488 511 διοίκησιν
3519 446 3555 514 ἢ
3585 447 3684 512 τὴν
3716 465 3845 524 χει⁸

457 553 624 616 nem,
653 537 746 599 vel
773 555 977 600 curam
1009 533 1300 616 suscepit,
1331 530 1725 614 praebebitur.
1759 531 1820 594 Si
1851 531 1987 611 quis
2015 540 2102 591 la-

459 646 600 690 men
639 627 900 690 clericus
929 626 1344 706 cujuscunque
1369 622 1613 703 gradus,
1646 629 1749 683 aut
1780 621 2102 700 dispensa-

456 724 552 779 tor
575 717 991 798 cujuscunque
1023 732 1210 778 sacra).
1241 714 1483 792 domus,
1533 719 1636 774 aut
1677 718 1820 772 ante
1849 709 2101 770 ordina-

455 809 702 889 tionem,
735 816 838 870 aut
863 814 1004 869 ante
1033 802 1443 869 concreditam
1469 803 1584 882 ipsi
1619 801 2102 882 qualemcunque

455 896 1046 960 administrationem
1081 895 1172 957 vel
1205 912 1411 956 curam
1447 892 1579 972 [aut
1607 892 1810 968 etiam]
1844 899 2106 970 postmoo

455 987 600 1051 dum
633 987 894 1051 voluerit
926 985 1154 1068 aliquid
1207 1001 1410 1046 rerum
1465 1000 1704 1044 suarum
1744 981 1966 1042 offerre
1996 997 2103 1068 ec-

455 1077 656 1142 clesiae
687 1077 750 1140 in
778 1095 956 1159 quam
989 1067 1332 1148 ordinatur,
1367 1071 1459 1134 vel
1492 1071 1624 1134 loco
1681 1070 1853 1150 cujus
1903 1067 2101 1130 admi-

455 1157 876 1230 nistrationem
933 1182 1214 1228 curamve
1269 1161 1576 1241 suscipit:
1615 1179 1736 1223 non
1792 1158 1983 1219 solum
2041 1157 2102 1218 id

455 1257 591 1320 ﬁeri
620 1276 740 1320 non
774 1255 1190 1337 prohibemus,
1225 1270 1436 1316 verum
1467 1250 1649 1312 etiam
1684 1258 1748 1310 ut
1780 1249 1836 1309 id
1875 1266 1979 1327 pro
2011 1265 2106 1308 sa-

455 1348 583 1411 lute
614 1347 832 1410 animae
863 1364 986 1407 sua:
1025 1343 1271 1418 faciant,
1305 1345 1486 1404 etiam
1519 1348 1699 1420 atque
1728 1338 1906 1400 etiam
1941 1338 2104 1417 ipsos

453 1439 792 1502 hortamur.
822 1434 932 1498 Illa
963 1433 1124 1496 enim
1161 1432 1288 1494 dari
1345 1428 1765 1512 prohibemus,
1811 1447 1944 1508 quae
1975 1427 2101 1507 pri-

455 1529 604 1591 vatis
662 1525 1045 1609 quibuspiam
1123 1521 1476 1585 hominibus
1549 1519 1916 1600 prmbentur,
1979 1535 2101 1609 non

456 1620 638 1682 etiam
680 1607 826 1700 qua;
882 1613 1286 1678 sanctissimis
1317 1610 1598 1674 ecclesiis
1626 1609 1881 1690 aliisque
1912 1607 2100 1669 sacris

455 1709 606 1772 locis
635 1699 997 1772 oll‘eruntur.
1027 1704 1180 1784 Lege
1212 1703 1390 1764 etiam
1427 1701 1606 1763 tinem
1641 1718 1772 1779 cap.
1806 1699 1868 1770 9,
1913 1699 2001 1760 tit.
2041 1699 2098 1772 1,

2183 532 2422 603 ροτονίαν
2455 532 2490 601 ἢ
2523 535 2620 600 τὴν
2665 533 2911 614 φροντίδα
2943 535 3102 593 ἔλαϐε
3159 535 3504 618 παρεχέσθω,
3545 538 3601 593 Εἰ
3650 536 3708 591 δέ
3749 555 3840 594 τις

2183 621 2441 700 κληρικὸς
2499 621 2817 694 οίουδήποτε
2845 626 3074 706 βαθμοῦ,
3123 627 3156 695 ἢ
3191 625 3477 692 διοικητὴς
3515 623 3840 692 οίουδιὶποτε

2184 710 2404 786 ἐναγοῦς
2449 711 2626 792 οἴκου,
2674 713 2709 781 ἢ
2760 715 2864 792 πρὸ
2921 717 3020 782 τῆς
3077 717 3442 796 χειροτονίας,
3479 716 3512 784 ἢ
3540 717 3630 784 τῆς
3663 716 3836 790 ἐμπι-

2186 801 2489 868 στευθείσης
2535 804 2678 877 αύτῷ
2713 802 3034 874 οἱασδήποτε
3089 805 3417 878 διοικήσεως
3469 807 3504 874 ἢ
3555 803 3837 885 φροντίδος

2185 891 2320 966 μετᾶ
2377 899 2541 951 ταῦτα
2583 892 2820 970 βουληθῇ
2872 917 2923 950 τι
2980 902 3088 953 τῶν
3118 895 3258 954 ἰδίων
3292 897 3623 974 πραγμάτων
3654 916 3836 974 προα-

2187 995 2414 1058 αγαγεῖν
2472 987 2540 1058 τῇ
2582 981 2846 1057 ὶκκλησίᾳ
2905 984 2960 1041 ἐν
2991 985 3026 1061 ᾗ
3059 1001 3482 1066 χειροτονεῖται,
3510 985 3546 1054 ἢ
3577 993 3653 1042 τῶ
3685 985 3842 1056 τόπῳ

2185 1071 2386 1136 οὗτινος
2442 1071 2543 1139 τὴν
2595 1070 2884 1154 διοίκησιν,
2929 1074 2964 1142 ἢ
3021 1077 3122 1144 τὴν
3181 1075 3430 1156 φροντίδα
3481 1075 3839 1156 ἀναδέχεται,

2187 1159 2247 1214 οὒ
2291 1159 2454 1234 μόνον
2485 1165 2544 1220 οὗ
2575 1161 2854 1238 κωλύομεν
2886 1170 3042 1222 τοῦτο
3071 1166 3330 1246 γίνεσθαι,
3365 1165 3504 1222 am
3552 1167 3640 1222 καὶ
3685 1164 3838 1240 p.31}-

2185 1246 2280 1306 λον
2318 1249 2685 1327 προτρέπομεν
2727 1251 2915 1317 αὖτοὺς
2960 1255 3026 1309 τὰ
3083 1265 3301 1314 τοιαῦτα
3369 1256 3500 1333 ὑπὲρ
3560 1257 3840 1334 σωτηρίας

2183 1343 2284 1404 τῆς
2315 1336 2447 1401 ἰδίας
2491 1341 2676 1419 ψυχῆς
2717 1355 2918 1401 ποιεῖν.
2965 1333 3156 1418 Ἠμεϊς
3209 1347 3311 1422 γὰρ
3357 1347 3542 1402 ὲκεῖνα
3573 1333 3722 1419 μόνα
3746 1344 3839 1400 δί-

2184 1427 2361 1485 δοσθαι
2419 1427 2695 1504 κωλύομεν
2741 1430 2894 1488 ἅτινα
2923 1429 3118 1495 ἷδικοϊς
3172 1457 3280 1490 τισι
3331 1437 3638 1512 προσώποις
3685 1457 3840 1514 παρα

2186 1517 2427 1597 ἑχονται,
2489 1523 2549 1578 ού
2607 1519 2706 1594 μὲν
2763 1533 2888 1586 ταῖς
2953 1521 3279 1600 ἁγιωτάταις
3341 1523 3678 1600 ἐκκλησίαις,
3741 1526 3840 1581 καὶ

2183 1621 2303 1673 τοῖς
2362 1605 2546 1674 ἄλλοις
2590 1609 2830 1687 εὗαγὲσιν
2863 1611 3036 1676 οἴκοις
3071 1616 3500 1693 προσφερόμενα.
3534 1611 3838 1694 Ἀνέγνωθι

2183 1699 2270 1754 καὶ
2310 1699 2372 1754 τὸ
2402 1698 2554 1763 τέλος
2599 1707 2694 1757 τοῦ
2723 1701 2770 1756 θ’
2795 1723 2918 1782 κεφ.
2951 1704 3044 1758 to?)
3075 1701 3129 1758 α’
3157 1703 3262 1764 τίτ.
3299 1711 3392 1761 τοῦ
3421 1703 3473 1782 γ’
3517 1701 3726 1780 βιϐλίου
3759 1707 3838 1770 εἰς

457 1798 566 1862 lib.
599 1815 688 1872 ιιι,
743 1798 805 1858 in
863 1815 996 1874 cap.
1049 1793 1086 1854 5
1118 1792 1436 1875 praesentis
1467 1790 1560 1852 tit.
1593 1790 1752 1873 quod
1787 1788 1906 1850 illis
1941 1805 2095 1868 prae-

2190 1807 2302 1867 νιεςρ.
2339 1786 2384 1842 ε’
2415 1794 2508 1844 τοῦ
2539 1790 2798 1867 παρόντος
2854 1791 2984 1870 τίτ.,
3031 1789 3114 1848 διὰ
3143 1794 3205 1849 τό
3233 1791 3352 1850 ἐκεῖ
3381 1798 3834 1870 καταστρωθῆναι

453 1908 598 1953 sens
631 1889 727 1950 lex
761 1889 994 1950 inserta
1024 1883 1123 1945 sit.

531 1978 727 2042 Aliud
745 1973 1348 2041 scholiumPraesens
1366 1971 1599 2034 novella
1623 1968 1944 2032 remotioni
1960 1965 2097 2029 sub-

443 2069 585 2152 jicit
607 2067 954 2142 canonicos,
993 2063 1096 2147 qui
1117 2063 1276 2125 datis
1301 2061 1574 2144 pecuniis
1595 2057 2098 2152 ordinantur,ali-

449 2150 618 2224 amve
639 2157 982 2240 quampiam
1007 2153 1474 2217 ecclesiasticam
1499 2150 1840 2228 suscipiunt
1861 2165 2094 2211 curam:

450 2258 632 2330 atque
653 2235 844 2311 laicus
861 2247 962 2322 qui
994 2245 1056 2306 in
1108 2243 1203 2305 his
1255 2241 1481 2320 [rebus]
1538 2239 1902 2330 mediatores
1959 2235 2096 2330 facti

448 2325 752 2419 sunt,ejus
767 2335 926 2417 quod
945 2333 1306 2415 ipsisdatum
1329 2331 1507 2406 est,in
1531 2329 1778 2407 duplum
1805 2325 2099 2419 exactioni

451 2417 604 2494 l'acit
630 2417 1162 2491 obnoxios.Canon
1193 2431 1390 2484 autem
1422 2423 1459 2480 ‘2
1485 2419 1728 2482 concilii
1755 2417 2096 2482 Chalcedo-

448 2519 683 2590 nensis,
717 2518 901 2579 laicos
933 2515 1033 2596 qui
1064 2514 1124 2574 in
1156 2513 1252 2574 bis
1277 2511 1642 2574 mediatores
1667 2508 2096 2582 interveniunt,

449 2605 817 2672 anathemati
847 2594 1115 2684 subjicit.
1148 2601 1373 2664 Verum
1435 2599 1594 2680 quod
1643 2598 1783 2660 laici
1810 2597 1910 2676 qui
1943 2594 2098 2657 datis

452 2695 729 2779 pecuniis
746 2712 1051 2758 sacrorum
1078 2693 1343 2754 locorum
1378 2689 1935 2752 administrationes
1957 2703 2097 2747 sus-

2179 1878 2269 1934 τὸν
2303 1877 2539 1954 παρόντα
2570 1877 2758 1953 νόμον,

2265 1965 2372 2046 [al.
2433 1966 2656 2048 ’Ἕτερον
2714 1969 2998 2051 σχόλιον,]
3057 1972 3372 2046 Σημείωσαι
3411 1993 3424 2008 ³
3474 1967 3536 2031 Ἠ
3581 1975 3684 2050 μὲν
3716 1997 3834 2032 πα-

2181 2063 2342 2135 ροῦσα
2401 2059 2558 2136 νεαρὰ
2631 2060 2933 2138 καθαιρέσει
3007 2059 3399 2119 καθυποϐἆλλει
3477 2065 3600 2128 τοὺς
3656 2087 3833 2122 κανο-

2181 2147 2358 2209 moi):
2403 2149 2941 2226 χειροτονουμὲνους,
2987 2151 3022 2220 ἢ
3067 2151 3250 2230 ἕτερον
3293 2175 3342 2208 τι
3391 2154 3690 2233 φρόντισμα
3730 2158 3838 2211 ὲκ-

2181 2235 2570 2304 κλησιαστικὸν
2642 2237 2732 2294 ἐπὶ
2794 2239 3039 2318 χρήμασι
3099 2239 3496 2322 λαμϐάνοντας,
3557 2245 3645 2300 καὶ
3707 2245 3839 2309 τοὺς

2183 2328 2517 2404 μεσάσαντας
2556 2329 2642 2386 ἐπὶ
2684 2331 2892 2394 τούτοις
2946 2330 3196 2412 λα’ίκοὺς,
3246 2334 3314 2410 τῇ
3349 2335 3424 2398 εἷς
3453 2335 3514 2390 τὸ
3544 2332 3839 2392 διπλάσιον

2182 2418 2471 2487 ἀπαιτήσει
2532 2427 2628 2478 τοῦ
2676 2417 2916 2484 δοθέντος
2971 2424 3158 2485 αὐτοῖς
3188 2425 3532 2502 ἓνογοποιεῖ.
3567 2423 3630 2480 Ἠ
3663 2423 3718 2480 δὲ
3749 2425 3835 2502 β’,

2181 2509 2359 2564 κανὼν
2401 2513 2500 2574 τῆς
2545 2508 2598 2564 ἐν
2657 2508 2956 2578 Χαλκηδόνι
3001 2509 3221 2569 συνόδου
3260 2513 3551 2588 ἆναθέματι
3590 2517 3840 2572 καθυπο-

2179 2594 2364 2654 ϐἐλλει
2419 2598 2542 2660 τοὺς
2586 2599 2652 2654 τὰ
2693 2609 2912 2659 τοιαῦτα
2963 2603 3294 2676 μεσάζοντας
3327 2601 3574 2664 λα’ἰκούς.
3611 2605 3686 2662 Τὸ
3729 2605 3838 2678 μέν

2179 2709 2261 2742 τοι
2316 2690 2673 2764 τιμωρεῖσθαι
2725 2691 2846 2752 τοὺς
2891 2688 3116 2755 λα’ίκοὺς
3173 2690 3265 2747 ἐπί
3309 2694 3591 2771 χρήμασιν
3630 2691 3834 2750 ἀναδε-

451 2772 1146 2870 cipiunt,puniantur,ex
1171 2779 1449 2870 przescnti
1465 2777 1696 2870 novella
1709 2772 2092 2854 consta!.[At]

2190 2773 2444 2854 δεομένους
2475 2773 2764 2846 διοικήσεις
2797 2781 3005 2855 εὖαγῶν
3035 2779 3206 2836 οἴκων
3239 2780 3345 2836 ἀπὸ
3403 2782 3505 2850 τῆς
3549 2783 3836 2857 παρούσης

454 2865 732 2960 quisnam
755 2873 1060 2955 [tandem]
1088 2870 1276 2960 laicus
1299 2869 1450 2932 citra
1475 2867 1777 2928 dationem
1823 2875 1922 2926 aut
1953 2883 2092 2944 prov

2190 2871 2370 2941 νεαρᾶς
2428 2865 2796 2944 ἀναφαίνεται.
2844 2874 3010 2931 Ποϊος
3069 2871 3158 2925 οὖν
3190 2869 3334 2926 ἐστιν
3365 2872 3392 2926 ὸ
3423 2869 3835 2949 ἀναδεχόμενος

451 2939 823 3030 όιινειῑοηρῖιι
859 2963 1012 3025 sacri
1034 2939 1180 3033 loci,
1218 2957 1700 3020 ministerinmve
1727 2939 2096 3017 ecclesiasti-

2190 2954 2375 3018 λατκὸς
2419 2952 2682 3022 διοίκησιν
2739 2958 2960 3034 εὒαγοῦς
3019 2957 3197 3029 οἴκου,
3255 2958 3291 3026 ἢ
3337 2939 3837 3028 δουλείανέκκλη-

451 3076 588 3121 cum
612 3053 1034 3132 suscipiat,aut
1055 3050 1314 3113 clericus
1339 3049 1459 3122 ﬁat,
1493 3057 1594 3108 aut
1627 3046 1686 3108 in
1719 3045 1932 3108 cellam
1967 3062 2096 3104 mo-

2190 3046 2488 3120 πιαστικὴιο,
2549 3045 2584 3112 ἢ
2643 3043 2902 3123 κληρικός
2946 3047 3250 3123 γινόμενος,
3295 3048 3332 3114 ἣ
3385 3048 3440 3104 ἐν
3497 3047 3835 3127 κελλιωτικῇ

452 3113 1142 3215 hosticamadmittatur,
1205 3113 1547 3232 Lequidem]
1581 3137 1830 3232 ignoro:
1853 3153 1917 3232 a_c
1953 3151 2096 3214 pro-

2190 3139 2322 3211 μονῇ
2378 3135 2844 3211 καταταττόμενος
2888 3134 3067 3208 ἆδοτί,
3109 3137 3313 3214 ἀγνοῶ,
3364 3139 3464 3197 Καὶ
3519 3137 3606 3195 διὰ
3669 3149 3835 3198 τοῦτο

455 3245 665 3316 pterea
715 3231 886 3295 ﬂexis
935 3231 1188 3309 genibus
1213 3229 1398 3292 Deum
1425 3246 1530 3290 oro
1561 3237 1623 3287 ut
1649 3245 1755 3288 nos
1779 3224 1852 3285 ab
1886 3225 2094 3286 istius-

2190 3225 2460 3303 γονυπετῶ
2502 3225 2634 3303 προς
2693 3227 2823 3281 Θεὸν
2868 3227 3070 3292 πάντας
3125 3229 3268 3303 ἡμᾶς
3328 3227 3388 3284 ἐκ
3440 3233 3538 3296 τῆς
3571 3231 3836 3298 τοιαύτης

452 3315 616 3387 modi
645 3322 826 3385 minis
858 3321 1117 3384 liberare
1146 3320 1290 3382 velit
1322 3318 1674 3398 [clamans]:
1696 3316 1770 3378 Si
1799 3315 2098 3395 iniquita-

453 3422 542 3478 tes
572 3412 1018 3486 observaveris,
1057 3411 1342 3484 Domine,
1379 3409 1518 3488 quis
1545 3404 1873 3470 sustinebit
1908 3407 1924 3455 ί
1955 3403 1982 3465 Ῡ

531 3501 697 3567 CAP.
731 3501 913 3566 XXV.
945 3537 1018 3548 —
1055 3500 1144 3563 Ne
1177 3499 1602 3562 ordinationes
1636 3502 1965 3559 iterantur.

524 3681 956 3764 Apostolorum
1011 3697 1202 3742 canen
1227 3679 1348 3752 63;
1386 3677 1627 3740 concilii
1661 3675 2099 3756 Carthaginen-

449 3774 532 3838 sis
565 3791 759 3836 canon
793 3771 894 3834 53.

531 3861 696 3926 CAP.
730 3859 942 3926 XXVI.
980 3894 1049 3904 —
1086 3856 1174 3921 Nc
1200 3859 1516 3938 episcopus
1567 3863 1680 3920 aut
1729 3856 1985 3920 clericus
2014 3875 2096 3919 ea:

449 3971 576 4016 una
605 3953 853 4014 civitate
882 3951 948 4011 in
980 3948 1169 4010 aliam
1203 3955 1495 4010 transral.

490 4041 738 4106 Concilii
759 4039 987 4104 Nicaeni
1012 4056 1206 4100 canon
1239 4037 1331 4107 15,
1351 4038 1443 4108 l6;
1471 4033 2090 4098 conciliiAntiocheni

451 4150 641 4195 canon
667 4131 736 4192 21
755 4125 1556 4204 ;conciliiChalcedononsis
1571 4143 1758 4186 canon
1784 4126 1840 4195 5,
1876 4128 1970 4201 19,
1991 4126 2095 4204 20;

453 4216 1085 4284 conciliiSardicensis
1109 4235 1296 4278 canon
1320 4213 1546 4296 1,2,15;
1579 4214 1817 4275 concilii
1841 4217 2094 4278 Cartha-

451 4305 722 4386 gluensis
735 4324 924 4366 canon
940 4303 1138 4376 54.90;
1161 4302 1401 4364 concilii
1419 4303 1570 4364 sexti
1587 4321 1775 4364 canon
1801 4303 2088 4371 17.18.90.

539 4395 784 4457 Temtus.
811 4393 967 4473 Lege
992 4391 1197 4454 Const.
1230 4393 1268 4454 9
1293 4401 1354 4452 et
1391 4393 1484 4463 lO,
1521 4391 1610 4452 tit.
1652 4395 1670 4455 l
1712 4391 2092 4456 Novellarum

451 4492 796 4564 etc.,usque
811 4483 890 4545 ad
912 4482 1116 4544 clerici
1140 4482 1784 4550 transferantur.clr.,ut
1800 4484 2090 4564 p095“.

2179 3314 2429 3392 ῥυσθῆναι
2462 3313 2714 3390 ἀπειλῆς,
2747 3315 2876 3372 Ἐὰν
2905 3317 3005 3396 γὰρ
3036 3317 3262 3393 ἀνομίας
3319 3319 3680 3398 παρατηρῆσῃ
3719 3323 3835 3379 Κύ-

2181 3426 2316 3484 ριος,
2349 3427 2430 3467 τις
2463 3406 2829 3475 ὑποστήσεται
2867 3425 2883 3487 ς

2265 3499 2516 3554 ΚΕΦΑΛ.
2568 3493 2702 3556 KE'.
2735 3529 2816 3548 -ι
2865 3495 2990 3574 Περὶ
3045 3501 3138 3553 τοῦ
3183 3501 3260 3572 μὴ
3317 3499 3550 3577 γίνεσθαι
3592 3500 3836 3582 ἁναχει-

2180 3585 2510 3664 ροτονήσεις.
2945 3570 2954 3574 ’
3186 3570 3192 3572 ﬁ
3330 3570 3342 3577 ⁷
3699 3570 3714 3582 ’
3725 3570 3740 3581 ο

2261 3673 2607 3732 Ἀποστόλων
2637 3676 2812 3734 κανὼν
2843 3675 2924 3747 ξη’
2959 3693 2976 3713 ⁸

2182 3766 2284 3823 νὼν
2315 3763 2438 3841 μη’.

2263 3864 2512 3918 ΚΕΦΑΛ.
2551 3859 2697 3934 κζ’.
2746 3891 2826 3902 -
2868 3857 2994 3935 Περὶ
3051 3864 3144 3914 τοῦ
3202 3858 3281 3933 μὴ
3317 3858 3560 3934 μετιέναι
3594 3858 3830 3918 ἐπισκο-

2177 3971 2278 4006 πον
2304 3948 2338 4017 ἢ
2369 3947 2626 4028 κληρικὸν
2660 3949 2768 4005 ἀπὸ
2799 3945 3006 4010 πόλεως
3038 3949 3112 4011 εἷς
3144 3948 3326 4010 πόλιν,

2258 4036 2482 4096 Συνόδου
2527 4039 2747 4100 Νικαίας
2791 4038 2966 4093 κανὼν
2999 4035 3088 4111 ιε’,
3135 4036 3234 4111 ις’
3275 4055 3288 4070 ⁶
3336 4037 3556 4100 συνόδου
3603 4037 3832 4097 Ἀντιο-

2179 4130 2334 4210 χείας
2379 4131 2554 4186 κανὼν
2599 4128 2688 4186 κα’
2720 4145 2736 4162 ⁸
2774 4125 2990 4188 συνόδου
3037 4125 3383 4195 Χαλκηδόνος
3412 4131 3588 4186 κανὼν
3621 4129 3694 4205 ε’,
3731 4130 3832 4207 ιβ’,

2175 4217 2229 4276 κ’
2263 4235 2278 4250 ⁸
2313 4217 2532 4279 συνόδου
2565 4217 2829 4297 Σαρδικῆς
2853 4219 3030 4275 κανὼν
3062 4216 3138 4291 α’,
3171 4217 3246 4294 β’,
3282 4215 3348 4274 ιε’
3386 4239 3400 4253 '
3436 4219 3656 4280 συνόδου
3690 4231 3832 4298 Καρ.

2179 4309 2438 4387 θαγέννης
2465 4309 2643 4366 κανὼν
2663 4307 2802 4384 νδ’,4
2821 4306 2860 4342 ’⁸
2875 4305 3094 4365 συνόδου
3108 4305 3186 4382 ς’
3195 4309 3396 4381 ,κανὼν
3418 4310 3510 4390 ιζ’,
3536 4307 3615 4377 ιη’
3636 4310 3728 4366 καὶ
3748 4309 3830 4372 κ’,

2263 4400 2541 4474 Κείμενον.
2606 4395 2672 4455 Ἥ
2715 4395 2762 4456 θ’
2806 4395 2892 4454 καὶ
2939 4396 2976 4453 ι’
3035 4395 3279 4464 διάταξις
3331 4401 3420 4456 τοῦ
3474 4397 3525 4456 α’
3569 4401 3676 4458 τίτ.
3721 4402 3834 4455 τῶν

2181 4495 2418 4568 Νεαρῶν,
2450 4512 2504 4550 κ.
2539 4512 2592 4551 τ.
2625 4488 2706 4561 λ.,
2741 4506 2931 4568 usque
2957 4485 3030 4549 ad
3063 4489 3452 4564 μετατίθενται.

3041 3674 3260 3734 συνόδου
3319 3681 3667 3758 Καρθαγενης
3725 3704 3838 3739 κα-

529 4558 1300 4649 Schoiium.Const.9,tit.l
1333 4558 1834 4648 Novellarum,esl
1864 4558 2096 4637 novella

2259 4577 2518 4658 Σχόλιον.
2569 4569 2630 4634 Ἠ
2677 4575 2722 4634 θ’
2793 4576 2931 4641 διατ,
3001 4588 3095 4637 τοῦ
3167 4575 3218 4634 α’
3279 4579 3383 4640 τίτ.
3445 4580 3552 4636 τῶν
3607 4586 3832 4656 Nape?“

447 4662 773 4727 Iustiniani
798 4663 857 4737 3,
894 4663 1320 4744 propositaque
1346 4672 1439 4724 est
1465 4661 1524 4723 in
1552 4662 1662 4724 lib.
1697 4662 1879 4726 Basil.
1906 4663 1966 4744 3,
1999 4665 2089 4726 tit.

449 4755 862 4836 2,cap.l,quae
884 4753 986 4814 ubi
1011 4753 1568 4833 enumeravit,quod
1589 4753 1792 4815 clerici
1809 4753 1868 4814 in
1884 4752 2093 4832 Magna

449 4844 710 4908 ecclesia
741 4843 994 4924 aliisque
1044 4843 1234 4905 sacris
1281 4842 1510 4905 aedibus
1556 4861 1689 4905 esse
1718 4842 2000 4920 debeant,
2035 4853 2093 4906 et

450 4936 866 4998 transitionem
897 4933 1254 4996 clericorum
1299 4953 1368 4996 ex
1397 4952 1520 4994 una
1545 4933 1795 4996 ecclesia
1819 4933 1880 4995 in
1911 4933 2087 4996 aliam

447 5024 787 5105 prohibuit:
809 5025 870 5086 in
897 5025 1023 5086 lucc
1046 5023 1229 5086 verba
1253 5023 1535 5104 loquitur:
1560 5024 1708 5086 Nam
1735 5022 1784 5086 si
1809 5024 1867 5085 in
1903 5024 2091 5087 sacris

447 5113 831 5176 monasteriis
855 5113 1273 5194 prohibemus,
1306 5131 1382 5175 ne
1413 5113 1550 5194 quis
1579 5112 1656 5174 de
1680 5131 1796 5174 uno
1821 5113 1894 5174 ad
1927 5113 2088 5178 aliud

445 5210 731 5266 transeat:
768 5204 956 5265 multo
991 5204 1191 5266 minus
1225 5203 1280 5266 id
1307 5202 1830 5266 reverendissimis
1853 5202 2088 5267 clericis

446 5293 1010 5372 permittemus,rati
1046 5294 1388 5373 hujusmodi
1410 5293 1795 5374 cupiditatem
1820 5295 2083 5372 Speciem

443 5399 568 5464 prae
594 5400 662 5445 se
683 5381 842 5445 ferre
865 5391 1125 5464 quaastus
1153 5395 1211 5445 et
1236 5383 1687 5446 nundinationis
1719 5381 2008 5446 Czeterum
2034 5385 2084 5446 si

2177 4669 2289 4725 ἐστι
2334 4669 2493 4744 νεαρὰ
2536 4665 2960 4733 Ἰουστινιάνειος
3018 4665 3094 4746 γ’,
3129 4670 3216 4724 καὶ
3268 4669 3424 4737 ἐτέοη
3487 4671 3560 4732 εἰς
3623 4669 3833 4745 βιϐλίον

2176 4763 2281 4814 τῶν
2341 4756 2641 4814 Βασιλικών
2673 4754 2747 4837 γ’,
2781 4757 2886 4819 τίτ.
2928 4757 3004 4834 β’,
3038 4779 3162 4837 κεφ,
3195 4758 3272 4835 α’,
3305 4758 3426 4826 ἥτις
3459 4761 3598 4834 μετᾶ
3629 4761 3689 4816 τὸ
3721 4760 3832 4816 ἀπο

2175 4848 2466 4923 αριθμῆσαι
2527 4848 2648 4909 τοὺς
2706 4844 3014 4924 ὀφείλοντας
3073 4847 3220 4904 εἶναι
3281 4847 3575 4926 κληρικοὺς
3625 4847 3712 4910 εἴς
3768 4871 3831 4912 τε

2173 4938 2273 5005 τὴν
2330 4933 2586 5014 Μεγάλην
2643 4935 2956 5010 ἐκκλησίαν,
3055 4939 3142 4993 καὶ
3225 4939 3302 5001 εἷς
3372 4938 3542 4998 Θείους
3601 4936 3829 5015 ἑτέρους

2173 5026 2353 5100 ναοὺς,
2427 5026 2517 5082 καὶ
2569 5023 2804 5082 κωλῦσαι
2857 5025 2958 5092 τὴν
3029 5023 3082 5090 ἐξ
3149 5027 3331 5105 ἑτέρας
3391 5025 3686 5094 ἐκκλησίας
3746 5029 3827 5090 εἷς

2174 5115 2357 5195 ἑτέραν
2408 5111 2701 5192 μετάϐασιν
2783 5121 2889 5172 τῶν
2939 5113 3238 5196 κληρικῶν,
3308 5119 3448 5195 φησὶ
3507 5118 3596 5174 καὶ
3657 5123 3830 5173 ταῦτα

2171 5207 2347 5285 ῥητῶς
2383 5221 2397 5236 ·
2455 5207 2501 5262 εἷ
2544 5206 2645 5285 γὰρ
2701 5205 2786 5261 επὶ
2818 5209 2924 5261 τῶν
2955 5205 3164 5284 εὒαγῶν
3195 5207 3574 5284 μοναστηρῖων
3603 5205 3827 5264 κωλύο-

2169 5317 2268 5371 μεν
2300 5295 2350 5361 EE
2408 5295 2587 5373 ἐτέρου
2644 5295 3004 5372 μοναστηρίου
3057 5297 3192 5374 πρὸς
3239 5295 3422 5374 ἕτερον
3453 5294 3827 5377 μεταϐαίνειν,

2167 5384 2354 5462 πολλῷ
2408 5385 2612 5462 μᾶλλον
2673 5383 2789 5444 οὔδε
2872 5397 2991 5450 τοῖς
3051 5383 3458 5450 εὖλαϐεστάτοις
3521 5384 3824 5465 κληρικοῖς

435 5471 674 5552 quando
703 5477 764 5533 et
793 5472 907 5534 hoc
939 5471 1311 5536 transitionis
1359 5493 1548 5555 genus
1597 5473 1689 5536 vel
1723 5472 2082 5538 beatitudini

2190 5483 2320 5536 εοῦτο
2372 5475 2644 5557 ἐψήσομεν
2686 5470 2901 5556 κέρδους
2951 5498 3008 5534 τε
3069 5477 3158 5534 καὶ
3219 5477 3476 5557 ἐμπορίας
3545 5474 3830 5546 ἀπόδειξιν

518 5678 542 5726 ί
573 5677 733 5746 Psal.
765 5693 963 5763 cmx,
999 5681 1060 5744 3.
