4090 6204
555 315 704 386 1011

1764 318 2031 386 PHOTII
2073 321 2590 385 PATRIARGHIE
2650 322 2764 386 GP.

3734 326 3855 394 1012

556 466 817 550 [debere]
839 487 972 533 esse
992 462 1365 531 dicit.Debes
1387 470 1589 547 itaque
1612 467 1800 545 magis
1827 468 2037 529 audire
2066 484 2200 547 quae

2287 465 2685 544 γεγραμμένοις
2718 466 2773 522 ἒν
2814 478 2934 531 τοῖς
2978 463 3296 530 Βασιλικοῖς
3326 464 3469 544 παρὰ
3492 480 3607 531 τοῖς
3636 489 3856 549 περιεχο-

553 557 619 619 in
648 560 825 622 Basil.
857 557 1082 637 scripta
1111 562 1272 630 sunt,
1307 573 1483 635 quam
1517 574 1651 637 quae
1672 557 2197 633 comprehendun-

556 655 655 709 tur
682 648 743 708 iu
775 646 946 710 libris
969 634 1071 727 qui
1098 652 1240 706 ante
1266 634 1757 725 repurgationem
1780 648 2194 707 auctoritatem

556 734 973 810 obtinuerunt,
1010 735 1232 815 [nunc]
1262 744 1458 795 autem
1493 734 1643 795 irriti
1675 744 1833 795 sunt.

635 824 833 887 Aliud
851 824 1413 887 scholium.Const.l
1430 823 1652 899 7,tit.l,
1675 824 2084 898 Novellarum,
2111 832 2199 886 est

555 915 792 977 novella
809 913 1132 976 Iustiniani
1160 915 1438 993 137,qu.'e
1461 913 1652 992 posita
1677 922 1769 973 est
1793 914 1853 974 in
1879 913 1984 976 lib.
2018 914 2195 976 Basil.

555 1020 624 1079 ιι,
651 1003 745 1069 tit.
775 1005 832 1080 l,
858 1022 993 1084 cap.
1019 1005 1079 1078 8,
1105 1003 1260 1083 quod
1289 1002 1527 1082 [ipsum]
1552 1012 1733 1082 caput
1770 1021 2085 1082 aspersum
2110 1011 2201 1065 est

553 1096 658 1171 23,
682 1093 1136 1174 cap.prmsentis
1159 1093 1252 1153 tit.
1279 1092 1353 1153 ad
1376 1092 1537 1152 hunc
1572 1091 1813 1152 modum
1844 1092 2146 1173 incipiens
2179 1112 2194 1153 :

555 1181 968 1258 Saucimus,ut
998 1181 1235 1264 quoties
1266 1200 1416 1262 opus
1448 1181 1629 1242 fuerit
1661 1180 1944 1242 ordinare
1974 1182 2203 1263 episco-

555 1290 723 1352 pum.
756 1271 843 1335 De
875 1290 946 1334 eo
978 1279 1208 1345 autem,
1238 1271 1338 1350 qui
1359 1269 1678 1350 episcopus
1699 1270 2067 1333 ordinandus
2087 1280 2198 1348 est,

557 1360 708 1423 illud
740 1373 920 1442 caput
951 1380 1021 1424 ex
1049 1368 1221 1443 parte
1250 1363 1376 1422 haec
1406 1359 1630 1420 diserte
1664 1359 1812 1420 dicit
1846 1378 1859 1419 :
1894 1360 2010 1420 Sed
2044 1360 2201 1439 quod

556 1450 753 1512 sciant
783 1452 946 1531 ipsos
976 1458 1156 1513 rectm
1187 1464 1244 1512 et
1286 1447 1598 1511 catholicas
1631 1447 1797 1523 ﬁdei,
1829 1467 1899 1509 ac
1935 1450 2201 1510 honesta:

558 1538 691 1602 vita;
720 1548 945 1621 esse,et
978 1558 1159 1620 supra
1189 1537 1565 1616 trigesimum
1599 1537 1787 1599 aetatis
1809 1556 2055 1617 annum,
2092 1539 2201 1600 hos

558 1628 1151 1709 elegerint.Abrogat
1182 1629 1359 1708 igitur
1388 1627 1516 1689 haec
1548 1626 2095 1706 novella,quantum
2127 1628 2202 1689 ad

557 1725 794 1780 aetatem
827 1718 1098 1799 episcopi
1131 1717 1400 1797 [attinet]
1435 1716 1729 1777 novellam
1770 1716 1903 1777 123.

639 1806 827 1869 Aliud
845 1807 1164 1871 scholium.
1198 1806 1282 1869 Ex
1317 1805 1597 1885 praesenti
1629 1805 1706 1868 98
1759 1824 1967 1884 cap.ac
2016 1807 2074 1868 in
2127 1825 2198 1868 eo
2226 1832 2261 1880 Β

558 1895 1082 1977 scriptis.didicisti
1097 1903 1298 1958 mtates
1312 1894 1895 1956 ordinandorum.De
1914 1896 1985 1957 iis
2001 1907 2197 1957 autem

561 1986 659 2066 qui
684 1985 744 2045 in
768 1986 1117 2066 imperfecta
1139 1993 1311 2046 aetate
1334 1984 1534 2045 ofﬁcia
1556 1992 1654 2044 aut
1679 1984 1996 2063 dignitates
2018 1986 2204 2047 susci-

558 2075 1091 2155 piunt,repositum
1109 2084 1198 2137 est
1213 2077 1270 2135 in
1290 2072 1547 2155 publicis
1561 2074 1811 2135 secretis
1824 2074 2082 2135 edictum
2098 2093 2200 2138 nn.

556 2163 754 2226 Alexii
785 2162 1077 2227 Comneni
1113 2181 1357 2243 semper
1415 2162 1764 2223 celebrandi
1796 2168 2199 2243 imperatoris.

560 2252 676 2332 [Tu
699 2253 867 2333 vero]
891 2252 1040 2315 illud
1069 2259 1245 2315 etiam
1271 2269 1590 2331 cognosce.
1624 2250 1814 2314 Habet
1840 2253 2100 2333 [autem]
2128 2261 2205 2316 ita

561 2342 635 2404 ad
653 2340 926 2404 verbum:
954 2341 1117 2404 Multi
1145 2342 1268 2417 ubi,
1308 2342 1382 2403 ob
1406 2340 1819 2402 denuntiatum
1857 2341 2205 2423 reipublicae

559 2430 819 2512 aliquam
853 2431 1205 2508 utilitatem,
1234 2438 1333 2492 aut
1359 2448 1466 2511 per
1489 2429 1903 2504 ambitionem,
1932 2433 2201 2512 qualem-

562 2536 803 2601 cunque
826 2520 1177 2600 dignitatem
1200 2522 1287 2581 vel
1305 2518 1566 2581 ofﬁcium
1591 2526 1691 2579 aut
1713 2532 2056 2601 capere,aut
2074 2542 2206 2602 per-

563 2616 926 2685 mutare,aut
950 2609 1212 2672 vendere
1233 2608 1555 2690 petierunt:
1584 2626 1655 2669 ea
1673 2610 1730 2670 in
1757 2628 1964 2688 parvos
1989 2631 2205 2691 pueros

562 2699 1057 2764 transferunt.Ne
1084 2700 1262 2778 igitur
1284 2699 1398 2760 hoc
1424 2698 1750 2778 ﬁat,neque
1774 2699 2207 2781 talesimpone-

560 2805 630 2850 re
653 2787 868 2870 [nobis]
892 2797 995 2852 aut
1019 2788 1311 2869 decipere
1333 2786 1783 2867 conspiciantur
1818 2810 1831 2851 :
1856 2790 2058 2852 statuit
2088 2792 2204 2852 im-

563 2879 865 2960 peratoria
889 2897 1020 2942 mea
1045 2879 1330 2959 majestas
1375 2886 1441 2939 ut
1470 2877 1818 2958 quicunque
1856 2878 2203 2959 dignitalem

561 2968 655 3031 vel
679 2967 945 3031 ofﬁcium
971 2969 1095 3030 sive
1113 2976 1361 3048 propter
1383 2966 2061 3043 deuuntiationem,sive
2076 2991 2209 3052 pro-

563 3066 695 3138 pter
714 3055 1193 3119 benevolentiam
1219 3055 1636 3136 aliquam,sive
1659 3074 1766 3137 per
1788 3062 2207 3123 commutatio-

562 3165 729 3219 nem,
761 3148 886 3209 sive
913 3147 973 3208 in
1008 3166 1223 3207 munus
1258 3155 1315 3207 et
1348 3163 1455 3226 per
1502 3146 1901 3243 largitionem,
1936 3157 2035 3211 aut
2063 3151 2264 3243 dumc

564 3235 836 3299 animum
870 3244 1141 3298 nostrum
1179 3235 1655 3315 oblectamus,ab
1679 3234 2062 3316 imperatoria
2088 3260 2203 3302 ma.

556 3326 777 3406 jestate
797 3324 1121 3407 acceperit:
1149 3344 1224 3387 ne
1246 3326 1349 3404 [is]
1364 3325 1706 3405 quempiam
1728 3326 1830 3406 qui
1852 3327 2203 3413 honoretur,

560 3414 769 3495 viginti
794 3421 969 3477 annis
1007 3415 1302 3476 minorem
1329 3414 1629 3495 [inlocum
1657 3418 1856 3492 suum]
1910 3418 2202 3485 admittat.

561 3503 715 3576 Quin
737 3522 948 3566 omnes
970 3505 1316 3585 quicunque
1340 3522 1448 3584 per
1469 3503 1709 3564 easdem
1734 3523 1943 3571 causas
1982 3522 2080 3576 aut
2108 3512 2169 3573 di
2190 3547 2207 3561 .

558 3592 849 3673 gnitatem
868 3601 969 3655 aut
989 3593 1251 3656 ofﬁcium
1272 3595 2088 3677 accipiunt,majoresviginti
2109 3613 2211 3655 an-

560 3683 659 3745 nis
680 3690 887 3745 sunto.
922 3683 1171 3756 Quando
1195 3701 1334 3745 vero
1362 3684 1753 3765 imperatoria
1774 3705 1907 3747 mea
1932 3685 2210 3764 majestas

561 3790 682 3835 non
710 3780 954 3853 propter
970 3772 1156 3835 talem
1186 3775 1567 3855 causam,sed
1591 3776 2210 3838 nullacausainterve-

560 3861 769 3925 niente
792 3863 1175 3924 honoraverit
1194 3864 1568 3944 quempiam,
1604 3874 1706 3926 aut
1728 3866 1925 3927 ofﬁcio
1943 3866 2204 3925 donave-

559 3954 661 4015 rit:
692 3955 923 4015 tametsi
948 3955 1273 4016 honoratus
1291 3954 2204 4034 vigintiannisminorfuerit,ci-

560 4050 650 4105 tra
672 4042 1106 4105 dubitationem
1128 4053 1326 4105 tamen
1343 4044 1425 4106 illi
1445 4045 1748 4127 [insignia]
1769 4048 2202 4107 insternuntor.

560 4133 914 4212 Reponatur
936 4132 1121 4211 igitur
1147 4150 1411 4212 praesens
1436 4135 1560 4195 hmc
1578 4135 1962 4197 tabellainter
1974 4136 2206 4195 chartas

559 4230 930 4283 secretorum
948 4223 1396 4303 nostrorum,ad
1414 4224 1850 4287 ostendendam
1870 4225 2204 4304 imperandi

559 4310 1063 4390 gubernandique
1082 4311 1487 4390 imperatoriae
1511 4333 1658 4375 meae
1679 4316 1999 4393 majestatis
2021 4314 2204 4375 ratio-

559 4417 726 4479 nem,
755 4398 861 4477 [et]
899 4408 961 4460 ut
983 4400 1094 4462 hoc
1120 4400 1298 4461 modo
1322 4402 1609 4483 deinceps
1648 4404 1704 4465 in
1730 4422 1908 4464 omne
1937 4404 2200 4464 futurum

2280 556 2462 631 μένοις
2492 555 2547 611 ὲν
2576 569 2698 620 τοῖς
2728 553 2954 633 βιϐλίοις
2984 568 3107 620 τοῖς
3163 558 3434 635 ἓνεργοῦσι
3477 558 3575 633 πρὸ
3626 562 3714 624 τῆς
3753 562 3861 616 ἂνα-

2280 646 2585 724 καθάρσεως
2616 648 2705 702 καὶ
2736 644 3095 725 σχολάσασιν.

2362 826 2586 901 Ἕτερον
2618 823 2869 905 σχόλιον.
2901 824 2965 881 Ἥ
2998 824 3068 895 ιζ’
3098 822 3240 884 διάτ.
3271 831 3367 881 τοῦ
3387 824 3438 881 α’
3463 826 3668 888 timo»
3686 837 3862 906 Νεαρῶν

2282 915 2394 971 ἐστὶ
2425 915 2584 991 νεαρὰ
2611 913 3039 977 Ἰουστινιάνειος
3071 912 3208 993 ρλζ’,
3257 914 3375 981 ἥτις
3424 915 3574 982 ἐτέθη
3622 916 3671 972 ἐν
3714 916 3864 993 βιϐλίῳ

2282 1005 2386 1060 τῶν
2429 1002 2732 1059 Βασιλικῶν
2794 1004 2875 1080 γ’,
2933 1005 3039 1066 τίτ,
3090 1003 3164 1083 α’,
3200 1025 3325 1082 mp.
3363 1002 3440 1083 η’,
3471 1005 3597 1082 ὅπερ
3624 1007 3867 1085 κειραλαιον

2281 1092 2627 1169 κατεστρώθη
2683 1091 2739 1147 ἐν
2800 1099 2879 1164 τῷ
2912 1091 2999 1171 κγ’
3033 1114 3153 1171 κεφ.
3187 1100 3278 1150 τοῦ
3315 1094 3579 1172 παρόντος
3606 1096 3724 1167 τίτ,,
3764 1097 3867 1176 ἔχον

2287 1183 2424 1239 κατὰ
2481 1182 2577 1246 τὰς
2634 1182 2807 1262 ἀρχὰς
2877 1182 3047 1247 οὔτως
3082 1199 3096 1212 ·
3144 1184 3477 1258 Θεσπίζομεν
3518 1184 3695 1250 ὁσάκις
3742 1189 3868 1265 χρεία

2287 1272 2508 1349 γένηται
2587 1274 3038 1351 χειροτονηθῆναι
3113 1272 3428 1352 ἐπίσκοπον,
3502 1281 3660 1330 ταῦτα
3726 1276 3867 1352 ῥητῶς

2287 1361 2340 1418 ἐν
2385 1361 2561 1438 μέρει,
2591 1360 2742 1417 Ἀλλ’
2790 1360 2998 1428 εἰδότης
3055 1362 3246 1424 αὖτοὺς
3303 1363 3401 1431 τῆς
3454 1364 3609 1440 ὀρθῆς
3652 1365 3731 1420 καὶ
3761 1369 3868 1421 καθ-

2285 1449 2345 1506 ολ
2358 1451 2479 1518 ικῆς
2531 1451 2785 1526 πίστεως,
2836 1453 2925 1506 καὶ
2971 1450 3170 1526 σεμνοῦ
3208 1452 3321 1527 βίου
3348 1452 3438 1508 καὶ
3467 1452 3593 1530 ὑπὲρ
3622 1454 3679 1508 τὸ
3706 1451 3751 1507 λ’
3775 1453 3867 1517 ἔτος

2284 1540 2429 1596 εἶναι
2472 1540 2688 1603 τούτους
2720 1538 3059 1605 ἐπελέξαντο.
3096 1538 3337 1619 Ἀναιρεϊ
3378 1548 3504 1618 γοῦν
3532 1542 3739 1608 τοιαύτη
3767 1565 3869 1598 νεα-

2284 1628 2349 1704 ρα
2390 1626 2516 1684 ὅσον
2560 1629 2635 1691 εἷς
2680 1629 2799 1693 τοὺς
2845 1628 3074 1708 χρόνους
3122 1628 3215 1685 τοῦ
3284 1628 3583 1687 ἐπισκόπου
3624 1635 3716 1697 τὴν
3777 1633 3871 1709 ρκγ⁹

2285 1717 2498 1794 νεαράν,

2365 1805 2588 1884 ’Ἕτερον
2646 1806 2896 1887 σχόλιον.
2972 1809 3285 1883 Στιμείωσαι
3343 1806 3425 1865 ξἰτι
3494 1808 3600 1865 ἀπὸ
3640 1816 3725 1865 τοῦ
3760 1832 3868 1885 παρ-

2284 1896 2434 1958 όντος
2465 1895 2556 1963 κη’
2585 1918 2707 1975 κεφ.
2751 1899 2838 1953 καὶ
2885 1902 2992 1953 τῶν
3048 1897 3103 1953 ἐν
3148 1898 3292 1971 αὖτῷ
3349 1898 3674 1977 γραφέντων,
3716 1898 3869 1972 ἔμαθες

2289 1986 2405 2049 τοὺς
2450 1985 2680 2064 χρόνους
2712 1992 2818 2042 τῶν
2850 1988 3178 2067 ὀφειλόντων
3208 1988 3642 2068 χειροτονεῖσθαι
3677 2004 3691 2019 ·
3722 1989 3790 2045 ὅτι
3831 1987 3871 2043 δὲ

2288 2075 2453 2153 χάριν
2485 2081 2592 2131 τῶν
2624 2074 3006 2150 λαμϐανόντων
3057 2078 3270 2156 ὀτρρίκια
3327 2078 3363 2145 ἢ
3408 2076 3679 2151 ἀξιώματα
3706 2077 3872 2133 ἀτελῶν

2286 2164 2647 2241 κατέστρωται
2680 2168 2755 2231 εἷς
2799 2167 2861 2222 τὸ
2913 2165 3245 2240 δημοσίακον
3303 2165 3553 2237 σέκρετον
3603 2165 3876 2243 πρόσταγμα

2286 2259 2378 2309 τού
2426 2252 2667 2329 ἀοιδίμου
2708 2254 2972 2332 βασιλέως
3022 2257 3201 2334 κυρίου
3260 2254 3503 2321 Ἀλεξίου
3548 2258 3639 2313 τοῦ
3695 2266 3874 2330 Κομνη-

2288 2346 2395 2401 νοῦ.
2447 2345 2679 2400 Γίνωσκε
2735 2347 2827 2401 καί
2900 2347 3055 2403 τοῦτο
3123 2345 3254 2425 ἔχον
3304 2347 3444 2401 κατὰ
3487 2346 3630 2424 ῥῆμα
3662 2362 3674 2375 ·
3721 2344 3877 2402 Πολλοί

2287 2433 2780 2511 προσαγγείλαντας
2835 2435 3097 2514 ὠφέλειαν
3142 2442 3233 2492 τοῦ
3292 2433 3553 2511 δημοσίου
3595 2436 3705 2492 τινὰ
3744 2434 3774 2502 ἢ
3815 2437 3878 2490 ai-

2285 2524 2534 2597 τούμενοι
2590 2525 2726 2580 κατὰ
2782 2523 3092 2602 φιλοτιμίαν
3151 2524 3362 2603 λαϐεῖν,
3398 2525 3435 2593 ἢ
3485 2524 3805 2597 ἆνταλλᾶξαι,
3849 2524 3874 2591 ἦ

2288 2611 2537 2680 πωλῆσαι
2584 2611 2789 2687 ἀξίωμα
2827 2613 3139 2681 οἱονδήποτε
3196 2615 3231 2681 ἢ
3303 2615 3564 2694 ὀφρίκιον,
3624 2612 3875 2690 μεταϐιϐά-

2288 2709 2434 2772 ζουσι
2466 2710 2631 2758 ταῦτα
2665 2705 2740 2765 εἰς
2773 2702 2970 2766 παῖδας
3003 2705 3248 2783 μικρούς,
3306 2703 3431 2761 Ἵνα
3488 2704 3576 2761 οὖν
3631 2705 3703 2778 μὴ
3754 2710 3875 2759 τοῦτο

2288 2791 2509 2868 γένηται
2539 2790 2675 2867 μηδὲ
2706 2790 2902 2849 δοκῶσι
2951 2794 3248 2872 φενακίζειν
3280 2794 3315 2861 ἢ
3348 2793 3561 2865 ἀπατᾷν
3591 2795 3636 2850 οἷ
3664 2792 3872 2870 τοιοῦτοι,

2291 2879 2570 2957 διορίζεται
2617 2882 2921 2959 ἧβασιλεία
2953 2905 3053 2958 μου
3083 2883 3177 2939 ἵνα
3236 2883 3383 2946 ὅστις
3444 2880 3584 2960 λάϐῃ
3627 2882 3807 2956 ἐιξίωμα
3851 2882 3876 2948 ἢ

2290 2972 2528 3049 όφρίκιον
2587 2970 2699 3028 εἴτε
2755 2972 2840 3028 διὰ
2916 2971 3339 3051 προσαγγελίαν,
3427 2972 3541 3028 εἴτε
3597 2972 3662 3028 δι’
3714 2971 3877 3031 εὔνοιάν

2289 3070 2430 3134 τινα,
2493 3060 2608 3118 εἴτε
2660 3061 2796 3117 κατὰ
2850 3060 3178 3140 ἐναλλαγὴν,
3240 3061 3353 3119 εἴτε
3403 3063 3539 3119 κατᾶ
3582 3060 3766 3139 δωρεὰν
3812 3060 3880 3115 καὶ

2290 3149 2593 3229 φιλοτιμίαν
2650 3150 2748 3218 τῆς
2805 3150 3079 3228 βασιλείας
3121 3152 3309 3232 μου,ἣ
3354 3153 3594 3232 ψυχικὸν
3642 3153 3787 3217 αὒτὴς
3823 3149 3880 3224 μὴ

2288 3238 2537 3318 δέχεσθαι
2569 3240 2855 3315 πρόσωπον
2887 3243 2949 3297 τὸ
2978 3241 3287 3316 τιμώμενον
3316 3240 3542 3298 ἔλαττον
3573 3247 3675 3297 τῶν
3703 3239 3752 3307 η’
3786 3239 3883 3318 χρά-

2289 3351 2415 3387 νων.
2462 3327 2630 3385 Ἀλλὰ
2683 3330 2879 3396 πάντες
2937 3335 2985 3387 οἱ
3015 3330 3101 3388 διὰ
3130 3332 3224 3395 τὰς
3258 3333 3420 3394 αὐτὰς
3458 3332 3625 3395 αἰτίας
3659 3331 3691 3397 ἧ
3721 3329 3887 3403 ἀξίωμα

2286 3418 2320 3485 ἤ
2365 3419 2603 3497 ότρρίκιον
2648 3418 3038 3495 λαμϐάνοντες,
3116 3421 3359 3480 ἔστωσαν
3419 3424 3636 3497 μείζους
3694 3426 3789 3476 τῶν
3848 3415 3884 3471 κ’

2290 3508 2529 3587 χρόνων.
2613 3518 2712 3567 Οτε
2758 3508 2812 3565 δὲ
2868 3512 2903 3579 ἡ
2960 3510 3208 3588 βασιλεία
3262 3534 3389 3586 μου,
3437 3514 3505 3569 οὔ
3553 3511 3636 3568 διὰ
3683 3512 3887 3573 τοιαύτην

2291 3600 2486 3672 αἰτίαν,
2518 3596 2658 3657 ἀλλὰ
2690 3598 2904 3674 ἆμὲσως
2963 3602 3173 3676 τιμήσῃ
3227 3602 3348 3659 τινὰ
3376 3604 3412 3673 ἥ
3443 3600 3739 3679 δωρήσεται
3766 3598 3885 3677 depi-

2293 3710 2407 3744 κιον
2436 3710 2566 3762 τινι,
2598 3688 2695 3744 κᾶν
2722 3688 2959 3746 ἐλάττων
2988 3689 3024 3766 ᾗ
3052 3696 3159 3747 τῶν
3190 3691 3245 3747 κ’
3272 3692 3492 3771 χρόνων
3537 3695 3564 3747 ὃ
3604 3691 3882 3767 τιμώμενος,

2290 3778 2803 3842 καταστρωννυὲσθω
2873 3778 3041 3844 οὕτως
3111 3778 3526 3867 ἀναμφιϐόλως,
3607 3792 3882 3854 Καταστρω-

2287 3870 2435 3936 θ-ιῖτω
2491 3867 2581 3923 οὖν
2638 3869 2698 3924 τὸ
2756 3872 2923 3947 παρὸν
2980 3871 3260 3926 πιττάκιον
3292 3872 3348 3927 ἓν
3380 3885 3503 3936 τοῖς
3537 3872 3641 3928 τῶν
3668 3869 3884 3949 ὑφ’ἡμᾶς

2289 3955 2545 4035 δεκρὲτων
2575 3960 2844 4037 χαρτίοις,
2879 3960 2950 4023 εἷς
2980 3958 3216 4029 δήλωσιν
3276 3962 3377 4026 τῆς
3436 3960 3766 4040 προστάξεως
3814 3956 3882 4011 καί

2290 4046 2594 4122 οἰκονομίας
2638 4047 2735 4115 τῆς
2780 4046 3053 4122 βασιλείας
3121 4071 3245 4129 μου,
3307 4052 3381 4113 ὡς
3446 4052 3512 4108 ἃν
3560 4049 3718 4113 οῧτως
3765 4046 3883 4122 ἐνερ-

2288 4148 2467 4213 γεῖται
2524 4136 2632 4191 ἀπὸ
2691 4143 2781 4192 τοῦ
2842 4144 2929 4193 νῦν
2974 4138 3060 4194 καὶ
3112 4137 3198 4194 ἐπὶ
3246 4140 3310 4198 τὰ
3342 4138 3665 4217 ἔμπροσθεν.
3695 4134 3884 4216 Ὀτρείλει

2290 4224 2343 4281 δὲ
2403 4228 2720 4301 προκεῖσθαι
2774 4229 2847 4289 είς
2917 4228 2979 4282 τὸ
3023 4229 3307 4289 πιττάκιον
3349 4237 3442 4286 τοῦ
3502 4230 3712 4306 ἆμέσως
3757 4248 3886 4299 τιμωο

2290 4314 2475 4389 μένου,
2522 4316 2583 4371 τὸ
2639 4318 3095 4393 καταστρωθήτω,
3142 4319 3222 4392 μὴ
3268 4317 3616 4394 κωλυόμενον
3670 4319 3766 4373 ἀπὸ
3816 4320 3885 4378 τῆς

2288 4405 2567 4483 γεγονυίας
2608 4404 2947 4483 προστάξεως
2992 4407 3136 4485 παρὰ
3179 4412 3277 4474 τῆς
3321 4408 3600 4485 βασιλείας
3655 4429 3750 4473 μου
3799 4401 3889 4479 περὶ

560 4494 798 4568 tempus
820 4488 1143 4550 efﬁcaciam
1172 4489 1607 4554 habeat.0ebct
1628 4501 1824 4554 autem
1850 4493 1910 4554 in
1943 4493 2073 4572 ejus
2103 4493 2198 4573 qui

2287 4501 2389 4551 τῶν
2431 4494 2750 4570 τιμωμένων
2797 4494 3095 4552 ἐλαττόνων
3143 4498 3247 4553 τῶν
3310 4497 3360 4553 κ’
3424 4498 3583 4558 ἐτῶν.
3641 4498 3733 4555 Καὶ
3777 4493 3886 4549 ἔστω

558 4577 712 4640 citra
741 4579 1024 4656 [causam]
1060 4578 1317 4641 mediam
1348 4580 1700 4656 honoratur,
1732 4582 1933 4644 tabula
1962 4583 2144 4662 adjici
2183 4601 2196 4645 :

2287 4584 2558 4662 γνώρισμα
2586 4586 2742 4641 τοιῖιτο
2787 4590 2892 4640 τῶν
2950 4587 3189 4660 ἀμέσως,
3223 4588 3283 4643 οὒ
3315 4586 3559 4663 εἴρηται,
3591 4584 3885 4660 τιμωμένων

553 4664 1286 4747 Insternitor.[Atqueita]
1303 4688 1422 4731 non
1439 4670 1805 4750 impedietur
1821 4671 2197 4751 peredictum

2287 4676 2353 4736 ὡς
2400 4676 2454 4730 ἒν
2486 4671 2684 4743 εἷδήσει
2741 4674 2929 4731 τούτου
2981 4674 3272 4752 γινομένης
3328 4682 3427 4744 τῆς
3488 4677 3756 4754 βασιλείας
3809 4691 3887 4745 μου

550 4756 627 4819 de
656 4756 727 4819 iis
757 4757 856 4838 qui
892 4757 1155 4818 minores
1208 4758 1421 4837 viginti
1478 4763 1652 4822 annis
1687 4762 2091 4834 honorantur,
2127 4761 2199 4822 ab

2287 4770 2359 4837 τῷ
2386 4764 2516 4837 μηνὶ
2546 4760 2849 4841 Ἰανουαρίῳ
2879 4762 3232 4829 Ἰνδικτιῶνος
3267 4765 3357 4840 ιε’,
3393 4764 3479 4822 διὰ
3510 4772 3606 4823 τοῦ
3636 4762 3885 4837 βασιλέως.

552 4844 943 4927 imperatoria
973 4864 1102 4908 mea
1141 4848 1450 4926 majestate
1481 4850 1730 4914 factum.
1767 4853 1854 4912 Ac
1885 4869 2024 4912 vero
2055 4858 2181 4912 esto
2234 4852 2349 4914 hoc
2383 4852 2622 4930 signum
2659 4869 2889 4924 eorum,
2924 4852 3027 4934 qui
3061 4854 3147 4934 (ut
3201 4854 3425 4916 dictum
3457 4856 3573 4934 est)
3612 4855 3752 4916 citra
3777 4868 3890 4914 cau-

556 4953 684 4999 sam
718 4936 976 4999 mediam
1012 4937 1405 5003 honorantur:
1434 4948 1718 5021 tanquam
1750 4939 2136 5021 imperatoria
2169 4959 2299 5003 mea
2333 4941 2613 5021 majestas
2642 4941 2755 5004 hoc
2773 4941 3038 5006 sciverit.
3067 4941 3270 5008 Mense
3286 4945 3573 5008 Januario
3605 4942 3889 5005 indictione

558 5026 790 5106 quinta,
826 5043 934 5105 per
964 5026 1415 5106 imperatorem.

594 5116 784 5179 Aliud
811 5117 1268 5181 scholium.Alia
1292 5121 1539 5198 quidem
1568 5120 1777 5205 [certe]
1802 5123 1996 5202 legum
2021 5123 2117 5184 hic
2140 5123 2204 5186 de

2377 5125 2599 5202 r"E'upov
2629 5124 2882 5205 σχόλιον.
2926 5127 2994 5185 Τὰ
3024 5127 3125 5203 μὲν
3152 5126 3285 5184 ἄλλα
3316 5134 3424 5185 τῶν
3450 5126 3891 5204 καταστρωθέντων

557 5206 2045 5294 episcoporum.sacerdotum,diaconorum,atque
2065 5213 2204 5274 sub-

2298 5214 2519 5271 ἐνταῦθα
2551 5214 2730 5290 νόμων
2758 5217 2920 5294 χάριν
2952 5223 3056 5274 τῶν
3089 5217 3419 5293 ἐπισκοπων,
3449 5224 3555 5275 τῶν
3586 5217 3781 5293 ἱερέων,
3810 5211 3892 5267 τῶν

555 5293 951 5388 diaconorum
968 5297 1736 5388 aetatisannisaspersarum
1757 5301 2010 5382 [capita]
2049 5303 2206 5384 quod
2289 5303 2572 5383 διακόνων,
2605 5306 2694 5360 καὶ
2723 5293 3233 5364 τῶνίὺποδιακονων
3263 5309 3383 5385 περὶ
3414 5316 3518 5365 τῶν
3578 5328 3778 5388 χρονιυν
3815 5300 3890 5363 τῆς

556 5381 767 5445 eadem
784 5390 841 5444 et
861 5385 1192 5445 canonibus
1207 5386 1684 5476 placuerunt,[in
1703 5381 2034 5471 republica]
2055 5381 2204 5453 obti-

2287 5392 2498 5461 ἡλικίας
2530 5392 2728 5464 αὕτῶν,
2767 5402 3021 5469 κρατοῦσι
3056 5398 3143 5452 καὶ
3172 5399 3500 5476 ενιεργοῦσιν,
3555 5398 3638 5453 ὅτι
3685 5395 3763 5451 καὶ
3802 5401 3894 5447 τοτε

554 5481 703 5537 nent
726 5479 903 5565 atque
930 5483 1056 5535 rata
1088 5484 1249 5536 sunt:
1277 5475 1421 5538 illud
1465 5489 1663 5540 autem
1697 5478 1771 5540 de
1803 5489 1973 5541 mtate
2005 5481 2198 5541 lecto-

2287 5505 2468 5539 κανοσι
2499 5489 2662 5539 τλῦτα
2697 5482 2980 5549 ἔδοξαν,ἰ“ὸ
3012 5483 3067 5541 δὲ
3099 5489 3219 5565 περὶ
3248 5488 3346 5555 τῆς
3376 5486 3588 5555 ἡλικίας
3621 5493 3708 5542 τοῦ
3731 5500 3895 5562 χρονω

551 5578 685 5625 rum
719 5579 838 5643 qua
865 5562 940 5624 de
969 5581 1151 5625 causa
1185 5584 1303 5625 non
1337 5565 1629 5641 obtineat,
1669 5586 1786 5628 non
1849 5570 2042 5631 video.
2076 5568 2194 5630 Ta-

2287 5579 2384 5628 τῶν
2416 5572 2774 5650 ἀναγνωστὼν
2804 5571 2951 5639 ὅπως
2985 5576 3081 5632 οὒκ
3130 5579 3364 5657 ἐνεργεῖ,
3413 5577 3588 5655 ἀγνοῶ
3620 5592 3634 5606 ⁸
3672 5577 3759 5632 τοῦ
3793 5572 3874 5649 γὰρ

555 5651 733 5713 metsi
751 5651 912 5715 enim
927 5652 1025 5714 lex
1040 5652 1564 5729 dicat,octodecim
1589 5674 1881 5719 annorum
1902 5658 2193 5723 lectorem

2287 5682 2448 5739 νομου
2481 5661 2737 5745 λεγοντος
2773 5662 2850 5731 ιη’
2879 5686 3093 5744 χρονων
3118 5651 3385 5748 ὀφείλειαν
3414 5651 3557 5724 εἶναι
3582 5666 3673 5723 τὸν
3694 5656 3878 5739 ἀναγνώ
