  <div class='ocr_page' id='page_1' title='image "/cluster/home/n/w/nwhite01/storage/ocr_20150623/104/hvd.32044073502163/526.png"; bbox 0 0 4090 6204; ppageno 0'>
   <div class='ocr_carea' id='block_1_1' title="bbox 264 388 414 458">
    <p class='ocr_par' dir='ltr' id='par_1_1' title="bbox 264 388 414 458">
     <span class='ocr_line' id='line_1_1' title="bbox 264 388 414 458; baseline 0.007 -1"><span class='ocrx_word' id='word_1_1' title='bbox 264 388 414 458; x_wconf 89' lang='grc'><strong>1013</strong></span> 
     </span>
    </p>
   </div>
   <div class='ocr_carea' id='block_1_2' title="bbox 1124 395 2741 480">
    <p class='ocr_par' dir='ltr' id='par_1_2' title="bbox 1124 395 2741 480">
     <span class='ocr_line' id='line_1_2' title="bbox 1124 395 2741 480; baseline 0.002 -18"><span class='ocrx_word' id='word_1_2' title='bbox 1124 395 1618 464; x_wconf 77' lang='grc' dir='ltr'><strong>ΝΟΜΟΟΑΝΟΝ.</strong></span> <span class='ocrx_word' id='word_1_3' title='bbox 1664 432 1745 444; x_wconf 93' lang='grc'><strong>-</strong></span> <span class='ocrx_word' id='word_1_4' title='bbox 1798 397 1955 462; x_wconf 85' lang='grc' dir='ltr'><strong>ΤΙΤ.</strong></span> <span class='ocrx_word' id='word_1_5' title='bbox 2001 400 2053 480; x_wconf 88' lang='grc' dir='ltr'><strong>Ι,</strong></span> <span class='ocrx_word' id='word_1_6' title='bbox 2096 399 2258 463; x_wconf 85' lang='lat' dir='ltr'><strong>CAP.</strong></span> <span class='ocrx_word' id='word_1_7' title='bbox 2308 399 2741 466; x_wconf 83' lang='lat' dir='ltr'><strong>XXIX-XXX.</strong></span> 
     </span>
    </p>
   </div>
   <div class='ocr_carea' id='block_1_3' title="bbox 3474 399 3625 470">
    <p class='ocr_par' dir='ltr' id='par_1_3' title="bbox 3474 399 3625 470">
     <span class='ocr_line' id='line_1_3' title="bbox 3474 399 3625 470; baseline 0.026 -4"><span class='ocrx_word' id='word_1_8' title='bbox 3474 399 3625 470; x_wconf 83' lang='grc'>1014</span> 
     </span>
    </p>
   </div>
   <div class='ocr_carea' id='block_1_4' title="bbox 254 538 1905 621">
    <p class='ocr_par' dir='ltr' id='par_1_4' title="bbox 254 538 1894 621">
     <span class='ocr_line' id='line_1_4' title="bbox 254 538 1894 621; baseline 0.002 -26"><span class='ocrx_word' id='word_1_9' title='bbox 254 561 410 619; x_wconf 67' lang='grc' dir='ltr'>στην,</span> <span class='ocrx_word' id='word_1_10' title='bbox 485 538 721 617; x_wconf 74' lang='grc' dir='ltr'>σήμερον</span> <span class='ocrx_word' id='word_1_11' title='bbox 794 542 1171 619; x_wconf 75' lang='grc' dir='ltr'>σφραγίζονται</span> <span class='ocrx_word' id='word_1_12' title='bbox 1240 543 1577 621; x_wconf 79' lang='grc' dir='ltr'>ἂναγνῶσται</span> <span class='ocrx_word' id='word_1_13' title='bbox 1637 544 1894 621; x_wconf 78' lang='grc' dir='ltr'>κληρικοί</span> 
     </span>
    </p>
   </div>
   <div class='ocr_carea' id='block_1_5' title="bbox 1979 538 3619 621">
    <p class='ocr_par' dir='ltr' id='par_1_5' title="bbox 1980 544 3619 621">
     <span class='ocr_line' id='line_1_5' title="bbox 1980 544 3619 621; baseline 0.005 -16"><span class='ocrx_word' id='word_1_14' title='bbox 1980 562 2115 606; x_wconf 86' lang='lat' dir='ltr'><strong>esse</strong></span> <span class='ocrx_word' id='word_1_15' title='bbox 2145 544 2392 606; x_wconf 86' lang='lat' dir='ltr'><strong>debere:</strong></span> <span class='ocrx_word' id='word_1_16' title='bbox 2445 544 2855 621; x_wconf 85' lang='lat' dir='ltr'><strong>insigniuntur</strong></span> <span class='ocrx_word' id='word_1_17' title='bbox 2887 552 3085 608; x_wconf 90' lang='lat' dir='ltr'><strong>tamen</strong></span> <span class='ocrx_word' id='word_1_18' title='bbox 3114 548 3295 610; x_wconf 87' lang='lat' dir='ltr'><strong>hodie</strong></span> <span class='ocrx_word' id='word_1_19' title='bbox 3323 548 3619 614; x_wconf 84' lang='lat' dir='ltr'><strong>lectorum</strong></span> 
     </span>
    </p>
   </div>
   <div class='ocr_carea' id='block_1_6' title="bbox 255 626 1896 712">
    <p class='ocr_par' dir='ltr' id='par_1_6' title="bbox 255 626 1896 712">
     <span class='ocr_line' id='line_1_6' title="bbox 255 626 1896 712; baseline 0.004 -28"><span class='ocrx_word' id='word_1_20' title='bbox 255 628 516 701; x_wconf 68' lang='grc' dir='ltr'>ἑξαετεῖς,</span> <span class='ocrx_word' id='word_1_21' title='bbox 551 628 663 684; x_wconf 80' lang='grc' dir='ltr'>ἔστι</span> <span class='ocrx_word' id='word_1_22' title='bbox 695 627 743 684; x_wconf 81' lang='grc' dir='ltr'><strong>δ’</strong></span> <span class='ocrx_word' id='word_1_23' title='bbox 779 626 867 685; x_wconf 77' lang='grc' dir='ltr'>ὅτε</span> <span class='ocrx_word' id='word_1_24' title='bbox 900 633 986 687; x_wconf 86' lang='grc' dir='ltr'><strong>καὶ</strong></span> <span class='ocrx_word' id='word_1_25' title='bbox 1018 645 1271 707; x_wconf 75' lang='grc' dir='ltr'>τριετεῖς.</span> <span class='ocrx_word' id='word_1_26' title='bbox 1334 632 1629 712; x_wconf 84' lang='grc' dir='ltr'>Ἀνάγνωθι</span> <span class='ocrx_word' id='word_1_27' title='bbox 1673 634 1760 691; x_wconf 78' lang='grc' dir='ltr'><strong>οὖν</strong></span> <span class='ocrx_word' id='word_1_28' title='bbox 1806 636 1896 691; x_wconf 83' lang='grc' dir='ltr'>τὸν</span> 
     </span>
    </p>
   </div>
   <div class='ocr_carea' id='block_1_7' title="bbox 254 718 1895 800">
    <p class='ocr_par' dir='ltr' id='par_1_7' title="bbox 254 718 1895 800">
     <span class='ocr_line' id='line_1_7' title="bbox 254 718 1895 800; baseline 0.004 -26"><span class='ocrx_word' id='word_1_29' title='bbox 254 718 323 774; x_wconf 75' lang='grc' dir='ltr'><strong>ιδ’</strong></span> <span class='ocrx_word' id='word_1_30' title='bbox 371 720 459 775; x_wconf 85' lang='grc' dir='ltr'><strong>καὶ</strong></span> <span class='ocrx_word' id='word_1_31' title='bbox 506 718 573 774; x_wconf 89' lang='grc' dir='ltr'>ιε’</span> <span class='ocrx_word' id='word_1_32' title='bbox 632 720 830 775; x_wconf 82' lang='grc' dir='ltr'>κανόνα</span> <span class='ocrx_word' id='word_1_33' title='bbox 872 723 973 787; x_wconf 74' lang='grc' dir='ltr'>τῆς</span> <span class='ocrx_word' id='word_1_34' title='bbox 1020 721 1083 795; x_wconf 86' lang='grc' dir='ltr'>ς’</span> <span class='ocrx_word' id='word_1_35' title='bbox 1085 720 1100 743; x_wconf 90' lang='grc'>’</span> <span class='ocrx_word' id='word_1_36' title='bbox 1146 721 1363 779; x_wconf 72' lang='grc' dir='ltr'>συνόδου</span> <span class='ocrx_word' id='word_1_37' title='bbox 1408 725 1718 800; x_wconf 82' lang='grc' dir='ltr'>καθαιρέσει</span> <span class='ocrx_word' id='word_1_38' title='bbox 1762 728 1895 781; x_wconf 85' lang='grc' dir='ltr'>καθ-</span> 
     </span>
    </p>
   </div>
   <div class='ocr_carea' id='block_1_8' title="bbox 252 808 1895 887">
    <p class='ocr_par' dir='ltr' id='par_1_8' title="bbox 252 808 1895 887">
     <span class='ocr_line' id='line_1_8' title="bbox 252 808 1895 887; baseline 0.004 -23"><span class='ocrx_word' id='word_1_39' title='bbox 252 808 622 866; x_wconf 67' lang='grc' dir='ltr'>υποϐάλλοντα</span> <span class='ocrx_word' id='word_1_40' title='bbox 664 809 786 873; x_wconf 77' lang='grc' dir='ltr'>τοὺς</span> <span class='ocrx_word' id='word_1_41' title='bbox 816 819 1260 887; x_wconf 71' lang='grc' dir='ltr'><strong>χειροτονοῦντας</strong></span> <span class='ocrx_word' id='word_1_42' title='bbox 1308 810 1583 875; x_wconf 72' lang='grc' dir='ltr'><strong>διακόνους</strong></span> <span class='ocrx_word' id='word_1_43' title='bbox 1626 816 1714 869; x_wconf 85' lang='grc' dir='ltr'><strong>καὶ</strong></span> <span class='ocrx_word' id='word_1_44' title='bbox 1759 815 1895 870; x_wconf 68' lang='grc' dir='ltr'>ὅπο-</span> 
     </span>
    </p>
   </div>
   <div class='ocr_carea' id='block_1_9' title="bbox 250 896 1890 981">
    <p class='ocr_par' dir='ltr' id='par_1_9' title="bbox 250 896 1890 981">
     <span class='ocr_line' id='line_1_9' title="bbox 250 896 1890 981; baseline 0.002 -27"><span class='ocrx_word' id='word_1_45' title='bbox 250 896 525 962; x_wconf 81' lang='grc' dir='ltr'>διακόνους</span> <span class='ocrx_word' id='word_1_46' title='bbox 572 898 673 975; x_wconf 81' lang='grc' dir='ltr'>πρὸ</span> <span class='ocrx_word' id='word_1_47' title='bbox 704 899 1146 976; x_wconf 73' lang='grc' dir='ltr'>συμπληρώσεως</span> <span class='ocrx_word' id='word_1_48' title='bbox 1179 903 1274 957; x_wconf 74' lang='grc' dir='ltr'>τοῦ</span> <span class='ocrx_word' id='word_1_49' title='bbox 1321 900 1403 958; x_wconf 86' lang='grc' dir='ltr'>κε’</span> <span class='ocrx_word' id='word_1_50' title='bbox 1453 900 1653 981; x_wconf 83' lang='grc' dir='ltr'>χρόνου</span> <span class='ocrx_word' id='word_1_51' title='bbox 1693 903 1890 981; x_wconf 65' lang='grc' dir='ltr'>αὐτῶν,</span> 
     </span>
    </p>
   </div>
   <div class='ocr_carea' id='block_1_10' title="bbox 248 988 1895 1071">
    <p class='ocr_par' dir='ltr' id='par_1_10' title="bbox 248 988 1895 1071">
     <span class='ocr_line' id='line_1_10' title="bbox 248 988 1895 1071; baseline 0.001 -26"><span class='ocrx_word' id='word_1_52' title='bbox 248 988 504 1051; x_wconf 76' lang='grc' dir='ltr'>ὡσαύτως</span> <span class='ocrx_word' id='word_1_53' title='bbox 547 988 789 1051; x_wconf 73' lang='grc' dir='ltr'>καὶτοὺς</span> <span class='ocrx_word' id='word_1_54' title='bbox 823 990 988 1060; x_wconf 76' lang='grc' dir='ltr'>ἱερεῖς</span> <span class='ocrx_word' id='word_1_55' title='bbox 1039 991 1142 1067; x_wconf 81' lang='grc' dir='ltr'>πρὸ</span> <span class='ocrx_word' id='word_1_56' title='bbox 1201 996 1295 1047; x_wconf 81' lang='grc' dir='ltr'><strong>τοῦ</strong></span> <span class='ocrx_word' id='word_1_57' title='bbox 1353 990 1405 1046; x_wconf 83' lang='grc' dir='ltr'>λ’</span> <span class='ocrx_word' id='word_1_58' title='bbox 1458 992 1680 1071; x_wconf 87' lang='grc' dir='ltr'>χρόνου.</span> <span class='ocrx_word' id='word_1_59' title='bbox 1722 995 1783 1050; x_wconf 82' lang='grc' dir='ltr'><strong>Οἱ</strong></span> <span class='ocrx_word' id='word_1_60' title='bbox 1840 990 1895 1047; x_wconf 80' lang='grc' dir='ltr'><strong>δὲ</strong></span> 
     </span>
    </p>
   </div>
   <div class='ocr_carea' id='block_1_11' title="bbox 249 1076 1893 1158">
    <p class='ocr_par' dir='ltr' id='par_1_11' title="bbox 249 1076 1893 1158">
     <span class='ocr_line' id='line_1_11' title="bbox 249 1076 1893 1158; baseline 0.002 -25"><span class='ocrx_word' id='word_1_61' title='bbox 249 1078 497 1155; x_wconf 82' lang='grc' dir='ltr'>λέγοντες</span> <span class='ocrx_word' id='word_1_62' title='bbox 557 1077 637 1152; x_wconf 71' lang='grc' dir='ltr'>μὴ</span> <span class='ocrx_word' id='word_1_63' title='bbox 695 1076 1024 1154; x_wconf 82' lang='grc' dir='ltr'>βλάπτεσθαι</span> <span class='ocrx_word' id='word_1_64' title='bbox 1067 1080 1191 1143; x_wconf 81' lang='grc' dir='ltr'>τοὺς</span> <span class='ocrx_word' id='word_1_65' title='bbox 1249 1080 1698 1158; x_wconf 80' lang='grc' dir='ltr'>σφραγιζομένους</span> <span class='ocrx_word' id='word_1_66' title='bbox 1755 1081 1893 1138; x_wconf 83' lang='grc' dir='ltr'>ἀνα-</span> 
     </span>
    </p>
   </div>
   <div class='ocr_carea' id='block_1_12' title="bbox 253 1167 1894 1249">
    <p class='ocr_par' dir='ltr' id='par_1_12' title="bbox 253 1167 1894 1249">
     <span class='ocr_line' id='line_1_12' title="bbox 253 1167 1894 1249; baseline 0.003 -27"><span class='ocrx_word' id='word_1_67' title='bbox 253 1168 490 1245; x_wconf 85' lang='grc' dir='ltr'>γνώστας</span> <span class='ocrx_word' id='word_1_68' title='bbox 534 1170 638 1246; x_wconf 82' lang='grc' dir='ltr'><strong>πρὸ</strong></span> <span class='ocrx_word' id='word_1_69' title='bbox 668 1167 1115 1245; x_wconf 73' lang='grc' dir='ltr'>συμπληρώσεως</span> <span class='ocrx_word' id='word_1_70' title='bbox 1148 1178 1242 1228; x_wconf 79' lang='grc' dir='ltr'>τοῦ</span> <span class='ocrx_word' id='word_1_71' title='bbox 1289 1170 1365 1237; x_wconf 88' lang='grc' dir='ltr'>ιη’</span> <span class='ocrx_word' id='word_1_72' title='bbox 1396 1169 1600 1249; x_wconf 76' lang='grc' dir='ltr'>χρόνου</span> <span class='ocrx_word' id='word_1_73' title='bbox 1630 1171 1729 1240; x_wconf 71' lang='grc' dir='ltr'>τῆς</span> <span class='ocrx_word' id='word_1_74' title='bbox 1763 1170 1894 1237; x_wconf 72' lang='grc' dir='ltr'>ἡλι-</span> 
     </span>
    </p>
   </div>
   <div class='ocr_carea' id='block_1_13' title="bbox 250 1255 1893 1333">
    <p class='ocr_par' dir='ltr' id='par_1_13' title="bbox 250 1255 1893 1333">
     <span class='ocr_line' id='line_1_13' title="bbox 250 1255 1893 1333; baseline 0.001 -19"><span class='ocrx_word' id='word_1_75' title='bbox 250 1260 370 1321; x_wconf 90' lang='grc' dir='ltr'>κίας</span> <span class='ocrx_word' id='word_1_76' title='bbox 429 1260 602 1316; x_wconf 67' lang='grc' dir='ltr'>αὐτῶν</span> <span class='ocrx_word' id='word_1_77' title='bbox 657 1255 743 1314; x_wconf 79' lang='grc' dir='ltr'>διὰ</span> <span class='ocrx_word' id='word_1_78' title='bbox 799 1260 861 1314; x_wconf 82' lang='grc' dir='ltr'>τὸ</span> <span class='ocrx_word' id='word_1_79' title='bbox 922 1259 1000 1333; x_wconf 76' lang='grc' dir='ltr'>μὴ</span> <span class='ocrx_word' id='word_1_80' title='bbox 1047 1259 1351 1333; x_wconf 77' lang='grc' dir='ltr'>μεμνῆσθαι</span> <span class='ocrx_word' id='word_1_81' title='bbox 1395 1261 1484 1315; x_wconf 88' lang='grc' dir='ltr'><strong>καὶ</strong></span> <span class='ocrx_word' id='word_1_82' title='bbox 1539 1260 1740 1317; x_wconf 79' lang='grc' dir='ltr'>τούτων</span> <span class='ocrx_word' id='word_1_83' title='bbox 1774 1262 1893 1325; x_wconf 80' lang='grc' dir='ltr'>τοὺς</span> 
     </span>
    </p>
   </div>
   <div class='ocr_carea' id='block_1_14' title="bbox 254 1346 1893 1428">
    <p class='ocr_par' dir='ltr' id='par_1_14' title="bbox 254 1346 1893 1428">
     <span class='ocr_line' id='line_1_14' title="bbox 254 1346 1893 1428; baseline 0.001 -23"><span class='ocrx_word' id='word_1_84' title='bbox 254 1346 476 1410; x_wconf 84' lang='grc' dir='ltr'>κανόνας</span> <span class='ocrx_word' id='word_1_85' title='bbox 535 1353 716 1409; x_wconf 82' lang='grc' dir='ltr'>κακῶς</span> <span class='ocrx_word' id='word_1_86' title='bbox 775 1348 1045 1425; x_wconf 78' lang='grc' dir='ltr'>λέγουσιν,</span> <span class='ocrx_word' id='word_1_87' title='bbox 1121 1348 1289 1408; x_wconf 57' lang='lat' dir='ltr'><strong>&quot;Even</strong></span> <span class='ocrx_word' id='word_1_88' title='bbox 1355 1349 1453 1424; x_wconf 79' lang='grc' dir='ltr'>μὲν</span> <span class='ocrx_word' id='word_1_89' title='bbox 1507 1350 1608 1428; x_wconf 78' lang='grc' dir='ltr'><strong>γὰρ</strong></span> <span class='ocrx_word' id='word_1_90' title='bbox 1652 1348 1800 1409; x_wconf 77' lang='grc' dir='ltr'>οὐδέν</span> <span class='ocrx_word' id='word_1_91' title='bbox 1842 1373 1893 1407; x_wconf 91' lang='grc' dir='ltr'><strong>τι</strong></span> 
     </span>
    </p>
   </div>
   <div class='ocr_carea' id='block_1_15' title="bbox 254 1435 1893 1516">
    <p class='ocr_par' dir='ltr' id='par_1_15' title="bbox 254 1435 1893 1516">
     <span class='ocr_line' id='line_1_15' title="bbox 254 1435 1893 1516; baseline 0.001 -23"><span class='ocrx_word' id='word_1_92' title='bbox 254 1440 298 1493; x_wconf 79' lang='grc' dir='ltr'>οἱ</span> <span class='ocrx_word' id='word_1_93' title='bbox 342 1438 561 1501; x_wconf 81' lang='grc' dir='ltr'>κανόνες</span> <span class='ocrx_word' id='word_1_94' title='bbox 593 1435 932 1513; x_wconf 73' lang='grc' dir='ltr'>διορίζονται,</span> <span class='ocrx_word' id='word_1_95' title='bbox 966 1436 1256 1516; x_wconf 70' lang='grc' dir='ltr'>δφείλομεν</span> <span class='ocrx_word' id='word_1_96' title='bbox 1290 1451 1407 1498; x_wconf 75' lang='grc' dir='ltr'>τοῖς</span> <span class='ocrx_word' id='word_1_97' title='bbox 1441 1438 1625 1514; x_wconf 84' lang='grc' dir='ltr'>νόμοις</span> <span class='ocrx_word' id='word_1_98' title='bbox 1657 1439 1893 1498; x_wconf 75' lang='grc' dir='ltr'>ἂκολου-</span> 
     </span>
    </p>
   </div>
   <div class='ocr_carea' id='block_1_16' title="bbox 252 1526 1465 1606">
    <p class='ocr_par' dir='ltr' id='par_1_16' title="bbox 252 1526 1465 1606">
     <span class='ocr_line' id='line_1_16' title="bbox 252 1526 1465 1606; baseline 0.002 -23"><span class='ocrx_word' id='word_1_99' title='bbox 252 1529 389 1606; x_wconf 68' lang='grc' dir='ltr'>θεῖν,</span> <span class='ocrx_word' id='word_1_100' title='bbox 421 1526 458 1595; x_wconf 73' lang='grc' dir='ltr'><strong>ἢ</strong></span> <span class='ocrx_word' id='word_1_101' title='bbox 488 1527 549 1583; x_wconf 63' lang='lat' dir='ltr'><strong>Ex</strong></span> <span class='ocrx_word' id='word_1_102' title='bbox 579 1532 684 1584; x_wconf 75' lang='grc' dir='ltr'>τῶν</span> <span class='ocrx_word' id='word_1_103' title='bbox 716 1528 916 1603; x_wconf 82' lang='grc' dir='ltr'>ὁμοίων</span> <span class='ocrx_word' id='word_1_104' title='bbox 946 1526 1158 1603; x_wconf 80' lang='grc' dir='ltr'><strong>τέμνειν</strong></span> <span class='ocrx_word' id='word_1_105' title='bbox 1190 1528 1256 1583; x_wconf 82' lang='grc' dir='ltr'>τὰ</span> <span class='ocrx_word' id='word_1_106' title='bbox 1282 1526 1465 1604; x_wconf 70' lang='grc' dir='ltr'>δ’μοια.</span> 
     </span>
    </p>
   </div>
   <div class='ocr_carea' id='block_1_17' title="bbox 337 1695 1887 1785">
    <p class='ocr_par' dir='ltr' id='par_1_17' title="bbox 337 1695 1887 1785">
     <span class='ocr_line' id='line_1_17' title="bbox 337 1695 1887 1785; baseline -0.002 -21"><span class='ocrx_word' id='word_1_107' title='bbox 337 1710 588 1764; x_wconf 74' lang='grc' dir='ltr'><strong>ΚΕΦΑΛ.</strong></span> <span class='ocrx_word' id='word_1_108' title='bbox 638 1695 769 1765; x_wconf 65' lang='grc' dir='ltr'><strong>κε’.</strong></span> <span class='ocrx_word' id='word_1_109' title='bbox 816 1738 893 1750; x_wconf 94' lang='lat'><strong>—</strong></span> <span class='ocrx_word' id='word_1_110' title='bbox 936 1707 1061 1783; x_wconf 82' lang='grc' dir='ltr'>Περὶ</span> <span class='ocrx_word' id='word_1_111' title='bbox 1105 1706 1380 1776; x_wconf 79' lang='grc' dir='ltr'>ποιήσεως</span> <span class='ocrx_word' id='word_1_112' title='bbox 1430 1707 1887 1785; x_wconf 75' lang='grc' dir='ltr'>χωρεπισκόπιυν,</span> 
     </span>
    </p>
   </div>
   <div class='ocr_carea' id='block_1_18' title="bbox 253 1793 1885 1876">
    <p class='ocr_par' dir='ltr' id='par_1_18' title="bbox 253 1793 1885 1876">
     <span class='ocr_line' id='line_1_18' title="bbox 253 1793 1885 1876; baseline 0.001 -25"><span class='ocrx_word' id='word_1_113' title='bbox 253 1797 337 1851; x_wconf 70' lang='grc' dir='ltr'>καὶ</span> <span class='ocrx_word' id='word_1_114' title='bbox 394 1798 550 1870; x_wconf 76' lang='grc' dir='ltr'>πότε,</span> <span class='ocrx_word' id='word_1_115' title='bbox 623 1794 719 1850; x_wconf 75' lang='grc' dir='ltr'>καὶ</span> <span class='ocrx_word' id='word_1_116' title='bbox 784 1796 899 1860; x_wconf 78' lang='grc' dir='ltr'>πῶς</span> <span class='ocrx_word' id='word_1_117' title='bbox 955 1796 1344 1876; x_wconf 69' lang='grc' dir='ltr'><strong>προσφέρουσιν</strong></span> <span class='ocrx_word' id='word_1_118' title='bbox 1412 1794 1448 1863; x_wconf 71' lang='grc' dir='ltr'><strong>ἢ</strong></span> <span class='ocrx_word' id='word_1_119' title='bbox 1520 1793 1885 1872; x_wconf 76' lang='grc' dir='ltr'><strong>μεταδιδόασι,</strong></span> 
     </span>
    </p>
   </div>
   <div class='ocr_carea' id='block_1_19' title="bbox 250 1884 1120 1964">
    <p class='ocr_par' dir='ltr' id='par_1_19' title="bbox 250 1884 1120 1964">
     <span class='ocr_line' id='line_1_19' title="bbox 250 1884 1120 1964; baseline -0.001 -23"><span class='ocrx_word' id='word_1_120' title='bbox 250 1887 337 1941; x_wconf 80' lang='grc' dir='ltr'><strong>καὶ</strong></span> <span class='ocrx_word' id='word_1_121' title='bbox 367 1885 510 1948; x_wconf 83' lang='grc' dir='ltr'>τίνας</span> <span class='ocrx_word' id='word_1_122' title='bbox 543 1886 943 1964; x_wconf 74' lang='grc' dir='ltr'>χειροτονοῦσιν</span> <span class='ocrx_word' id='word_1_123' title='bbox 971 1884 1006 1952; x_wconf 75' lang='grc' dir='ltr'><strong>ἢ</strong></span> <span class='ocrx_word' id='word_1_124' title='bbox 1037 1884 1120 1948; x_wconf 69' lang='grc' dir='ltr'>οὗ,</span> 
     </span>
    </p>
   </div>
   <div class='ocr_carea' id='block_1_20' title="bbox 327 1971 1886 2053">
    <p class='ocr_par' dir='ltr' id='par_1_20' title="bbox 327 1971 1886 2053">
     <span class='ocr_line' id='line_1_20' title="bbox 327 1971 1886 2053; baseline 0.001 -23"><span class='ocrx_word' id='word_1_125' title='bbox 327 1973 555 2031; x_wconf 71' lang='grc' dir='ltr'>Συνόδου</span> <span class='ocrx_word' id='word_1_126' title='bbox 599 1972 863 2053; x_wconf 75' lang='grc' dir='ltr'>Ἀγκύρας</span> <span class='ocrx_word' id='word_1_127' title='bbox 908 1976 1086 2031; x_wconf 86' lang='grc' dir='ltr'>κανὼν</span> <span class='ocrx_word' id='word_1_128' title='bbox 1131 1972 1208 2051; x_wconf 83' lang='grc' dir='ltr'>ιγ’</span> <span class='ocrx_word' id='word_1_129' title='bbox 1240 1989 1255 2004; x_wconf 90' lang='grc'>⁶</span> <span class='ocrx_word' id='word_1_130' title='bbox 1306 1971 1521 2031; x_wconf 66' lang='grc' dir='ltr'>συνόδου</span> <span class='ocrx_word' id='word_1_131' title='bbox 1580 1985 1886 2032; x_wconf 82' lang='grc' dir='ltr'>Νεοκαισα-</span> 
     </span>
    </p>
   </div>
   <div class='ocr_carea' id='block_1_21' title="bbox 248 2061 1888 2144">
    <p class='ocr_par' dir='ltr' id='par_1_21' title="bbox 248 2061 1888 2144">
     <span class='ocr_line' id='line_1_21' title="bbox 248 2061 1888 2144; baseline 0.003 -24"><span class='ocrx_word' id='word_1_132' title='bbox 248 2065 388 2138; x_wconf 81' lang='grc' dir='ltr'>ρείας</span> <span class='ocrx_word' id='word_1_133' title='bbox 419 2066 596 2121; x_wconf 86' lang='grc' dir='ltr'>κανὼν</span> <span class='ocrx_word' id='word_1_134' title='bbox 630 2063 703 2142; x_wconf 82' lang='grc' dir='ltr'>ιγ’</span> <span class='ocrx_word' id='word_1_135' title='bbox 732 2081 747 2096; x_wconf 82' lang='grc'><strong>⁸</strong></span> <span class='ocrx_word' id='word_1_136' title='bbox 783 2062 1001 2121; x_wconf 71' lang='grc' dir='ltr'>συνόδου</span> <span class='ocrx_word' id='word_1_137' title='bbox 1034 2061 1373 2144; x_wconf 73' lang='grc' dir='ltr'>Ἀντιοχείας</span> <span class='ocrx_word' id='word_1_138' title='bbox 1406 2066 1582 2121; x_wconf 84' lang='grc' dir='ltr'>κανὼν</span> <span class='ocrx_word' id='word_1_139' title='bbox 1614 2066 1652 2122; x_wconf 85' lang='grc' dir='ltr'>ι’</span> <span class='ocrx_word' id='word_1_140' title='bbox 1679 2085 1697 2103; x_wconf 80' lang='grc'><strong><em>⁸</em></strong></span> <span class='ocrx_word' id='word_1_141' title='bbox 1731 2076 1888 2125; x_wconf 86' lang='grc' dir='ltr'>Βασι-</span> 
     </span>
    </p>
   </div>
   <div class='ocr_carea' id='block_1_22' title="bbox 248 2153 1741 2233">
    <p class='ocr_par' dir='ltr' id='par_1_22' title="bbox 248 2153 1741 2233">
     <span class='ocr_line' id='line_1_22' title="bbox 248 2153 1741 2233; baseline -0.001 -23"><span class='ocrx_word' id='word_1_142' title='bbox 248 2154 390 2211; x_wconf 79' lang='grc' dir='ltr'>λείου</span> <span class='ocrx_word' id='word_1_143' title='bbox 420 2154 481 2211; x_wconf 79' lang='grc' dir='ltr'>ὲκ</span> <span class='ocrx_word' id='word_1_144' title='bbox 509 2159 607 2221; x_wconf 75' lang='grc' dir='ltr'><strong>τῆς</strong></span> <span class='ocrx_word' id='word_1_145' title='bbox 639 2155 772 2233; x_wconf 83' lang='grc' dir='ltr'>πρὸς</span> <span class='ocrx_word' id='word_1_146' title='bbox 802 2154 925 2219; x_wconf 84' lang='grc' dir='ltr'>τοὺς</span> <span class='ocrx_word' id='word_1_147' title='bbox 959 2155 1397 2233; x_wconf 82' lang='grc' dir='ltr'>χορεπισκόπους</span> <span class='ocrx_word' id='word_1_148' title='bbox 1429 2153 1741 2223; x_wconf 75' lang='grc' dir='ltr'>ἐπιστολῆς,</span> 
     </span>
    </p>
   </div>
   <div class='ocr_carea' id='block_1_23' title="bbox 327 2332 1884 2409">
    <p class='ocr_par' dir='ltr' id='par_1_23' title="bbox 327 2332 1884 2409">
     <span class='ocr_line' id='line_1_23' title="bbox 327 2332 1884 2409; baseline 0 -18"><span class='ocrx_word' id='word_1_149' title='bbox 327 2338 579 2395; x_wconf 80' lang='grc' dir='ltr'><strong>ΚΕΦΑΛ.</strong></span> <span class='ocrx_word' id='word_1_150' title='bbox 628 2332 715 2394; x_wconf 85' lang='grc' dir='ltr'><strong>Λ’.</strong></span> <span class='ocrx_word' id='word_1_151' title='bbox 775 2366 854 2377; x_wconf 94' lang='grc'><strong>-</strong></span> <span class='ocrx_word' id='word_1_152' title='bbox 902 2333 1025 2409; x_wconf 82' lang='grc' dir='ltr'>Περὶ</span> <span class='ocrx_word' id='word_1_153' title='bbox 1074 2339 1165 2388; x_wconf 77' lang='grc' dir='ltr'>τοῦ</span> <span class='ocrx_word' id='word_1_154' title='bbox 1223 2333 1268 2404; x_wconf 84' lang='grc' dir='ltr'><strong>ζ’</strong></span> <span class='ocrx_word' id='word_1_155' title='bbox 1328 2333 1416 2389; x_wconf 82' lang='grc' dir='ltr'><strong>καὶ</strong></span> <span class='ocrx_word' id='word_1_156' title='bbox 1487 2334 1680 2409; x_wconf 81' lang='grc' dir='ltr'>μόνους</span> <span class='ocrx_word' id='word_1_157' title='bbox 1740 2336 1884 2393; x_wconf 77' lang='grc' dir='ltr'>εἶναι</span> 
     </span>
    </p>
   </div>
   <div class='ocr_carea' id='block_1_24' title="bbox 246 2422 1258 2502">
    <p class='ocr_par' dir='ltr' id='par_1_24' title="bbox 246 2422 1258 2502">
     <span class='ocr_line' id='line_1_24' title="bbox 246 2422 1258 2502; baseline 0.005 -23"><span class='ocrx_word' id='word_1_158' title='bbox 246 2423 548 2502; x_wconf 74' lang='grc' dir='ltr'>διακονους,</span> <span class='ocrx_word' id='word_1_159' title='bbox 577 2422 676 2479; x_wconf 77' lang='grc' dir='ltr'>κᾶν</span> <span class='ocrx_word' id='word_1_160' title='bbox 706 2424 739 2490; x_wconf 79' lang='grc' dir='ltr'><strong>ἡ</strong></span> <span class='ocrx_word' id='word_1_161' title='bbox 766 2422 924 2485; x_wconf 86' lang='grc' dir='ltr'>πόλις</span> <span class='ocrx_word' id='word_1_162' title='bbox 956 2422 1171 2499; x_wconf 82' lang='grc' dir='ltr'><strong>μεγάλη</strong></span> 
     </span>
    </p>
   </div>
   <div class='ocr_carea' id='block_1_25' title="bbox 330 2510 1458 2591">
    <p class='ocr_par' dir='ltr' id='par_1_25' title="bbox 330 2510 1458 2591">
     <span class='ocr_line' id='line_1_25' title="bbox 330 2510 1458 2591; baseline 0.002 -25"><span class='ocrx_word' id='word_1_163' title='bbox 330 2511 556 2569; x_wconf 82' lang='grc' dir='ltr'>Συνοδου</span> <span class='ocrx_word' id='word_1_164' title='bbox 612 2513 1027 2591; x_wconf 82' lang='grc' dir='ltr'>Νεοκαισαρείας</span> <span class='ocrx_word' id='word_1_165' title='bbox 1092 2513 1269 2569; x_wconf 84' lang='grc' dir='ltr'>κανὼν</span> <span class='ocrx_word' id='word_1_166' title='bbox 1342 2510 1407 2568; x_wconf 84' lang='grc' dir='ltr'><strong>ιδ’</strong></span> <span class='ocrx_word' id='word_1_167' title='bbox 1444 2532 1458 2547; x_wconf 84' lang='grc'>⁶</span> 
     </span>
    </p>
   </div>
   <div class='ocr_carea' id='block_1_26' title="bbox 251 2600 553 2678">
    <p class='ocr_par' dir='ltr' id='par_1_26' title="bbox 251 2600 553 2678">
     <span class='ocr_line' id='line_1_26' title="bbox 251 2600 553 2678; baseline 0.003 -23"><span class='ocrx_word' id='word_1_168' title='bbox 251 2602 424 2658; x_wconf 83' lang='grc' dir='ltr'>κανὼν</span> <span class='ocrx_word' id='word_1_169' title='bbox 458 2600 553 2678; x_wconf 80' lang='grc' dir='ltr'><strong>ιβ’.</strong></span> 
     </span>
    </p>
   </div>
   <div class='ocr_carea' id='block_1_27' title="bbox 329 2682 1884 2773">
    <p class='ocr_par' dir='ltr' id='par_1_27' title="bbox 329 2682 1884 2773">
     <span class='ocr_line' id='line_1_27' title="bbox 329 2682 1884 2773; baseline 0.001 -24"><span class='ocrx_word' id='word_1_170' title='bbox 329 2692 610 2766; x_wconf 82' lang='grc' dir='ltr'>Κείμενον,</span> <span class='ocrx_word' id='word_1_171' title='bbox 672 2682 735 2748; x_wconf 74' lang='grc' dir='ltr'><strong>Ἠ</strong></span> <span class='ocrx_word' id='word_1_172' title='bbox 794 2692 848 2747; x_wconf 84' lang='grc' dir='ltr'>α’</span> <span class='ocrx_word' id='word_1_173' title='bbox 905 2689 1044 2753; x_wconf 85' lang='grc' dir='ltr'>διάτ,</span> <span class='ocrx_word' id='word_1_174' title='bbox 1099 2698 1192 2748; x_wconf 76' lang='grc' dir='ltr'><strong>τοῦ</strong></span> <span class='ocrx_word' id='word_1_175' title='bbox 1238 2690 1293 2748; x_wconf 83' lang='grc' dir='ltr'>α’</span> <span class='ocrx_word' id='word_1_176' title='bbox 1338 2692 1441 2754; x_wconf 85' lang='grc' dir='ltr'>τίτ.</span> <span class='ocrx_word' id='word_1_177' title='bbox 1502 2692 1608 2749; x_wconf 77' lang='grc' dir='ltr'>τῶν</span> <span class='ocrx_word' id='word_1_178' title='bbox 1643 2699 1884 2773; x_wconf 69' lang='grc' dir='ltr'><strong>Νειτρῶν³</strong></span> 
     </span>
    </p>
   </div>
   <div class='ocr_carea' id='block_1_28' title="bbox 249 2780 1584 2861">
    <p class='ocr_par' dir='ltr' id='par_1_28' title="bbox 249 2780 1584 2861">
     <span class='ocr_line' id='line_1_28' title="bbox 249 2780 1584 2861; baseline 0.001 -24"><span class='ocrx_word' id='word_1_179' title='bbox 249 2804 303 2843; x_wconf 86' lang='grc' dir='ltr'>κ.</span> <span class='ocrx_word' id='word_1_180' title='bbox 335 2804 388 2843; x_wconf 87' lang='grc' dir='ltr'>τ,</span> <span class='ocrx_word' id='word_1_181' title='bbox 421 2781 502 2855; x_wconf 81' lang='grc' dir='ltr'><strong>λ,,</strong></span> <span class='ocrx_word' id='word_1_182' title='bbox 537 2798 725 2861; x_wconf 90' lang='lat' dir='ltr'><strong>usque</strong></span> <span class='ocrx_word' id='word_1_183' title='bbox 755 2780 826 2841; x_wconf 85' lang='lat' dir='ltr'><strong>ad</strong></span> <span class='ocrx_word' id='word_1_184' title='bbox 860 2780 1061 2857; x_wconf 81' lang='grc' dir='ltr'>ψάλται</span> <span class='ocrx_word' id='word_1_185' title='bbox 1093 2780 1197 2857; x_wconf 77' lang='grc' dir='ltr'>κε’,</span> <span class='ocrx_word' id='word_1_186' title='bbox 1230 2784 1449 2860; x_wconf 82' lang='grc' dir='ltr'>θυρωροὶ</span> <span class='ocrx_word' id='word_1_187' title='bbox 1480 2780 1584 2845; x_wconf 85' lang='grc' dir='ltr'><strong>σε’,</strong></span> 
     </span>
    </p>
   </div>
   <div class='ocr_carea' id='block_1_29' title="bbox 330 2868 1888 2951">
    <p class='ocr_par' dir='ltr' id='par_1_29' title="bbox 330 2868 1888 2951">
     <span class='ocr_line' id='line_1_29' title="bbox 330 2868 1888 2951; baseline 0.001 -25"><span class='ocrx_word' id='word_1_188' title='bbox 330 2870 590 2951; x_wconf 80' lang='grc' dir='ltr'>Σχολιον.</span> <span class='ocrx_word' id='word_1_189' title='bbox 636 2870 704 2927; x_wconf 83' lang='grc' dir='ltr'><strong><em>Ἦ</em></strong></span> <span class='ocrx_word' id='word_1_190' title='bbox 770 2868 823 2926; x_wconf 82' lang='grc' dir='ltr'>α’</span> <span class='ocrx_word' id='word_1_191' title='bbox 878 2869 1019 2933; x_wconf 83' lang='grc' dir='ltr'>διάτ,</span> <span class='ocrx_word' id='word_1_192' title='bbox 1081 2881 1175 2930; x_wconf 81' lang='grc' dir='ltr'><strong>τοῦ</strong></span> <span class='ocrx_word' id='word_1_193' title='bbox 1224 2869 1277 2927; x_wconf 88' lang='grc' dir='ltr'>α’</span> <span class='ocrx_word' id='word_1_194' title='bbox 1343 2873 1447 2933; x_wconf 88' lang='grc' dir='ltr'>τίτ,</span> <span class='ocrx_word' id='word_1_195' title='bbox 1514 2872 1614 2929; x_wconf 82' lang='grc' dir='ltr'>τῶν</span> <span class='ocrx_word' id='word_1_196' title='bbox 1672 2880 1888 2950; x_wconf 79' lang='grc' dir='ltr'>Νεαρῶν</span> 
     </span>
    </p>
   </div>
   <div class='ocr_carea' id='block_1_30' title="bbox 249 2959 1889 3043">
    <p class='ocr_par' dir='ltr' id='par_1_30' title="bbox 249 2959 1889 3043">
     <span class='ocr_line' id='line_1_30' title="bbox 249 2959 1889 3043; baseline 0.001 -26"><span class='ocrx_word' id='word_1_197' title='bbox 249 2962 359 3017; x_wconf 76' lang='grc' dir='ltr'>ἐστι</span> <span class='ocrx_word' id='word_1_198' title='bbox 389 2963 552 3038; x_wconf 79' lang='grc' dir='ltr'>νεαρὰ</span> <span class='ocrx_word' id='word_1_199' title='bbox 582 2960 1011 3023; x_wconf 78' lang='grc' dir='ltr'>ἰουστινιάνειος</span> <span class='ocrx_word' id='word_1_200' title='bbox 1040 2959 1142 3034; x_wconf 77' lang='grc' dir='ltr'><strong>ς’,</strong></span> <span class='ocrx_word' id='word_1_201' title='bbox 1176 2968 1332 3018; x_wconf 81' lang='grc' dir='ltr'>τοῦτο</span> <span class='ocrx_word' id='word_1_202' title='bbox 1382 2959 1437 3016; x_wconf 76' lang='grc' dir='ltr'><strong>δὲ</strong></span> <span class='ocrx_word' id='word_1_203' title='bbox 1466 2963 1526 3018; x_wconf 83' lang='grc' dir='ltr'>τὸ</span> <span class='ocrx_word' id='word_1_204' title='bbox 1561 2984 1684 3043; x_wconf 74' lang='grc' dir='ltr'><strong>κεφ.</strong></span> <span class='ocrx_word' id='word_1_205' title='bbox 1722 2967 1889 3029; x_wconf 75' lang='grc' dir='ltr'>αὐτῆς</span> 
     </span>
    </p>
   </div>
   <div class='ocr_carea' id='block_1_31' title="bbox 249 3049 1887 3125">
    <p class='ocr_par' dir='ltr' id='par_1_31' title="bbox 249 3049 1887 3125">
     <span class='ocr_line' id='line_1_31' title="bbox 249 3049 1887 3125; baseline 0.001 -18"><span class='ocrx_word' id='word_1_206' title='bbox 249 3052 345 3108; x_wconf 64' lang='grc' dir='ltr'><strong>οὒκ</strong></span> <span class='ocrx_word' id='word_1_207' title='bbox 388 3051 543 3118; x_wconf 82' lang='grc' dir='ltr'>ἐτέθη</span> <span class='ocrx_word' id='word_1_208' title='bbox 588 3053 661 3114; x_wconf 84' lang='grc' dir='ltr'>εἷς</span> <span class='ocrx_word' id='word_1_209' title='bbox 706 3052 771 3107; x_wconf 80' lang='grc' dir='ltr'>τὰ</span> <span class='ocrx_word' id='word_1_210' title='bbox 814 3049 1103 3125; x_wconf 81' lang='grc' dir='ltr'>Βασιλικὰ,</span> <span class='ocrx_word' id='word_1_211' title='bbox 1151 3058 1243 3107; x_wconf 81' lang='grc' dir='ltr'>τοῦ</span> <span class='ocrx_word' id='word_1_212' title='bbox 1287 3052 1447 3108; x_wconf 75' lang='grc' dir='ltr'>αὐτοῦ</span> <span class='ocrx_word' id='word_1_213' title='bbox 1500 3050 1554 3107; x_wconf 81' lang='grc' dir='ltr'><strong>δὲ</strong></span> <span class='ocrx_word' id='word_1_214' title='bbox 1597 3053 1704 3112; x_wconf 85' lang='grc' dir='ltr'>τίτ.</span> <span class='ocrx_word' id='word_1_215' title='bbox 1761 3055 1795 3121; x_wconf 82' lang='grc' dir='ltr'>ἡ</span> <span class='ocrx_word' id='word_1_216' title='bbox 1839 3052 1887 3109; x_wconf 87' lang='grc' dir='ltr'>θ’</span> 
     </span>
    </p>
   </div>
   <div class='ocr_carea' id='block_1_32' title="bbox 249 3137 1886 3218">
    <p class='ocr_par' dir='ltr' id='par_1_32' title="bbox 249 3137 1886 3218">
     <span class='ocr_line' id='line_1_32' title="bbox 249 3137 1886 3218; baseline 0.001 -23"><span class='ocrx_word' id='word_1_217' title='bbox 249 3139 389 3203; x_wconf 75' lang='grc' dir='ltr'>διάτ,</span> <span class='ocrx_word' id='word_1_218' title='bbox 436 3139 550 3196; x_wconf 73' lang='grc' dir='ltr'><strong>ἐστὶ</strong></span> <span class='ocrx_word' id='word_1_219' title='bbox 587 3141 748 3218; x_wconf 82' lang='grc' dir='ltr'>νεαρὰ</span> <span class='ocrx_word' id='word_1_220' title='bbox 818 3137 1241 3202; x_wconf 78' lang='grc' dir='ltr'>Ἰουστινιάνειος</span> <span class='ocrx_word' id='word_1_221' title='bbox 1305 3139 1355 3217; x_wconf 79' lang='grc' dir='ltr'>γ’</span> <span class='ocrx_word' id='word_1_222' title='bbox 1411 3139 1635 3216; x_wconf 80' lang='grc' dir='ltr'>κειμένη</span> <span class='ocrx_word' id='word_1_223' title='bbox 1679 3144 1736 3197; x_wconf 67' lang='grc' dir='ltr'>ἓν</span> <span class='ocrx_word' id='word_1_224' title='bbox 1794 3143 1886 3217; x_wconf 88' lang='grc' dir='ltr'>βι-</span> 
     </span>
    </p>
   </div>
   <div class='ocr_carea' id='block_1_33' title="bbox 248 3228 1883 3310">
    <p class='ocr_par' dir='ltr' id='par_1_33' title="bbox 248 3228 1883 3310">
     <span class='ocr_line' id='line_1_33' title="bbox 248 3228 1883 3310; baseline 0.001 -25"><span class='ocrx_word' id='word_1_225' title='bbox 248 3229 380 3305; x_wconf 75' lang='grc' dir='ltr'>ϐλίῳ</span> <span class='ocrx_word' id='word_1_226' title='bbox 415 3235 516 3286; x_wconf 84' lang='grc' dir='ltr'>τῶν</span> <span class='ocrx_word' id='word_1_227' title='bbox 546 3229 844 3286; x_wconf 81' lang='grc' dir='ltr'>Βασιλικῶν</span> <span class='ocrx_word' id='word_1_228' title='bbox 875 3228 955 3306; x_wconf 86' lang='grc' dir='ltr'><strong>γ’,</strong></span> <span class='ocrx_word' id='word_1_229' title='bbox 986 3229 1093 3290; x_wconf 83' lang='grc' dir='ltr'>τίτ,</span> <span class='ocrx_word' id='word_1_230' title='bbox 1125 3228 1202 3306; x_wconf 83' lang='grc' dir='ltr'><strong>β’,</strong></span> <span class='ocrx_word' id='word_1_231' title='bbox 1235 3251 1357 3309; x_wconf 76' lang='grc' dir='ltr'>κεφ.</span> <span class='ocrx_word' id='word_1_232' title='bbox 1392 3229 1471 3310; x_wconf 70' lang='grc' dir='ltr'><strong>α’,</strong></span> <span class='ocrx_word' id='word_1_233' title='bbox 1521 3230 1711 3305; x_wconf 87' lang='grc' dir='ltr'>θέματι</span> <span class='ocrx_word' id='word_1_234' title='bbox 1742 3253 1883 3308; x_wconf 88' lang='grc' dir='ltr'>προ-</span> 
     </span>
    </p>
   </div>
   <div class='ocr_carea' id='block_1_34' title="bbox 246 3318 1884 3398">
    <p class='ocr_par' dir='ltr' id='par_1_34' title="bbox 246 3318 1884 3398">
     <span class='ocr_line' id='line_1_34' title="bbox 246 3318 1884 3398; baseline 0.001 -24"><span class='ocrx_word' id='word_1_235' title='bbox 246 3319 552 3392; x_wconf 82' lang='grc' dir='ltr'>τελευταίῳ,</span> <span class='ocrx_word' id='word_1_236' title='bbox 586 3318 753 3384; x_wconf 70' lang='grc' dir='ltr'>οὕτως</span> <span class='ocrx_word' id='word_1_237' title='bbox 783 3318 968 3398; x_wconf 80' lang='grc' dir='ltr'>ἔχοντι</span> <span class='ocrx_word' id='word_1_238' title='bbox 1005 3334 1019 3349; x_wconf 88' lang='grc'>⁶</span> <span class='ocrx_word' id='word_1_239' title='bbox 1073 3318 1246 3375; x_wconf 67' lang='grc' dir='ltr'>’Ὥστε</span> <span class='ocrx_word' id='word_1_240' title='bbox 1293 3321 1608 3390; x_wconf 83' lang='grc' dir='ltr'>θεσπίζομεν</span> <span class='ocrx_word' id='word_1_241' title='bbox 1640 3320 1718 3394; x_wconf 75' lang='grc' dir='ltr'>μὴ</span> <span class='ocrx_word' id='word_1_242' title='bbox 1750 3342 1884 3398; x_wconf 88' lang='grc' dir='ltr'>περ-</span> 
     </span>
    </p>
   </div>
   <div class='ocr_carea' id='block_1_35' title="bbox 250 3406 1885 3487">
    <p class='ocr_par' dir='ltr' id='par_1_35' title="bbox 250 3406 1885 3487">
     <span class='ocr_line' id='line_1_35' title="bbox 250 3406 1885 3487; baseline 0.001 -22"><span class='ocrx_word' id='word_1_243' title='bbox 250 3410 441 3487; x_wconf 81' lang='grc' dir='ltr'>αιτέρω</span> <span class='ocrx_word' id='word_1_244' title='bbox 469 3409 565 3484; x_wconf 77' lang='grc' dir='ltr'>μὲν</span> <span class='ocrx_word' id='word_1_245' title='bbox 608 3409 652 3474; x_wconf 76' lang='grc' dir='ltr'><strong>ξ’</strong></span> <span class='ocrx_word' id='word_1_246' title='bbox 706 3406 1074 3486; x_wconf 77' lang='grc' dir='ltr'>πρεσϐυτέρων</span> <span class='ocrx_word' id='word_1_247' title='bbox 1135 3410 1271 3465; x_wconf 72' lang='grc' dir='ltr'>κατὰ</span> <span class='ocrx_word' id='word_1_248' title='bbox 1327 3409 1427 3475; x_wconf 77' lang='grc' dir='ltr'><strong>τὴν</strong></span> <span class='ocrx_word' id='word_1_249' title='bbox 1482 3409 1740 3487; x_wconf 82' lang='grc' dir='ltr'>Μεγάλην</span> <span class='ocrx_word' id='word_1_250' title='bbox 1785 3410 1885 3466; x_wconf 78' lang='grc' dir='ltr'><strong>ἐκ·</strong></span> 
     </span>
    </p>
   </div>
   <div class='ocr_carea' id='block_1_36' title="bbox 245 3496 1882 3577">
    <p class='ocr_par' dir='ltr' id='par_1_36' title="bbox 245 3496 1882 3577">
     <span class='ocr_line' id='line_1_36' title="bbox 245 3496 1882 3577; baseline 0.001 -23"><span class='ocrx_word' id='word_1_251' title='bbox 245 3498 472 3563; x_wconf 81' lang='grc' dir='ltr'>κλησίαν</span> <span class='ocrx_word' id='word_1_252' title='bbox 513 3500 683 3571; x_wconf 79' lang='grc' dir='ltr'>εἶναι,</span> <span class='ocrx_word' id='word_1_253' title='bbox 717 3498 996 3559; x_wconf 81' lang='grc' dir='ltr'>διακόνους</span> <span class='ocrx_word' id='word_1_254' title='bbox 1041 3496 1096 3553; x_wconf 78' lang='grc' dir='ltr'><strong>δὲ</strong></span> <span class='ocrx_word' id='word_1_255' title='bbox 1141 3496 1363 3576; x_wconf 75' lang='grc' dir='ltr'>ἅρῤενας</span> <span class='ocrx_word' id='word_1_256' title='bbox 1411 3496 1483 3577; x_wconf 70' lang='grc' dir='ltr'><strong>ρ’,</strong></span> <span class='ocrx_word' id='word_1_257' title='bbox 1537 3501 1624 3555; x_wconf 81' lang='grc' dir='ltr'>καὶ</span> <span class='ocrx_word' id='word_1_258' title='bbox 1673 3498 1732 3575; x_wconf 81' lang='grc' dir='ltr'>μ’</span> <span class='ocrx_word' id='word_1_259' title='bbox 1776 3503 1882 3567; x_wconf 91' lang='grc' dir='ltr'>θη-</span> 
     </span>
    </p>
   </div>
   <div class='ocr_carea' id='block_1_37' title="bbox 251 3586 1886 3667">
    <p class='ocr_par' dir='ltr' id='par_1_37' title="bbox 251 3586 1886 3667">
     <span class='ocr_line' id='line_1_37' title="bbox 251 3586 1886 3667; baseline 0.001 -25"><span class='ocrx_word' id='word_1_260' title='bbox 251 3589 416 3661; x_wconf 80' lang='grc' dir='ltr'>λείας,</span> <span class='ocrx_word' id='word_1_261' title='bbox 451 3586 953 3651; x_wconf 71' lang='grc' dir='ltr'>καίὑποδιαιιονους</span> <span class='ocrx_word' id='word_1_262' title='bbox 1006 3587 1072 3667; x_wconf 61' lang='grc' dir='ltr'><strong>ζ,</strong></span> <span class='ocrx_word' id='word_1_263' title='bbox 1126 3587 1471 3666; x_wconf 73' lang='grc' dir='ltr'>ἀναγνώστας</span> <span class='ocrx_word' id='word_1_264' title='bbox 1530 3586 1585 3645; x_wconf 79' lang='grc' dir='ltr'><strong>δὲ</strong></span> <span class='ocrx_word' id='word_1_265' title='bbox 1642 3588 1738 3666; x_wconf 69' lang='grc' dir='ltr'>ρι’,</span> <span class='ocrx_word' id='word_1_266' title='bbox 1798 3589 1886 3644; x_wconf 85' lang='grc' dir='ltr'><strong>καὶ</strong></span> 
     </span>
    </p>
   </div>
   <div class='ocr_carea' id='block_1_38' title="bbox 250 3676 1885 3756">
    <p class='ocr_par' dir='ltr' id='par_1_38' title="bbox 250 3676 1885 3756">
     <span class='ocr_line' id='line_1_38' title="bbox 250 3676 1885 3756; baseline 0.001 -22"><span class='ocrx_word' id='word_1_267' title='bbox 250 3677 457 3753; x_wconf 77' lang='grc' dir='ltr'>ψαλτας</span> <span class='ocrx_word' id='word_1_268' title='bbox 494 3678 599 3747; x_wconf 77' lang='grc' dir='ltr'>κε’,</span> <span class='ocrx_word' id='word_1_269' title='bbox 644 3681 717 3737; x_wconf 78' lang='grc' dir='ltr'><strong>ὡς</strong></span> <span class='ocrx_word' id='word_1_270' title='bbox 764 3677 910 3734; x_wconf 77' lang='grc' dir='ltr'>εἶναι</span> <span class='ocrx_word' id='word_1_271' title='bbox 960 3678 1052 3733; x_wconf 78' lang='grc' dir='ltr'>τὸν</span> <span class='ocrx_word' id='word_1_272' title='bbox 1094 3676 1306 3733; x_wconf 76' lang='grc' dir='ltr'>ἅπαντα</span> <span class='ocrx_word' id='word_1_273' title='bbox 1337 3678 1554 3756; x_wconf 82' lang='grc' dir='ltr'>ἀριθμὸν</span> <span class='ocrx_word' id='word_1_274' title='bbox 1586 3685 1691 3734; x_wconf 80' lang='grc' dir='ltr'>τῶν</span> <span class='ocrx_word' id='word_1_275' title='bbox 1723 3677 1885 3736; x_wconf 79' lang='grc' dir='ltr'>εὐλα-</span> 
     </span>
    </p>
   </div>
   <div class='ocr_carea' id='block_1_39' title="bbox 246 3765 1885 3844">
    <p class='ocr_par' dir='ltr' id='par_1_39' title="bbox 246 3765 1885 3844">
     <span class='ocr_line' id='line_1_39' title="bbox 246 3765 1885 3844; baseline 0 -21"><span class='ocrx_word' id='word_1_276' title='bbox 246 3766 516 3825; x_wconf 77' lang='grc' dir='ltr'>ϐεστάτων</span> <span class='ocrx_word' id='word_1_277' title='bbox 568 3767 842 3844; x_wconf 79' lang='grc' dir='ltr'>κληρικῶν</span> <span class='ocrx_word' id='word_1_278' title='bbox 910 3770 1009 3834; x_wconf 77' lang='grc' dir='ltr'>τῆς</span> <span class='ocrx_word' id='word_1_279' title='bbox 1074 3766 1332 3844; x_wconf 81' lang='grc' dir='ltr'>Μεγάλης</span> <span class='ocrx_word' id='word_1_280' title='bbox 1390 3766 1719 3833; x_wconf 76' lang='grc' dir='ltr'>’Βκκλησίας</span> <span class='ocrx_word' id='word_1_281' title='bbox 1772 3765 1885 3823; x_wconf 90' lang='grc' dir='ltr'>υκε’</span> 
     </span>
    </p>
   </div>
   <div class='ocr_carea' id='block_1_40' title="bbox 250 3856 1887 3935">
    <p class='ocr_par' dir='ltr' id='par_1_40' title="bbox 250 3856 1887 3935">
     <span class='ocr_line' id='line_1_40' title="bbox 250 3856 1887 3935; baseline 0.001 -23"><span class='ocrx_word' id='word_1_282' title='bbox 250 3858 585 3935; x_wconf 69' lang='grc' dir='ltr'>προσώποις,</span> <span class='ocrx_word' id='word_1_283' title='bbox 612 3859 701 3912; x_wconf 84' lang='grc' dir='ltr'><strong>καὶ</strong></span> <span class='ocrx_word' id='word_1_284' title='bbox 751 3856 799 3933; x_wconf 91' lang='grc' dir='ltr'>ρ’</span> <span class='ocrx_word' id='word_1_285' title='bbox 842 3858 975 3933; x_wconf 80' lang='grc' dir='ltr'>πρὸς</span> <span class='ocrx_word' id='word_1_286' title='bbox 1020 3856 1227 3921; x_wconf 83' lang='grc' dir='ltr'>τούτοις</span> <span class='ocrx_word' id='word_1_287' title='bbox 1272 3856 1379 3915; x_wconf 77' lang='grc' dir='ltr'>τῶν</span> <span class='ocrx_word' id='word_1_288' title='bbox 1409 3856 1753 3932; x_wconf 82' lang='grc' dir='ltr'>καλουμένων</span> <span class='ocrx_word' id='word_1_289' title='bbox 1783 3880 1887 3913; x_wconf 85' lang='grc' dir='ltr'>πυ-</span> 
     </span>
    </p>
   </div>
   <div class='ocr_carea' id='block_1_41' title="bbox 248 3941 1886 4025">
    <p class='ocr_par' dir='ltr' id='par_1_41' title="bbox 248 3941 1886 4025">
     <span class='ocr_line' id='line_1_41' title="bbox 248 3941 1886 4025; baseline 0 -23"><span class='ocrx_word' id='word_1_290' title='bbox 248 3946 459 4024; x_wconf 82' lang='grc' dir='ltr'>λωρῶν,</span> <span class='ocrx_word' id='word_1_291' title='bbox 491 3947 578 4001; x_wconf 84' lang='grc' dir='ltr'><strong>καὶ</strong></span> <span class='ocrx_word' id='word_1_292' title='bbox 608 3947 640 4013; x_wconf 83' lang='grc' dir='ltr'>ἡ</span> <span class='ocrx_word' id='word_1_293' title='bbox 675 3945 712 4001; x_wconf 88' lang='grc' dir='ltr'>ι’</span> <span class='ocrx_word' id='word_1_294' title='bbox 759 3943 901 4004; x_wconf 83' lang='grc' dir='ltr'>διάτ.</span> <span class='ocrx_word' id='word_1_295' title='bbox 946 3951 1037 4000; x_wconf 78' lang='grc' dir='ltr'>τοῦ</span> <span class='ocrx_word' id='word_1_296' title='bbox 1069 3941 1121 4000; x_wconf 85' lang='grc' dir='ltr'>α’</span> <span class='ocrx_word' id='word_1_297' title='bbox 1155 3943 1205 4001; x_wconf 82' lang='grc' dir='ltr'>α’</span> <span class='ocrx_word' id='word_1_298' title='bbox 1238 3946 1341 4008; x_wconf 76' lang='grc' dir='ltr'><strong>τὶτ.</strong></span> <span class='ocrx_word' id='word_1_299' title='bbox 1375 3950 1480 4002; x_wconf 81' lang='grc' dir='ltr'>τῶν</span> <span class='ocrx_word' id='word_1_300' title='bbox 1512 3946 1729 4025; x_wconf 65' lang='lat' dir='ltr'><strong>Neap-Iw</strong></span> <span class='ocrx_word' id='word_1_301' title='bbox 1774 3947 1886 4003; x_wconf 81' lang='grc' dir='ltr'>ἐστι</span> 
     </span>
    </p>
   </div>
   <div class='ocr_carea' id='block_1_42' title="bbox 250 4031 1886 4114">
    <p class='ocr_par' dir='ltr' id='par_1_42' title="bbox 250 4031 1886 4114">
     <span class='ocr_line' id='line_1_42' title="bbox 250 4031 1886 4114; baseline 0.01 -39"><span class='ocrx_word' id='word_1_302' title='bbox 250 4036 409 4114; x_wconf 62' lang='grc' dir='ltr'>,νεαρὰ</span> <span class='ocrx_word' id='word_1_303' title='bbox 435 4034 863 4096; x_wconf 77' lang='grc' dir='ltr'>ἰουστινιάνειος</span> <span class='ocrx_word' id='word_1_304' title='bbox 906 4031 1005 4107; x_wconf 70' lang='grc' dir='ltr'><strong>ις’</strong></span> <span class='ocrx_word' id='word_1_305' title='bbox 1062 4034 1288 4108; x_wconf 85' lang='grc' dir='ltr'>κειμένη</span> <span class='ocrx_word' id='word_1_306' title='bbox 1344 4036 1400 4090; x_wconf 70' lang='grc' dir='ltr'>ὲν</span> <span class='ocrx_word' id='word_1_307' title='bbox 1443 4032 1634 4111; x_wconf 83' lang='grc' dir='ltr'>βιϐλίῳ</span> <span class='ocrx_word' id='word_1_308' title='bbox 1677 4033 1729 4113; x_wconf 86' lang='grc' dir='ltr'>γ’</span> <span class='ocrx_word' id='word_1_309' title='bbox 1780 4036 1886 4091; x_wconf 78' lang='grc' dir='ltr'>τῶν</span> 
     </span>
    </p>
   </div>
   <div class='ocr_carea' id='block_1_43' title="bbox 254 4122 1885 4202">
    <p class='ocr_par' dir='ltr' id='par_1_43' title="bbox 254 4122 1885 4202">
     <span class='ocr_line' id='line_1_43' title="bbox 254 4122 1885 4202; baseline -0.001 -20"><span class='ocrx_word' id='word_1_310' title='bbox 254 4125 551 4182; x_wconf 79' lang='grc' dir='ltr'>Βασιλικῶν</span> <span class='ocrx_word' id='word_1_311' title='bbox 593 4125 699 4188; x_wconf 83' lang='grc' dir='ltr'>τίτ,</span> <span class='ocrx_word' id='word_1_312' title='bbox 746 4124 823 4202; x_wconf 75' lang='grc' dir='ltr'><strong>γ’,</strong></span> <span class='ocrx_word' id='word_1_313' title='bbox 869 4145 992 4202; x_wconf 78' lang='grc' dir='ltr'>κεφ,</span> <span class='ocrx_word' id='word_1_314' title='bbox 1041 4122 1117 4197; x_wconf 81' lang='grc' dir='ltr'><strong>α’,</strong></span> <span class='ocrx_word' id='word_1_315' title='bbox 1169 4124 1198 4179; x_wconf 75' lang='lat'><strong>’6</strong></span> <span class='ocrx_word' id='word_1_316' title='bbox 1260 4126 1348 4181; x_wconf 85' lang='grc' dir='ltr'><strong>καὶ</strong></span> <span class='ocrx_word' id='word_1_317' title='bbox 1390 4125 1653 4202; x_wconf 86' lang='grc' dir='ltr'>ἀνάγνωθι</span> <span class='ocrx_word' id='word_1_318' title='bbox 1705 4127 1750 4181; x_wconf 75' lang='grc' dir='ltr'>εἰ</span> <span class='ocrx_word' id='word_1_319' title='bbox 1791 4124 1885 4181; x_wconf 87' lang='grc' dir='ltr'>θέ-</span> 
     </span>
    </p>
   </div>
   <div class='ocr_carea' id='block_1_44' title="bbox 1504 2512 1883 2596">
    <p class='ocr_par' dir='ltr' id='par_1_44' title="bbox 1504 2512 1883 2596">
     <span class='ocr_line' id='line_1_44' title="bbox 1504 2512 1883 2596; baseline 0.008 -27"><span class='ocrx_word' id='word_1_320' title='bbox 1504 2512 1722 2572; x_wconf 85' lang='grc' dir='ltr'>συνοδου</span> <span class='ocrx_word' id='word_1_321' title='bbox 1778 2513 1883 2596; x_wconf 78' lang='grc' dir='ltr'><strong>ς’,</strong></span> 
     </span>
    </p>
   </div>
   <div class='ocr_carea' id='block_1_45' title="bbox 244 4212 1885 4291">
    <p class='ocr_par' dir='ltr' id='par_1_45' title="bbox 244 4212 1885 4291">
     <span class='ocr_line' id='line_1_45' title="bbox 244 4212 1885 4291; baseline 0.001 -22"><span class='ocrx_word' id='word_1_322' title='bbox 244 4216 355 4279; x_wconf 78' lang='grc' dir='ltr'>λεις</span> <span class='ocrx_word' id='word_1_323' title='bbox 427 4213 486 4271; x_wconf 70' lang='grc' dir='ltr'><strong>οὔ</strong></span> <span class='ocrx_word' id='word_1_324' title='bbox 543 4213 888 4291; x_wconf 82' lang='grc' dir='ltr'>κατεστρώθη</span> <span class='ocrx_word' id='word_1_325' title='bbox 952 4213 1054 4291; x_wconf 79' lang='grc' dir='ltr'><strong>γὰρ</strong></span> <span class='ocrx_word' id='word_1_326' title='bbox 1126 4212 1346 4270; x_wconf 72' lang='grc' dir='ltr'>ἐνταῦθα</span> <span class='ocrx_word' id='word_1_327' title='bbox 1420 4212 1506 4269; x_wconf 82' lang='grc' dir='ltr'><strong>διὰ</strong></span> <span class='ocrx_word' id='word_1_328' title='bbox 1563 4216 1623 4270; x_wconf 84' lang='grc' dir='ltr'>τὸ</span> <span class='ocrx_word' id='word_1_329' title='bbox 1683 4236 1885 4271; x_wconf 85' lang='grc' dir='ltr'>παντε-</span> 
     </span>
    </p>
   </div>
   <div class='ocr_carea' id='block_1_46' title="bbox 244 4302 1882 4384">
    <p class='ocr_par' dir='ltr' id='par_1_46' title="bbox 244 4302 1882 4384">
     <span class='ocr_line' id='line_1_46' title="bbox 244 4302 1882 4384; baseline 0.001 -25"><span class='ocrx_word' id='word_1_330' title='bbox 244 4305 349 4369; x_wconf 78' lang='grc' dir='ltr'>λῶς</span> <span class='ocrx_word' id='word_1_331' title='bbox 410 4303 785 4384; x_wconf 78' lang='grc' dir='ltr'>ἁχρηστῆσαι.</span> <span class='ocrx_word' id='word_1_332' title='bbox 874 4304 946 4360; x_wconf 72' lang='grc' dir='ltr'><strong>Οὔ</strong></span> <span class='ocrx_word' id='word_1_333' title='bbox 1035 4303 1174 4377; x_wconf 82' lang='grc' dir='ltr'>μόνα</span> <span class='ocrx_word' id='word_1_334' title='bbox 1252 4302 1307 4358; x_wconf 77' lang='grc' dir='ltr'><strong>δὲ</strong></span> <span class='ocrx_word' id='word_1_335' title='bbox 1366 4305 1433 4359; x_wconf 81' lang='grc' dir='ltr'>τὰ</span> <span class='ocrx_word' id='word_1_336' title='bbox 1488 4310 1582 4359; x_wconf 83' lang='grc' dir='ltr'>τοῦ</span> <span class='ocrx_word' id='word_1_337' title='bbox 1641 4306 1882 4362; x_wconf 77' lang='grc' dir='ltr'>τοιούτου</span> 
     </span>
    </p>
   </div>
   <div class='ocr_carea' id='block_1_47' title="bbox 245 4390 1884 4473">
    <p class='ocr_par' dir='ltr' id='par_1_47' title="bbox 245 4390 1884 4473">
     <span class='ocr_line' id='line_1_47' title="bbox 245 4390 1884 4473; baseline -0.001 -23"><span class='ocrx_word' id='word_1_338' title='bbox 245 4416 409 4469; x_wconf 67' lang='grc' dir='ltr'>’.ομου</span> <span class='ocrx_word' id='word_1_339' title='bbox 481 4394 871 4473; x_wconf 65' lang='grc' dir='ltr'>ἠχρήστησαν,</span> <span class='ocrx_word' id='word_1_340' title='bbox 933 4390 1073 4448; x_wconf 79' lang='grc' dir='ltr'>ἀλλὰ</span> <span class='ocrx_word' id='word_1_341' title='bbox 1128 4393 1218 4448; x_wconf 82' lang='grc' dir='ltr'><strong>καὶ</strong></span> <span class='ocrx_word' id='word_1_342' title='bbox 1290 4393 1355 4449; x_wconf 83' lang='grc' dir='ltr'>τὰ</span> <span class='ocrx_word' id='word_1_343' title='bbox 1420 4398 1519 4460; x_wconf 78' lang='grc' dir='ltr'>τῆς</span> <span class='ocrx_word' id='word_1_344' title='bbox 1572 4392 1884 4472; x_wconf 83' lang='grc' dir='ltr'>Ἡρακλείου</span> 
     </span>
    </p>
   </div>
   <div class='ocr_carea' id='block_1_48' title="bbox 242 4481 1887 4561">
    <p class='ocr_par' dir='ltr' id='par_1_48' title="bbox 242 4481 1887 4561">
     <span class='ocr_line' id='line_1_48' title="bbox 242 4481 1887 4561; baseline 0.001 -25"><span class='ocrx_word' id='word_1_345' title='bbox 242 4489 430 4561; x_wconf 83' lang='grc' dir='ltr'>νεαρᾶς</span> <span class='ocrx_word' id='word_1_346' title='bbox 500 4486 599 4547; x_wconf 71' lang='grc' dir='ltr'>τῆς</span> <span class='ocrx_word' id='word_1_347' title='bbox 670 4481 1157 4558; x_wconf 73' lang='grc' dir='ltr'>μνημονευομένης</span> <span class='ocrx_word' id='word_1_348' title='bbox 1219 4481 1275 4537; x_wconf 82' lang='grc' dir='ltr'>ἐν</span> <span class='ocrx_word' id='word_1_349' title='bbox 1336 4489 1411 4556; x_wconf 85' lang='grc' dir='ltr'>τῷ</span> <span class='ocrx_word' id='word_1_350' title='bbox 1481 4505 1703 4554; x_wconf 87' lang='grc' dir='ltr'>παροντι</span> <span class='ocrx_word' id='word_1_351' title='bbox 1763 4506 1887 4540; x_wconf 81' lang='grc' dir='ltr'>συν-</span> 
     </span>
    </p>
   </div>
   <div class='ocr_carea' id='block_1_49' title="bbox 1979 634 3620 713">
    <p class='ocr_par' dir='ltr' id='par_1_49' title="bbox 1979 634 3620 713">
     <span class='ocr_line' id='line_1_49' title="bbox 1979 634 3620 713; baseline 0.004 -17"><span class='ocrx_word' id='word_1_352' title='bbox 1979 634 2341 696; x_wconf 90' lang='lat' dir='ltr'><strong>clericorum</strong></span> <span class='ocrx_word' id='word_1_353' title='bbox 2369 634 2733 713; x_wconf 89' lang='lat' dir='ltr'><strong>[titulo],qui</strong></span> <span class='ocrx_word' id='word_1_354' title='bbox 2768 653 2868 696; x_wconf 83' lang='lat' dir='ltr'><strong>sex</strong></span> <span class='ocrx_word' id='word_1_355' title='bbox 2902 647 3289 713; x_wconf 88' lang='lat' dir='ltr'><strong>annorum,et</strong></span> <span class='ocrx_word' id='word_1_356' title='bbox 3321 640 3620 702; x_wconf 80' lang='lat' dir='ltr'><strong>interdum</strong></span> 
     </span>
    </p>
   </div>
   <div class='ocr_carea' id='block_1_50' title="bbox 1980 722 3625 807">
    <p class='ocr_par' dir='ltr' id='par_1_50' title="bbox 1980 722 3625 807">
     <span class='ocr_line' id='line_1_50' title="bbox 1980 722 3625 807; baseline 0.005 -22"><span class='ocrx_word' id='word_1_357' title='bbox 1980 726 2159 785; x_wconf 88' lang='lat' dir='ltr'><strong>etiam</strong></span> <span class='ocrx_word' id='word_1_358' title='bbox 2187 724 2365 785; x_wconf 90' lang='lat' dir='ltr'><strong>trium</strong></span> <span class='ocrx_word' id='word_1_359' title='bbox 2395 722 2853 807; x_wconf 88' lang='lat' dir='ltr'><strong>[tantummodo]</strong></span> <span class='ocrx_word' id='word_1_360' title='bbox 2872 735 3032 788; x_wconf 91' lang='lat' dir='ltr'><strong>sunt.</strong></span> <span class='ocrx_word' id='word_1_361' title='bbox 3060 726 3217 805; x_wconf 86' lang='lat' dir='ltr'>Lege</span> <span class='ocrx_word' id='word_1_362' title='bbox 3247 729 3430 807; x_wconf 80' lang='lat' dir='ltr'><strong>igitur</strong></span> <span class='ocrx_word' id='word_1_363' title='bbox 3459 731 3536 791; x_wconf 79' lang='grc'>14</span> <span class='ocrx_word' id='word_1_364' title='bbox 3567 741 3625 793; x_wconf 89' lang='lat' dir='ltr'><strong>et</strong></span> 
     </span>
    </p>
   </div>
   <div class='ocr_carea' id='block_1_51' title="bbox 1985 812 3629 897">
    <p class='ocr_par' dir='ltr' id='par_1_51' title="bbox 1985 812 3629 897">
     <span class='ocr_line' id='line_1_51' title="bbox 1985 812 3629 897; baseline 0.004 -23"><span class='ocrx_word' id='word_1_365' title='bbox 1985 815 2058 876; x_wconf 84' lang='lat' dir='ltr'><strong>l5</strong></span> <span class='ocrx_word' id='word_1_366' title='bbox 2088 831 2351 875; x_wconf 79' lang='lat' dir='ltr'><strong>canones</strong></span> <span class='ocrx_word' id='word_1_367' title='bbox 2382 812 2622 873; x_wconf 89' lang='lat' dir='ltr'><strong>concilii</strong></span> <span class='ocrx_word' id='word_1_368' title='bbox 2643 814 2929 891; x_wconf 81' lang='lat' dir='ltr'><strong>sexti,qui</strong></span> <span class='ocrx_word' id='word_1_369' title='bbox 2952 816 3277 877; x_wconf 91' lang='lat' dir='ltr'><strong>remotioni</strong></span> <span class='ocrx_word' id='word_1_370' title='bbox 3298 817 3629 897; x_wconf 71' lang='lat' dir='ltr'><strong>subjiciunt</strong></span> 
     </span>
    </p>
   </div>
   <div class='ocr_carea' id='block_1_52' title="bbox 1980 902 3624 982">
    <p class='ocr_par' dir='ltr' id='par_1_52' title="bbox 1980 902 3624 982">
     <span class='ocr_line' id='line_1_52' title="bbox 1980 902 3624 982; baseline 0.005 -20"><span class='ocrx_word' id='word_1_371' title='bbox 1980 920 2105 977; x_wconf 92' lang='lat' dir='ltr'><strong>eos,</strong></span> <span class='ocrx_word' id='word_1_372' title='bbox 2142 902 2242 982; x_wconf 92' lang='lat' dir='ltr'><strong>qui</strong></span> <span class='ocrx_word' id='word_1_373' title='bbox 2271 902 2557 963; x_wconf 88' lang='lat' dir='ltr'><strong>diaconos</strong></span> <span class='ocrx_word' id='word_1_374' title='bbox 2587 913 2690 962; x_wconf 92' lang='lat' dir='ltr'><strong>aut</strong></span> <span class='ocrx_word' id='word_1_375' title='bbox 2731 902 3135 966; x_wconf 89' lang='lat' dir='ltr'><strong>subdiaconos</strong></span> <span class='ocrx_word' id='word_1_376' title='bbox 3184 907 3464 968; x_wconf 86' lang='lat' dir='ltr'><strong>ordinant</strong></span> <span class='ocrx_word' id='word_1_377' title='bbox 3488 918 3624 971; x_wconf 88' lang='lat' dir='ltr'><strong>ante</strong></span> 
     </span>
    </p>
   </div>
   <div class='ocr_carea' id='block_1_53' title="bbox 1976 990 3623 1076">
    <p class='ocr_par' dir='ltr' id='par_1_53' title="bbox 1976 990 3623 1076">
     <span class='ocr_line' id='line_1_53' title="bbox 1976 990 3623 1076; baseline 0.004 -25"><span class='ocrx_word' id='word_1_378' title='bbox 1976 991 2341 1072; x_wconf 92' lang='lat' dir='ltr'><strong>completum</strong></span> <span class='ocrx_word' id='word_1_379' title='bbox 2374 990 2731 1068; x_wconf 84' lang='lat' dir='ltr'><strong>vigesimum</strong></span> <span class='ocrx_word' id='word_1_380' title='bbox 2769 992 3049 1071; x_wconf 89' lang='lat' dir='ltr'><strong>quintum</strong></span> <span class='ocrx_word' id='word_1_381' title='bbox 3084 993 3321 1075; x_wconf 74' lang='lat' dir='ltr'><strong>[zetatis]</strong></span> <span class='ocrx_word' id='word_1_382' title='bbox 3355 995 3623 1076; x_wconf 89' lang='lat' dir='ltr'><strong>ipsorum</strong></span> 
     </span>
    </p>
   </div>
   <div class='ocr_carea' id='block_1_54' title="bbox 1975 1079 3685 1160">
    <p class='ocr_par' dir='ltr' id='par_1_54' title="bbox 1975 1079 3685 1160">
     <span class='ocr_line' id='line_1_54' title="bbox 1975 1079 3685 1160; baseline 0.005 -20"><span class='ocrx_word' id='word_1_383' title='bbox 1975 1098 2200 1141; x_wconf 87' lang='lat' dir='ltr'><strong>annum</strong></span> <span class='ocrx_word' id='word_1_384' title='bbox 2240 1102 2252 1138; x_wconf 88' lang='lat'><strong>:</strong></span> <span class='ocrx_word' id='word_1_385' title='bbox 2285 1088 2385 1141; x_wconf 91' lang='lat' dir='ltr'><strong>aut</strong></span> <span class='ocrx_word' id='word_1_386' title='bbox 2417 1079 2766 1141; x_wconf 78' lang='lat' dir='ltr'><strong>sacerdotes</strong></span> <span class='ocrx_word' id='word_1_387' title='bbox 2790 1090 2928 1141; x_wconf 89' lang='lat' dir='ltr'><strong>ante</strong></span> <span class='ocrx_word' id='word_1_388' title='bbox 2960 1080 3333 1160; x_wconf 81' lang='lat' dir='ltr'><strong>trigesimum</strong></span> <span class='ocrx_word' id='word_1_389' title='bbox 3366 1103 3619 1148; x_wconf 90' lang='lat' dir='ltr'><strong>annum.</strong></span> <span class='ocrx_word' id='word_1_390' title='bbox 3676 1126 3685 1134; x_wconf 90' lang='lat'><strong>-</strong></span> 
     </span>
    </p>
   </div>
   <div class='ocr_carea' id='block_1_55' title="bbox 1975 1168 3623 1248">
    <p class='ocr_par' dir='ltr' id='par_1_55' title="bbox 1975 1168 3623 1248">
     <span class='ocr_line' id='line_1_55' title="bbox 1975 1168 3623 1248; baseline 0.003 -18"><span class='ocrx_word' id='word_1_391' title='bbox 1975 1168 2084 1241; x_wconf 87' lang='lat' dir='ltr'><strong>Qui</strong></span> <span class='ocrx_word' id='word_1_392' title='bbox 2110 1187 2247 1231; x_wconf 85' lang='lat' dir='ltr'><strong>vero</strong></span> <span class='ocrx_word' id='word_1_393' title='bbox 2275 1169 2485 1230; x_wconf 91' lang='lat' dir='ltr'><strong>dicunt</strong></span> <span class='ocrx_word' id='word_1_394' title='bbox 2510 1187 2626 1229; x_wconf 86' lang='lat' dir='ltr'><strong>non</strong></span> <span class='ocrx_word' id='word_1_395' title='bbox 2656 1169 2975 1248; x_wconf 82' lang='lat' dir='ltr'><strong>peccari,si</strong></span> <span class='ocrx_word' id='word_1_396' title='bbox 2999 1171 3259 1233; x_wconf 87' lang='lat' dir='ltr'><strong>lectores</strong></span> <span class='ocrx_word' id='word_1_397' title='bbox 3282 1181 3421 1235; x_wconf 83' lang='lat' dir='ltr'><strong>ante</strong></span> <span class='ocrx_word' id='word_1_398' title='bbox 3449 1192 3623 1236; x_wconf 87' lang='lat' dir='ltr'><strong>com-</strong></span> 
     </span>
    </p>
   </div>
   <div class='ocr_carea' id='block_1_56' title="bbox 1976 1258 3623 1339">
    <p class='ocr_par' dir='ltr' id='par_1_56' title="bbox 1976 1258 3623 1339">
     <span class='ocr_line' id='line_1_56' title="bbox 1976 1258 3623 1339; baseline 0.002 -20"><span class='ocrx_word' id='word_1_399' title='bbox 1976 1259 2199 1339; x_wconf 90' lang='lat' dir='ltr'><strong>pletum</strong></span> <span class='ocrx_word' id='word_1_400' title='bbox 2244 1258 2799 1337; x_wconf 86' lang='lat' dir='ltr'><strong>duodevigesimum</strong></span> <span class='ocrx_word' id='word_1_401' title='bbox 2822 1259 3015 1321; x_wconf 63' lang='lat' dir='ltr'><strong>aetatis</strong></span> <span class='ocrx_word' id='word_1_402' title='bbox 3053 1278 3175 1321; x_wconf 65' lang='lat' dir='ltr'><strong>suae</strong></span> <span class='ocrx_word' id='word_1_403' title='bbox 3210 1280 3435 1323; x_wconf 91' lang='lat' dir='ltr'><strong>annum</strong></span> <span class='ocrx_word' id='word_1_404' title='bbox 3470 1263 3623 1323; x_wconf 88' lang='lat' dir='ltr'><strong>insi-</strong></span> 
     </span>
    </p>
   </div>
   <div class='ocr_carea' id='block_1_57' title="bbox 1973 1348 3624 1428">
    <p class='ocr_par' dir='ltr' id='par_1_57' title="bbox 1973 1348 3624 1428">
     <span class='ocr_line' id='line_1_57' title="bbox 1973 1348 3624 1428; baseline 0.003 -20"><span class='ocrx_word' id='word_1_405' title='bbox 1973 1350 2275 1426; x_wconf 83' lang='lat' dir='ltr'><strong>gniantur,</strong></span> <span class='ocrx_word' id='word_1_406' title='bbox 2310 1348 2467 1428; x_wconf 88' lang='lat' dir='ltr'><strong>quod</strong></span> <span class='ocrx_word' id='word_1_407' title='bbox 2512 1348 2781 1428; x_wconf 90' lang='lat' dir='ltr'><strong>ipsorum</strong></span> <span class='ocrx_word' id='word_1_408' title='bbox 2815 1366 3078 1411; x_wconf 86' lang='lat' dir='ltr'><strong>canones</strong></span> <span class='ocrx_word' id='word_1_409' title='bbox 3104 1350 3470 1412; x_wconf 89' lang='lat' dir='ltr'><strong>mentionem</strong></span> <span class='ocrx_word' id='word_1_410' title='bbox 3503 1372 3624 1413; x_wconf 89' lang='lat' dir='ltr'><strong>non</strong></span> 
     </span>
    </p>
   </div>
   <div class='ocr_carea' id='block_1_58' title="bbox 1974 1436 3620 1510">
    <p class='ocr_par' dir='ltr' id='par_1_58' title="bbox 1974 1436 3620 1510">
     <span class='ocr_line' id='line_1_58' title="bbox 1974 1436 3620 1510; baseline 0.004 -13"><span class='ocrx_word' id='word_1_411' title='bbox 1974 1436 2221 1510; x_wconf 82' lang='lat' dir='ltr'><strong>faciant,</strong></span> <span class='ocrx_word' id='word_1_412' title='bbox 2248 1438 2402 1503; x_wconf 84' lang='lat' dir='ltr'><strong>male</strong></span> <span class='ocrx_word' id='word_1_413' title='bbox 2432 1437 2661 1498; x_wconf 89' lang='lat' dir='ltr'><strong>dicunt.</strong></span> <span class='ocrx_word' id='word_1_414' title='bbox 2699 1436 2813 1500; x_wconf 89' lang='lat' dir='ltr'><strong>Ubi</strong></span> <span class='ocrx_word' id='word_1_415' title='bbox 2853 1440 3010 1499; x_wconf 91' lang='lat' dir='ltr'><strong>enim</strong></span> <span class='ocrx_word' id='word_1_416' title='bbox 3044 1457 3307 1501; x_wconf 88' lang='lat' dir='ltr'><strong>canones</strong></span> <span class='ocrx_word' id='word_1_417' title='bbox 3339 1440 3489 1502; x_wconf 90' lang='lat' dir='ltr'><strong>nihil</strong></span> <span class='ocrx_word' id='word_1_418' title='bbox 3515 1441 3620 1503; x_wconf 89' lang='lat' dir='ltr'><strong>de-</strong></span> 
     </span>
    </p>
   </div>
   <div class='ocr_carea' id='block_1_59' title="bbox 1975 1526 3619 1607">
    <p class='ocr_par' dir='ltr' id='par_1_59' title="bbox 1975 1526 3619 1607">
     <span class='ocr_line' id='line_1_59' title="bbox 1975 1526 3619 1607; baseline 0.003 -20"><span class='ocrx_word' id='word_1_419' title='bbox 1975 1533 2321 1607; x_wconf 88' lang='lat' dir='ltr'><strong>terminant,</strong></span> <span class='ocrx_word' id='word_1_420' title='bbox 2357 1526 2530 1607; x_wconf 82' lang='lat' dir='ltr'><strong>sequi</strong></span> <span class='ocrx_word' id='word_1_421' title='bbox 2562 1526 2857 1589; x_wconf 87' lang='lat' dir='ltr'><strong>debemus</strong></span> <span class='ocrx_word' id='word_1_422' title='bbox 2880 1529 3063 1607; x_wconf 88' lang='lat' dir='ltr'><strong>leges,</strong></span> <span class='ocrx_word' id='word_1_423' title='bbox 3095 1537 3154 1591; x_wconf 92' lang='lat' dir='ltr'><strong>et</strong></span> <span class='ocrx_word' id='word_1_424' title='bbox 3175 1528 3398 1591; x_wconf 84' lang='lat' dir='ltr'><strong>similia</strong></span> <span class='ocrx_word' id='word_1_425' title='bbox 3429 1548 3503 1592; x_wconf 85' lang='lat' dir='ltr'><strong>ex</strong></span> <span class='ocrx_word' id='word_1_426' title='bbox 3530 1531 3619 1592; x_wconf 88' lang='lat' dir='ltr'><strong>si-</strong></span> 
     </span>
    </p>
   </div>
   <div class='ocr_carea' id='block_1_60' title="bbox 1975 1615 2549 1678">
    <p class='ocr_par' dir='ltr' id='par_1_60' title="bbox 1975 1615 2549 1678">
     <span class='ocr_line' id='line_1_60' title="bbox 1975 1615 2549 1678; baseline -0.002 -2"><span class='ocrx_word' id='word_1_427' title='bbox 1975 1615 2219 1677; x_wconf 88' lang='lat' dir='ltr'><strong>milibus</strong></span> <span class='ocrx_word' id='word_1_428' title='bbox 2243 1616 2549 1678; x_wconf 86' lang='lat' dir='ltr'><strong>dedicere.</strong></span> 
     </span>
    </p>
   </div>
   <div class='ocr_carea' id='block_1_61' title="bbox 2053 1705 3625 1787">
    <p class='ocr_par' dir='ltr' id='par_1_61' title="bbox 2053 1705 3625 1787">
     <span class='ocr_line' id='line_1_61' title="bbox 2053 1705 3625 1787; baseline 0.001 -18"><span class='ocrx_word' id='word_1_429' title='bbox 2053 1705 2215 1769; x_wconf 84' lang='lat' dir='ltr'><strong>CAP.</strong></span> <span class='ocrx_word' id='word_1_430' title='bbox 2251 1705 2453 1768; x_wconf 81' lang='lat' dir='ltr'><strong>XXIX.</strong></span> <span class='ocrx_word' id='word_1_431' title='bbox 2483 1741 2548 1751; x_wconf 94' lang='lat'><strong><em>—</em></strong></span> <span class='ocrx_word' id='word_1_432' title='bbox 2596 1705 2683 1768; x_wconf 85' lang='lat' dir='ltr'><strong>De</strong></span> <span class='ocrx_word' id='word_1_433' title='bbox 2713 1709 3022 1768; x_wconf 82' lang='lat' dir='ltr'><strong>creatione</strong></span> <span class='ocrx_word' id='word_1_434' title='bbox 3046 1708 3492 1787; x_wconf 79' lang='lat' dir='ltr'><strong>episcoporum,</strong></span> <span class='ocrx_word' id='word_1_435' title='bbox 3519 1711 3625 1787; x_wconf 75' lang='lat' dir='ltr'><strong>qui</strong></span> 
     </span>
    </p>
   </div>
   <div class='ocr_carea' id='block_1_62' title="bbox 1971 1786 3622 1878">
    <p class='ocr_par' dir='ltr' id='par_1_62' title="bbox 1971 1786 3622 1878">
     <span class='ocr_line' id='line_1_62' title="bbox 1971 1786 3622 1878; baseline 0.002 -21"><span class='ocrx_word' id='word_1_436' title='bbox 1971 1796 2264 1875; x_wconf 79' lang='lat' dir='ltr'><strong>episcopis</strong></span> <span class='ocrx_word' id='word_1_437' title='bbox 2293 1795 2636 1870; x_wconf 81' lang='lat' dir='ltr'><strong>subsunt,et</strong></span> <span class='ocrx_word' id='word_1_438' title='bbox 2667 1796 3003 1875; x_wconf 81' lang='lat' dir='ltr'><strong>quando,et</strong></span> <span class='ocrx_word' id='word_1_439' title='bbox 3029 1786 3319 1875; x_wconf 77' lang='lat' dir='ltr'><strong>quomodo</strong></span> <span class='ocrx_word' id='word_1_440' title='bbox 3339 1786 3622 1878; x_wconf 69' lang='lat' dir='ltr'><strong>oﬁ‘erant,</strong></span> 
     </span>
    </p>
   </div>
   <div class='ocr_carea' id='block_1_63' title="bbox 1911 1886 3496 1968">
    <p class='ocr_par' dir='ltr' id='par_1_63' title="bbox 1911 1886 3496 1968">
     <span class='ocr_line' id='line_1_63' title="bbox 1911 1886 3496 1968; baseline 0 -22"><span class='ocrx_word' id='word_1_441' title='bbox 1911 1919 1949 1968; x_wconf 68' lang='grc' dir='ltr'><strong>Β</strong></span> <span class='ocrx_word' id='word_1_442' title='bbox 1972 1892 2081 1947; x_wconf 85' lang='lat' dir='ltr'><strong>aut</strong></span> <span class='ocrx_word' id='word_1_443' title='bbox 2107 1892 2576 1964; x_wconf 75' lang='lat' dir='ltr'><strong>communicent,</strong></span> <span class='ocrx_word' id='word_1_444' title='bbox 2602 1893 2658 1948; x_wconf 87' lang='lat' dir='ltr'><strong>et</strong></span> <span class='ocrx_word' id='word_1_445' title='bbox 2687 1902 2840 1965; x_wconf 79' lang='lat' dir='ltr'><strong>quos</strong></span> <span class='ocrx_word' id='word_1_446' title='bbox 2865 1886 3182 1961; x_wconf 80' lang='lat' dir='ltr'><strong>ordinent,</strong></span> <span class='ocrx_word' id='word_1_447' title='bbox 3215 1894 3322 1947; x_wconf 85' lang='lat' dir='ltr'><strong>aut</strong></span> <span class='ocrx_word' id='word_1_448' title='bbox 3351 1904 3496 1947; x_wconf 83' lang='lat' dir='ltr'><strong>non.</strong></span> 
     </span>
    </p>
   </div>
   <div class='ocr_carea' id='block_1_64' title="bbox 2051 1973 3622 2054">
    <p class='ocr_par' dir='ltr' id='par_1_64' title="bbox 2051 1973 3622 2054">
     <span class='ocr_line' id='line_1_64' title="bbox 2051 1973 3622 2054; baseline -0.001 -17"><span class='ocrx_word' id='word_1_449' title='bbox 2051 1973 2302 2037; x_wconf 90' lang='lat' dir='ltr'><strong>Concilii</strong></span> <span class='ocrx_word' id='word_1_450' title='bbox 2334 1976 2632 2054; x_wconf 79' lang='lat' dir='ltr'><strong>Ancyrani</strong></span> <span class='ocrx_word' id='word_1_451' title='bbox 2666 1993 2859 2037; x_wconf 90' lang='lat' dir='ltr'><strong>canon</strong></span> <span class='ocrx_word' id='word_1_452' title='bbox 2892 1975 2992 2047; x_wconf 86' lang='grc'><strong>13,</strong></span> <span class='ocrx_word' id='word_1_453' title='bbox 3028 1973 3271 2036; x_wconf 88' lang='lat' dir='ltr'><strong>concilii</strong></span> <span class='ocrx_word' id='word_1_454' title='bbox 3300 1973 3622 2037; x_wconf 64' lang='lat' dir='ltr'><strong>Neocaesa-</strong></span> 
     </span>
    </p>
   </div>
   <div class='ocr_carea' id='block_1_65' title="bbox 1968 2064 3621 2144">
    <p class='ocr_par' dir='ltr' id='par_1_65' title="bbox 1968 2064 3621 2144">
     <span class='ocr_line' id='line_1_65' title="bbox 1968 2064 3621 2144; baseline 0.001 -19"><span class='ocrx_word' id='word_1_455' title='bbox 1968 2064 2191 2126; x_wconf 88' lang='lat' dir='ltr'><strong>riensis</strong></span> <span class='ocrx_word' id='word_1_456' title='bbox 2223 2084 2416 2126; x_wconf 83' lang='lat' dir='ltr'><strong>canon</strong></span> <span class='ocrx_word' id='word_1_457' title='bbox 2453 2066 2550 2141; x_wconf 84' lang='lat'><strong>13,</strong></span> <span class='ocrx_word' id='word_1_458' title='bbox 2591 2065 2689 2144; x_wconf 77' lang='lat' dir='ltr'><strong>l4;</strong></span> <span class='ocrx_word' id='word_1_459' title='bbox 2739 2064 2985 2126; x_wconf 87' lang='lat' dir='ltr'><strong>concilii</strong></span> <span class='ocrx_word' id='word_1_460' title='bbox 3035 2065 3392 2126; x_wconf 82' lang='lat' dir='ltr'><strong>Antiocheni</strong></span> <span class='ocrx_word' id='word_1_461' title='bbox 3427 2083 3621 2126; x_wconf 86' lang='lat' dir='ltr'><strong>canon</strong></span> 
     </span>
    </p>
   </div>
   <div class='ocr_carea' id='block_1_66' title="bbox 1970 2152 3619 2235">
    <p class='ocr_par' dir='ltr' id='par_1_66' title="bbox 1970 2152 3619 2235">
     <span class='ocr_line' id='line_1_66' title="bbox 1970 2152 3619 2235; baseline 0 -21"><span class='ocrx_word' id='word_1_462' title='bbox 1970 2153 2091 2229; x_wconf 74' lang='lat'><strong>10;</strong></span> <span class='ocrx_word' id='word_1_463' title='bbox 2149 2155 2404 2217; x_wconf 84' lang='lat' dir='ltr'><strong>Basilius</strong></span> <span class='ocrx_word' id='word_1_464' title='bbox 2454 2173 2526 2216; x_wconf 79' lang='lat' dir='ltr'><strong>ex</strong></span> <span class='ocrx_word' id='word_1_465' title='bbox 2576 2153 2833 2235; x_wconf 91' lang='lat' dir='ltr'><strong>epistola</strong></span> <span class='ocrx_word' id='word_1_466' title='bbox 2860 2153 2932 2214; x_wconf 88' lang='lat' dir='ltr'><strong>ad</strong></span> <span class='ocrx_word' id='word_1_467' title='bbox 2968 2153 3286 2233; x_wconf 86' lang='lat' dir='ltr'><strong>episcopos</strong></span> <span class='ocrx_word' id='word_1_468' title='bbox 3315 2152 3434 2234; x_wconf 87' lang='lat' dir='ltr'><strong>ipsi</strong></span> <span class='ocrx_word' id='word_1_469' title='bbox 3466 2152 3619 2214; x_wconf 85' lang='lat' dir='ltr'><strong>sub-</strong></span> 
     </span>
    </p>
   </div>
   <div class='ocr_carea' id='block_1_67' title="bbox 1962 2243 2189 2323">
    <p class='ocr_par' dir='ltr' id='par_1_67' title="bbox 1962 2243 2189 2323">
     <span class='ocr_line' id='line_1_67' title="bbox 1962 2243 2189 2323; baseline -0.009 -19"><span class='ocrx_word' id='word_1_470' title='bbox 1962 2243 2189 2323; x_wconf 88' lang='lat' dir='ltr'><strong>jectos.</strong></span> 
     </span>
    </p>
   </div>
   <div class='ocr_carea' id='block_1_68' title="bbox 2052 2330 3618 2413">
    <p class='ocr_par' dir='ltr' id='par_1_68' title="bbox 2052 2330 3618 2413">
     <span class='ocr_line' id='line_1_68' title="bbox 2052 2330 3618 2413; baseline -0.001 -18"><span class='ocrx_word' id='word_1_471' title='bbox 2052 2330 2213 2395; x_wconf 88' lang='lat' dir='ltr'><strong>CAP.</strong></span> <span class='ocrx_word' id='word_1_472' title='bbox 2247 2331 2423 2394; x_wconf 79' lang='lat' dir='ltr'><strong>XXX.</strong></span> <span class='ocrx_word' id='word_1_473' title='bbox 2477 2366 2558 2377; x_wconf 91' lang='lat'>—</span> <span class='ocrx_word' id='word_1_474' title='bbox 2620 2330 2693 2393; x_wconf 87' lang='lat' dir='ltr'><strong>Ut</strong></span> <span class='ocrx_word' id='word_1_475' title='bbox 2741 2337 2961 2413; x_wconf 81' lang='lat' dir='ltr'><strong>septem</strong></span> <span class='ocrx_word' id='word_1_476' title='bbox 3011 2332 3321 2394; x_wconf 72' lang='lat' dir='ltr'><strong>duntaxat</strong></span> <span class='ocrx_word' id='word_1_477' title='bbox 3365 2330 3618 2395; x_wconf 67' lang='lat' dir='ltr'><strong>diaconi</strong></span> 
     </span>
    </p>
   </div>
   <div class='ocr_carea' id='block_1_69' title="bbox 1967 2424 3040 2501">
    <p class='ocr_par' dir='ltr' id='par_1_69' title="bbox 1967 2424 3040 2501">
     <span class='ocr_line' id='line_1_69' title="bbox 1967 2424 3040 2501; baseline -0.002 -18"><span class='ocrx_word' id='word_1_478' title='bbox 1967 2424 2113 2494; x_wconf 82' lang='lat' dir='ltr'><strong>sint,</strong></span> <span class='ocrx_word' id='word_1_479' title='bbox 2146 2424 2393 2484; x_wconf 77' lang='lat' dir='ltr'><strong>etiamsi</strong></span> <span class='ocrx_word' id='word_1_480' title='bbox 2420 2424 2636 2483; x_wconf 80' lang='lat' dir='ltr'><strong>civitas</strong></span> <span class='ocrx_word' id='word_1_481' title='bbox 2667 2439 2901 2501; x_wconf 83' lang='lat' dir='ltr'><strong>magna</strong></span> <span class='ocrx_word' id='word_1_482' title='bbox 2933 2424 3040 2484; x_wconf 74' lang='lat' dir='ltr'><strong>sit.</strong></span> 
     </span>
    </p>
   </div>
   <div class='ocr_carea' id='block_1_70' title="bbox 2050 2509 3617 2591">
    <p class='ocr_par' dir='ltr' id='par_1_70' title="bbox 2050 2509 3617 2591">
     <span class='ocr_line' id='line_1_70' title="bbox 2050 2509 3617 2591; baseline -0.002 -17"><span class='ocrx_word' id='word_1_483' title='bbox 2050 2509 2301 2574; x_wconf 77' lang='lat' dir='ltr'><strong>Concilii</strong></span> <span class='ocrx_word' id='word_1_484' title='bbox 2360 2510 2871 2573; x_wconf 72' lang='lat' dir='ltr'><strong>Neoczesariensis</strong></span> <span class='ocrx_word' id='word_1_485' title='bbox 2931 2529 3124 2573; x_wconf 88' lang='lat' dir='ltr'><strong>canon</strong></span> <span class='ocrx_word' id='word_1_486' title='bbox 3190 2510 3307 2591; x_wconf 79' lang='lat'><strong>15;</strong></span> <span class='ocrx_word' id='word_1_487' title='bbox 3371 2510 3617 2573; x_wconf 88' lang='lat' dir='ltr'><strong>concilii</strong></span> 
     </span>
    </p>
   </div>
   <div class='ocr_carea' id='block_1_71' title="bbox 1968 2601 2615 2675">
    <p class='ocr_par' dir='ltr' id='par_1_71' title="bbox 1968 2601 2615 2675">
     <span class='ocr_line' id='line_1_71' title="bbox 1968 2601 2615 2675; baseline -0.002 -13"><span class='ocrx_word' id='word_1_488' title='bbox 1968 2602 2117 2663; x_wconf 79' lang='lat' dir='ltr'><strong>sexti</strong></span> <span class='ocrx_word' id='word_1_489' title='bbox 2149 2620 2341 2663; x_wconf 90' lang='lat' dir='ltr'><strong>canon</strong></span> <span class='ocrx_word' id='word_1_490' title='bbox 2376 2603 2474 2675; x_wconf 70' lang='lat'><strong>12,</strong></span> <span class='ocrx_word' id='word_1_491' title='bbox 2511 2601 2615 2665; x_wconf 86' lang='grc'><strong>16.</strong></span> 
     </span>
    </p>
   </div>
   <div class='ocr_carea' id='block_1_72' title="bbox 2059 2688 3616 2769">
    <p class='ocr_par' dir='ltr' id='par_1_72' title="bbox 2059 2688 3616 2769">
     <span class='ocr_line' id='line_1_72' title="bbox 2059 2688 3616 2769; baseline 0.001 -19"><span class='ocrx_word' id='word_1_492' title='bbox 2059 2693 2296 2753; x_wconf 73' lang='lat' dir='ltr'><strong>Textus.</strong></span> <span class='ocrx_word' id='word_1_493' title='bbox 2333 2688 2539 2753; x_wconf 79' lang='lat' dir='ltr'><strong>Const.</strong></span> <span class='ocrx_word' id='word_1_494' title='bbox 2576 2693 2633 2764; x_wconf 84' lang='lat'><strong>1,</strong></span> <span class='ocrx_word' id='word_1_495' title='bbox 2671 2691 2758 2753; x_wconf 91' lang='lat' dir='ltr'><strong>tit.</strong></span> <span class='ocrx_word' id='word_1_496' title='bbox 2823 2692 2848 2751; x_wconf 89' lang='grc'><strong>1</strong></span> <span class='ocrx_word' id='word_1_497' title='bbox 2890 2688 3297 2767; x_wconf 89' lang='lat' dir='ltr'><strong>Novellarum,</strong></span> <span class='ocrx_word' id='word_1_498' title='bbox 3331 2699 3476 2769; x_wconf 89' lang='lat' dir='ltr'><strong>etc.,</strong></span> <span class='ocrx_word' id='word_1_499' title='bbox 3506 2708 3616 2752; x_wconf 82' lang='lat' dir='ltr'><strong>us-</strong></span> 
     </span>
    </p>
   </div>
   <div class='ocr_carea' id='block_1_73' title="bbox 1970 2779 3614 2861">
    <p class='ocr_par' dir='ltr' id='par_1_73' title="bbox 1970 2779 3614 2861">
     <span class='ocr_line' id='line_1_73' title="bbox 1970 2779 3614 2861; baseline 0 -19"><span class='ocrx_word' id='word_1_500' title='bbox 1970 2798 2084 2860; x_wconf 86' lang='lat' dir='ltr'><strong>que</strong></span> <span class='ocrx_word' id='word_1_501' title='bbox 2110 2781 2190 2841; x_wconf 85' lang='lat' dir='ltr'><strong>ad</strong></span> <span class='ocrx_word' id='word_1_502' title='bbox 2222 2779 2455 2842; x_wconf 85' lang='lat' dir='ltr'><strong>ostiarii</strong></span> <span class='ocrx_word' id='word_1_503' title='bbox 2486 2787 2863 2861; x_wconf 69' lang='lat' dir='ltr'><strong>septuaginta</strong></span> <span class='ocrx_word' id='word_1_504' title='bbox 2893 2781 3187 2861; x_wconf 89' lang='lat' dir='ltr'><strong>quinque,</strong></span> <span class='ocrx_word' id='word_1_505' title='bbox 3220 2787 3288 2843; x_wconf 85' lang='lat' dir='ltr'><strong>ut</strong></span> <span class='ocrx_word' id='word_1_506' title='bbox 3306 2797 3445 2859; x_wconf 83' lang='lat' dir='ltr'><strong>pag.</strong></span> <span class='ocrx_word' id='word_1_507' title='bbox 3468 2779 3614 2844; x_wconf 87' lang='grc'>555.</span> 
     </span>
    </p>
   </div>
   <div class='ocr_carea' id='block_1_74' title="bbox 2047 2869 3618 2947">
    <p class='ocr_par' dir='ltr' id='par_1_74' title="bbox 2047 2869 3618 2947">
     <span class='ocr_line' id='line_1_74' title="bbox 2047 2869 3618 2947; baseline -0.001 -16"><span class='ocrx_word' id='word_1_508' title='bbox 2047 2869 2634 2933; x_wconf 76' lang='lat' dir='ltr'><strong>Scholium.Const.l</strong></span> <span class='ocrx_word' id='word_1_509' title='bbox 2655 2871 2804 2945; x_wconf 86' lang='lat' dir='ltr'><strong>,tit.l</strong></span> <span class='ocrx_word' id='word_1_510' title='bbox 2826 2869 3253 2947; x_wconf 88' lang='lat' dir='ltr'><strong>.Novellarum,</strong></span> <span class='ocrx_word' id='word_1_511' title='bbox 3272 2879 3362 2932; x_wconf 91' lang='lat' dir='ltr'><strong>est</strong></span> <span class='ocrx_word' id='word_1_512' title='bbox 3386 2869 3618 2931; x_wconf 81' lang='lat' dir='ltr'><strong>novella</strong></span> 
     </span>
    </p>
   </div>
   <div class='ocr_carea' id='block_1_75' title="bbox 1971 2958 3614 3041">
    <p class='ocr_par' dir='ltr' id='par_1_75' title="bbox 1971 2958 3614 3041">
     <span class='ocr_line' id='line_1_75' title="bbox 1971 2958 3614 3041; baseline 0 -21"><span class='ocrx_word' id='word_1_513' title='bbox 1971 2959 2293 3021; x_wconf 85' lang='lat' dir='ltr'><strong>Justiniani</strong></span> <span class='ocrx_word' id='word_1_514' title='bbox 2322 2961 2382 3022; x_wconf 85' lang='lat'><strong>6.</strong></span> <span class='ocrx_word' id='word_1_515' title='bbox 2416 2959 2540 3021; x_wconf 87' lang='lat' dir='ltr'><strong>Hoc</strong></span> <span class='ocrx_word' id='word_1_516' title='bbox 2570 2968 2768 3021; x_wconf 88' lang='lat' dir='ltr'><strong>autem</strong></span> <span class='ocrx_word' id='word_1_517' title='bbox 2802 2960 2936 3039; x_wconf 84' lang='lat' dir='ltr'><strong>ejus</strong></span> <span class='ocrx_word' id='word_1_518' title='bbox 2964 2969 3144 3041; x_wconf 89' lang='lat' dir='ltr'><strong>caput</strong></span> <span class='ocrx_word' id='word_1_519' title='bbox 3179 2979 3297 3021; x_wconf 91' lang='lat' dir='ltr'><strong>non</strong></span> <span class='ocrx_word' id='word_1_520' title='bbox 3330 2968 3420 3021; x_wconf 92' lang='lat' dir='ltr'><strong>est</strong></span> <span class='ocrx_word' id='word_1_521' title='bbox 3452 2958 3614 3039; x_wconf 86' lang='lat' dir='ltr'><strong>posi-</strong></span> 
     </span>
    </p>
   </div>
   <div class='ocr_carea' id='block_1_76' title="bbox 1974 3047 3618 3128">
    <p class='ocr_par' dir='ltr' id='par_1_76' title="bbox 1974 3047 3618 3128">
     <span class='ocr_line' id='line_1_76' title="bbox 1974 3047 3618 3128; baseline -0.001 -18"><span class='ocrx_word' id='word_1_522' title='bbox 1974 3057 2097 3113; x_wconf 88' lang='lat' dir='ltr'><strong>tum</strong></span> <span class='ocrx_word' id='word_1_523' title='bbox 2122 3048 2181 3109; x_wconf 93' lang='lat' dir='ltr'><strong>in</strong></span> <span class='ocrx_word' id='word_1_524' title='bbox 2206 3049 2387 3110; x_wconf 76' lang='lat' dir='ltr'><strong>Basil.</strong></span> <span class='ocrx_word' id='word_1_525' title='bbox 2422 3048 2705 3128; x_wconf 85' lang='lat' dir='ltr'><strong>Ejusdem</strong></span> <span class='ocrx_word' id='word_1_526' title='bbox 2732 3067 2873 3111; x_wconf 82' lang='lat' dir='ltr'><strong>vero</strong></span> <span class='ocrx_word' id='word_1_527' title='bbox 2897 3048 3362 3119; x_wconf 85' lang='lat' dir='ltr'><strong>tit.const.9,est</strong></span> <span class='ocrx_word' id='word_1_528' title='bbox 3383 3047 3618 3109; x_wconf 84' lang='lat' dir='ltr'><strong>novella</strong></span> 
     </span>
    </p>
   </div>
   <div class='ocr_carea' id='block_1_77' title="bbox 1969 3137 3609 3219">
    <p class='ocr_par' dir='ltr' id='par_1_77' title="bbox 1969 3137 3609 3219">
     <span class='ocr_line' id='line_1_77' title="bbox 1969 3137 3609 3219; baseline -0.001 -18"><span class='ocrx_word' id='word_1_529' title='bbox 1969 3140 2007 3201; x_wconf 90' lang='lat'><strong>3</strong></span> <span class='ocrx_word' id='word_1_530' title='bbox 2035 3138 2355 3201; x_wconf 74' lang='lat' dir='ltr'><strong>Iustiniani</strong></span> <span class='ocrx_word' id='word_1_531' title='bbox 2391 3139 2574 3218; x_wconf 85' lang='lat' dir='ltr'><strong>pasita</strong></span> <span class='ocrx_word' id='word_1_532' title='bbox 2600 3138 2739 3219; x_wconf 90' lang='lat' dir='ltr'><strong>[que</strong></span> <span class='ocrx_word' id='word_1_533' title='bbox 2770 3142 2878 3217; x_wconf 86' lang='lat' dir='ltr'><strong>est]</strong></span> <span class='ocrx_word' id='word_1_534' title='bbox 2913 3137 2975 3199; x_wconf 91' lang='lat' dir='ltr'><strong>in</strong></span> <span class='ocrx_word' id='word_1_535' title='bbox 3005 3138 3113 3200; x_wconf 92' lang='lat' dir='ltr'><strong>lib.</strong></span> <span class='ocrx_word' id='word_1_536' title='bbox 3148 3139 3332 3201; x_wconf 90' lang='lat' dir='ltr'><strong>Basil.</strong></span> <span class='ocrx_word' id='word_1_537' title='bbox 3360 3138 3398 3200; x_wconf 93' lang='lat'>3</span> <span class='ocrx_word' id='word_1_538' title='bbox 3422 3142 3513 3200; x_wconf 89' lang='lat' dir='ltr'><strong>tit.</strong></span> <span class='ocrx_word' id='word_1_539' title='bbox 3548 3137 3609 3212; x_wconf 73' lang='grc'><strong>2,</strong></span> 
     </span>
    </p>
   </div>
   <div class='ocr_carea' id='block_1_78' title="bbox 1968 3224 3614 3309">
    <p class='ocr_par' dir='ltr' id='par_1_78' title="bbox 1968 3224 3614 3309">
     <span class='ocr_line' id='line_1_78' title="bbox 1968 3224 3614 3309; baseline -0.002 -19"><span class='ocrx_word' id='word_1_540' title='bbox 1968 3246 2102 3309; x_wconf 85' lang='lat' dir='ltr'><strong>cap.</strong></span> <span class='ocrx_word' id='word_1_541' title='bbox 2143 3237 2194 3302; x_wconf 87' lang='lat'><strong>1,</strong></span> <span class='ocrx_word' id='word_1_542' title='bbox 2230 3229 2493 3290; x_wconf 79' lang='lat' dir='ltr'><strong>themate</strong></span> <span class='ocrx_word' id='word_1_543' title='bbox 2518 3226 3049 3309; x_wconf 90' lang='lat' dir='ltr'><strong>penultimo,quod</strong></span> <span class='ocrx_word' id='word_1_544' title='bbox 3074 3227 3161 3289; x_wconf 92' lang='lat' dir='ltr'><strong>sic</strong></span> <span class='ocrx_word' id='word_1_545' title='bbox 3186 3227 3366 3289; x_wconf 85' lang='lat' dir='ltr'><strong>habet</strong></span> <span class='ocrx_word' id='word_1_546' title='bbox 3400 3247 3413 3289; x_wconf 92' lang='lat'><strong>:</strong></span> <span class='ocrx_word' id='word_1_547' title='bbox 3450 3224 3614 3298; x_wconf 80' lang='lat' dir='ltr'><strong>Qua-</strong></span> 
     </span>
    </p>
   </div>
   <div class='ocr_carea' id='block_1_79' title="bbox 1968 3314 3616 3398">
    <p class='ocr_par' dir='ltr' id='par_1_79' title="bbox 1968 3314 3616 3398">
     <span class='ocr_line' id='line_1_79' title="bbox 1968 3314 3616 3398; baseline -0.002 -19"><span class='ocrx_word' id='word_1_548' title='bbox 1968 3327 2217 3397; x_wconf 89' lang='lat' dir='ltr'><strong>propter</strong></span> <span class='ocrx_word' id='word_1_549' title='bbox 2263 3317 2590 3388; x_wconf 84' lang='lat' dir='ltr'><strong>sancimus,</strong></span> <span class='ocrx_word' id='word_1_550' title='bbox 2627 3336 2701 3378; x_wconf 89' lang='lat' dir='ltr'><strong>ne</strong></span> <span class='ocrx_word' id='word_1_551' title='bbox 2731 3318 2977 3398; x_wconf 90' lang='lat' dir='ltr'><strong>quando</strong></span> <span class='ocrx_word' id='word_1_552' title='bbox 3008 3317 3070 3378; x_wconf 92' lang='lat' dir='ltr'><strong>in</strong></span> <span class='ocrx_word' id='word_1_553' title='bbox 3104 3317 3310 3396; x_wconf 84' lang='lat' dir='ltr'><strong>Magna</strong></span> <span class='ocrx_word' id='word_1_554' title='bbox 3352 3314 3616 3377; x_wconf 90' lang='lat' dir='ltr'><strong>ecclesia</strong></span> 
     </span>
    </p>
   </div>
   <div class='ocr_carea' id='block_1_80' title="bbox 1967 3406 3614 3487">
    <p class='ocr_par' dir='ltr' id='par_1_80' title="bbox 1967 3406 3614 3487">
     <span class='ocr_line' id='line_1_80' title="bbox 1967 3406 3614 3487; baseline -0.001 -19"><span class='ocrx_word' id='word_1_555' title='bbox 1967 3406 2123 3469; x_wconf 87' lang='lat' dir='ltr'><strong>ultra</strong></span> <span class='ocrx_word' id='word_1_556' title='bbox 2150 3406 2458 3486; x_wconf 83' lang='lat' dir='ltr'><strong>sexaginta</strong></span> <span class='ocrx_word' id='word_1_557' title='bbox 2490 3406 2899 3487; x_wconf 82' lang='lat' dir='ltr'><strong>presbyteros,</strong></span> <span class='ocrx_word' id='word_1_558' title='bbox 2924 3406 3214 3469; x_wconf 88' lang='lat' dir='ltr'><strong>diaconos</strong></span> <span class='ocrx_word' id='word_1_559' title='bbox 3242 3423 3382 3467; x_wconf 86' lang='lat' dir='ltr'><strong>vero</strong></span> <span class='ocrx_word' id='word_1_560' title='bbox 3416 3423 3614 3467; x_wconf 88' lang='lat' dir='ltr'><strong>mares</strong></span> 
     </span>
    </p>
   </div>
   <div class='ocr_carea' id='block_1_81' title="bbox 1967 3495 3614 3577">
    <p class='ocr_par' dir='ltr' id='par_1_81' title="bbox 1967 3495 3614 3577">
     <span class='ocr_line' id='line_1_81' title="bbox 1967 3495 3614 3577; baseline -0.002 -19"><span class='ocrx_word' id='word_1_561' title='bbox 1967 3506 2231 3569; x_wconf 89' lang='lat' dir='ltr'><strong>centum,</strong></span> <span class='ocrx_word' id='word_1_562' title='bbox 2268 3496 2525 3557; x_wconf 81' lang='lat' dir='ltr'><strong>feminas</strong></span> <span class='ocrx_word' id='word_1_563' title='bbox 2557 3497 3044 3577; x_wconf 84' lang='lat' dir='ltr'><strong>quadraginta,et</strong></span> <span class='ocrx_word' id='word_1_564' title='bbox 3066 3495 3471 3558; x_wconf 89' lang='lat' dir='ltr'><strong>subdiaconos</strong></span> <span class='ocrx_word' id='word_1_565' title='bbox 3502 3513 3614 3555; x_wconf 87' lang='lat' dir='ltr'><strong>no-</strong></span> 
     </span>
    </p>
   </div>
   <div class='ocr_carea' id='block_1_82' title="bbox 1968 3584 3609 3664">
    <p class='ocr_par' dir='ltr' id='par_1_82' title="bbox 1968 3584 3609 3664">
     <span class='ocr_line' id='line_1_82' title="bbox 1968 3584 3609 3664; baseline -0.002 -17"><span class='ocrx_word' id='word_1_566' title='bbox 1968 3585 2232 3664; x_wconf 87' lang='lat' dir='ltr'><strong>naginta,</strong></span> <span class='ocrx_word' id='word_1_567' title='bbox 2268 3587 2523 3647; x_wconf 90' lang='lat' dir='ltr'><strong>lectores</strong></span> <span class='ocrx_word' id='word_1_568' title='bbox 2570 3594 2770 3647; x_wconf 90' lang='lat' dir='ltr'><strong>autem</strong></span> <span class='ocrx_word' id='word_1_569' title='bbox 2825 3586 2981 3647; x_wconf 92' lang='lat' dir='ltr'><strong>ultra</strong></span> <span class='ocrx_word' id='word_1_570' title='bbox 3022 3593 3261 3646; x_wconf 90' lang='lat' dir='ltr'><strong>centum</strong></span> <span class='ocrx_word' id='word_1_571' title='bbox 3296 3584 3609 3659; x_wconf 88' lang='lat' dir='ltr'><strong>etdecem,</strong></span> 
     </span>
    </p>
   </div>
   <div class='ocr_carea' id='block_1_83' title="bbox 1972 3672 3613 3755">
    <p class='ocr_par' dir='ltr' id='par_1_83' title="bbox 1972 3672 3613 3755">
     <span class='ocr_line' id='line_1_83' title="bbox 1972 3672 3613 3755; baseline -0.004 -18"><span class='ocrx_word' id='word_1_572' title='bbox 1972 3682 2253 3737; x_wconf 87' lang='lat' dir='ltr'><strong>cantores</strong></span> <span class='ocrx_word' id='word_1_573' title='bbox 2284 3676 2439 3735; x_wconf 87' lang='lat' dir='ltr'><strong>ultra</strong></span> <span class='ocrx_word' id='word_1_574' title='bbox 2469 3674 2679 3755; x_wconf 79' lang='lat' dir='ltr'><strong>viginti</strong></span> <span class='ocrx_word' id='word_1_575' title='bbox 2713 3674 2983 3755; x_wconf 88' lang='lat' dir='ltr'><strong>quinque</strong></span> <span class='ocrx_word' id='word_1_576' title='bbox 3013 3673 3301 3735; x_wconf 80' lang='lat' dir='ltr'><strong>exsistant</strong></span> <span class='ocrx_word' id='word_1_577' title='bbox 3330 3693 3342 3732; x_wconf 91' lang='lat'>:</span> <span class='ocrx_word' id='word_1_578' title='bbox 3383 3680 3447 3731; x_wconf 94' lang='lat' dir='ltr'><strong>ut</strong></span> <span class='ocrx_word' id='word_1_579' title='bbox 3477 3672 3613 3731; x_wconf 83' lang='lat' dir='ltr'><strong>uni-</strong></span> 
     </span>
    </p>
   </div>
   <div class='ocr_carea' id='block_1_84' title="bbox 1969 3759 3615 3840">
    <p class='ocr_par' dir='ltr' id='par_1_84' title="bbox 1969 3759 3615 3840">
     <span class='ocr_line' id='line_1_84' title="bbox 1969 3759 3615 3840; baseline 0 -18"><span class='ocrx_word' id='word_1_580' title='bbox 1969 3782 2181 3826; x_wconf 83' lang='lat' dir='ltr'><strong>versus</strong></span> <span class='ocrx_word' id='word_1_581' title='bbox 2197 3763 2839 3825; x_wconf 85' lang='lat' dir='ltr'><strong>reverendissimorum</strong></span> <span class='ocrx_word' id='word_1_582' title='bbox 2865 3763 3226 3825; x_wconf 90' lang='lat' dir='ltr'><strong>clericorum</strong></span> <span class='ocrx_word' id='word_1_583' title='bbox 3254 3759 3497 3840; x_wconf 87' lang='lat' dir='ltr'><strong>Majoris</strong></span> <span class='ocrx_word' id='word_1_584' title='bbox 3519 3778 3615 3822; x_wconf 91' lang='lat' dir='ltr'><strong>ec-</strong></span> 
     </span>
    </p>
   </div>
   <div class='ocr_carea' id='block_1_85' title="bbox 1972 3850 3615 3933">
    <p class='ocr_par' dir='ltr' id='par_1_85' title="bbox 1972 3850 3615 3933">
     <span class='ocr_line' id='line_1_85' title="bbox 1972 3850 3615 3933; baseline -0.004 -18"><span class='ocrx_word' id='word_1_585' title='bbox 1972 3854 2172 3916; x_wconf 67' lang='lat' dir='ltr'><strong>clesiae</strong></span> <span class='ocrx_word' id='word_1_586' title='bbox 2204 3872 2494 3913; x_wconf 88' lang='lat' dir='ltr'><strong>numerus</strong></span> <span class='ocrx_word' id='word_1_587' title='bbox 2526 3857 2582 3913; x_wconf 91' lang='lat' dir='ltr'><strong>in</strong></span> <span class='ocrx_word' id='word_1_588' title='bbox 2616 3853 3077 3933; x_wconf 88' lang='lat' dir='ltr'><strong>quadringentis</strong></span> <span class='ocrx_word' id='word_1_589' title='bbox 3110 3850 3319 3929; x_wconf 79' lang='lat' dir='ltr'><strong>viginti</strong></span> <span class='ocrx_word' id='word_1_590' title='bbox 3349 3854 3615 3930; x_wconf 85' lang='lat' dir='ltr'><strong>quinque</strong></span> 
     </span>
    </p>
   </div>
   <div class='ocr_carea' id='block_1_86' title="bbox 1972 3937 3611 4023">
    <p class='ocr_par' dir='ltr' id='par_1_86' title="bbox 1972 3937 3611 4023">
     <span class='ocr_line' id='line_1_86' title="bbox 1972 3937 3611 4023; baseline -0.004 -18"><span class='ocrx_word' id='word_1_591' title='bbox 1972 3949 2274 4023; x_wconf 83' lang='lat' dir='ltr'><strong>personis,</strong></span> <span class='ocrx_word' id='word_1_592' title='bbox 2308 3950 2367 4003; x_wconf 83' lang='lat' dir='ltr'><strong>et</strong></span> <span class='ocrx_word' id='word_1_593' title='bbox 2397 3951 2637 4003; x_wconf 92' lang='lat' dir='ltr'><strong>centum</strong></span> <span class='ocrx_word' id='word_1_594' title='bbox 2664 3950 2953 4022; x_wconf 79' lang='lat' dir='ltr'><strong>praeterea</strong></span> <span class='ocrx_word' id='word_1_595' title='bbox 2975 3940 3234 4002; x_wconf 90' lang='lat' dir='ltr'><strong>ostiariis</strong></span> <span class='ocrx_word' id='word_1_596' title='bbox 3265 3943 3350 4017; x_wconf 92' lang='lat' dir='ltr'><strong>(ut</strong></span> <span class='ocrx_word' id='word_1_597' title='bbox 3374 3937 3611 4018; x_wconf 86' lang='lat' dir='ltr'><strong>vocant)</strong></span> 
     </span>
    </p>
   </div>
   <div class='ocr_carea' id='block_1_87' title="bbox 1970 4030 3611 4105">
    <p class='ocr_par' dir='ltr' id='par_1_87' title="bbox 1970 4030 3611 4105">
     <span class='ocr_line' id='line_1_87' title="bbox 1970 4030 3611 4105; baseline -0.004 -12"><span class='ocrx_word' id='word_1_598' title='bbox 1970 4033 2273 4095; x_wconf 84' lang='lat' dir='ltr'><strong>consistat.</strong></span> <span class='ocrx_word' id='word_1_599' title='bbox 2308 4031 2377 4092; x_wconf 90' lang='lat' dir='ltr'><strong>Et</strong></span> <span class='ocrx_word' id='word_1_600' title='bbox 2404 4039 2597 4095; x_wconf 90' lang='lat' dir='ltr'><strong>const.</strong></span> <span class='ocrx_word' id='word_1_601' title='bbox 2637 4034 2731 4105; x_wconf 86' lang='lat'><strong>10,</strong></span> <span class='ocrx_word' id='word_1_602' title='bbox 2769 4031 2858 4093; x_wconf 81' lang='lat' dir='ltr'><strong>tit.</strong></span> <span class='ocrx_word' id='word_1_603' title='bbox 2901 4034 2922 4094; x_wconf 84' lang='lat'><strong>1</strong></span> <span class='ocrx_word' id='word_1_604' title='bbox 2960 4030 3470 4099; x_wconf 85' lang='lat' dir='ltr'><strong>Novellarum,est</strong></span> <span class='ocrx_word' id='word_1_605' title='bbox 3500 4045 3611 4087; x_wconf 85' lang='lat' dir='ltr'><strong>no-</strong></span> 
     </span>
    </p>
   </div>
   <div class='ocr_carea' id='block_1_88' title="bbox 1970 4116 3611 4201">
    <p class='ocr_par' dir='ltr' id='par_1_88' title="bbox 1970 4116 3611 4201">
     <span class='ocr_line' id='line_1_88' title="bbox 1970 4116 3611 4201; baseline -0.003 -19"><span class='ocrx_word' id='word_1_606' title='bbox 1970 4122 2123 4185; x_wconf 85' lang='lat' dir='ltr'><strong>vella</strong></span> <span class='ocrx_word' id='word_1_607' title='bbox 2149 4120 2467 4182; x_wconf 83' lang='lat' dir='ltr'><strong>Justiniani</strong></span> <span class='ocrx_word' id='word_1_608' title='bbox 2510 4120 2601 4194; x_wconf 86' lang='lat' dir='ltr'><strong>l6,</strong></span> <span class='ocrx_word' id='word_1_609' title='bbox 2641 4122 2830 4201; x_wconf 89' lang='lat' dir='ltr'><strong>posita</strong></span> <span class='ocrx_word' id='word_1_610' title='bbox 2862 4120 3003 4200; x_wconf 90' lang='lat' dir='ltr'><strong>[que</strong></span> <span class='ocrx_word' id='word_1_611' title='bbox 3056 4121 3165 4196; x_wconf 83' lang='lat' dir='ltr'><strong>est]</strong></span> <span class='ocrx_word' id='word_1_612' title='bbox 3210 4118 3269 4178; x_wconf 92' lang='lat' dir='ltr'><strong>in</strong></span> <span class='ocrx_word' id='word_1_613' title='bbox 3302 4116 3488 4178; x_wconf 89' lang='lat' dir='ltr'><strong>Basil.</strong></span> <span class='ocrx_word' id='word_1_614' title='bbox 3526 4133 3611 4191; x_wconf 84' lang='lat' dir='ltr'><strong>Ill,</strong></span> 
     </span>
    </p>
   </div>
   <div class='ocr_carea' id='block_1_89' title="bbox 1971 4205 3618 4292">
    <p class='ocr_par' dir='ltr' id='par_1_89' title="bbox 1971 4205 3618 4292">
     <span class='ocr_line' id='line_1_89' title="bbox 1971 4205 3618 4292; baseline -0.004 -19"><span class='ocrx_word' id='word_1_615' title='bbox 1971 4213 2060 4273; x_wconf 92' lang='lat' dir='ltr'><strong>tit.</strong></span> <span class='ocrx_word' id='word_1_616' title='bbox 2094 4216 2153 4292; x_wconf 86' lang='lat'><strong>3,</strong></span> <span class='ocrx_word' id='word_1_617' title='bbox 2186 4230 2315 4292; x_wconf 87' lang='lat' dir='ltr'><strong>cap.</strong></span> <span class='ocrx_word' id='word_1_618' title='bbox 2361 4210 2581 4291; x_wconf 87' lang='lat' dir='ltr'><strong>l,quod</strong></span> <span class='ocrx_word' id='word_1_619' title='bbox 2616 4210 2794 4272; x_wconf 87' lang='lat' dir='ltr'><strong>etiam</strong></span> <span class='ocrx_word' id='word_1_620' title='bbox 2830 4208 3074 4289; x_wconf 84' lang='lat' dir='ltr'><strong>legas,si</strong></span> <span class='ocrx_word' id='word_1_621' title='bbox 3107 4207 3298 4270; x_wconf 85' lang='lat' dir='ltr'><strong>visum</strong></span> <span class='ocrx_word' id='word_1_622' title='bbox 3332 4205 3429 4266; x_wconf 87' lang='lat' dir='ltr'><strong>sit.</strong></span> <span class='ocrx_word' id='word_1_623' title='bbox 3464 4205 3618 4279; x_wconf 87' lang='lat' dir='ltr'><strong>Quia</strong></span> 
     </span>
    </p>
   </div>
   <div class='ocr_carea' id='block_1_90' title="bbox 1968 4296 3612 4370">
    <p class='ocr_par' dir='ltr' id='par_1_90' title="bbox 1968 4296 3612 4370">
     <span class='ocr_line' id='line_1_90' title="bbox 1968 4296 3612 4370; baseline -0.005 -6"><span class='ocrx_word' id='word_1_624' title='bbox 1968 4302 2128 4364; x_wconf 89' lang='lat' dir='ltr'><strong>enim</strong></span> <span class='ocrx_word' id='word_1_625' title='bbox 2159 4300 2405 4361; x_wconf 90' lang='lat' dir='ltr'><strong>omnino</strong></span> <span class='ocrx_word' id='word_1_626' title='bbox 2440 4301 2499 4361; x_wconf 93' lang='lat' dir='ltr'><strong>in</strong></span> <span class='ocrx_word' id='word_1_627' title='bbox 2522 4318 2633 4361; x_wconf 93' lang='lat' dir='ltr'><strong>usu</strong></span> <span class='ocrx_word' id='word_1_628' title='bbox 2658 4318 2791 4361; x_wconf 87' lang='lat' dir='ltr'><strong>esse</strong></span> <span class='ocrx_word' id='word_1_629' title='bbox 2814 4298 3123 4370; x_wconf 85' lang='lat' dir='ltr'><strong>desiit,hic</strong></span> <span class='ocrx_word' id='word_1_630' title='bbox 3149 4316 3268 4359; x_wconf 90' lang='lat' dir='ltr'><strong>non</strong></span> <span class='ocrx_word' id='word_1_631' title='bbox 3303 4296 3612 4357; x_wconf 88' lang='lat' dir='ltr'><strong>inseritur.</strong></span> 
     </span>
    </p>
   </div>
   <div class='ocr_carea' id='block_1_91' title="bbox 1968 4387 3615 4472">
    <p class='ocr_par' dir='ltr' id='par_1_91' title="bbox 1968 4387 3615 4472">
     <span class='ocr_line' id='line_1_91' title="bbox 1968 4387 3615 4472; baseline -0.003 -18"><span class='ocrx_word' id='word_1_632' title='bbox 1968 4393 2178 4472; x_wconf 81' lang='lat' dir='ltr'><strong>Neque</strong></span> <span class='ocrx_word' id='word_1_633' title='bbox 2208 4409 2348 4451; x_wconf 85' lang='lat' dir='ltr'><strong>vero</strong></span> <span class='ocrx_word' id='word_1_634' title='bbox 2382 4392 2508 4451; x_wconf 83' lang='lat' dir='ltr'><strong>haec</strong></span> <span class='ocrx_word' id='word_1_635' title='bbox 2539 4389 2636 4450; x_wconf 85' lang='lat' dir='ltr'><strong>lex</strong></span> <span class='ocrx_word' id='word_1_636' title='bbox 2695 4391 2821 4451; x_wconf 89' lang='lat' dir='ltr'><strong>sola</strong></span> <span class='ocrx_word' id='word_1_637' title='bbox 2870 4391 2929 4449; x_wconf 93' lang='lat' dir='ltr'><strong>in</strong></span> <span class='ocrx_word' id='word_1_638' title='bbox 2964 4408 3073 4450; x_wconf 93' lang='lat' dir='ltr'><strong>usu</strong></span> <span class='ocrx_word' id='word_1_639' title='bbox 3108 4406 3241 4450; x_wconf 90' lang='lat' dir='ltr'><strong>esse</strong></span> <span class='ocrx_word' id='word_1_640' title='bbox 3273 4387 3474 4460; x_wconf 87' lang='lat' dir='ltr'><strong>desiit,</strong></span> <span class='ocrx_word' id='word_1_641' title='bbox 3507 4404 3615 4449; x_wconf 78' lang='lat' dir='ltr'><strong>ve-</strong></span> 
     </span>
    </p>
   </div>
   <div class='ocr_carea' id='block_1_92' title="bbox 1966 4476 3617 4559">
    <p class='ocr_par' dir='ltr' id='par_1_92' title="bbox 1966 4476 3617 4559">
     <span class='ocr_line' id='line_1_92' title="bbox 1966 4476 3617 4559; baseline -0.003 -17"><span class='ocrx_word' id='word_1_642' title='bbox 1966 4499 2100 4542; x_wconf 90' lang='lat' dir='ltr'><strong>rum</strong></span> <span class='ocrx_word' id='word_1_643' title='bbox 2134 4481 2314 4541; x_wconf 88' lang='lat' dir='ltr'><strong>etiam</strong></span> <span class='ocrx_word' id='word_1_644' title='bbox 2347 4479 2601 4541; x_wconf 89' lang='lat' dir='ltr'><strong>Heraclii</strong></span> <span class='ocrx_word' id='word_1_645' title='bbox 2642 4479 3085 4559; x_wconf 86' lang='lat' dir='ltr'><strong>novella,cujus</strong></span> <span class='ocrx_word' id='word_1_646' title='bbox 3116 4478 3175 4538; x_wconf 91' lang='lat' dir='ltr'><strong>in</strong></span> <span class='ocrx_word' id='word_1_647' title='bbox 3207 4476 3486 4556; x_wconf 65' lang='lat' dir='ltr'><strong>praesenti</strong></span> <span class='ocrx_word' id='word_1_648' title='bbox 3519 4495 3617 4538; x_wconf 84' lang='lat' dir='ltr'><strong>ca-</strong></span> 
     </span>
    </p>
   </div>
   <div class='ocr_carea' id='block_1_93' title="bbox 241 4566 1905 4661">
    <p class='ocr_par' dir='ltr' id='par_1_93' title="bbox 241 4570 1882 4650">
     <span class='ocr_line' id='line_1_93' title="bbox 241 4570 1882 4650; baseline 0 -21"><span class='ocrx_word' id='word_1_649' title='bbox 241 4575 476 4650; x_wconf 79' lang='grc' dir='ltr'>τάγματι</span> <span class='ocrx_word' id='word_1_650' title='bbox 533 4574 624 4629; x_wconf 80' lang='grc' dir='ltr'>καὶ</span> <span class='ocrx_word' id='word_1_651' title='bbox 681 4570 894 4637; x_wconf 71' lang='grc' dir='ltr'>ἐδέξατο</span> <span class='ocrx_word' id='word_1_652' title='bbox 951 4571 1059 4627; x_wconf 77' lang='grc' dir='ltr'>άπὸ</span> <span class='ocrx_word' id='word_1_653' title='bbox 1116 4572 1394 4638; x_wconf 73' lang='grc' dir='ltr'>συνηθείας</span> <span class='ocrx_word' id='word_1_654' title='bbox 1458 4572 1680 4649; x_wconf 78' lang='grc' dir='ltr'>ἀριθμὸν</span> <span class='ocrx_word' id='word_1_655' title='bbox 1738 4572 1882 4640; x_wconf 84' lang='grc' dir='ltr'>κλη-</span> 
     </span>
    </p>
   </div>
   <div class='ocr_carea' id='block_1_94' title="bbox 1979 4566 3617 4661">
    <p class='ocr_par' dir='ltr' id='par_1_94' title="bbox 1979 4566 3617 4661">
     <span class='ocr_line' id='line_1_94' title="bbox 1979 4566 3617 4661; baseline -0.003 -31"><span class='ocrx_word' id='word_1_656' title='bbox 1979 4570 2091 4649; x_wconf 89' lang='lat' dir='ltr'><strong>pite</strong></span> <span class='ocrx_word' id='word_1_657' title='bbox 2122 4569 2345 4661; x_wconf 64' lang='lat' dir='ltr'><strong>mentio</strong></span> <span class='ocrx_word' id='word_1_658' title='bbox 2378 4569 2463 4629; x_wconf 81' lang='lat' dir='ltr'><strong>fit.</strong></span> <span class='ocrx_word' id='word_1_659' title='bbox 2501 4572 2751 4649; x_wconf 82' lang='lat' dir='ltr'><strong>Propter</strong></span> <span class='ocrx_word' id='word_1_660' title='bbox 2778 4586 2982 4630; x_wconf 92' lang='lat' dir='ltr'><strong>rerum</strong></span> <span class='ocrx_word' id='word_1_661' title='bbox 3023 4566 3617 4661; x_wconf 63' lang='lat' dir='ltr'><strong>namqueinazquali-</strong></span> 
     </span>
    </p>
   </div>
   <div class='ocr_carea' id='block_1_95' title="bbox 242 4658 1883 4740">
    <p class='ocr_par' dir='ltr' id='par_1_95' title="bbox 242 4658 1883 4740">
     <span class='ocr_line' id='line_1_95' title="bbox 242 4658 1883 4740; baseline 0.001 -23"><span class='ocrx_word' id='word_1_662' title='bbox 242 4663 402 4738; x_wconf 83' lang='grc' dir='ltr'>ρικῶν</span> <span class='ocrx_word' id='word_1_663' title='bbox 446 4664 480 4729; x_wconf 82' lang='grc' dir='ltr'><strong>ἡ</strong></span> <span class='ocrx_word' id='word_1_664' title='bbox 526 4659 825 4728; x_wconf 67' lang='grc' dir='ltr'>Ἐκκλησία</span> <span class='ocrx_word' id='word_1_665' title='bbox 883 4660 1065 4737; x_wconf 80' lang='grc' dir='ltr'>ἕτερον</span> <span class='ocrx_word' id='word_1_666' title='bbox 1140 4658 1225 4717; x_wconf 81' lang='grc' dir='ltr'><strong>διὰ</strong></span> <span class='ocrx_word' id='word_1_667' title='bbox 1294 4662 1395 4728; x_wconf 76' lang='grc' dir='ltr'><strong>τὴν</strong></span> <span class='ocrx_word' id='word_1_668' title='bbox 1450 4662 1556 4717; x_wconf 77' lang='grc' dir='ltr'>τῶν</span> <span class='ocrx_word' id='word_1_669' title='bbox 1623 4663 1883 4740; x_wconf 87' lang='grc' dir='ltr'>πραγμά-</span> 
     </span>
    </p>
   </div>
   <div class='ocr_carea' id='block_1_96' title="bbox 242 4747 1884 4828">
    <p class='ocr_par' dir='ltr' id='par_1_96' title="bbox 242 4747 1884 4828">
     <span class='ocr_line' id='line_1_96' title="bbox 242 4747 1884 4828; baseline 0.001 -21"><span class='ocrx_word' id='word_1_670' title='bbox 242 4775 347 4808; x_wconf 82' lang='grc' dir='ltr'>των</span> <span class='ocrx_word' id='word_1_671' title='bbox 405 4749 744 4826; x_wconf 77' lang='grc' dir='ltr'>ἀνωμαλίαν.</span> <span class='ocrx_word' id='word_1_672' title='bbox 807 4747 986 4808; x_wconf 66' lang='grc' dir='ltr'>Οιόἓενὶ</span> <span class='ocrx_word' id='word_1_673' title='bbox 1043 4750 1143 4828; x_wconf 82' lang='grc' dir='ltr'>γὰρ</span> <span class='ocrx_word' id='word_1_674' title='bbox 1199 4750 1465 4827; x_wconf 74' lang='grc' dir='ltr'>ἠγνόηται</span> <span class='ocrx_word' id='word_1_675' title='bbox 1496 4752 1570 4816; x_wconf 82' lang='grc' dir='ltr'>ὡς</span> <span class='ocrx_word' id='word_1_676' title='bbox 1616 4753 1660 4806; x_wconf 82' lang='grc' dir='ltr'>εἰ</span> <span class='ocrx_word' id='word_1_677' title='bbox 1700 4752 1779 4828; x_wconf 77' lang='grc' dir='ltr'>μὴ</span> <span class='ocrx_word' id='word_1_678' title='bbox 1823 4754 1884 4809; x_wconf 85' lang='grc' dir='ltr'>τὸ</span> 
     </span>
    </p>
   </div>
   <div class='ocr_carea' id='block_1_97' title="bbox 243 4838 1884 4917">
    <p class='ocr_par' dir='ltr' id='par_1_97' title="bbox 243 4838 1884 4917">
     <span class='ocr_line' id='line_1_97' title="bbox 243 4838 1884 4917; baseline 0.001 -21"><span class='ocrx_word' id='word_1_679' title='bbox 243 4841 393 4905; x_wconf 81' lang='grc' dir='ltr'>ἕλεος</span> <span class='ocrx_word' id='word_1_680' title='bbox 438 4843 531 4897; x_wconf 70' lang='grc' dir='ltr'>τοῧ</span> <span class='ocrx_word' id='word_1_681' title='bbox 590 4841 843 4915; x_wconf 75' lang='grc' dir='ltr'>κραταιοῦ</span> <span class='ocrx_word' id='word_1_682' title='bbox 898 4840 988 4893; x_wconf 85' lang='grc' dir='ltr'><strong>καὶ</strong></span> <span class='ocrx_word' id='word_1_683' title='bbox 1030 4838 1181 4917; x_wconf 82' lang='grc' dir='ltr'>ἁγίου</span> <span class='ocrx_word' id='word_1_684' title='bbox 1233 4840 1389 4913; x_wconf 79' lang='grc' dir='ltr'>ἡμῶν</span> <span class='ocrx_word' id='word_1_685' title='bbox 1446 4838 1737 4917; x_wconf 81' lang='grc' dir='ltr'>βασιλέως,</span> <span class='ocrx_word' id='word_1_686' title='bbox 1796 4843 1884 4898; x_wconf 80' lang='grc' dir='ltr'>καὶ</span> 
     </span>
    </p>
   </div>
   <div class='ocr_carea' id='block_1_98' title="bbox 242 4927 1882 5008">
    <p class='ocr_par' dir='ltr' id='par_1_98' title="bbox 242 4927 1882 5008">
     <span class='ocr_line' id='line_1_98' title="bbox 242 4927 1882 5008; baseline 0 -22"><span class='ocrx_word' id='word_1_687' title='bbox 242 4938 336 4988; x_wconf 83' lang='grc' dir='ltr'><strong>τοῦ</strong></span> <span class='ocrx_word' id='word_1_688' title='bbox 377 4930 531 5008; x_wconf 81' lang='grc' dir='ltr'>ἁγίου</span> <span class='ocrx_word' id='word_1_689' title='bbox 586 4928 850 5006; x_wconf 83' lang='grc' dir='ltr'>βασιλέως</span> <span class='ocrx_word' id='word_1_690' title='bbox 910 4929 1068 4996; x_wconf 77' lang='grc' dir='ltr'>ἡμῶν</span> <span class='ocrx_word' id='word_1_691' title='bbox 1126 4927 1216 4983; x_wconf 86' lang='grc' dir='ltr'><strong>καὶ</strong></span> <span class='ocrx_word' id='word_1_692' title='bbox 1269 4930 1467 5004; x_wconf 81' lang='grc' dir='ltr'>πατρὸς</span> <span class='ocrx_word' id='word_1_693' title='bbox 1527 4929 1686 4987; x_wconf 66' lang='grc' dir='ltr'><strong>αἱ)τοῦ</strong></span> <span class='ocrx_word' id='word_1_694' title='bbox 1744 4952 1882 5005; x_wconf 90' lang='grc' dir='ltr'>προ-</span> 
     </span>
    </p>
   </div>
   <div class='ocr_carea' id='block_1_99' title="bbox 244 5016 1883 5099">
    <p class='ocr_par' dir='ltr' id='par_1_99' title="bbox 244 5016 1883 5099">
     <span class='ocr_line' id='line_1_99' title="bbox 244 5016 1883 5099; baseline 0 -23"><span class='ocrx_word' id='word_1_695' title='bbox 244 5020 468 5099; x_wconf 59' lang='grc' dir='ltr'>έφθασεν</span> <span class='ocrx_word' id='word_1_696' title='bbox 510 5021 583 5084; x_wconf 74' lang='grc' dir='ltr'>εἰς</span> <span class='ocrx_word' id='word_1_697' title='bbox 629 5019 728 5085; x_wconf 67' lang='grc' dir='ltr'>τὴν</span> <span class='ocrx_word' id='word_1_698' title='bbox 781 5017 1035 5095; x_wconf 82' lang='grc' dir='ltr'>Μεγάλην</span> <span class='ocrx_word' id='word_1_699' title='bbox 1093 5016 1388 5085; x_wconf 76' lang='grc' dir='ltr'>ἐκκλησίαν</span> <span class='ocrx_word' id='word_1_700' title='bbox 1437 5020 1511 5082; x_wconf 84' lang='grc' dir='ltr'><strong>ὡς</strong></span> <span class='ocrx_word' id='word_1_701' title='bbox 1553 5022 1642 5075; x_wconf 84' lang='grc' dir='ltr'><strong>καὶ</strong></span> <span class='ocrx_word' id='word_1_702' title='bbox 1672 5042 1883 5077; x_wconf 85' lang='grc' dir='ltr'>παντα-</span> 
     </span>
    </p>
   </div>
   <div class='ocr_carea' id='block_1_100' title="bbox 246 5106 1885 5189">
    <p class='ocr_par' dir='ltr' id='par_1_100' title="bbox 246 5106 1885 5189">
     <span class='ocr_line' id='line_1_100' title="bbox 246 5106 1885 5189; baseline 0 -23"><span class='ocrx_word' id='word_1_703' title='bbox 246 5116 349 5189; x_wconf 74' lang='grc' dir='ltr'><strong>χοῦ</strong></span> <span class='ocrx_word' id='word_1_704' title='bbox 394 5110 467 5174; x_wconf 80' lang='grc' dir='ltr'>εἷς</span> <span class='ocrx_word' id='word_1_705' title='bbox 500 5108 682 5187; x_wconf 86' lang='grc' dir='ltr'>ολίγον</span> <span class='ocrx_word' id='word_1_706' title='bbox 712 5109 1057 5165; x_wconf 80' lang='grc' dir='ltr'>παντάποσον</span> <span class='ocrx_word' id='word_1_707' title='bbox 1107 5106 1201 5163; x_wconf 68' lang='grc' dir='ltr'>’ἵνα</span> <span class='ocrx_word' id='word_1_708' title='bbox 1251 5107 1509 5185; x_wconf 82' lang='grc' dir='ltr'>περιέστη</span> <span class='ocrx_word' id='word_1_709' title='bbox 1543 5111 1570 5165; x_wconf 85' lang='grc' dir='ltr'><strong>ὁ</strong></span> <span class='ocrx_word' id='word_1_710' title='bbox 1601 5112 1708 5166; x_wconf 76' lang='grc' dir='ltr'>τῶν</span> <span class='ocrx_word' id='word_1_711' title='bbox 1743 5109 1885 5177; x_wconf 73' lang='grc' dir='ltr'>κλη-</span> 
     </span>
    </p>
   </div>
   <div class='ocr_carea' id='block_1_101' title="bbox 245 5196 1879 5278">
    <p class='ocr_par' dir='ltr' id='par_1_101' title="bbox 245 5196 1879 5278">
     <span class='ocr_line' id='line_1_101' title="bbox 245 5196 1879 5278; baseline 0.002 -25"><span class='ocrx_word' id='word_1_712' title='bbox 245 5203 406 5275; x_wconf 81' lang='grc' dir='ltr'>ρικῶν</span> <span class='ocrx_word' id='word_1_713' title='bbox 437 5198 658 5276; x_wconf 79' lang='grc' dir='ltr'>ἀριθμὸς</span> <span class='ocrx_word' id='word_1_714' title='bbox 691 5196 775 5253; x_wconf 77' lang='grc' dir='ltr'><strong>διὰ</strong></span> <span class='ocrx_word' id='word_1_715' title='bbox 805 5199 907 5264; x_wconf 78' lang='grc' dir='ltr'>τὴν</span> <span class='ocrx_word' id='word_1_716' title='bbox 954 5202 1062 5254; x_wconf 85' lang='grc' dir='ltr'>τῶν</span> <span class='ocrx_word' id='word_1_717' title='bbox 1106 5198 1438 5275; x_wconf 83' lang='grc' dir='ltr'>πραγμάτων</span> <span class='ocrx_word' id='word_1_718' title='bbox 1488 5200 1879 5278; x_wconf 83' lang='grc' dir='ltr'>στενοχωρίαν.</span> 
     </span>
    </p>
   </div>
   <div class='ocr_carea' id='block_1_102' title="bbox 251 5288 1886 5367">
    <p class='ocr_par' dir='ltr' id='par_1_102' title="bbox 251 5288 1886 5367">
     <span class='ocr_line' id='line_1_102' title="bbox 251 5288 1886 5367; baseline 0.001 -24"><span class='ocrx_word' id='word_1_719' title='bbox 251 5290 345 5344; x_wconf 80' lang='grc' dir='ltr'>Διὸ</span> <span class='ocrx_word' id='word_1_720' title='bbox 398 5291 488 5344; x_wconf 83' lang='grc' dir='ltr'><strong>καὶ</strong></span> <span class='ocrx_word' id='word_1_721' title='bbox 544 5288 719 5345; x_wconf 74' lang='grc' dir='ltr'>αὒτῶν</span> <span class='ocrx_word' id='word_1_722' title='bbox 770 5288 868 5362; x_wconf 79' lang='grc' dir='ltr'>μὲν</span> <span class='ocrx_word' id='word_1_723' title='bbox 926 5288 1315 5367; x_wconf 76' lang='grc' dir='ltr'>ὑπερεύχεσθαι</span> <span class='ocrx_word' id='word_1_724' title='bbox 1381 5290 1584 5367; x_wconf 69' lang='grc' dir='ltr'>χρεὼν,</span> <span class='ocrx_word' id='word_1_725' title='bbox 1644 5302 1770 5353; x_wconf 82' lang='grc' dir='ltr'>ταῖς</span> <span class='ocrx_word' id='word_1_726' title='bbox 1830 5288 1886 5347; x_wconf 79' lang='grc' dir='ltr'><strong>δὲ</strong></span> 
     </span>
    </p>
   </div>
   <div class='ocr_carea' id='block_1_103' title="bbox 247 5375 1885 5456">
    <p class='ocr_par' dir='ltr' id='par_1_103' title="bbox 247 5375 1885 5456">
     <span class='ocr_line' id='line_1_103' title="bbox 247 5375 1885 5456; baseline 0 -22"><span class='ocrx_word' id='word_1_727' title='bbox 247 5379 365 5454; x_wconf 81' lang='grc' dir='ltr'>περὶ</span> <span class='ocrx_word' id='word_1_728' title='bbox 394 5387 487 5436; x_wconf 80' lang='grc' dir='ltr'><strong>τοῦ</strong></span> <span class='ocrx_word' id='word_1_729' title='bbox 540 5377 763 5455; x_wconf 71' lang='grc' dir='ltr'>ἆριθμοό</span> <span class='ocrx_word' id='word_1_730' title='bbox 807 5384 910 5433; x_wconf 83' lang='grc' dir='ltr'>τῶν</span> <span class='ocrx_word' id='word_1_731' title='bbox 956 5376 1230 5453; x_wconf 83' lang='grc' dir='ltr'>κληρικῶν</span> <span class='ocrx_word' id='word_1_732' title='bbox 1288 5375 1671 5456; x_wconf 83' lang='grc' dir='ltr'>παλαιοτέραις</span> <span class='ocrx_word' id='word_1_733' title='bbox 1715 5399 1885 5454; x_wconf 82' lang='grc' dir='ltr'>νομο-</span> 
     </span>
    </p>
   </div>
   <div class='ocr_carea' id='block_1_104' title="bbox 241 5465 1886 5546">
    <p class='ocr_par' dir='ltr' id='par_1_104' title="bbox 241 5465 1886 5546">
     <span class='ocr_line' id='line_1_104' title="bbox 241 5465 1886 5546; baseline 0.001 -23"><span class='ocrx_word' id='word_1_734' title='bbox 241 5468 442 5531; x_wconf 80' lang='grc' dir='ltr'>θεσίαις</span> <span class='ocrx_word' id='word_1_735' title='bbox 512 5467 591 5543; x_wconf 82' lang='grc' dir='ltr'><strong>μὴ</strong></span> <span class='ocrx_word' id='word_1_736' title='bbox 646 5465 961 5546; x_wconf 79' lang='grc' dir='ltr'>προσέχειν,</span> <span class='ocrx_word' id='word_1_737' title='bbox 1025 5466 1250 5544; x_wconf 82' lang='grc' dir='ltr'>ἀρκετὸν</span> <span class='ocrx_word' id='word_1_738' title='bbox 1312 5466 1411 5545; x_wconf 71' lang='grc' dir='ltr'><strong>γὰρ</strong></span> <span class='ocrx_word' id='word_1_739' title='bbox 1483 5468 1526 5522; x_wconf 82' lang='grc' dir='ltr'>εἰ</span> <span class='ocrx_word' id='word_1_740' title='bbox 1587 5473 1655 5544; x_wconf 80' lang='grc' dir='ltr'>τῇ</span> <span class='ocrx_word' id='word_1_741' title='bbox 1708 5474 1886 5546; x_wconf 81' lang='grc' dir='ltr'>μακρᾷ</span> 
     </span>
    </p>
   </div>
   <div class='ocr_carea' id='block_1_105' title="bbox 245 5555 1612 5634">
    <p class='ocr_par' dir='ltr' id='par_1_105' title="bbox 245 5555 1612 5634">
     <span class='ocr_line' id='line_1_105' title="bbox 245 5555 1612 5634; baseline -0.001 -21"><span class='ocrx_word' id='word_1_742' title='bbox 245 5557 494 5629; x_wconf 73' lang='grc' dir='ltr'>συνηθείᾳ</span> <span class='ocrx_word' id='word_1_743' title='bbox 521 5555 782 5634; x_wconf 76' lang='grc' dir='ltr'>ἑπόμεθα,</span> <span class='ocrx_word' id='word_1_744' title='bbox 816 5557 905 5613; x_wconf 86' lang='grc' dir='ltr'><strong>καὶ</strong></span> <span class='ocrx_word' id='word_1_745' title='bbox 934 5557 1070 5613; x_wconf 86' lang='grc' dir='ltr'><strong>κατὰ</strong></span> <span class='ocrx_word' id='word_1_746' title='bbox 1099 5555 1302 5623; x_wconf 81' lang='grc' dir='ltr'>ταύτην</span> <span class='ocrx_word' id='word_1_747' title='bbox 1332 5565 1612 5633; x_wconf 82' lang='grc' dir='ltr'>ποιοῦμεν,</span> 
     </span>
    </p>
   </div>
   <div class='ocr_carea' id='block_1_106' title="bbox 1967 4655 3614 4720">
    <p class='ocr_par' dir='ltr' id='par_1_106' title="bbox 1967 4655 3614 4720">
     <span class='ocr_line' id='line_1_106' title="bbox 1967 4655 3614 4720; baseline -0.002 -2"><span class='ocrx_word' id='word_1_748' title='bbox 1967 4667 2148 4719; x_wconf 87' lang='lat' dir='ltr'><strong>tatem</strong></span> <span class='ocrx_word' id='word_1_749' title='bbox 2183 4655 2448 4720; x_wconf 85' lang='lat' dir='ltr'><strong>Ecclesia</strong></span> <span class='ocrx_word' id='word_1_750' title='bbox 2478 4677 2549 4718; x_wconf 86' lang='lat' dir='ltr'><strong>ex</strong></span> <span class='ocrx_word' id='word_1_751' title='bbox 2583 4657 3022 4719; x_wconf 85' lang='lat' dir='ltr'><strong>consuetudine</strong></span> <span class='ocrx_word' id='word_1_752' title='bbox 3072 4674 3392 4717; x_wconf 88' lang='lat' dir='ltr'><strong>numerum</strong></span> <span class='ocrx_word' id='word_1_753' title='bbox 3429 4655 3614 4716; x_wconf 87' lang='lat' dir='ltr'><strong>cleri-</strong></span> 
     </span>
    </p>
   </div>
   <div class='ocr_carea' id='block_1_107' title="bbox 1968 4742 3615 4827">
    <p class='ocr_par' dir='ltr' id='par_1_107' title="bbox 1968 4742 3615 4827">
     <span class='ocr_line' id='line_1_107' title="bbox 1968 4742 3615 4827; baseline -0.005 -18"><span class='ocrx_word' id='word_1_754' title='bbox 1968 4766 2173 4809; x_wconf 90' lang='lat' dir='ltr'><strong>corum</strong></span> <span class='ocrx_word' id='word_1_755' title='bbox 2198 4747 2381 4808; x_wconf 90' lang='lat' dir='ltr'><strong>alium</strong></span> <span class='ocrx_word' id='word_1_756' title='bbox 2406 4749 2900 4827; x_wconf 84' lang='lat' dir='ltr'><strong>suscepit.Nemo</strong></span> <span class='ocrx_word' id='word_1_757' title='bbox 2933 4746 3093 4808; x_wconf 90' lang='lat' dir='ltr'><strong>enim</strong></span> <span class='ocrx_word' id='word_1_758' title='bbox 3122 4763 3242 4805; x_wconf 91' lang='lat' dir='ltr'><strong>non</strong></span> <span class='ocrx_word' id='word_1_759' title='bbox 3266 4749 3425 4804; x_wconf 79' lang='lat' dir='ltr'><strong>novit</strong></span> <span class='ocrx_word' id='word_1_760' title='bbox 3456 4742 3615 4823; x_wconf 83' lang='lat' dir='ltr'><strong>quod</strong></span> 
     </span>
    </p>
   </div>
   <div class='ocr_carea' id='block_1_108' title="bbox 1968 4830 3617 4917">
    <p class='ocr_par' dir='ltr' id='par_1_108' title="bbox 1968 4830 3617 4917">
     <span class='ocr_line' id='line_1_108' title="bbox 1968 4830 3617 4917; baseline -0.004 -19"><span class='ocrx_word' id='word_1_761' title='bbox 1968 4837 2084 4898; x_wconf 87' lang='lat' dir='ltr'><strong>nisi</strong></span> <span class='ocrx_word' id='word_1_762' title='bbox 2118 4835 2530 4898; x_wconf 84' lang='lat' dir='ltr'><strong>misericordia</strong></span> <span class='ocrx_word' id='word_1_763' title='bbox 2559 4836 2774 4917; x_wconf 92' lang='lat' dir='ltr'><strong>optimi</strong></span> <span class='ocrx_word' id='word_1_764' title='bbox 2806 4844 2983 4915; x_wconf 88' lang='lat' dir='ltr'><strong>atque</strong></span> <span class='ocrx_word' id='word_1_765' title='bbox 3014 4833 3204 4894; x_wconf 88' lang='lat' dir='ltr'><strong>sancti</strong></span> <span class='ocrx_word' id='word_1_766' title='bbox 3228 4830 3617 4912; x_wconf 88' lang='lat' dir='ltr'><strong>imperatoris</strong></span> 
     </span>
    </p>
   </div>
   <div class='ocr_carea' id='block_1_109' title="bbox 1970 4920 3615 5007">
    <p class='ocr_par' dir='ltr' id='par_1_109' title="bbox 1970 4920 3615 5007">
     <span class='ocr_line' id='line_1_109' title="bbox 1970 4920 3615 5007; baseline -0.005 -19"><span class='ocrx_word' id='word_1_767' title='bbox 1970 4927 2185 5001; x_wconf 92' lang='lat' dir='ltr'><strong>nostri,</strong></span> <span class='ocrx_word' id='word_1_768' title='bbox 2212 4928 2460 5007; x_wconf 88' lang='lat' dir='ltr'><strong>ejusque</strong></span> <span class='ocrx_word' id='word_1_769' title='bbox 2487 4926 2671 5005; x_wconf 90' lang='lat' dir='ltr'><strong>patris</strong></span> <span class='ocrx_word' id='word_1_770' title='bbox 2700 4925 3043 5005; x_wconf 89' lang='lat' dir='ltr'><strong>[similiter]</strong></span> <span class='ocrx_word' id='word_1_771' title='bbox 3067 4922 3257 4985; x_wconf 89' lang='lat' dir='ltr'><strong>sancti</strong></span> <span class='ocrx_word' id='word_1_772' title='bbox 3283 4921 3471 4983; x_wconf 89' lang='lat' dir='ltr'><strong>nostri</strong></span> <span class='ocrx_word' id='word_1_773' title='bbox 3494 4920 3615 4981; x_wconf 92' lang='lat' dir='ltr'><strong>im-</strong></span> 
     </span>
    </p>
   </div>
   <div class='ocr_carea' id='block_1_110' title="bbox 1969 5011 3615 5097">
    <p class='ocr_par' dir='ltr' id='par_1_110' title="bbox 1969 5011 3615 5097">
     <span class='ocr_line' id='line_1_110' title="bbox 1969 5011 3615 5097; baseline -0.004 -20"><span class='ocrx_word' id='word_1_774' title='bbox 1969 5018 2512 5097; x_wconf 68' lang='lat' dir='ltr'><strong>peratoris,Magnaa</strong></span> <span class='ocrx_word' id='word_1_775' title='bbox 2527 5014 2812 5077; x_wconf 62' lang='lat' dir='ltr'><strong>Ecclesia;</strong></span> <span class='ocrx_word' id='word_1_776' title='bbox 2829 5011 3615 5086; x_wconf 85' lang='lat' dir='ltr'><strong>succurrisset,clericorum</strong></span> 
     </span>
    </p>
   </div>
   <div class='ocr_carea' id='block_1_111' title="bbox 1969 5100 3613 5184">
    <p class='ocr_par' dir='ltr' id='par_1_111' title="bbox 1969 5100 3613 5184">
     <span class='ocr_line' id='line_1_111' title="bbox 1969 5100 3613 5184; baseline -0.003 -18"><span class='ocrx_word' id='word_1_777' title='bbox 1969 5123 2257 5167; x_wconf 90' lang='lat' dir='ltr'><strong>numerus</strong></span> <span class='ocrx_word' id='word_1_778' title='bbox 2317 5112 2564 5184; x_wconf 86' lang='lat' dir='ltr'><strong>propter</strong></span> <span class='ocrx_word' id='word_1_779' title='bbox 2622 5122 2822 5166; x_wconf 90' lang='lat' dir='ltr'><strong>rerum</strong></span> <span class='ocrx_word' id='word_1_780' title='bbox 2879 5102 3182 5181; x_wconf 86' lang='lat' dir='ltr'><strong>angustias</strong></span> <span class='ocrx_word' id='word_1_781' title='bbox 3240 5100 3301 5162; x_wconf 93' lang='lat' dir='ltr'><strong>in</strong></span> <span class='ocrx_word' id='word_1_782' title='bbox 3339 5100 3613 5180; x_wconf 74' lang='lat' dir='ltr'><strong>exiguam</strong></span> 
     </span>
    </p>
   </div>
   <div class='ocr_carea' id='block_1_112' title="bbox 1968 5189 3617 5274">
    <p class='ocr_par' dir='ltr' id='par_1_112' title="bbox 1968 5189 3617 5274">
     <span class='ocr_line' id='line_1_112' title="bbox 1968 5189 3617 5274; baseline -0.002 -18"><span class='ocrx_word' id='word_1_783' title='bbox 1968 5194 2215 5256; x_wconf 88' lang='lat' dir='ltr'><strong>omnino</strong></span> <span class='ocrx_word' id='word_1_784' title='bbox 2247 5194 2667 5274; x_wconf 86' lang='lat' dir='ltr'><strong>quantitatem,</strong></span> <span class='ocrx_word' id='word_1_785' title='bbox 2705 5201 2767 5253; x_wconf 94' lang='lat' dir='ltr'><strong>ut</strong></span> <span class='ocrx_word' id='word_1_786' title='bbox 2812 5191 3032 5272; x_wconf 88' lang='lat' dir='ltr'><strong>ubique</strong></span> <span class='ocrx_word' id='word_1_787' title='bbox 3069 5189 3401 5272; x_wconf 88' lang='lat' dir='ltr'><strong>[locorum]</strong></span> <span class='ocrx_word' id='word_1_788' title='bbox 3433 5189 3617 5253; x_wconf 84' lang='lat' dir='ltr'><strong>reda-</strong></span> 
     </span>
    </p>
   </div>
   <div class='ocr_carea' id='block_1_113' title="bbox 1971 5280 3619 5361">
    <p class='ocr_par' dir='ltr' id='par_1_113' title="bbox 1971 5280 3619 5361">
     <span class='ocr_line' id='line_1_113' title="bbox 1971 5280 3619 5361; baseline -0.002 -16"><span class='ocrx_word' id='word_1_789' title='bbox 1971 5293 2101 5346; x_wconf 92' lang='lat' dir='ltr'><strong>ctus</strong></span> <span class='ocrx_word' id='word_1_790' title='bbox 2131 5284 2362 5345; x_wconf 82' lang='lat' dir='ltr'><strong>fuisset.</strong></span> <span class='ocrx_word' id='word_1_791' title='bbox 2397 5281 2803 5355; x_wconf 71' lang='lat' dir='ltr'><strong>Quamobrem</strong></span> <span class='ocrx_word' id='word_1_792' title='bbox 2837 5299 2941 5360; x_wconf 89' lang='lat' dir='ltr'><strong>pro</strong></span> <span class='ocrx_word' id='word_1_793' title='bbox 2973 5280 3094 5341; x_wconf 90' lang='lat' dir='ltr'><strong>illis</strong></span> <span class='ocrx_word' id='word_1_794' title='bbox 3125 5280 3323 5358; x_wconf 87' lang='lat' dir='ltr'><strong>[Deus]</strong></span> <span class='ocrx_word' id='word_1_795' title='bbox 3358 5298 3619 5361; x_wconf 86' lang='lat' dir='ltr'><strong>precan-</strong></span> 
     </span>
    </p>
   </div>
   <div class='ocr_carea' id='block_1_114' title="bbox 1972 5369 3620 5451">
    <p class='ocr_par' dir='ltr' id='par_1_114' title="bbox 1972 5369 3620 5451">
     <span class='ocr_line' id='line_1_114' title="bbox 1972 5369 3620 5451; baseline -0.003 -15"><span class='ocrx_word' id='word_1_796' title='bbox 1972 5373 2083 5436; x_wconf 90' lang='lat' dir='ltr'><strong>dus</strong></span> <span class='ocrx_word' id='word_1_797' title='bbox 2102 5373 2651 5451; x_wconf 74' lang='lat' dir='ltr'><strong>esr,veteribusque</strong></span> <span class='ocrx_word' id='word_1_798' title='bbox 2676 5371 2751 5432; x_wconf 90' lang='lat' dir='ltr'><strong>de</strong></span> <span class='ocrx_word' id='word_1_799' title='bbox 2778 5370 3138 5432; x_wconf 91' lang='lat' dir='ltr'><strong>clericorum</strong></span> <span class='ocrx_word' id='word_1_800' title='bbox 3164 5388 3416 5431; x_wconf 88' lang='lat' dir='ltr'><strong>numero</strong></span> <span class='ocrx_word' id='word_1_801' title='bbox 3442 5369 3620 5449; x_wconf 79' lang='lat' dir='ltr'><strong>legis-</strong></span> 
     </span>
    </p>
   </div>
   <div class='ocr_carea' id='block_1_115' title="bbox 1969 5458 3618 5536">
    <p class='ocr_par' dir='ltr' id='par_1_115' title="bbox 1969 5458 3618 5536">
     <span class='ocr_line' id='line_1_115' title="bbox 1969 5458 3618 5536; baseline -0.004 -10"><span class='ocrx_word' id='word_1_802' title='bbox 1969 5460 2295 5526; x_wconf 87' lang='lat' dir='ltr'><strong>lationibus</strong></span> <span class='ocrx_word' id='word_1_803' title='bbox 2354 5479 2470 5521; x_wconf 92' lang='lat' dir='ltr'><strong>non</strong></span> <span class='ocrx_word' id='word_1_804' title='bbox 2532 5459 3016 5522; x_wconf 88' lang='lat' dir='ltr'><strong>auscultandum.</strong></span> <span class='ocrx_word' id='word_1_805' title='bbox 3074 5458 3311 5521; x_wconf 77' lang='lat' dir='ltr'><strong>Sufﬁcit</strong></span> <span class='ocrx_word' id='word_1_806' title='bbox 3341 5459 3532 5536; x_wconf 90' lang='lat' dir='ltr'><strong>enim,</strong></span> <span class='ocrx_word' id='word_1_807' title='bbox 3565 5458 3618 5520; x_wconf 92' lang='lat' dir='ltr'><strong>si</strong></span> 
     </span>
    </p>
   </div>
   <div class='ocr_carea' id='block_1_116' title="bbox 1966 5548 3612 5632">
    <p class='ocr_par' dir='ltr' id='par_1_116' title="bbox 1966 5548 3612 5632">
     <span class='ocr_line' id='line_1_116' title="bbox 1966 5548 3612 5632; baseline -0.003 -18"><span class='ocrx_word' id='word_1_808' title='bbox 1966 5554 2203 5631; x_wconf 84' lang='lat' dir='ltr'><strong>longam</strong></span> <span class='ocrx_word' id='word_1_809' title='bbox 2237 5550 2736 5612; x_wconf 88' lang='lat' dir='ltr'><strong>consuetudinem</strong></span> <span class='ocrx_word' id='word_1_810' title='bbox 2790 5566 3144 5632; x_wconf 82' lang='lat' dir='ltr'><strong>sequamur,</strong></span> <span class='ocrx_word' id='word_1_811' title='bbox 3177 5566 3246 5616; x_wconf 85' lang='lat' dir='ltr'><strong>ac</strong></span> <span class='ocrx_word' id='word_1_812' title='bbox 3278 5548 3612 5612; x_wconf 89' lang='lat' dir='ltr'><strong>secundum</strong></span> 
     </span>
    </p>
   </div>
   <div class='ocr_carea' id='block_1_117' title="bbox 1964 5640 2473 5707">
    <p class='ocr_par' dir='ltr' id='par_1_117' title="bbox 1964 5640 2473 5707">
     <span class='ocr_line' id='line_1_117' title="bbox 1964 5640 2473 5707; baseline 0 -3"><span class='ocrx_word' id='word_1_813' title='bbox 1964 5641 2127 5707; x_wconf 83' lang='lat' dir='ltr'><strong>illam</strong></span> <span class='ocrx_word' id='word_1_814' title='bbox 2162 5640 2473 5706; x_wconf 83' lang='lat' dir='ltr'><strong>faciamus.</strong></span> 
     </span>
    </p>
   </div>
  </div>
