3930 6218
176 325 305 397 1017

936 325 1431 395 NOMOCANON.
1492 362 1569 376 -
1635 328 1795 394 TIT.

1860 331 1912 412 Ι,
1957 330 2125 396 CAP.
2177 325 2698 396 XXXI-XXXIV.
3336 320 3493 398 1018

171 477 301 532 ναθεν
328 472 646 536 ἀπαλλάττει
709 474 834 540 τοὺς
880 474 1387 555 χειροτονουμένους
1418 475 1481 534 ἐκ
1508 481 1609 544 τῆς
1639 477 1769 533 ὑπε-

1926 480 2159 538 itestate
2190 474 2429 550 liberat,
2486 471 3001 555 quemadmodum
3054 472 3171 535 hoc
3228 469 3502 536 etiamin

169 563 501 645 ξουσιότητος,
526 566 700 631 καθὼς
722 568 813 622 καὶ
843 566 907 622 τὰ
939 566 1055 644 περὶ
1083 567 1271 624 τούτου
1295 567 1349 624 ἐν
1372 574 1449 642 τῷ
1476 566 1617 643 αὖτῷ
1649 588 1771 647 γεφ,

168 653 466 733 πλατύτερον
495 653 982 733 παρεδηλώσαμεν,

232 744 437 825 Ἕτερον
495 745 746 825 σχόλιον,
795 747 1135 822 Σημείωσαι.
1214 736 1273 805 Ὀ
1319 748 1415 823 μέν
1461 749 1773 824 συνθέμενος

166 838 220 893 τὸ
269 836 613 912 νομοκάνονον
642 838 980 917 πατριάρχου
1010 836 1226 912 μέλλων
1256 836 1456 904 διδάξαι
1496 839 1634 904 τίνες
1667 840 1774 897 εἰσί

164 924 384 1002 κληρικοὶ
434 926 782 1005 παρέπεμψεν
843 930 970 986 αὐτὸ
1024 930 1098 992 είς
1148 928 1237 985 τὸν
1294 928 1372 983 κδ’
1420 930 1620 985 κανόνα
1675 936 1773 998 τῆς

163 1015 211 1071 ἐν
262 1014 536 1090 Λαοδικείᾳ
579 1015 795 1074 συνόδου
840 1021 1258 1096 συναριθμοῦνται
1316 1034 1434 1081 τοῖς
1490 1017 1775 1097 κληρικοῖς

159 1106 373 1170 καὶτοὺς
403 1107 703 1186 μοναχούς.
738 1106 884 1184 Ἐγὼ
914 1104 968 1162 δὲ
1001 1106 1096 1163 οὒκ
1135 1108 1429 1187 ἀφίσταμαι
1461 1111 1537 1164 ὧν
1568 1109 1776 1187 ἔγραψα

159 1197 224 1260 εἷς
265 1195 349 1251 τόν
400 1194 467 1251 ιδ’
511 1196 710 1253 κανόνα
753 1201 851 1261 τῆς
896 1194 945 1267 ζ’
992 1195 1234 1277 συνόδου,
1282 1200 1370 1254 καὶ
1426 1198 1524 1256 ἄνεί
1583 1207 1771 1260 ταῦτα.

160 1285 463 1362 Προσείθημι
508 1283 563 1341 δὲ
608 1299 728 1348 τοῖς
762 1298 1045 1364 γραφεῖσιν
1075 1288 1164 1343 καὶ
1196 1296 1382 1361 ταῦτα,
1438 1287 1522 1345 ὅτι
1569 1292 1615 1346 εἰ
1645 1288 1775 1366 δοθῇ

158 1374 252 1432 ἀπὸ
281 1374 442 1449 μόνης
499 1381 599 1443 τῆς
649 1375 1001 1454 ἆποκάρσεως
1059 1376 1406 1453 ἀναγνώστας
1449 1380 1594 1437 εἶναι
1651 1381 1774 1443 τοὺς

156 1465 409 1544 μοναχοὺς
467 1462 819 1530 ἂδιαστίκτως
863 1465 928 1521 τὰ
984 1470 1091 1521 τῶν
1135 1465 1492 1545 ἁναγνωστῶν
1544 1469 1772 1549 ἐνεργή-

155 1574 287 1610 σουσι
366 1554 564 1618 πάντες
647 1556 883 1634 μοναχοὶ
960 1556 1388 1635 ἀποκεκαρμένοί
1460 1557 1558 1614 κᾶν
1634 1560 1776 1638 παρὰ

153 1646 390 1722 μοναχῶν
475 1642 662 1722 ἱερέων
776 1644 1125 1722 ἂπεκάρησαν
1224 1648 1363 1721 μήτε
1460 1650 1776 1728 ἡγουμένων

152 1730 322 1808 ὄντων,
380 1732 522 1808 μήτε
605 1734 714 1791 ἀπὸ
802 1734 1101 1792 ἐπισκόπου
1161 1734 1437 1794 λαϐόντων
1488 1741 1551 1796 τὸ
1623 1738 1774 1797 ἐνδό-

152 1843 316 1903 σιμον,
360 1822 491 1903 ὅπερ
536 1823 737 1881 ἄτοπον
780 1825 868 1881 καὶ
913 1825 1117 1904 γυναιξὶ
1168 1823 1224 1881 δὲ
1269 1841 1546 1908 μοναχαῐς
1618 1835 1774 1885 τοῦτο

148 1915 202 1969 τὸ
264 1911 459 1971 δίκαιον
538 1913 1133 1994 ἐπιφιλοτιμηθήσεται
1207 1914 1293 1972 διὰ
1366 1918 1465 1985 τὴν
1526 1918 1773 1998 eiad/atp-

151 2024 244 2076 σιν,
315 2004 440 2084 ὅπερ
510 2004 654 2061 ἐστὶν
716 2005 804 2061 ἐπὶ
862 2003 1026 2061 πλέον
1080 2006 1451 2069 ἀτοπώτατον.
1518 2009 1606 2078 Μὴ
1651 2016 1774 2089 γοῦν

148 2092 382 2174 πρόσχης
413 2100 484 2171 τῇ
516 2101 658 2167 κακῂ
692 2097 964 2167 συνηθείᾳ,
998 2097 1148 2167 ζήτει
1174 2095 1229 2152 δὲ
1261 2098 1356 2165 τὴν
1390 2095 1652 2161 διάλυσιν.

220 2192 459 2245 ΚΕΦΑΛ.
532 2183 639 2241 ΛΒ¹
703 2216 778 2228 —
855 2187 977 2263 Περὶ
1032 2186 1127 2243 τοῦ
1202 2188 1280 2262 μὴ
1347 2193 1774 2268 χειροτονεῖσθαι

145 2273 335 2338 οὗτινος
380 2277 412 2344 ἦ
455 2275 597 2355 γυνὴ
650 2274 975 2354 ἐμοιχεύθη,
1038 2278 1123 2334 καὶ
1180 2279 1274 2335 εὰν
1320 2281 1455 2356 γυνὴ
1517 2279 1776 2359 κληρικοῦ

146 2368 421 2444 μοιχευθῇ-

214 2453 435 2514 Συνόδου
465 2456 886 2533 Νεοκαισαρείας
921 2458 1095 2513 κανὼν
1127 2457 1207 2526 η’,

217 2547 490 2621 Κείμενον.
533 2548 631 2605 Καὶ
678 2549 706 2603 ὁ
765 2545 1045 2614 πολιτικὸς
1098 2548 1263 2623 νόμος
1294 2570 1349 2609 κ.
1384 2572 1435 2612 τ.
1470 2548 1551 2624 λ.,
1587 2565 1776 2630 usque

143 2634 208 2696 ad
236 2637 527 2738 ῥεπουδίου⁸
547 2636 659 2716 ρλδ⁹
692 2645 904 2717 νεαρᾶς,
1166 2686 1209 2741 ⁸

211 2726 467 2807 Σχόλιον.
511 2719 571 2786 Ὀ
602 2729 650 2785 θ’
678 2729 880 2787 τίτ.τοῦ
909 2727 957 2785 θ’
986 2719 1207 2805 βιϐλίοιῖ
1223 2736 1315 2787 τοῦ
1360 2728 1587 2795 κώδικος
1620 2730 1773 2799 ἐτέθη

138 2818 188 2872 ἒν
225 2816 414 2895 βιϐλίῳ
459 2818 507 2886 ξ’
543 2820 650 2876 τῶν
681 2818 988 2876 Βασιλικῶν
1030 2821 1136 2883 τίτ,
1197 2818 1278 2892 λζ’
1310 2842 1432 2901 κεφ.
1466 2812 1583 2899 μβ’,
1619 2830 1774 2881 τοῦτο

137 2903 184 2963 δὲ
226 2910 284 2965 τὸ
326 2931 452 2986 vesp,
510 2908 845 2987 παρελείφθη
881 2925 895 2941 ⁰
956 2911 990 2977 ἡ
1050 2908 1161 2985 ρλδ⁹
1206 2912 1366 2989 νεαρὰ
1399 2922 1491 2970 τοῦ
1550 2912 1778 2969 Ἰουστι-

137 3004 304 3054 νιανοῦ
358 2998 521 3066 ἐτέθη
585 2999 640 3054 ἐν
698 2997 889 3075 βιϐλίῳ
935 2997 1025 3066 κη’
1056 3006 1163 3057 τῶν
1212 2999 1511 3057 Βασιλικιῖιν
1566 3004 1671 3066 τίτ.
1707 3000 1778 3077 ζ’,

131 3107 244 3166 κερ.
273 3087 350 3162 α’,
383 3087 458 3169 θ’⁷
496 3086 613 3163 να’,
646 3089 750 3151 τίτ.
788 3087 858 3165 ζ’,
895 3089 950 3144 ἐν
982 3089 1134 3169 μέρει
1186 3090 1353 3155 οὕτως
1402 3090 1586 3172 ἔχοντι
1621 3111 1633 3124 ·
1672 3094 1780 3160 Τὴν

1857 566 2074 628 eodem
2105 565 2304 647 capite
2334 565 2514 627 latius
2545 563 3118 628 demonstravimus.

1938 745 2132 808 Aliud
2151 744 2472 808 scholium.
2493 743 2860 820 Patriarcha,
2885 744 2987 825 qui
3016 759 3500 806 nomocanonem

1857 835 2512 916 composuit,docturus
2528 835 2769 916 quinam
2790 835 2909 897 sint
2926 835 3154 908 clerici,
3169 828 3499 913 [lectorem]

1860 945 1994 988 mox
2016 926 2248 987 remisit
2265 926 2336 986 ad
2357 944 2646 986 canonem
2666 925 3002 987 thoncilii
3025 924 3366 998 Laudiceni,
3401 922 3504 1001 qui

1859 1016 2098 1078 clericis
2111 1016 2288 1077 etiam
2315 1016 2640 1077 monachos
2658 1024 3074 1078 connumerat.
3087 1016 3208 1094 Ego
3224 1031 3366 1076 vero
3382 1029 3503 1072 non

1857 1106 2083 1169 recedo
2108 1106 2182 1168 ab
2210 1106 2283 1168 iis
2313 1125 2447 1183 quae
2473 1106 2530 1168 in
2556 1125 2850 1169 canonem
2888 1109 2958 1170 14
2992 1105 3230 1167 concilii
3256 1100 3503 1183 septimi

1859 1196 2100 1275 scripsi,
2136 1214 2268 1276 quae
2313 1195 2464 1274 lege.
2511 1195 2663 1268 Quin
2695 1196 2938 1277 scriptis
2969 1195 3216 1275 adjicio,
3252 1192 3415 1271 quod
3447 1190 3502 1253 si

1860 1285 2232 1348 concedatur
2265 1304 2371 1365 per
2401 1286 2586 1347 solam
2641 1290 2979 1350 tonsionem
3017 1284 3341 1347 monachos
3371 1280 3504 1343 ﬁeri

1859 1375 2140 1449 lectores,
2174 1375 2323 1438 citra
2351 1376 2800 1439 distinctionem
2833 1377 3183 1456 quicunque
3225 1370 3503 1435 monachi

1860 1466 2039 1538 tonsi,
2076 1484 2209 1547 qua;
2240 1466 2533 1528 lectorum
2569 1466 2860 1550 [propria]
2907 1476 3068 1547 sunt,
3101 1466 3324 1527 facient
3356 1484 3369 1526 :
3406 1469 3501 1524 ta-

1861 1558 2039 1619 metsi
2069 1576 2102 1618 a
2134 1558 2449 1619 monachis
2480 1558 2917 1630 sacerdotibus,
2952 1562 3050 1638 qui
3089 1553 3503 1634 [monasterio-

1857 1647 2016 1729 rum]
2049 1649 2333 1728 przesules
2367 1667 2486 1710 non
2516 1658 2883 1728 sunt,neque
2915 1650 2987 1709 ab
3025 1648 3306 1727 episcopo
3338 1644 3500 1724 [ton-

1859 1736 2071 1818 dendi]
2098 1738 2442 1801 facultatem
2469 1738 3025 1819 acceperunt,tonsi
3052 1740 3192 1797 sint:
3219 1734 3372 1815 quod
3404 1730 3504 1794 ab-

1800 1863 1835 1912 B
1858 1828 2106 1889 surdum
2143 1837 2253 1890 est.
2288 1830 2415 1893 Imo
2467 1848 2606 1891 vero
2660 1827 3016 1890 mulieribus
3050 1824 3359 1887 monachis
3390 1823 3502 1912 hoc

1851 1920 1952 1996 jus
1983 1927 2230 1997 propter
2267 1918 2606 1981 tonsionem
2670 1920 2845 1980 etiam
2900 1914 3202 1994 indulgeri
3234 1909 3499 1985 debebit,

1857 2006 2019 2087 quod
2039 2007 2214 2087 longe
2238 2007 2741 2070 absurdissimum
2771 2010 2985 2072 est.Ne
3002 2005 3184 2085 igitur
3206 2000 3502 2065 auscultes

1859 2098 2032 2159 malas
2061 2098 2507 2179 consuetudini,
2545 2099 2649 2161 sed
2683 2098 3123 2161 correctionem
3159 2108 3415 2173 quaeras.

1939 2187 2105 2251 CAP.
2141 2187 2377 2252 XXXII.
2418 2224 2493 2234 -υ
2552 2188 2645 2252 Ne
2701 2189 3044 2259 ordinetur,
3105 2185 3277 2259 cuius
3343 2197 3501 2242 uxor

1858 2277 2231 2341 adulterium
2255 2280 2585 2360 commisit,
2624 2285 2679 2341 et
2725 2280 2780 2341 si
2831 2276 3039 2340 clerici
3067 2289 3227 2337 uxor
3255 2268 3503 2333 adulte-

1858 2370 2021 2431 rium
2050 2370 2445 2433 commiserit.

1941 2459 2192 2522 Concilii
2223 2459 2726 2523 Neoczesariensis
2757 2476 2949 2522 canon
2980 2456 3043 2520 8.

1948 2548 2197 2612 Teutas.
2259 2548 2447 2612 Etiam
2481 2550 2573 2612 lex
2634 2549 2828 2612 civilis
2876 2554 3022 2619 etc,
3054 2560 3245 2626 usque
3273 2540 3353 2605 ad
3386 2558 3501 2601 no-

1859 2639 2029 2702 vella;
2069 2639 2178 2701 I34
2206 2639 2282 2701 de
2314 2640 2607 2721 repudiis,
2641 2648 2707 2702 ut
2723 2656 2867 2721 pag.
2902 2638 3042 2700 555.

1940 2729 2279 2792 Scholium.
2342 2728 2459 2791 Tit.
2520 2734 2559 2793 9
2596 2720 2739 2794 lib.
2779 2747 2835 2792 lx
2888 2727 3025 2791 cod.
3062 2726 3290 2808 positus
3321 2729 3410 2785 est
3443 2720 3504 2784 in

1862 2819 1969 2883 lib.
2006 2819 2188 2882 Basil.
2221 2838 2317 2891 Lx,
2357 2820 2447 2882 tit.
2506 2820 2606 2897 37,
2670 2838 2802 2902 cap.
2862 2820 2962 2882 42.
2997 2818 3124 2881 Hoc
3156 2833 3298 2879 vero
3332 2817 3507 2902 caput

1862 2910 2154 2971 omissum
2182 2911 2552 2974 est.Novella
2574 2901 3150 2989 [autemlJustiniani
3179 2904 3290 2969 134
3317 2901 3506 2984 posita

1861 3009 1955 3062 est
1982 3000 2042 3061 in
2067 3000 2149 3061 lib
2183 3000 2722 3075 Basil.xxvut,tit.7
2740 3001 2928 3080 ,cap.1
2948 3048 2964 3075 ,
2988 2998 3253 3059 themate
3270 2989 3503 3071 7,quod

1864 3108 1970 3169 pro
2003 3099 2167 3170 parte
2198 3089 2282 3152 ita
2310 3090 2488 3153 habet
2514 3110 2528 3155 :
2571 3090 2785 3154 Mulier
2809 3109 2948 3152 vero
2980 3106 3111 3169 quae
3141 3080 3502 3148 adulterium

137 3182 519 3257 μοιχευθεῖσαν
578 3192 807 3257 γυναῖκα
868 3193 988 3245 ταῖς
1030 3181 1427 3257 προσηκούσαις
1471 3179 1769 3239 ὅποϐαλλο-

1926 3180 2187 3251 immisit,
2222 3181 2711 3261 competentibus
2758 3179 2993 3242 Subdita
3025 3177 3240 3259 poenis,
3273 3179 3503 3264 inmo-

132 3266 289 3341 μένην
321 3283 555 3333 ποιναῖς
588 3270 642 3324 έν
674 3271 1018 3347 μοναστηρίῳ
1064 3268 1447 3345 ἐμϐάλλεσθαι,
1484 3275 1571 3329 καὶ
1602 3274 1645 3328 εἰ
1680 3274 1779 3347 μὲν

135 3354 261 3413 εἴσω
289 3358 492 3426 διετίας
528 3362 559 3415 ὁ
593 3359 726 3429 ἀνὴρ
785 3359 952 3427 αυτὴν
991 3358 1285 3417 ἀναλαϐεῖν
1340 3359 1631 3437 βουληθείη
1694 3362 1780 3428 ἐξ·

132 3448 300 3506 ουσίαν
345 3451 499 3524 αὖτῷ
576 3447 823 3524 διδόαμεν
882 3452 1039 3507 τοῦτο
1095 3462 1298 3523 ποιεῖν,
1361 3453 1449 3507 καὶ
1514 3466 1781 3511 συνοικεῖν

134 3536 257 3614 αὖτῇ
307 3539 524 3613 μηδέ-ια
598 3538 833 3596 κίνδυνον
912 3538 1147 3599 ἐντεῦθεν
1210 3538 1576 3616 ἐλαϐουμένῳ,
1640 3544 1778 3617 μήτε

131 3623 209 3683 διὰ
249 3628 356 3684 τῶν
406 3629 464 3685 ἐν
531 3629 689 3704 μέσῳ
760 3630 1058 3708 γινομένων
1119 3627 1631 3707 καταϐλαπτομένου
1686 3633 1780 3690 τοῦ

129 3718 314 3798 γίμου,
349 3722 444 3776 καὶ
475 3727 652 3777 ταῦτα
682 3718 780 3794 μέν
810 3742 974 3800 φησιν
1019 3723 1047 3777 ὁ
1107 3718 1394 3786 πολιτικὸς
1446 3723 1631 3795 νόμος.
1684 3724 1782 3781 Καὶ

132 3804 219 3887 ἔχε
249 3810 314 3866 τὰ
363 3816 469 3878 τῆς
527 3816 726 3889 νεαρᾶς
784 3811 981 3877 ταύτης
1026 3811 1113 3867 επὶ
1153 3817 1261 3866 τῶν
1310 3810 1541 3892 12-ch“,
1603 3814 1629 3870 ὁ
1681 3815 1781 3892 γὰρ

126 3895 585 3966 ἐκκλησιαστικὸς
617 3900 780 3973 νόμος
815 3898 932 3967 ἤτοι
966 3903 994 3957 ὁ
1025 3899 1082 3967 η’
1122 3902 1299 3957 κανὼν
1331 3906 1427 3968 τῆς
1463 3902 1517 3958 ἐν
1548 3912 1778 3960 Neont-

127 3989 299 4065 σαρεία
362 3988 596 4047 συνόδου
650 3987 769 4046 οὔτε
852 3991 945 4047 τὸν
1020 3989 1185 4068 ἄνδρα
1240 3992 1338 4057 της
1398 3995 1780 4071 μοιχευθείσης

124 4082 365 4154 γυναικὸς
399 4083 479 4145 εἰς
515 4080 816 4158 ὑπηρεσίαν
844 4080 1117 4159 ἱερατικὴν
1149 4095 1474 4161 παραχωρεῖ
1503 4082 1778 4161 ἔρχεσθαι,

125 4166 234 4224 οὗτε
267 4171 358 4225 τὸν
386 4171 547 4249 ἱερέα
578 4172 670 4226 τὸν
700 4171 926 4249 σᾷζυγον
986 4171 1080 4238 τῆς
1134 4172 1269 4244 μετὰ
1316 4170 1413 4239 τὴν
1443 4176 1780 4250 χειροτονίαν

123 4262 504 4339 μοιχευθεῖσης
542 4272 876 4340 παραχωρεῖ
908 4261 994 4318 καὶ
1028 4262 1175 4323 αὖθις
1228 4261 1374 4317 εἶναι
1424 4262 1587 4339 ἱερέα,
1644 4263 1784 4320 ἀλλὰ

123 4345 404 4425 ἀναγκάζει
438 4356 641 4407 τοῦτον
673 4349 942 4407 ἀπολῦσαι
996 4350 1098 4417 τὴν
1129 4354 1519 4430 μοιχευθεῖσαν
1551 4366 1782 4431 γυναῖκα

118 4440 292 4510 αὖτοῦ,
326 4442 372 4497 εἰ
405 4440 566 4498 θέλει
600 4438 735 4503 τέως
767 4440 1086 4517 ἱερατεύειν.

200 4538 461 4595 ΚΕΦΑΛ,
534 4528 671 4592 At".
735 4524 819 4573 -δ
869 4531 991 4609 Περὶ
1048 4533 1144 4589 τοῦ
1204 4532 1283 4608 μὴ
1349 4537 1780 4612 χειροτονεῖσθαι

118 4616 374 4699 κληρικὸν
433 4619 891 4700 ἆπολελυμένως,
926 4619 1066 4677 ἀλλά
1109 4622 1325 4687 πᾶιτως
1357 4624 1430 4684 εἷς
1464 4622 1775 4700 ἐκκλησίας,

121 4708 151 4775 ἢ
179 4714 562 4791 μοναστήρια.

190 4800 425 4860 Συνόδου
461 4799 823 4868 Χαλκηδόνος
854 4802 1030 4858 κανὼν
1060 4801 1199 4875 κζ’,

194 4898 458 4952 ΚΕΦΑΛ.
518 4890 666 4949 ΛΔ¹.
735 4926 803 4937 -—
873 4892 995 4969 Περὶ
1054 4891 1464 4972 περιοδούντων,
1528 4892 1618 4950 καὶ
1674 4898 1780 4951 τῶν

116 4975 166 5033 ἐν
190 4994 314 5045 ταῖς
345 4982 581 5058 κώμαις
614 4981 945 5049 ἐκκλησιῶν,

187 5070 424 5128 Συνόδου
460 5069 789 5135 Λαοδικείας
815 5074 996 5129 κανὼν
1028 5072 1134 5144 νζ⁹,
1206 5095 1235 5115 ο

193 5161 490 5237 Κείμενον,
537 5152 604 5217 Ἠ
658 5163 731 5219 ια’
783 5159 951 5235 διάτ,,
986 5173 1079 5222 τοῦ
1110 5164 1160 5241 γ’
1192 5162 1295 5224 τίτ.
1332 5174 1425 5222 τοῦ
1466 5164 1520 5220 σι’
1544 5163 1775 5241 βιϐλίου,

114 5247 278 5326 λέγει,
310 5275 369 5312 κ.
408 5275 468 5315 τ.
508 5250 602 5321 λ.,
662 5270 853 5332 usque
908 5250 981 5313 ad
1032 5253 1487 5311 ὑποκαταστάτων
1533 5253 1773 5334 λειτουρ-

112 5350 246 5414 γεῐν,

188 5429 464 5511 Σχολιον.
522 5422 595 5487 Ἠ
640 5431 710 5487 ια’
772 5429 912 5490 διάτ.
975 5455 1068 5490 του
1125 5432 1175 5510 γ’
1236 5435 1340 5491 τίτ.
1402 5433 1496 5489 τοῦ
1551 5431 1776 5498 κώδικος

114 5510 269 5587 ἐτέθην
307 5522 387 5585 εἰς
432 5519 561 5604 βιϐ.
614 5510 670 5598 γ’
720 5527 830 5577 τῶν
890 5522 1221 5602 Βασιλικών,
1257 5524 1359 5586 τίτ,
1394 5513 1472 5603 γ’,
1505 5544 1627 5604 κειρ,
1662 5522 1771 5600 ς’,

110 5607 268 5678 οὕτως
298 5609 441 5691 ἔχον
479 5601 579 5679 Ἐξ
612 5611 772 5691 αὐτῇς
804 5612 901 5682 τῆς
932 5614 1124 5689 κώμης
1161 5613 1212 5669 έν
1241 5613 1276 5691 ᾗ
1325 5601 1467 5671 ἐστιν
1497 5614 1529 5683 ἡ
1565 5601 1770 5682 ἐκκλη-

1864 3269 2196 3331 nasterium
2255 3270 2656 3348 conjiciatur;
2715 3279 2892 3351 atque
2952 3269 3004 3330 si
3062 3266 3313 3328 maritus
3345 3262 3506 3324 intra

1866 3358 2178 3420 biennium
2214 3378 2343 3421 eam
2372 3359 2648 3439 recipere
2682 3360 2963 3433 Voluerit,
2998 3358 3208 3418 damus
3238 3355 3290 3417 ei
3323 3353 3506 3433 hujus

1864 3448 2079 3528 agendi
2102 3448 2502 3519 licentiam,ut
2524 3459 2585 3513 et
2612 3451 2668 3511 ir.
2703 3447 3082 3511 matrimonio
3107 3465 3236 3508 eam
3261 3443 3501 3518 habeat,

1866 3556 2062 3619 neque
2093 3538 2281 3600 ullum
2315 3557 2384 3601 ex
2404 3540 2519 3602 hoc
2544 3548 2889 3601 revereatur
2913 3536 3268 3617 periculum:
3294 3533 3505 3593 matri-

1868 3635 2067 3690 monio
2098 3648 2332 3709 quoque
2385 3647 2494 3709 per
2542 3648 2611 3692 ea
2656 3649 2788 3710 qua:
2824 3627 3020 3689 medio
3054 3634 3324 3703 tempore
3356 3622 3508 3683 facta

1864 3730 2025 3790 sunt,
2063 3737 2181 3779 non
2216 3718 2720 3799 laedendo.Atque
2752 3718 2875 3779 ha-c
2900 3716 3144 3797 quidem
3165 3712 3361 3775 civilis
3385 3710 3502 3773 lex.

1865 3807 2137 3887 Intellige
2170 3827 2307 3869 vero
2343 3808 2495 3868 hanc
2528 3807 2823 3869 novellam
2850 3807 2925 3869 de
2954 3805 3142 3867 Iaicis.
3164 3800 3503 3864 Ecclesias-

1868 3899 1983 3960 tica
2016 3916 2275 3979 namque
2307 3897 2426 3972 lex,
2461 3897 2588 3960 sive
2617 3916 2810 3960 canon
2840 3900 2878 3958 8
2909 3894 3150 3958 concilii
3188 3892 3507 3954 Neoczesa-

1864 3988 2315 4069 riensis,neque
2332 3988 2613 4050 maritum
2633 3987 2905 4050 mulieris
2919 3985 3207 4048 adulterae
3221 3981 3295 4043 ad
3309 3997 3508 4042 sacer-

1866 4078 2064 4141 dotale
2097 4078 2496 4140 ministerium
2548 4078 2856 4153 devenire,
2893 4094 3089 4157 neque
3128 4070 3505 4135 sacerdotem

1867 4169 2145 4231 maritum
2173 4168 2603 4249 mulieris,qua3
2627 4177 2761 4250 post
2784 4166 3040 4248 [ipsius]
3065 4161 3508 4226 ordinationem

1866 4260 2225 4322 adulterium
2278 4260 2584 4321 commisit
2645 4259 2934 4337 deinceps
2964 4254 3340 4318 sacerdotem
3372 4267 3509 4311 esse

1866 4352 2007 4411 sinit
2042 4367 2055 4413 :
2110 4350 2212 4412 sed
2250 4351 2411 4411 hunc
2444 4367 2687 4411 uxorem
2722 4347 3079 4418 adulteram,
3114 4343 3163 4404 si
3198 4340 3375 4403 modo
3407 4357 3507 4400 sa-

1864 4440 2135 4502 cerdotio
2166 4440 2328 4516 fungi
2361 4440 2523 4517 velit,
2559 4438 2884 4519 repudiare
2917 4436 3096 4515 cOgit.

1946 4529 2113 4593 CAP.
2150 4528 2419 4594 XXXIII.
2458 4565 2535 4576 —
2576 4529 2664 4592 Ne
2695 4530 2953 4591 clericus
3011 4532 3076 4588 in
3106 4523 3358 4587 liberum
3389 4519 3510 4581 mi-

1864 4621 2214 4699 nisterium,
2249 4620 2353 4682 sed
2382 4621 2631 4681 omnino
2661 4621 2726 4681 in
2749 4618 3027 4699 [certam]
3062 4613 3381 4677 ecclesiam
3404 4614 3510 4670 aut

1862 4712 2300 4772 monasterium
2339 4711 2689 4772 ordinetur.

1944 4799 2196 4862 Concilii
2228 4796 2745 4861 Chalcedonensis
2774 4814 2964 4858 canon
2992 4794 3060 4856 νϐ.

1946 4890 2111 4953 CAP.
2147 4889 2402 4952 XXXIV.
2441 4924 2511 4933 —
2548 4890 2631 4950 De
2663 4884 3114 4955 eireuiloribus,
3149 4886 3204 4942 et
3239 4879 3512 4940 vicorum

1860 4982 2156 5045 ecclesiis.

1941 5070 2195 5133 Concilii
2229 5068 2556 5132 Laodiceni
2590 5086 2778 5129 canon
2813 5067 2913 5127 57.

1950 5162 2190 5223 Toxlus.
2226 5160 2427 5222 Const.
2465 5161 2560 5230 ll,
2587 5159 2672 5218 tit.
2702 5157 2759 5229 3,
2792 5155 2963 5235 lib.r,
2992 5152 3514 5230 dicit,etc.,usque

1860 5252 1939 5314 ad
1973 5269 2083 5331 per
2115 5249 2394 5312 dominos
2428 5246 2888 5329 compellantur,
2929 5251 2990 5306 ut
3020 5261 3162 5324 pag.
3192 5242 3335 5307 558.

1938 5426 2539 5493 SeholiumConstit.
2567 5427 2664 5501 tl,
2694 5426 2784 5490 tit.
2810 5425 2869 5500 3,
2898 5423 3029 5488 Iib.l
3059 5423 3399 5503 cod.posita
3423 5430 3515 5484 est

1859 5522 1919 5583 in
1950 5520 2055 5582 lib.
2094 5519 2279 5582 Basil.
2316 5519 2376 5593 3,
2404 5518 2603 5598 cap.6,
2632 5518 2788 5598 quod
2816 5516 2904 5578 sic
2931 5514 3145 5578 habet:
3178 5513 3259 5575 Ex
3292 5512 3508 5576 eodem

1856 5611 2010 5685 vico,
2051 5610 2111 5672 in
2143 5627 2260 5697 quo
2296 5616 2383 5671 est
2406 5605 3025 5683 ecclesia,secundum
3053 5603 3507 5689 proportionem
