4090 6204
413 276 567 419 tcto

1599 342 1870 411 PHOTII
1907 344 2425 411 PATRIARCH/E
2468 342 2584 410 CP.

3638 348 3797 415 1020

410 495 530 563 1οοί
541 488 784 575 ,judicio
803 483 1075 569 episcopi
1094 484 1301 550 clerici
1328 487 1708 552 ordinantur:
1730 507 1798 551 ac
1816 490 2052 570 propri-

2138 491 2223 547 σία
2264 493 2402 548 κατᾶ
2443 489 2730 566 ἀναλογίαν
2774 496 2879 547 τῶν
2940 488 3122 548 τόπων
3166 489 3427 573 κληρικοῖ
3476 500 3650 578 κρίσει
3696 510 3799 561 τοῦ

411 607 506 652 am
526 582 944 663 capitationem
968 585 1363 656 agnoscunto.
1401 578 1656 641 Constit.
1688 580 1761 641 t6
1780 579 2055 659 ejusdem

413 684 575 741 tit.et
595 673 701 734 lib.
729 671 789 730 in
811 667 1128 730 Basil.non
1151 677 1244 730 est
1268 667 1739 748 posita.Constit.
1768 682 1968 730 autem
1993 668 2052 745 2,

414 768 539 830 tit.t
569 760 1075 831 Novellarum,est
1099 757 2058 839 novellaJustiniani123,posita-

415 873 531 938 que
548 862 638 916 est
657 851 717 912 in
742 846 1271 938 lib.Basil.tn,tit.t
1292 850 1728 938 ,cap.38,quod
1748 867 1834 911 διο
1852 847 2050 911 habet:

412 936 797 1023 Ascriptitios
808 957 949 1000 vero
965 938 1023 998 in
1039 936 1129 999 his
1143 937 1289 999 solis
1305 937 1789 1017 possessionibus
1802 956 1987 1017 quaru
1999 957 2053 998 m

410 1031 724 1114 ascriptitii
755 1028 1182 1103 sunt,clericos
1213 1027 1363 1090 citra
1395 1030 1760 1090 voluntatem
1785 1027 2056 1088 domino-

408 1141 542 1187 rum
577 1121 709 1183 ﬁeri
740 1119 1137 1182 concedimus
1170 1135 1184 1179 :
1242 1136 1312 1180 ea
1360 1126 1559 1180 tamen
1593 1117 1964 1190 conditione,
1993 1126 2056 1178 ut

411 1212 614 1276 clerici
648 1212 787 1273 facti
821 1210 1219 1271 nihilominus
1252 1208 1592 1288 impositam
1620 1207 1735 1270 sibi
1758 1207 2053 1287 agricola-

409 1305 634 1366 tionem
655 1296 1222 1378 adimpleant.Scias
1241 1298 1634 1379 autem,quod
1655 1298 1778 1361 haec
1798 1297 2052 1376 novella,

413 1410 546 1475 qua:
569 1392 645 1454 de
667 1387 1015 1469 ascriptitiis
1069 1390 1331 1470 [tractat]
1385 1389 1566 1451 aliter
1593 1386 1820 1462 habuit,
1858 1386 2047 1467 prius-

413 1501 593 1564 quam
629 1486 1095 1561 componeretur
1126 1496 1344 1558 corpus
1368 1476 1776 1551 Novellarum,
1804 1484 1863 1537 et
1882 1476 2058 1537 aliter

409 1571 476 1634 in
506 1588 762 1649 corpore
793 1567 1039 1648 scripta,
1082 1574 1142 1628 et
1196 1567 1257 1627 in
1315 1565 1500 1629 Basil.
1542 1566 1906 1643 tranSposita
1938 1573 2050 1629 est.

415 1662 607 1725 Antea
639 1664 796 1721 enim
862 1665 922 1719 et
978 1656 1359 1736 capitationis
1411 1654 1599 1736 (quod
1652 1655 1828 1716 etiam
1862 1654 2057 1735 capita

411 1749 639 1813 Latinis
669 1747 916 1827 dicitur)
958 1745 1183 1807 mentio
1236 1745 1410 1824 facta,
1464 1757 1523 1806 et
1554 1744 1918 1824 ascriptitios
1948 1762 2055 1824 per

2140 581 2435 639 ἐπισκόπου
2478 579 3014 660 χειροτονείσθωσαν,
3080 583 3166 639 καὶ
3226 584 3326 651 τὴν
3398 589 3604 645 οἰκείαν
3664 590 3798 647 ἔπι-

2139 670 2555 747 γινωσκέτωσαν
2602 667 2985 747 κεφαλιτιῶνα.
3042 670 3107 728 Ἠ
3155 671 3254 747 ις’
3301 673 3448 739 διάτ,
3492 689 3591 737 τοῦ
3632 681 3800 736 αὒτοῦ

2137 760 2241 818 τίτ.
2288 762 2375 815 καὶ
2418 757 2624 833 βιϐλίου
2667 759 2762 815 οὒκ
2805 759 2958 829 ἐτέθη
3004 762 3079 825 είς
3143 764 3212 820 τά
3279 765 3566 825 Βασιλικά.
3617 760 3685 825 ’Β
3738 768 3796 826 δὲ

2137 848 2187 924 β’
2233 845 2372 912 διάτ,
2418 851 2513 907 τοῦ
2554 848 2604 904 α’
2652 849 2759 909 τίτ.
2816 856 2923 905 τῶν
2967 859 3184 926 Νεαρῶν
3216 852 3328 910 ἐστι
3361 861 3526 935 νεαρὰ
3560 856 3791 917 ἰοίδστι-

2138 937 2367 1003 νιάνειος
2424 938 2565 1017 pq’,
2612 940 2703 995 καὶ
2742 940 2899 1006 ἒτέθη
2941 941 3014 1004 εἷς
3072 939 3278 1017 βιϐλίον
3335 951 3440 1002 τῶν
3489 946 3799 1003 Βασιλὶκῶν

2138 1026 2215 1106 γ’,
2247 1028 2351 1089 τίτ,
2386 1026 2464 1101 α’,
2497 1049 2621 1105 κεφ.
2656 1027 2769 1102 λη’,
2805 1028 2973 1093 οὕτως
3007 1029 3161 1108 ἔχονσ
3199 1033 3334 1097 Τοὺς
3379 1032 3797 1115 ἰναπογράγους

2139 1117 2192 1172 ἐν
2240 1116 2429 1176 αύταῖς
2463 1118 2627 1191 μόνον
2677 1132 2802 1183 ταῖς
2856 1120 3108 1189 κτήσεσιν
3152 1120 3209 1176 ὲν
3254 1123 3348 1186 αἶς
3393 1126 3526 1179 εἰσιν
3585 1123 3795 1181 ἐναπό-

2138 1229 2355 1287 γραφοι,
2410 1205 2698 1286 κληρικοὺς
2747 1210 2833 1264 καὶ
2876 1210 3021 1286 παρά
3083 1210 3311 1287 γνώμην
3359 1218 3467 1269 τῶν
3510 1212 3797 1271 δεσποτῶν

2138 1296 2371 1372 γίνεσθαι
2402 1303 2812 1378 συγχωροῦμεν,
2849 1297 2932 1377 ἐφ’
2984 1302 3030 1372 ᾧ
3075 1299 3259 1374 μέντοι
3316 1301 3455 1358 ὥστε
3499 1302 3799 1382 κληρικιιὺς

2138 1388 2328 1449 αὐτοὺς
2370 1386 2685 1463 γινομένους
2733 1391 2833 1455 τήν
2876 1388 3226 1464 ἐπικειμένην
3278 1391 3468 1455 αύτοῖς
3513 1395 3794 1471 γεωργίαν

2142 1473 2400 1551 πληροῦν.
2439 1473 2588 1542 Πλὴν
2622 1476 2860 1551 γίνωσκε
2890 1476 2972 1533 ὅτι
3007 1476 3142 1545 αὕτη
3176 1481 3212 1548 ἡ
3243 1482 3404 1559 νεαρά
3432 1483 3465 1549 ἡ
3516 1484 3639 1560 περὶ
3683 1489 3799 1540 τῶν

2136 1563 2520 1641 ἐναπογράφων
2580 1563 2756 1629 ἄλλως
2810 1566 2943 1647 εἶχε
3006 1569 3106 1643 πρὸ
3179 1576 3273 1624 τοῦ
3336 1574 3655 1638 συντεθῆναι
3732 1574 3799 1628 τὸ

2136 1650 2337 1719 πλάτος
2370 1661 2477 1709 τῶν
2522 1661 2760 1731 Νεαρῶν,
2812 1659 2896 1713 καὶ
2941 1656 3116 1723 ἄλλως
3160 1657 3370 1740 ἐγράφη
3416 1663 3492 1725 εἷς
3545 1663 3609 1718 τὸ
3640 1660 3798 1717 πλά-

2136 1764 2251 1818 τος,
2302 1745 2388 1800 καὶ
2447 1745 2707 1819 μετετέθη
2754 1747 2826 1811 εἰς
2870 1747 2937 1802 τὰ
3001 1747 3305 1804 Βασιλικάο
3380 1750 3643 1829 πρότερον
3692 1752 3798 1826 μὲν

415 1838 768 1901 substitutos
801 1836 1026 1899 ruralia
1056 1834 1250 1897 ofﬁcia
1293 1834 1538 1910 exsequi
1574 1832 1839 1916 [debere]
1865 1841 2053 1894 statu-

2138 1834 2239 1910 γαρ
2294 1838 2619 1897 καπιτιῶνός
2673 1856 2728 1890 τε
2777 1834 3053 1910 ἐμέμνητο
3084 1835 3204 1903 ἤτοι
3241 1837 3658 1917 κεφαλιτιώνος,
3711 1841 3798 1897 ὅτι

414 1935 538 1989 tum
560 1927 775 1989 fuerat.
809 1925 873 1987 In
901 1944 1155 2005 corpore
1173 1943 1314 1985 vero
1342 1924 1780 2004 [Novellarum]
1803 1924 2052 1985 alterum

414 2015 681 2096 ipsorum
718 2016 817 2094 (de
849 2014 1213 2095 capitatione
1247 2014 1488 2093 nempe)
1520 2031 1634 2073 non
1660 2021 1749 2074 est
1772 2012 2050 2091 positum.

416 2105 795 2186 Quapropter
828 2105 1005 2165 etiam
1050 2111 1336 2184 quantum
1370 2104 1441 2164 ad
1476 2102 1898 2181 capitationem
1930 2100 2057 2163 sive

415 2195 801 2256 canonarium
838 2192 1181 2274 [tributum]
1208 2191 1523 2272 attinet,ad
1558 2192 1753 2268 legem
1780 2190 2057 2270 superius

410 2283 725 2357 insertam,
761 2282 1013 2363 atquein
1037 2282 1236 2357 lib.|u,
1273 2301 1403 2362 cap.
1436 2282 1771 2361 6,positam
1809 2300 1823 2340 :
1861 2298 2055 2360 quan-

413 2381 539 2435 tum
563 2391 704 2434 vero
728 2373 799 2435 ad
824 2371 1296 2451 ascriptitios,ad
1320 2388 1614 2432 canonem
1638 2369 1708 2431 5'7
1738 2368 2059 2431 Laodiceni

414 2462 746 2531 concili1.et
777 2462 1070 2523 novellam
1098 2460 1411 2524 Justiniani
1451 2460 1718 2532 123,5ive
1744 2464 1926 2539 caput
1953 2460 2053 2534 38,

413 2553 511 2615 tit.
548 2552 709 2614 llib.
738 2552 999 2614 mBasil.
1035 2551 1193 2631 quod
1221 2550 1429 2612 itidem
1452 2549 1731 2630 superius
1762 2549 2054 2610 insertum

416 2649 597 2715 est,te
614 2641 843 2702 referre
866 2640 1167 2702 debes.De
1192 2641 1519 2701 canonario
1541 2648 1736 2699 autem
1765 2639 2053 2717 [tributo],

415 2739 475 2794 et
497 2729 1043 2793 consuetudinibus
1076 2748 1208 2810 quae
1238 2747 1343 2809 pro
1402 2728 1781 2790 ordinatione
1811 2728 2051 2798 dantur,

414 2820 533 2883 huc
566 2838 755 2901 usque
784 2820 875 2899 [in
916 2818 1257 2899 republica]
1304 2819 1416 2879 vim
1452 2818 1630 2879 habet
1684 2835 1866 2879 aurea
1895 2816 2059 2879 bulla

418 2910 680 2974 celebris
711 2909 883 2971 istius
914 2908 1305 2988 imperatoris
1335 2906 1517 2970 Isaaci
1552 2907 1866 2982 Comneni,
1923 2926 2059 2985 qua;

417 3001 629 3081 partim
662 2999 746 3060 ita
778 2999 961 3061 habet
997 3018 1011 3062 ε
1044 3000 1262 3063 Statuit
1318 3018 1457 3060 vero
1508 2997 1893 3076 imperatoria
1927 3015 2058 3058 mea

421 3090 726 3169 majestas,
764 3100 826 3150 ut
857 3089 1036 3151 etiam
1070 3092 1130 3150 in
1174 3090 1559 3151 ordinatione
1590 3089 1966 3150 sacerdotum
1999 3096 2058 3150 et

2139 1924 2227 1978 καὶ
2277 1923 2526 1988 καπίτους
2568 1926 2602 1991 ἡ
2647 1926 2857 2003 κεφαλὴ
2913 1926 3048 1981 κατά
3106 1928 3360 1992 Λατίνους
3405 1928 3653 2006 Λέγεται,
3703 1933 3800 1987 καὶ

2138 2008 2205 2066 δι’
2290 2012 2740 2069 ὑποκαταστατων
2805 2012 3140 2093 λειτουργεῖν
3196 2016 3321 2080 τοὺς
3381 2017 3796 2100 ἐναπογράσρους

2138 2098 2429 2177 διωρίζετο,
2480 2103 2565 2166 Εἰς
2594 2100 2648 2157 δὲ
2681 2104 2742 2159 τὸ
2770 2102 2976 2168 πλάτος
3022 2106 3111 2160 καὶ
3154 2106 3230 2170 εἰς
3280 2107 3345 2162 τὰ
3402 2098 3685 2165 Βασιλικά
3731 2112 3798 2165 τὸ

2139 2192 2194 2247 ἓν
2227 2189 2279 2255 ἐξ
2323 2192 2496 2247 αὐτῶν
2537 2190 2658 2259 ἤτοι
2715 2194 2814 2260 τῆς
2872 2192 3259 2274 κεφαλιτςῶνος
3317 2196 3413 2253 οὒκ
3456 2197 3641 2265 ἐτέθη,
3698 2202 3799 2255 Διὸ

2140 2278 2233 2335 καί
2278 2279 2516 2358 ὀφείλεις
2561 2281 2850 2361 προσέχειν
2899 2284 3063 2362 χάριν
3100 2284 3199 2359 μὲν
3244 2290 3345 2351 τῆς
3390 2286 3796 2365 κεφαλιτιῶνος

2138 2366 2259 2436 ἤτοι
2295 2368 2387 2425 τοῦ
2441 2378 2725 2427 κανονικοῡ
2782 2378 2860 2445 τῷ
2906 2371 3104 2429 ἄνωθεν
3161 2376 3590 2453 καταστρωθέντι
3635 2378 3799 2453 νόμῳ

2139 2459 2228 2547 καὶ
2283 2458 2517 2534 κειμένῳ
2570 2460 2623 2516 ἐν
2665 2458 2856 2537 βιϐλίῳ
2899 2462 2974 2539 γ’,
3022 2463 3129 2525 τίτ,
3176 2463 3254 2541 γ’,
3294 2485 3418 2545 κευρ.
3466 2465 3569 2539 ς’,
3620 2468 3797 2547 χάριν

2140 2546 2194 2603 δὲ
2238 2553 2343 2604 τῶν
2388 2547 2773 2629 ἐναπογρᾶφων
2828 2558 2904 2625 τῷ
2974 2550 3079 2625 νζ’,
3139 2554 3327 2609 κανόνι
3389 2560 3491 2621 τῆς
3536 2555 3593 2611 ὲν
3636 2546 3794 2621 Λαό-

2138 2635 2306 2729 δικείᾳ
2361 2638 2601 2711 συνόδου,
2660 2640 2751 2729 κθ
2809 2639 2874 2707 τῆ
2928 2640 3071 2719 ρκγ’.
3131 2638 3540 2717 Ἰουστινιανεέῳ
3597 2647 3793 2726 νεαρᾷ,

2139 2726 2304 2805 ἤγουν
2357 2734 2434 2801 τῷ
2491 2727 2582 2795 λη’
2647 2726 2770 2809 κεῖρ.
2832 2732 2925 2786 τοῦ
2986 2730 3039 2786 α’
3092 2732 3196 2793 τίτ.
3257 2741 3351 2791 τοῦ
3427 2733 3481 2810 γ’
3571 2733 3792 2810 βιϐλίου)

2140 2825 2247 2874 τῶν
2324 2817 2645 2893 Βασιλικῶν,
2733 2820 2810 2881 τῶ
2886 2821 2980 2877 καῖ
3071 2818 3271 2878 ἄνωθεν
3328 2826 3790 2901 καταστρωθέντι,

2142 2909 2306 2985 Χάριν
2351 2906 2403 2963 δὲ
2451 2916 2543 2965 τοῦ
2598 2916 2905 2981 κανονικοῡ,
2957 2912 3045 2966 καὶ
3093 2916 3199 2966 τῶν
3255 2910 3387 2987 ὑπὲρ
3443 2919 3792 2991 χειροτονίας

2139 2996 2428 3071 διδομένων
2486 3001 2797 3072 συνηθειῶν,
2853 3001 3063 3077 ἐνεργεῖ
3123 3000 3294 3079 μέχρι
3328 3001 3420 3058 τοῦ
3453 3012 3543 3061 νῦν
3573 3004 3791 3083 χρυσό-

2138 3085 2365 3144 ϐουλλον
2394 3090 2488 3144 τοῦ
2531 3087 2771 3162 ἀοιδίμου
2802 3088 3076 3166 βασιλέως
3132 3092 3319 3166 Κυρίου
3376 3090 3648 3150 Ἶσαακίου
3693 3106 3795 3155 τοῦ

419 3178 763 3241 canonariis
789 3178 1072 3260 [tributisl
1112 3190 1275 3241 tetus
1305 3180 1494 3241 forma
1517 3179 1927 3239 auctoritatem
1956 3176 2054 3239 ob-

2145 3186 2426 3252 Κομνηνοῦ
2469 3177 2636 3242 οὕτως
2696 3178 2827 3259 ἔχον
2860 3180 2915 3235 ἐν
2946 3179 3094 3259 μέρει
3129 3200 3143 3215 ⁸
3181 3190 3355 3239 Tum!
3386 3180 3442 3237 δὲ
3471 3184 3506 3251 ἡ
3537 3182 3794 3259 βασιλεία

418 3268 623 3330 tineat:
650 3277 706 3330 et
728 3270 878 3330 nihil
903 3270 963 3330 in
999 3270 1379 3331 ordinatione
1409 3268 1729 3349 episcopus
1760 3269 1859 3349 qui
1887 3267 2054 3329 ordi-

2141 3292 2266 3342 μου,
2300 3270 2388 3324 καὶ
2419 3269 2509 3324 ἐπὶ
2540 3270 2608 3345 τῇ
2660 3272 2967 3349 χειροτονίᾳ
3023 3275 3129 3326 τῶν
3173 3271 3382 3350 ἱερέων,
3442 3275 3533 3329 καὶ
3578 3273 3667 3330 ἐπὶ
3714 3282 3795 3348 τῷ

415 3360 803 3438 nat,amplius
824 3360 1101 3441 accipiat,
1138 3379 1315 3441 quam
1342 3362 1772 3440 praemstimatae
1803 3367 2057 3419 monetze

414 3446 815 3528 imperatoriae
848 3469 994 3512 mea:
1028 3450 1352 3530 majestatis
1374 3457 1603 3529 septem
1628 3466 1844 3509 aureos
1876 3466 2054 3507 num-

417 3555 547 3599 mos
570 3538 875 3602 duntaxat:
894 3559 1075 3602 unum
1101 3538 1639 3620 videlicet.quando
1656 3538 2055 3599 ordinandum

413 3625 595 3690 faciat
652 3629 990 3710 simplicem
1054 3648 1264 3712 papam
1326 3630 1450 3691 sive
1507 3628 1842 3703 lectorem;
1903 3634 2051 3702 tres,

416 3718 656 3800 quando
685 3719 925 3782 ordinat
955 3720 1275 3783 diaconum
1305 3741 1320 3801 ;
1373 3720 1599 3782 alteros
1631 3727 1776 3792 tres,
1812 3718 2054 3798 quando

414 3809 791 3873 sacerdotem
810 3811 936 3871 sive
963 3816 1376 3891 presbyterum
1407 3808 1756 3890 perlicit,sic
1779 3807 2057 3868 similiter

415 3916 522 3980 pro
546 3900 872 3962 canonario
901 3900 1177 3981 [tributo]
1198 3919 1230 3961 a
1253 3900 1382 3961 vico
1406 3900 1652 3979 triginta
1698 3895 2057 3959 infumihula

414 3989 697 4066 habente,
732 3991 989 4053 similem
1012 4008 1260 4052 aureum
1286 4008 1494 4065 unum,
1529 3997 1848 4067 argenteos
1878 3986 2052 4062 duos,

415 4080 665 4142 arietem
700 4099 910 4154 unum,
945 4080 1157 4142 hordei
1218 4080 1452 4141 modios
1495 4098 1622 4149 sex,
1660 4078 1775 4138 vini
1811 4095 2055 4139 mensu-

415 4186 516 4229 ras
533 4170 877 4243 sex,farina2
901 4169 1129 4231 modios
1153 4169 1545 4247 sex,gallinas
1567 4166 1811 4245 triginta
1834 4188 1847 4224 :
1872 4184 1906 4227 a
1930 4166 2056 4228 vico

413 4276 556 4320 vero
589 4258 695 4339 qui
727 4258 927 4337 viginti
962 4257 1326 4320 infumibula
1356 4257 1561 4335 habet,
1594 4256 1758 4317 aurei
1791 4256 2050 4329 bessem,

414 4366 524 4430 pro
555 4347 790 4409 duobus
820 4348 1122 4427 argenteis
1146 4357 1496 4426 argenteum
1534 4346 1806 4426 [unum],
1839 4365 2053 4425 agnum

416 4436 822 4511 dimidiatum,
859 4437 1072 4499 hordei
1106 4437 1342 4501 modios
1372 4445 1650 4517 quatuor,
1698 4437 1820 4497 vini
1880 4454 2054 4497 men-

415 4543 586 4588 suras
608 4535 887 4606 quatuor,
925 4527 1129 4588 farinaa
1149 4528 1379 4588 modios
1412 4535 1685 4606 quatuor.
1716 4534 1775 4586 et
1803 4524 2055 4603 gallinas

413 4615 620 4694 viginti
677 4634 689 4679 :
743 4618 937 4678 avico
973 4616 1234 4697 denique
1292 4615 1395 4696 qui
1452 4616 1665 4677 decem
1697 4612 2056 4675 infumibula

412 4705 943 4786 habet,argenteos
971 4706 1567 4787 quinque,agnellum
1605 4723 1810 4775 unum,
1846 4702 2057 4764 hordei

415 4796 649 4859 modios
681 4796 853 4871 duos,
887 4796 1005 4858 vini
1034 4814 1349 4858 mensuras
1380 4796 1551 4872 duas,
1586 4794 1795 4856 farina:
1828 4792 2057 4853 modios

413 4888 654 4962 duos,et
680 4887 931 4967 gallinas
955 4887 1163 4949 decem
1205 4884 1749 4967 :quemadmodum
1784 4883 1959 4962 [hanc]
1994 4881 2056 4943 in

410 4988 676 5040 veterum
733 4978 1150 5040 Actuariorum
1211 4975 1430 5057 sigillis
1492 4974 1669 5037 etiam
1727 4973 2057 5053 perscripta

412 5076 571 5129 sunt.
602 5069 802 5147 Atque
836 5066 991 5145 [haec
1025 5066 1271 5147 quidem
1326 5064 1680 5141 dandarum]
1713 5062 2053 5142 specierum

413 5154 779 5218 conveniens
807 5155 1101 5217 ordinatio
1127 5157 1531 5236 imperatoria;
1588 5171 1739 5214 mea:
1763 5150 2054 5230 majestati

415 5243 816 5326 placuit.Cum
845 5245 955 5305 hac
981 5263 1121 5307 vero
1156 5264 1339 5306 aurea
1380 5242 1613 5305 formali
1648 5241 1811 5302 bulla
1842 5240 2053 5302 confe-

416 5343 547 5397 ctus
568 5341 657 5395 est
676 5334 854 5395 etiam
884 5336 956 5396 l5
975 5335 1200 5397 mensis
1222 5333 1487 5397 Januarii
1520 5332 1869 5394 indictionis
1897 5330 1993 5404 10,
2021 5349 2054 5391 a

414 5422 793 5486 sanctissimo
815 5423 919 5484 illo
952 5424 1290 5504 patriarcha
1311 5423 1559 5485 domino
1594 5420 1839 5486 Nicolao
1866 5438 2050 5500 syno-

412 5512 568 5576 dalis
597 5513 1199 5594 commentarius,qui
1228 5513 1499 5592 jubet,ut
1530 5510 1866 5573 secundum
1901 5510 2052 5570 hanc

410 5619 654 5666 auream
686 5601 913 5665 bullam
946 5602 1269 5665 canonaria
1314 5600 1603 5682 [tributa],
1637 5618 1710 5664 ac
1742 5616 1848 5683 pro
1881 5598 2052 5663 ordi-

410 5692 653 5762 natione
683 5691 845 5778 [dari
872 5692 1076 5779 solita]
1109 5692 1363 5758 dentur.

2139 3361 2405 3431 κανονικῷ
2459 3359 2551 3414 τὸν
2584 3357 2812 3415 παλαιὸν
2846 3359 3086 3438 ἐνεργεῖν
3116 3360 3307 3441 τύπον,
3339 3362 3430 3418 καὶ
3484 3361 3655 3436 μηδὲν
3700 3368 3795 3421 Eni

2142 3450 2205 3523 τῇ
2260 3448 2565 3527 χειροτονίᾳ
2621 3446 2913 3524 λαμϐάνειν
2974 3449 3136 3507 πλέον
3202 3452 3295 3506 τὸν
3362 3460 3794 3531 χειροτονοῦντα

2137 3544 2323 3593 τοῦτον
2372 3538 2684 3617 ἐπίσκοπον,
2733 3537 2856 3594 ἀλλ’
2899 3538 2937 3607 ἢ
2982 3539 3122 3614 μόνα
3168 3540 3234 3595 τά
3274 3538 3323 3612 ζ’
3379 3548 3557 3621 χρυσᾶ
3621 3544 3791 3617 νομί-

2139 3649 2317 3701 σματα
2377 3633 2473 3694 τῆς
2533 3627 2958 3705 προτιμωμένης
3032 3629 3283 3708 χαραγῆς
3341 3630 3438 3697 τῆς
3504 3630 3788 3706 βασιλείας

2138 3741 2263 3793 μου,
2294 3716 2456 3795 ἤγουν
2500 3717 2556 3773 ἓν
2589 3718 2688 3786 μὲν
2719 3716 2809 3773 ὅτε
2841 3731 2989 3775 ποιεῖ
3023 3719 3182 3775 αὗτὸν
3237 3719 3388 3777 λιτὸν
3431 3728 3615 3777 παπᾶν
3665 3722 3789 3789 ἦτοι

2138 3808 2509 3884 ἀναγνώστην,
2544 3808 2659 3884 τρία
2710 3805 2764 3862 δέ
2824 3806 2913 3863 ὅτε
2959 3823 3270 3887 χειροτονεῖ
3322 3812 3477 3866 αὒτὸν
3509 3810 3788 3886 διάκονον,

2138 3899 2225 3953 καὶ
2260 3896 2413 3973 ἕτερα
2441 3898 2559 3974 τρία
2591 3896 2680 3977 ὅτε
2705 3896 2910 3973 πληροῖ
2941 3898 3099 3954 αὒτὸν
3151 3899 3316 3977 ἱερέα,
3376 3898 3497 3966 ἤτοι
3542 3898 3786 3977 πρεσϐύ-

2138 4008 2315 4065 τερον.
2372 3978 2642 4051 Ὡσαύτως
2713 3988 2799 4043 καὶ
2847 3987 2979 4064 ὑπὲρ
3038 3995 3131 4044 τοῦ
3194 3996 3473 4045 Διανονικοῡ
3538 3990 3649 4046 ἀπὸ
3691 3998 3791 4047 τοῦ

2138 4075 2363 4156 ἔχοντος
2395 4076 2597 4154 χωρίου
2630 4074 2681 4131 λ’
2712 4077 2971 4152 καπνοὺς,
2998 4078 3234 4152 νόμισμα
3257 4078 3313 4134 ἓν
3335 4082 3543 4159 χρυσοῦ
3563 4079 3784 4159 ὅμοιον,

2138 4166 2340 4243 ἀργυρᾶ
2407 4164 2518 4244 δύο,
2585 4167 2734 4242 κριὸν
2799 4165 2912 4238 ἕνα,
2978 4168 3183 4245 καρπὸν
3231 4166 3446 4242 μοδίους
3487 4168 3566 4243 ἒξ,
3627 4167 3789 4225 οἴνου

2140 4255 2307 4332 μέτρα
2365 4253 2438 4326 ἓξ,
2500 4256 2725 4335 ἀλεύρου
2771 4255 2931 4331 μόδια
2960 4256 3038 4328 ἕξ,
3097 4259 3185 4313 καὶ
3229 4259 3427 4337 ὀρνίθια
3462 4256 3539 4337 λ’,
3575 4259 3685 4316 ἀπὸ
3729 4258 3791 4315 δὲ

2138 4346 2230 4403 τοῦ
2256 4344 2476 4425 ἔχοντος
2521 4343 2573 4400 κ’
2604 4348 2863 4426 καπνοὺς,
2901 4348 2963 4404 τὸ
3007 4345 3248 4425 δίμοιρον
3282 4356 3378 4405 τοῦ
3421 4349 3787 4424 νομίσματος,

2138 4435 2226 4491 καὶ
2256 4435 2370 4491 ἀντὶ
2412 4441 2517 4491 τῶν
2549 4432 2636 4491 δύο
2670 4436 2913 4514 ἀργυρῶν
2967 4436 3227 4515 ἀργυροῦν
3284 4437 3335 4493 α’
3395 4437 3658 4515 μέσαρνον
3702 4439 3786 4519 ἓν,

2138 4526 2341 4602 καρπὸν
2387 4523 2544 4598 μόδια
2589 4524 2661 4604 δ’,
2693 4523 2844 4583 οἴνου
2876 4524 3043 4603 μέτρα
3095 4524 3164 4601 δ’,
3224 4525 3446 4605 ἀλεύρου
3492 4526 3654 4599 μόδια
3710 4526 3786 4608 δ’,

2140 4616 2227 4671 καὶ
2285 4615 2483 4692 ὀρνίθια
2514 4612 2564 4670 κ’
2602 4634 2615 4648 ⁸
2653 4615 2759 4671 ἀπὸ
2791 4613 2843 4671 δὲ
2893 4622 2984 4672 τοῦ
3013 4614 3241 4695 ἔχοντος
3275 4615 3337 4693 ι’,
3383 4618 3619 4681 καπνοὺς
3664 4641 3790 4697 χω-

2140 4706 2271 4783 ρίου,
2336 4705 2535 4781 ἀργυρά
2582 4702 2651 4783 ε’,
2699 4702 2830 4781 ἄρνα
2890 4702 2971 4779 δν,
3032 4707 3239 4783 καρπὸν
3297 4704 3459 4779 μόδια
3489 4705 3567 4781 β’,
3629 4705 3791 4764 οἴνου

2142 4793 2307 4871 μέτρα
2349 4790 2400 4869 β’
2445 4792 2668 4871 ἀλεύρου
2710 4792 2868 4866 μόδια
2912 4791 2988 4870 β’,
3055 4795 3145 4850 καὶ
3215 4796 3413 4871 ὃρνίθια
3474 4793 3536 4857 ι’.
3600 4798 3791 4856 Καθὼς

2139 4886 2227 4941 καὶ
2287 4882 2341 4939 ὲν
2381 4896 2503 4946 τοῖς
2546 4882 2816 4963 σιχίλλοις
2874 4886 2982 4940 τών
3039 4882 3288 4941 παλαιῶν
3319 4884 3626 4959 πραιτόρων
3657 4886 3793 4941 ἀνα-

2138 4975 2463 5053 γράφονται,
2523 4976 2611 5029 καὶ
2672 4976 2705 5042 ἡ
2789 4974 3074 5052 σύμφωνος
3134 4975 3420 5038 κατέθεσις
3478 4976 3588 5031 τῶν
3644 4974 3792 5031 ὅλων

2135 5068 2437 5138 θεματικῶν
2499 5063 2798 5141 παρέστησε
2856 5063 2924 5139 τῇ
2957 5061 3202 5140 βασιλείᾳ
3249 5086 3373 5139 μοι.
3412 5064 3514 5119 Σὺν
3544 5071 3623 5138 τῷ
3670 5086 3792 5120 τοι-

2136 5154 2277 5227 ούτῳ
2306 5153 2361 5209 δὲ
2394 5150 2778 5232 χρυσοϐούλλῳ
2831 5159 3041 5209 τοπικῶ
3094 5152 3285 5230 γέγονε
3343 5154 3433 5208 καὶ
3492 5156 3793 5229 σημείωμα

2138 5241 2409 5300 σδνοδικὸν
2439 5244 2573 5300 κατά
2602 5243 2701 5309 τὴν
2735 5242 2802 5298 ιε’
2861 5248 2954 5298 τοῦ
3008 5240 3307 5319 Νοεμϐρίου
3367 5248 3541 5316 μηνὸς
3573 5242 3673 5310 τῆς
3720 5242 3791 5316 ι’,

2133 5330 2443 5394 ἰνδικτιόνος
2498 5333 2641 5411 παρά
2688 5338 2780 5389 τοῦ
2829 5331 3133 5409 ἀγιωτάτου
3193 5332 3397 5387 ἐκείνου
3441 5334 3795 5413 πατριάρχου

2134 5423 2312 5496 κυρίου
2361 5419 2627 5481 Νικολάου
2673 5420 3174 5500 παρακελευόμενον
3218 5422 3355 5477 κατά
3419 5422 3482 5477 τὸ
3539 5429 3794 5479 τοιοῦτον

2136 5508 2537 5592 χρυσόϐουλλον
2596 5508 2824 5570 δίδοσθαι
2916 5512 2976 5571 τὰ
3029 5512 3312 5592 κανονικᾰ,
3373 5510 3462 5567 καὶ
3521 5511 3591 5569 τὰ
3650 5512 3794 5592 ὑπὲρ

2137 5601 2498 5685 χειροτονίας.
