4090 6204
314 384 462 453 1021
1100 385 1600 455 NOMOCANON.
1648 420 1725 433 —
1774 386 1930 452 TIT.

2018 436 2032 469 ,
2084 390 2252 455 CAP.
2298 392 2547 475 XXXV,
2592 393 2872 461 XXXVI.
3521 394 3676 465 1022

391 533 734 608 Σημείώσαι.
773 531 1101 614 Ἀναγκαῖον
1131 534 1216 593 διὰ
1256 537 1323 593 τὰ
1350 536 1652 612 ζητούμενα
1681 538 1937 594 κανονικὰ
1983 536 2126 615 παρὰ
2156 542 2261 593 τῶν
2293 538 2615 620 ἀρχιερέων,
2650 546 2737 601 καὶ
2768 546 2849 620 μή
2879 542 3127 607 διδόμενα
3175 544 3333 622 ἴσως,
3383 547 3431 604 οἱ
3460 545 3675 613 πλείους

465 628 573 680 τῶν
624 622 832 715 λα’ίκῷν
886 628 946 715 οὗ
1000 623 1200 683 διδόασι
1258 625 1559 715 καλοθελῶς
1620 628 1751 704 πρὸς
1810 626 1933 691 τοὺς
1978 628 2255 707 ἀρχιερεῖς
2301 630 2474 686 αὒτῶν
2510 633 2575 688 τὰ
2620 636 2872 691 κανονικὰ
2916 634 3163 712 λέγοντες
3216 638 3276 693 τὸ
3330 635 3675 715 εὖαγγελικὸν

309 705 478 807 ἧμαι,
517 714 751 807 Δωρεὰνλ
785 713 1025 791 ἐλάϐετε,
1068 715 1268 794 δωρεὰν
1323 714 1465 791 δότε,
1515 717 1644 795 ὅπερ
1693 715 1835 774 ἐστὶν
1895 705 2195 797 ἀμέτοχον,
2247 717 2362 778 οὐδὲ
2416 721 2516 799 γὰρ
2571 724 2685 779 ἔστι
2741 724 2927 799 μισθὸς
2987 705 3046 782 τὸ
3107 726 3269 805 χάριν
3327 705 3673 807 ἀπὸ-τροφῆς

308 800 581 879 διδόμενον
623 811 701 878 τῷ
730 803 1002 884 ἀρχιερεῖ.

393 898 642 957 ΚΕΦΑΛ,
699 891 829 956 ΛΕ’.
891 927 970 939 -
1025 895 1146 971 Περὶ
1207 903 1296 953 τοῦ
1350 895 1453 951 ὑπὸ
1504 895 1596 952 τὸν
1653 892 1931 951 ἐπίσκοποι

2108 894 2268 959 CAP.
2301 896 2538 962 XXXV.
2570 934 2649 946 —
2688 901 2760 963 Ut
2786 903 3200 981 ptochiorum,
3258 906 3668 967 monasterio-

306 983 405 1051 τῆς
455 982 664 1049 πόλεως
737 983 883 1041 εἶναι
944 985 1066 1047 τοὺς
1124 982 1413 1058 κληρικοὺς
1470 986 1577 1043 τῶν
1630 984 1931 1066 αιττιυχιιίων1

2030 1002 2193 1065 rum,
2241 994 2297 1048 et
2346 989 2793 1070 martyriorum
2824 991 3033 1055 clerici
3063 993 3172 1057 sub
3201 994 3479 1074 episcopo
3511 996 3669 1058 civi-

305 1073 405 1129 καί
431 1074 830 1153 μοναστηρίων,
860 1075 949 1130 καὶ
979 1075 1298 1153 μαρτυρίων.

388 1162 617 1219 Συνόδου
659 1161 1004 1230 Χαλκηδονος
1038 1165 1215 1220 κανὼν
1246 1159 1327 1230 η’.

386 1258 637 1314 ΚΕΦΛΛ.
676 1252 799 1327 Αςν
827 1277 908 1306 =
938 1255 1063 1329 Περὶ
1093 1250 1292 1310 δούλων
1325 1251 1727 1329 κληρουμένων.

384 1341 731 1400 Ἀποστόλων
758 1344 933 1399 κανὼν
964 1343 1053 1419 πβ’
1067 1392 1081 1406 ,

389 1433 667 1509 Κείμενον.
704 1430 769 1489 Ἦ
799 1430 913 1506 λς’*
959 1431 1216 1514 διάταξις,
1260 1439 1353 1491 τοῦ
1383 1431 1435 1512 γ’
1465 1432 1598 1509 τίτ.,
1632 1442 1727 1493 τοῦ
1770 1433 1822 1490 α’
1852 1434 1944 1510 βι-

304 1521 451 1580 ϐλίου
480 1530 572 1580 τοῦ
600 1520 828 1587 κώδικος
858 1522 1051 1603 φησὶν,
1103 1546 1157 1585 κ.
1191 1545 1243 1586 τ,
1278 1522 1358 1599 λ.,
1394 1540 1585 1605 usque
1611 1521 1686 1584 ad
1719 1520 1943 1589 δπεξου-

302 1634 577 1680 σιοτητος.

383 1702 645 1783 Σχολιον,
694 1692 754 1761 Ὀ
798 1701 850 1781 γ’
908 1704 1017 1763 τίτ.
1066 1710 1160 1761 τοῦ
1219 1702 1271 1760 α’
1330 1702 1537 1782 βιϐλίου
1578 1703 1672 1760 τοῦ
1714 1701 1940 1768 κώδικος

300 1793 454 1861 ὶτέθη
485 1794 539 1850 ἐν
570 1791 761 1870 βιϐλίῳ
808 1791 861 1871 γ’
902 1795 1010 1851 τῶν
1065 1794 1366 1851 Βασιλικῶν
1423 1816 1546 1873 κεφ.
1579 1793 1654 1872 β’.
1688 1792 1837 1861 Πλὴν
1879 1794 1940 1849 τὸ

300 1906 423 1963 κεφ,
487 1889 646 1940 τοῦτο
705 1882 1033 1963 παρελείφθη
1100 1886 1175 1949 εἷς
1239 1887 1338 1951 τὴν
1400 1884 1778 1963 ἀνακάθαρσιν,
1838 1886 1937 1938 καὶ

301 1973 394 2032 οὒκ
455 1973 632 2039 ἐτέθη,
683 1972 748 2030 Ἦ
793 1974 846 2049 β’
877 1971 1016 2033 διάτ.
1062 1981 1157 2031 τοῦ
1198 1973 1249 2030 α’
1294 1974 1397 2036 τίς,
1444 1981 1549 2031 τῶν
1583 1979 1796 2052 Νεαρῶν
1828 1972 1939 2028 ἐστι

302 2064 462 2140 νεαρᾶ
517 2062 940 2128 Ἰουστινιάνειος
1029 2086 1151 2142 ρκγ,
1235 2064 1337 2121 Καὶ
1390 2063 1544 2129 ἐτέθη
1605 2065 1677 2125 είς
1735 2059 1940 2139 βιελίον

298 2160 405 2211 τῶν
436 2152 735 2210 Βασιλικῶν
770 2152 848 2231 γ’,
880 2153 985 2212 τίτ.
1018 2150 1095 2228 α’,
1131 2174 1253 2233 κεφ.
1285 2151 1390 2232 λζ’,
1446 2150 1614 2214 οὕτως
1660 2151 1814 2231 ἔχον,
1863 2152 1938 2215 ὡς

2031 1076 2177 1136 tatis
2196 1077 2341 1140 sint.

2112 1165 2366 1255 Concilii
2393 1166 2905 1233 Chalcedonensis
2937 1190 3069 1255 cap.
3102 1174 3163 1239 8.

2110 1251 2279 1345 CAP.
2309 1255 2570 1345 XXXVI.
2596 1294 2674 1305 —
2698 1261 2787 1323 De
2818 1251 3025 1325 servis
3044 1268 3153 1344 qui
3184 1262 3394 1327 clerici
3421 1264 3600 1345 ﬁunt.

2107 1343 2529 1422 Apostolorum
2566 1367 2755 1410 canon
2792 1351 2893 1415 82.

2112 1431 2359 1497 Ten/rtus.
2395 1436 2600 1500 Const.
2636 1438 2740 1515 36,
2776 1438 2865 1499 tit.
2901 1440 2960 1517 3,
2996 1438 3101 1503 lib.
3135 1457 3155 1501 ι
3205 1442 3343 1505 cod.
3398 1442 3498 1517 ait,
3532 1461 3666 1505 ser-

2029 1538 2192 1601 vum,
2229 1533 2377 1601 etc.,
2408 1544 2599 1608 usque
2628 1529 2708 1592 ad
2741 1529 2875 1610 quis
2898 1529 3215 1607 liberetur,
3247 1540 3315 1595 ut
3339 1550 3489 1614 pag.
3520 1533 3664 1597 559.

2102 1700 2436 1767 Scholium.
2472 1704 2588 1769 Tit.
2623 1705 2797 1779 3,lib.
2820 1725 2840 1769 ι
2864 1708 3237 1789 cod.positus
3260 1717 3351 1773 est
3372 1710 3432 1773 in
3464 1710 3573 1773 lib.
3606 1729 3667 1776 ιιι

2024 1790 2204 1855 Basil.
2237 1811 2373 1873 cap.
2407 1795 2467 1859 ‘2.
2504 1794 2939 1860 Verumtamen
2971 1799 3085 1861 hoc
3116 1818 3245 1879 cap.
3282 1801 3339 1861 in
3375 1818 3667 1880 repurga-

2025 1881 2185 1942 tione
2208 1881 2523 1958 omissum,
2561 1893 2620 1947 et
2645 1905 2760 1949 non
2788 1887 3045 1967 positum
3078 1886 3398 1953 est.Const.
3431 1890 3470 1950 ‘2
3503 1889 3592 1950 tit.
3637 1891 3659 1954 1

2023 1970 2538 2060 Novellarum,est
2564 1976 2814 2037 Novella
2843 1978 3160 2039 Justiniani
3194 1978 3327 2059 1-23,
3356 1977 3667 2060 positaque

2024 2068 2114 2121 est
2144 2059 2203 2120 in
2236 2060 2344 2124 lib.
2378 2062 2557 2126 Basil.
2594 2080 2681 2135 ιιι,
2716 2066 2807 2128 tit.
2848 2068 2903 2142 1,
2940 2085 3070 2146 cap.
3116 2066 3217 2142 3'7,
3243 2068 3400 2148 quod
3431 2069 3518 2130 sic
3550 2059 3661 2130 ba-

2023 2149 2145 2219 bet,
2180 2150 2264 2211 uti
2298 2152 2354 2212 in
2378 2155 2742 2232 compendio
2776 2157 3141 2236 propositum
3178 2169 3291 2220 est.
3322 2157 3489 2231 Quod
3522 2177 3664 2221 vero

295 2244 628 2319 συνωψίσθη,
695 2244 767 2300 Τὸ
824 2241 879 2298 δὲ
932 2240 1327 2321 ἐλευθεροῦσθαι
1377 2242 1498 2305 τοὺς
1532 2241 1931 2321 ἐναπογράφους

2020 2242 2333 2322 ascriptitii
2365 2243 2727 2321 liberentur,
2762 2264 2899 2326 pars
2946 2256 3036 2309 est
3092 2248 3366 2327 ejusdem
3418 2250 3667 2312 novella;

298 2334 461 2412 μέρος
519 2331 629 2389 ἐστὶ
681 2338 781 2398 τῆς
840 2331 1004 2400 αὖτῆς
1062 2331 1180 2411 ριιγ’
1237 2338 1453 2412 νεαρᾶς,
1523 2334 1614 2388 καὶ
1671 2330 1825 2398 ἐτέθη
1883 2330 1939 2386 ἐν

295 2421 486 2500 βιϐλίῳ
536 2423 589 2497 γ’
646 2423 751 2483 τῶν
810 2421 1111 2478 Βασιλιδιῶν
1168 2422 1273 2482 τίτ.
1333 2421 1387 2477 α’
1448 2442 1570 2499 κεφ,
1622 2418 1718 2499 ια’,
1752 2419 1936 2500 ἔχοντι

297 2512 464 2575 οὕτως
497 2526 510 2541 ·
546 2511 691 2566 Μετὰ
721 2509 775 2566 δὲ
805 2512 906 2578 τὴν
966 2512 1301 2589 χειροτονίαν
1333 2510 1421 2567 καὶ
1453 2508 1702 2578 δουλικῖλς
1733 2509 1935 2565 ἐναπο-

295 2602 501 2680 γράφου
569 2602 745 2680 τύχης
826 2600 947 2663 τοὺς
1032 2599 1356 2666 επισκόπους
1430 2600 1576 2656 εἶναι
1633 2599 1936 2675 ἐλευθέρους

292 2690 605 2764 κελεύομεν,
668 2691 713 2746 εί
772 2691 850 2764 μὴ
885 2687 1156 2756 ταξεώτης
1219 2689 1363 2766 παρὰ
1392 2689 1491 2757 τὴν
1539 2688 1933 2766 προειρημένην

292 2783 705 2862 χειροτονηθείη
734 2781 1135 2857 παρατήρησιν.
1173 2780 1303 2844 Τοὺς
1356 2780 1457 2857 γὰρ
1514 2783 1781 2844 τοιούτους
1832 2782 1931 2846 τῆς

291 2871 595 2937 ἐπισκοπῆς
654 2870 1109 2945 ὰποκινουμένους
1151 2872 1218 2946 τῇ
1272 2867 1417 2936 τάξει
1478 2870 1930 2926 ἀποκαθίστασθαι

290 2960 608 3035 κελεύομεν,
664 2960 759 3016 ἵνα
807 2961 886 3035 μὴ
948 2959 1009 3015 ἐκ
1051 2965 1151 3026 τῆς
1184 2961 1439 3027 τοιαύτης
1471 2962 1645 3039 τόχῆς
1677 2965 1743 3035 τῇ
1769 2960 1928 3035 ἱερω-

292 3052 425 3127 σύνη
478 3048 624 3129 ὕϐρις
688 3049 933 3129 γένηται.
997 3050 1060 3105 Ἠ
1121 3048 1301 3122 μέντοι
1362 3047 1457 3106 πα’
1509 3047 1935 3110 ’1ουστινιάνειος

291 3139 455 3217 νεαρὰ
498 3151 683 3196 κεῖται
716 3140 789 3203 εἰς
838 3136 1042 3214 βιϐλίον
1087 3135 1173 3193 λα’
1204 3144 1310 3195 τῶν
1365 3136 1667 3194 Βασιλικῶν
1709 3137 1814 3199 τίτ,
1864 3133 1931 3210 ε’,

292 3250 415 3309 κεφ,
478 3229 554 3309 α’,
618 3230 785 3293 οὕτως
846 3228 980 3308 ἕχον
1017 3229 1133 3305 περὶ
1191 3230 1291 3294 τὴν
1350 3226 1551 3307 ἀρχηνο
1607 3228 1936 3301 Θεσπίζομεν

290 3320 413 3384 τούς
462 3341 520 3376 τε
563 3316 867 3395 ἒμϐἀθμους
927 3318 1179 3382 ὑπάτους.
1238 3318 1336 3374 Καὶ
1381 3315 1463 3396 ἐφ’
1521 3315 1640 3383 ἑξῆς
1698 3335 1934 3391 παρακε-

293 3407 501 3465 λεύεται
533 3410 569 3477 ἡ
601 3409 736 3476 αὕτη
769 3408 927 3485 νεαρᾶ
957 3407 1051 3463 ἵνα
1082 3407 1277 3470 πάντες
1339 3409 1385 3462 οἱ
1445 3404 1802 3481 ἆξιωμαιτκοὶ
1843 3405 1934 3462 καὶ

297 3500 346 3555 οἱ
398 3499 621 3578 ἔχοντες
679 3498 889 3578 όφρίκια
947 3495 1208 3577 ἄρχοντες
1267 3494 1590 3562 αὒτεξοόσιοι
1644 3498 1768 3569 ὦσι,
1836 3494 1932 3550 κᾶν

295 3593 395 3656 τῆς
454 3587 717 3664 πατρικῆς
774 3589 958 3668 χειρὸς
1015 3591 1112 3645 οὐκ
1165 3584 1397 3664 ἔσρθασαν
1448 3584 1803 3652 ἀπολυθῆναι.
1866 3583 1991 3677 ἨΟ

296 3679 475 3754 μέντοι
534 3676 604 3752 θ’,
680 3675 715 3733 ι’
774 3678 860 3733 καὶ
934 3674 1006 3733 ια’
1064 3676 1223 3754 νεαρὰ
1280 3674 1374 3731 τοῦ
1429 3674 1693 3751 βασιλέως
1754 3674 1931 3752 κυρίου

294 3768 522 3832 Λέοντος
581 3774 672 3824 τοῦ
726 3766 1032 3831 Φιλοσόφου
1088 3762 1541 3843 παρακελεύονται
1573 3767 1665 3821 τὸν
1721 3764 1925 3843 κληρωο

291 3857 444 3915 θέντα
488 3855 671 3916 δοῦλον
703 3856 759 3913 ὲν
789 3856 978 3934 ἀγνοίᾳ
1023 3865 1116 3914 τοῦ
1172 3853 1457 3926 δεσπότου,
1490 3853 1629 3913 ἀλλὰ
1682 3854 1790 3930 μήν
1837 3854 1932 3911 καὶ

290 3949 382 4005 τὸν
414 3947 720 4023 μονάσαντα
763 3946 852 4003 καὶ
908 3947 1001 4001 τὸν
1046 3949 1307 4023 γεγονότα
1361 3944 1654 4002 ἐπίσκοπον
1686 3944 1928 4001 ἀποκαθ-

294 4036 537 4093 ίστασθαι
582 4043 657 4111 τῷ
704 4035 944 4113 προτέρῳ
986 4033 1246 4111 δεσποτη.
1306 4036 1379 4090 Σὺ
1437 4041 1565 4112 γοῦν
1614 4035 1796 4109 μαθὼν
1826 4034 1933 4089 ἀπὸ

290 4134 383 4183 τοῦ
415 4124 486 4183 ια’
522 4147 643 4205 κεφ,
678 4126 772 4182 τοῦ
825 4122 876 4181 α’
921 4124 1100 4181 τίτλου
1134 4127 1227 4180 τοῦ
1254 4121 1305 4202 γ’
1336 4122 1541 4201 βιϐλίου
1572 4128 1677 4181 τῶν
1710 4123 1931 4179 Βασιλι-

288 4219 417 4290 κῶν,
467 4214 549 4272 ὅτι
608 4216 704 4272 καῖ
734 4214 987 4281 δουλικῆς
1021 4213 1395 4293 ὲναπογρᾶφου
1426 4214 1601 4293 τύχης
1635 4216 1681 4269 οί
1714 4213 1929 4268 ἐπισκο-

288 4312 430 4380 πικῷ
472 4304 824 4380 τετιμημένοι
856 4302 1118 4379 ἀξιώματι
1149 4302 1593 4380 ἒλευθεριάζουσι,
1647 4304 1724 4378 μὴ
1769 4302 1927 4358 ἐναν-

286 4399 482 4472 τιωθῇς
514 4402 588 4468 τῷ
620 4392 699 4466 λζ’
730 4416 854 4472 xeo.
886 4396 980 4451 τοῦ
1010 4392 1171 4449 αὒτοῦ
1198 4392 1302 4451 τίτ.
1336 4394 1425 4448 καὶ
1473 4391 1700 4469 βιϐλίου,
1735 4391 1927 4469 λέγον-

285 4509 361 4566 τι,
395 4487 471 4561 μὴ
502 4484 680 4547 ἄλλως
711 4486 805 4541 τὸν
834 4482 1023 4540 δοῦλον
1070 4482 1465 4559 ελευθεροῦσθαι
1518 4481 1613 4538 κᾶν
1646 4480 1925 4562 κληρωθῇ

286 4578 331 4632 εἶ
391 4576 469 4651 μὴ
541 4574 1003 4655 παραιολουθήσει
1066 4575 1155 4629 καὶ
1207 4580 1299 4630 τοῦ
1370 4572 1633 4629 δεσποτου
1689 4571 1924 4651 εἴδησις,

284 4664 419 4722 ἀλλὰ
475 4668 612 4721 κατὰ
655 4671 811 4722 τοῦτο
866 4686 974 4720 νοει
1020 4664 1107 4722 καὶ
1151 4662 1329 4718 ἐκεῖνο
1372 4662 1431 4719 τὸ
1463 4682 1587 4743 xeo.
1619 4664 1666 4719 οἱ
1696 4662 1796 4739 γὰρ
1828 4659 1922 4716 λε-

283 4778 495 4835 γοντες,
557 4755 639 4811 ὅτι
696 4753 781 4811 διὰ
841 4756 903 4811 τὸ
960 4752 1056 4821 τῆς
1113 4753 1415 4819 ἐπισκοπῆς
1474 4750 1681 4827 ἀξίωμα
1711 4750 1923 4808 ἐλευθε-

284 4853 464 4925 ροῦται
522 4847 548 4902 ὁ
610 4844 796 4909 δουλος
873 4843 973 4902 κᾶν
1031 4844 1174 4921 παρὰ
1230 4843 1457 4920 γνώμην
1512 4849 1607 4899 τοῦ
1665 4839 1924 4898 δεσποτου

282 4936 574 4999 ἐπίσκοπος
632 4935 879 5013 γένηται,
926 4933 986 4989 οὗ
1033 4932 1212 4998 καλῶς
1273 4932 1541 5011 λέγουσιν.
1590 4930 1989 5039 Ἐρμηνεύε-ι)

455 5026 467 5039 .
591 5026 604 5039 .
782 5034 801 5039 ῳ
1114 5023 1127 5039 ,
1188 5025 1200 5039 .
1308 5029 1332 5039 -
1369 5022 1382 5039 ν
1431 5022 1446 5039 .
1485 5021 1565 5039 η-
1860 5028 1886 5038 η

280 5048 367 5083 ται
412 5026 513 5104 γὰρ
557 5026 618 5082 τὸ
662 5034 898 5084 τοιοῦτον
949 5045 1071 5102 κεφ.
1109 5023 1214 5079 ἀπὸ
1244 5029 1336 5079 τοῦ
1366 5022 1446 5100 ἐφ’
1480 5021 1601 5089 ἑξῆς
1633 5043 1755 5101 κεφ.
1793 5028 1919 5098 μιᾶς

280 5116 379 5195 γάρ
414 5119 515 5171 είσι
546 5120 736 5193 νεαρᾶς
793 5118 882 5171 καὶ
945 5113 1243 5191 ἀμφοτερα,
1288 5112 1376 5168 καὶ
1419 5112 1634 5174 πάντως
1665 5111 1773 5167 ἀπὸ
1829 5110 1921 5167 τοῦ

278 5203 730 5283 μεταγενεστέρου
786 5203 908 5270 ἤτοι
966 5210 1058 5259 τοῦ
1118 5199 1200 5273 λζ’
1246 5221 1369 5280 κειρ.
1410 5203 1469 5257 τὸ
1502 5201 1918 5280 προγενέστερον

278 5316 401 5375 κεφ.
433 5294 555 5362 ἤτοι
588 5296 646 5350 τὸ
705 5291 777 5350 ια’
836 5294 1316 5371 ἑρμηνευθῆσεται.
1359 5292 1421 5348 Αἱ
1476 5292 1672 5370 Neapoli
1716 5288 1770 5346 δὲ
1829 5298 1920 5348 τοῦ

276 5383 545 5460 βασιλέως
586 5385 760 5461 κυρίου
815 5383 1039 5447 Λέοντος
1089 5389 1181 5439 τοῦ
1229 5388 1427 5461 Σοφοῦ,
1456 5381 1517 5443 ἃς
1550 5384 1637 5437 καί
1667 5380 1917 5458 ἀνάγνω-

273 5478 322 5532 θι
355 5472 477 5551 μετ’
507 5473 844 5549 ἐπιμελείας,
878 5475 966 5529 καὶ
998 5475 1089 5529 τὸν
1119 5471 1485 5552 κληρωθέντα,
1546 5473 1635 5529 καὶ
1678 5472 1770 5527 τὸν
1815 5493 1919 5546 μο-

273 5564 530 5645 νάσαντα,
572 5566 661 5621 καὶ
692 5566 782 5621 τὸν
815 5563 1106 5621 ἐπίσκοπον
1140 5583 1404 5641 γεγονοτα
1460 5560 1643 5618 δοῦλον
1678 5559 1917 5618 ἀποκαθι-

274 5661 463 5713 ιστῶσι
515 5656 648 5731 πρὸς
710 5655 807 5724 τὴν
863 5654 1125 5732 προτέραν
1181 5652 1432 5719 δουλικὴν
1500 5652 1701 5732 τύχην,
1750 5649 1812 5707 ἂν
1866 5650 1921 5707 έν

268 5746 457 5829 ἀγνοίᾳ
488 5752 581 5805 τοῦ
610 5744 871 5805 δεσποτου
904 5746 1141 5806 τοιούτου
1188 5746 1331 5811 τινὸς
1379 5749 1406 5802 ὸ
1465 5740 1650 5809 δοῦλος
1695 5739 1917 5824 ἀξιωθῇ,

2031 2331 2161 2405 123,
2199 2333 2575 2415 positumque
2611 2344 2698 2397 est
2732 2336 2792 2396 in
2824 2335 2931 2398 lib.
2969 2337 3147 2401 Basil.
3180 2354 3268 2412 ιιι,
3304 2344 3392 2401 tit.
3435 2340 3489 2413 1,
3526 2357 3658 2417 cap.

2026 2422 2121 2499 11,
2159 2421 2319 2497 quod
2344 2423 2429 2483 sic
2453 2423 2632 2486 habet
2665 2442 2679 2487 :
2715 2427 2854 2487 Post
2884 2426 3326 2489 ordinationem
3359 2445 3500 2490 vero
3529 2447 3664 2490 ser-

2017 2508 2120 2570 vili
2148 2512 2621 2591 ascriptitiorum
2660 2512 2898 2577 fortuna
2923 2516 3239 2597 episcopos
3272 2516 3500 2579 liberos
3532 2536 3665 2581 esse

2009 2599 2320 2679 jubemus:
2349 2603 2462 2664 nisi
2487 2603 2814 2665 cohortalis
2836 2612 3051 2684 praeter
3074 2604 3417 2685 praedictam
3443 2606 3660 2669 obser-

2017 2690 2314 2753 vationem
2349 2692 2661 2754 ordinatus
2692 2695 2793 2756 sit.
2850 2692 3162 2774 Ejusmodi
3212 2696 3370 2756 enim
3401 2703 3664 2757 remotos

2016 2776 2089 2840 ab
2123 2780 2471 2860 episcopatu
2522 2782 2754 2844 cohorti
2807 2803 2932 2846 suae
2980 2784 3547 2866 rcstituijubemus,
3582 2803 3660 2848 ne

2014 2888 2131 2951 qua
2154 2890 2224 2931 ex
2251 2871 2349 2931 tali
2376 2871 2615 2934 fortuna
2638 2874 2980 2936 sacerdotio
3013 2872 3329 2936 oboriatur
3347 2883 3664 2936 contume-

2021 2959 2120 3023 lia.
2152 2959 2444 3023 Caaterum
2476 2963 2801 3025 Justiniani
2832 2965 2901 3027 81
2960 2962 3196 3025 novella
3257 2963 3447 3041 posita
3476 2973 3565 3025 est
3600 2965 3662 3025 in

2020 3049 2124 3111 lib.
2159 3069 2289 3113 XXXI
2312 3052 2494 3114 Basil.
2536 3053 2621 3114 tit.
2656 3054 2715 3128 5,
2745 3073 2877 3134 cap.
2907 3052 3125 3134 l,quod
3150 3053 3236 3115 sic
3260 3054 3321 3116 in
3346 3054 3519 3115 initio
3550 3054 3662 3116 ha-

2020 3137 2143 3203 bet:
2168 3141 2583 3216 Sancimus,ut
2606 3143 2895 3206 ordinarii
2929 3142 3337 3206 consules.Ac
3368 3143 3661 3223 deinceps

2010 3228 2187 3308 jubet
2218 3232 2425 3293 eadem
2489 3233 2743 3307 novella,
2776 3242 2839 3295 ut
2872 3234 3216 3315 quicunque
3251 3234 3658 3315 1nagis:ratus,

2016 3319 2335 3396 dignitates
2368 3328 2426 3381 et
2459 3321 2659 3383 officia
2692 3322 2895 3392 habet,
2930 3322 3022 3386 sui
3046 3322 3202 3403 juris
3232 3323 3335 3404 sit,
3360 3324 3598 3385 tametsi
3628 3342 3662 3386 a

2018 3416 2188 3487 patre
2220 3410 2630 3488 emancipatus
2677 3430 2794 3471 non
2854 3411 3055 3473 fuerit.
3111 3411 3292 3491 Atqui
3325 3413 3383 3487 9,
3422 3414 3519 3488 10,
3562 3415 3654 3488 11,

2017 3498 2400 3576 imperatoris
2424 3499 2649 3559 domini
2673 3499 2896 3561 Leonis
2922 3500 3271 3581 Philosophi
3290 3502 3661 3581 Novellaaju-

2020 3585 2255 3667 bent,ut
2277 3587 2377 3668 qui
2400 3606 2607 3650 servus
2634 3589 2945 3668 ignorante
2970 3590 3213 3651 domino
3236 3600 3335 3651 aut
3366 3591 3652 3666 clericus,

2015 3684 2115 3739 aut
2143 3678 2494 3760 monachus,
2530 3689 2629 3740 aut
2655 3681 2976 3758 episcOpus
3002 3681 3188 3744 factus
3215 3680 3418 3753 fuerit,
3446 3679 3497 3742 is
3530 3681 3657 3761 pri—

2014 3766 2171 3830 stino
2201 3766 2444 3829 domino
2469 3769 2940 3832 restituatur.Tu
2976 3771 3156 3849 igitur
3180 3769 3279 3831 ubi
3312 3788 3380 3832 es
3423 3772 3484 3835 11
3518 3790 3653 3851 cap.

2017 3858 2110 3918 tit.
2153 3859 2172 3920 1
2217 3856 2321 3921 lib.
2360 3874 2424 3919 ιιι
2479 3859 2660 3922 Basil.
2710 3859 2998 3941 didicisti,
3055 3860 3256 3922 servili
3289 3860 3657 3942 ascriptitio-

2014 3964 2148 4008 rum
2174 3946 2429 4008 fortunae
2452 3947 3103 4030 obnoxios,posteaque
3122 3950 3446 4031 episcOpali
3469 3950 3657 4029 digni-

2017 4041 2133 4097 tate
2162 4036 2952 4116 tuerinthonorati,liberos
2986 4057 3123 4100 esse
3162 4056 3176 4101 :
3213 4058 3289 4101 ne
3319 4038 3661 4101 adverseris

2013 4125 2092 4189 39
2116 4126 2528 4205 cap.ejusdem
2556 4126 2714 4189 tit.et
2739 4125 2844 4189 lib.
2867 4127 3022 4208 quod
3054 4147 3168 4188 non
3194 4128 3370 4189 aliter
3392 4146 3656 4205 servum,

2016 4214 2252 4276 tametsi
2269 4214 2524 4278 clericus
2547 4214 2739 4277 factus
2762 4216 3119 4295 sit,liberum
3147 4217 3276 4279 fieri
3300 4218 3657 4299 dicit,quam

2014 4303 2067 4365 si
2089 4304 2316 4365 domini
2342 4305 2603 4382 cognitio
2630 4305 2724 4384 [ad
2748 4324 2876 4367 eam
2892 4310 3044 4386 rem]
3068 4306 3409 4369 accesserit:
3438 4310 3540 4370 sed
3567 4327 3659 4370 se-

2014 4394 2277 4456 cundum
2304 4394 2416 4456 hoc
2441 4393 2589 4456 illud
2618 4396 2794 4457 etiam
2820 4407 2996 4476 caput
3016 4397 3657 4479 intelligas.Siquidem

2014 4483 2113 4565 qui
2135 4485 2543 4561 servum,|icet
2568 4494 2785 4565 praeter
2798 4486 3159 4548 voluntatem
3182 4486 3410 4548 domini
3432 4488 3660 4567 episco-

2014 4593 2151 4654 pum
2181 4574 2491 4648 factum,et
2515 4574 2769 4637 liberum
2796 4594 2930 4638 esse
2954 4576 3202 4639 dicunt:
3229 4595 3344 4637 non
3362 4586 3530 4638 recte
3560 4578 3656 4638 di-

2008 4662 2311 4726 cunt.lIoc
2337 4682 2594 4745 namque
2619 4674 2879 4743 caputex
2908 4675 3239 4744 posteriore
3260 4666 3451 4743 capite
3478 4666 3660 4727 inter-

2010 4753 2400 4835 pretationem
2416 4752 3658 4835 accipit.Etenim[qnanquam]amboejus-

2007 4845 2144 4906 dem
2161 4843 3658 4924 novellzesint,omnino|tamenlaposteriore,nem-

2009 4953 2082 5016 pe
2095 4933 2723 5015 37capite,prius.nem
2736 4937 2838 5014 pel
2860 4930 3654 5012 lcapul,interpretationem

2005 5022 2557 5103 accipiet.Novellae
2580 5042 2757 5103 porro
2784 5023 3169 5101 imperatoris
3193 5019 3421 5082 domini
3439 5019 3657 5082 Leonis

2004 5112 2309 5194 Sapientis
2322 5111 3341 5194 quas[tu]diligenterlege,servum
3360 5109 3650 5171 clericum

2006 5202 2502 5273 monachum,aut
2525 5201 2873 5281 episcopum
2904 5197 3655 5278 factum,siignorantedo-

2005 5290 2628 5371 mino,aliquohorum
2653 5289 2865 5368 dignus
2884 5288 3123 5350 habitus
3143 5290 3324 5360 est,in
3342 5288 3652 5367 pristinam

2003 5380 2285 5442 servilem
2309 5379 2628 5440 restituunt
2651 5377 3080 5439 conditionem.
3109 5374 3338 5439 Verum
3364 5378 3524 5439 enim
3545 5395 3649 5439 ve-

2003 5488 2069 5531 ro
2095 5479 2408 5550 postquam
2438 5467 2730 5529 novellam
2758 5468 2832 5531 10
2856 5466 3126 5548 ejusdem
3152 5467 3530 5547 imperatoris
3552 5466 3655 5528 do-

2007 5560 2150 5622 mini
2179 5558 2395 5621 Leonis
2417 5556 2715 5640 Sapientis
2749 5556 2949 5619 inveni
2981 5556 3137 5639 (qute
3161 5557 3303 5618 olim
3337 5555 3651 5617 dominum

2003 5649 2077 5711 ad
2137 5657 2257 5710 tres
2319 5665 2509 5729 usque
2567 5665 2759 5709 annos
2816 5646 3128 5725 fugitivum
3163 5662 3402 5708 servum
3436 5662 3649 5707 mona-

2005 5739 2185 5803 chum
2213 5736 2436 5803 factum
2486 5753 2767 5802 revocare
2798 5735 3090 5822 potuisse;
3122 5735 3239 5799 hoc
3269 5741 3470 5800 autem
3504 5741 3650 5796 tem-
