3930 6218
184 319 310 420 1025
850 345 1347 424 NOMOCANON.
1414 391 1486 404 —
1550 347 1708 420 TIT.
1756 355 1806 435 I,
1853 353 2018 418 CAP.
2066 351 2374 437 XXXVII,
2430 347 2770 420 XXXVIII.
3217 416 3226 422 _
3343 302 3501 420 me

181 501 494 582 ἐπεχείρησαν
525 505 699 560 εἰπεῖν
729 503 836 560 ἀπὸ
885 504 1050 579 μόνου
1095 509 1189 560 τοῦ
1219 504 1575 563 ἐπισκοπικοῦ
1606 504 1771 571 ἆξιώ-

1969 501 2017 564 Id
2043 501 2298 582 perinde
2317 509 2500 582 atque
2520 497 2965 580 imperatoriam
2987 497 3508 577 majestatem,Ro-

179 615 320 669 ματος
365 591 732 671 ἐλευθεριάζειν
777 599 900 658 τοὺς
952 594 1277 659 ἐπισκόπους
1316 600 1415 663 τῆς
1460 595 1774 662 ὑπεξουσιό-

1969 611 2098 653 nam
2134 591 2462 654 Ecclesiam
2499 590 2560 652 in
2595 587 2984 668 dignitatibus
3017 588 3338 667 gloriosam
3372 607 3505 651 esse

179 704 332 750 τητος.
364 685 428 740 0-3
456 685 562 757 μὴν
601 681 654 738 δὲ
684 685 773 740 καὶ
815 685 940 746 τοὺς
983 683 1464 752 ἐκκλησιαστικοὺς
1509 685 1774 766 ἄρχοντας

1969 683 2094 761 Luit,
2126 701 2158 744 a
2188 679 2513 743 Justiniani
2548 679 2786 741 novella
2815 677 3164 757 abrogatum
3197 688 3310 740 est.
3360 681 3504 740 Cum

177 771 493 836 αὗτεξουσίουε
553 771 786 848 γίνεσθαι
831 773 929 840 τῆς
1001 780 1407 854 πατριαρχικῆς
1467 773 1774 855 σφραγιὲος,

1973 792 2006 833 ο
2033 771 2392 852 episcopalis
2417 770 2678 850 dignitas
2702 787 2819 830 non
2853 769 3028 829 modo
3061 787 3092 828 a
3127 768 3504 848 patriarcliis,

177 861 317 938 ἢγὰρ
341 862 417 936 ἃν,
454 863 601 937 φασὶ,
635 863 722 918 καὶ
752 870 910 920 τοῦτο
957 869 1025 940 τῇ
1077 863 1233 942 ’νεαρᾷ
1291 867 1611 941 προσετέθη,
1659 865 1774 939 ἐμοὶ

1971 881 2066 923 um
2103 863 2278 924 etiam
2303 880 2332 922 a
2373 858 2852 938 metropolitanis
2887 859 3232 920 conferatur
3263 875 3276 916 :
3329 865 3509 939 atque

171 950 218 1006 δὲ
245 949 378 1006 δοκεῖ
405 950 477 1024 μὴ
522 949 700 1014 καλὼς
759 950 938 1030 λέγειν
985 953 1227 1026 τούτους,
1264 952 1382 1009 οὐδὲ
1415 955 1516 1032 γὰρ
1545 955 1774 1032 ἀνῃρέθη

1969 971 2000 1014 ο
2031 952 2203 1031 [tum]
2241 951 2512 1012 nonnulli
2547 947 3096 1028 ambigerent,num
3131 966 3343 1010 omnes
3373 949 3508 1030 epi-

171 1041 222 1096 τὸ
258 1045 424 1118 νεαρὸν
486 1039 761 1114 θέσπισμα
833 1048 927 1098 τοῦ
983 1041 1137 1119 ἁγίου
1214 1045 1619 1099 Κωνσταντίνοο
1677 1044 1774 1098 ὑπὸ

1974 1043 2032 1122 pi
2065 1040 2334 1120 snijuris
2379 1041 2594 1102 ﬁerent
2629 1059 2644 1099 :
2677 1038 3000 1101 Justiniani
3035 1038 3267 1100 novella
3299 1057 3508 1101 omnes

1865 1134 2210 1214 episcopos,
2243 1131 2477 1191 etiamsi
2511 1149 2541 1190 a
2577 1128 2935 1208 patriarchis
2975 1148 3094 1190 non
3126 1128 3507 1205 ordinentur,

1865 1222 1958 1283 sui
1983 1221 2142 1300 juris
2175 1220 2306 1282 ﬁeri
2337 1217 2742 1282 statuit.Unde
2768 1218 3182 1280 indubitanter
3208 1219 3343 1280 dico
3375 1218 3512 1280 illu-

1865 1321 2020 1373 stres
2047 1328 2180 1373 esse
2211 1313 2434 1390 Magnae
2461 1308 2735 1370 ecclesiae
2761 1307 3166 1390 magistratus,
3194 1317 3254 1371 et
3286 1307 3511 1371 debere

1865 1401 2030 1482 ipsos
2062 1401 2372 1475 honorari,
2411 1409 2690 1479 tanquam
2727 1399 3092 1459 sacrosancti
3133 1407 3375 1460 senatus
3402 1417 3512 1479 pa-

1867 1500 1987 1554 tres
2018 1489 2446 1572 conscriptos:
2515 1489 2758 1570 [idque]
2819 1489 3150 1550 secundum
3201 1490 3509 1553 oraculum

1864 1581 1980 1642 divi
2013 1580 2414 1658 Constantini,
2447 1579 2912 1660 etreliquajura
2942 1579 3222 1660 superius
3257 1599 3515 1642 comme-

164 1669 369 1730 σκόπους
442 1669 676 1750 πάντας⁷
763 1671 798 1737 ἡ
872 1669 1277 1736 Ἰουστνιάνειος
1357 1671 1516 1748 νεαρὰ
1575 1670 1774 1733 πάντας

1969 1671 2320 1752 rata.Atque
2339 1671 2452 1731 hoc
2479 1669 2780 1750 [quidem]
2805 1669 3112 1750 peculiare
3138 1669 3510 1750 privilegium

161 1757 267 1822 τοὺς
336 1757 662 1824 ἐπισνόπους
742 1758 1105 1825 αὐτεξουσίως
1180 1761 1413 1838 γίνεσθαι
1472 1758 1774 1838 διωρίσατο,

1969 1807 1976 1833 ,
2011 1760 2322 1842 [solisquel
2345 1757 2794 1839 magistratibus
2815 1760 2946 1820 solii
2971 1757 3515 1840 Constantinopoli-

163 1846 246 1901 αᾶν
283 1847 356 1920 μὴ
397 1849 542 1925 παρὰ
587 1851 940 1930 πατριαρχῶν
1016 1856 1456 1929 χειροτονῶνται,
1518 1850 1637 1907 ὅθεν
1694 1851 1774 1907 καῖ

1970 1870 2017 1912 a:
2049 1849 2335 1912 Ecclesia;
2387 1868 2494 1930 per
2545 1849 2660 1911 divi
2708 1850 3082 1912 Constantini
3133 1851 3515 1913 sanctionem

161 1935 517 2004 ἀνενδοιάστως
588 1940 729 2019 φημὶ
811 1939 1212 2014 ἀξιωματικοὺς
1287 1941 1434 1996 εἶναι
1503 1942 1623 2002 τοὺς
1681 1946 1774 2007 τῆς

1971 1957 2092 2002 tum
2127 1939 2412 2019 est].Nam
2447 1939 2702 2002 aliorum
2736 1940 3236 2023 patriarcharum,
3267 1941 3519 2021 insuper

170 2025 398 2103 Μεγάλης
441 2027 738 2095 ἐκκλησίας
811 2028 1106 2109 ἄρχοντας,
1153 2031 1242 2086 καὶ
1300 2028 1536 2108 ὀφείλειν
1592 2031 1774 2094 αὖτοὺς

1969 2031 2554 2112 netropolitanorum
2582 2039 2642 2091 et
2671 2029 3098 2110 episcoporum
3134 2030 3518 2111 magistratus

171 2118 395 2189 τιμᾶσθαι
437 2119 512 2181 ὡς
561 2123 660 2185 τῆς
706 2119 849 2195 ἱερᾶς
901 2120 1206 2197 συγκλήτου
1239 2118 1492 2198 λογάδας,
1546 2122 1682 2177 κατὰ
1724 2125 1774 2178 τί

1969 2121 2083 2184 lem
2121 2121 2447 2202 privilegiis
2475 2121 2637 2200 digni
2672 2139 2790 2182 non
2827 2120 3230 2184 habebuntur.

170 2207 410 2282 θέσπισμα
465 2214 567 2264 τοῦ
622 2208 773 2286 ἁγίου
845 2209 1244 2267 Κωνσταντίνου
1303 2211 1387 2266 καὶ
1445 2211 1510 2267 τὰ
1568 2209 1731 2268 λοιπὰ
1785 2213 1987 2288 νόμιμα
2055 2213 2119 2269 τὰ
2189 2213 2388 2268 ἄνωθεν
2459 2211 2912 2286 μνημονευθέντα,
2992 2219 3156 2268 Τοῦτο
3227 2211 3282 2268 δὲ
3351 2211 3516 2271 ἷδικόν

170 2293 267 2350 ἐστι
320 2296 611 2374 προνόμιον
662 2311 779 2362 τοῖς
838 2297 1068 2378 ἄρχουσι
1115 2305 1205 2355 τοῦ
1261 2299 1446 2378 θρόνου
1503 2305 1601 2366 τῆς
1674 2299 1998 2368 Ἐκκλησίας
2059 2308 2164 2358 τῶν
2229 2299 2866 2359 Κωνσταντινουπολιτῶν
2941 2298 3025 2358 ’διὰ
3089 2303 3149 2357 τὸ
3206 2309 3298 2358 τοῦ
3368 2303 3516 2381 ἁγίου

170 2388 547 2444 Κωνσταντίνου
576 2387 867 2462 θέσπισμα.
902 2390 960 2444 Οἱ
991 2389 1090 2467 γὰρ
1121 2388 1376 2468 ἄρχοντες
1401 2395 1504 2445 τῶν
1537 2388 1722 2446 ἅλλωκ
1749 2398 2098 2471 πατριαρχῶν
2128 2391 2344 2470 προσέτι
2377 2412 2436 2469 γε
2465 2391 2687 2466 μὴνκαί
2709 2412 2736 2446 τ
2755 2395 2814 2444 ὒν
2846 2399 3260 2470 iamper-coitu?”
3289 2391 3377 2450 καὶ
3414 2399 3512 2450 τῶν

169 2471 452 2532 ἐπισκόπων
478 2483 592 2534 τῶν
625 2477 793 2534 αὐτῶν
824 2479 1129 2554 προνομίων
1160 2479 1254 2535 οὒκ
1283 2479 1694 2549 ἁξιωθῆσονται,

169 1135 252 1196 τῆς
307 1127 715 1189 Ἰουστινιανείου
759 1137 948 1208 νεαρᾶς
1010 1132 1102 1186 τὸν
1165 1129 1528 1210 διοριζόμενον
1587 1133 1778 1199 ἐπίσης

167 1221 224 1295 τῇ
283 1218 509 1296 βασιλείᾳ
577 1221 666 1277 καὶ
711 1221 810 1290 τὴν
876 1219 1208 1290 Ἐκκλησίαν
1283 1229 1382 1290 τῆς
1453 1214 1668 1299 Ῥώμης
1726 1223 1780 1279 ἐν

166 1309 398 1374 ἀξιώμασι
441 1311 811 1384 σεμνύνεσθαι,
873 1311 1012 1367 ἀλλὰ
1056 1315 1148 1367 to")
1203 1311 1557 1371 ἐπισκοπικοῦ
1612 1313 1780 1378 ἀξιώ-

167 1419 313 1473 ματος
365 1396 632 1471 διδομένου
702 1400 780 1474 μὴ
854 1401 1018 1475 μόνον
1065 1401 1207 1478 παρὰ
1250 1406 1358 1457 τῶν
1403 1402 1776 1481 πατριαρχῶν,

167 1487 285 1543 ἄλλα
337 1489 420 1544 καὶ
507 1490 653 1567 παρὰ
739 1489 1184 1568 μητροπολιτῶν,
1271 1491 1552 1550 κᾶντεύθέν
1619 1514 1780 1549 τινων

161 1575 580 1657 ἀμφιϐαλλόντων
625 1581 705 1652 μὴ
751 1580 985 1658 γίνεσθαι
1036 1578 1401 1646 αὒτεξουσίους
1459 1583 1582 1644 τοὺς
1654 1583 1778 1638 ἐπι-

233 2565 447 2642 Ἓτερον
489 2567 748 2648 σχόλιον,
784 2570 1098 2642 Σημείωσαι
1159 2569 1266 2626 ἀπὸ
1316 2575 1423 2626 τῶν
1455 2569 1508 2625 ἐν
1541 2575 1618 2644 τῷ
1651 2592 1792 2649 παρ-

167 2652 264 2709 όντι
293 2652 424 2735 λζ’,
456 2679 591 2736 κεφ.
623 2660 1106 2735 καταστρωθεισῶν
1138 2660 1356 2735 Νεκρῶν
1401 2659 1666 2737 συνάγαγε
1710 2661 1798 2716 καὶ

163 2743 287 2816 εἰπὲ,
329 2744 410 2801 ὅτι
442 2748 492 2803 οἱ
524 2748 676 2825 παρὰ
705 2747 932 2825 γνώμην
991 2749 1086 2804 τοῦ
1127 2745 1390 2806 δεσπότου
1432 2748 1795 2824 κληρούμενοι

165 2829 344 2908 δοῦλοι,
375 2835 409 2904 ἧ
450 2836 912 2902 ἐπισκοπεύοντες

1962 2571 2153 2634 Aliud
2184 2569 2498 2632 seholium.
2534 2570 2621 2632 Ex
2671 2568 2921 2630 novellis
2963 2570 3243 2650 praesenti
3277 2570 3418 2633 huic
3446 2569 3522 2635 36

1881 2661 2267 2741 cap.insertis
2297 2659 2605 2738 collige,et
2635 2659 2731 2720 dic
2771 2677 2976 2720 servos
3009 2667 3223 2740 praeter
3248 2660 3521 2722 volunta-

1883 2759 2000 2812 tem
2031 2751 2262 2811 domini
2293 2749 2551 2812 clericos
2601 2748 2908 2810 autetiam
2963 2751 3280 2832 episc0pos
3309 2749 3518 2825 factos,

1881 2838 1953 2901 ad
1987 2841 2298 2919 pristinum
2361 2838 2670 2902 dominum
2727 2841 2996 2919 quamvis
3027 2839 3242 2902 invitos
3271 2839 3518 2912 reverti,

1881 2929 2150 3010 nihilque
2169 2949 2240 2991 ex
2263 2929 2641 2990 ordinatione
2664 2927 2937 2990 utilitatis
2959 2947 3196 3010 capere.
3230 2929 3335 2991 Dic
3353 2927 3523 2992 simi-

1880 3018 2343 3080 literdominum
2369 3018 2478 3079 hos
2505 3037 2621 3079 non
2645 3017 2989 3080 indistincte
3014 3037 3296 3082 revocare
3321 3037 3520 3097 posse,

1883 3109 1988 3170 sed
2025 3111 2179 3171 intra
2212 3109 2960 3189 triennium.posteaquam
2993 3127 3118 3172 rem
3154 3110 3521 3188 cognoverit,

959 2838 1030 2902 εἰς
1091 2839 1182 2894 τὸν
1239 2839 1499 2917 πρότερον
1529 2837 1798 2907 δεσπότην

161 2923 237 2978 καὶ
275 2922 493 2991 ἔχοντες
575 2925 1015 3006 ἀντιστρέφονται
1061 2927 1124 2982 ἐκ
1165 2932 1264 2994 τῆς
1324 2931 1660 3008 χειροτονίας
1719 2929 1797 3004 μὴ

160 3011 529 3089 ὠφελούμενοι,
574 3014 852 3079 Ὠσαύτως
885 3017 1025 3090 εἰπὲ,
1061 3015 1142 3073 ὅτι
1196 3021 1292 3076 οὒκ
1347 3017 1797 3097 ἂπροσδιορίστως

160 3097 356 3160 δύναται
401 3107 428 3162 ὁ
473 3104 750 3173 δεσπότης
800 3105 1189 3165 ἀνακαλεῖσθαι
1220 3107 1460 3182 τούτους,
1491 3107 1614 3165 ἀλλ’
1647 3110 1798 3173 ἐντὸς

159 3193 371 3268 τριετίας
405 3199 549 3272 μετὰ
583 3197 645 3252 τὸ
705 3195 899 3254 λαϐεῖν
955 3197 1144 3263 αὐτοὺς
1195 3195 1406 3266 εἴδησιν
1435 3205 1530 3256 τοῦ
1567 3200 1774 3277 γεγονόη

1969 3197 2622 3279 pputandum.lnsuper
2645 3198 2762 3268 dic,
2793 3201 3154 3281 [quanquam
3181 3199 3276 3262 lex
3309 3199 3524 3274 tradat,

159 3301 240 3348 τος
294 3286 708 3367 ψηφιζομένης.
755 3287 879 3346 ’Ἔτι
924 3289 1039 3345 εἰπὲ
1086 3285 1168 3344 ὅτι
1223 3293 1312 3345 τοῦ
1344 3290 1508 3358 νόμου
1539 3287 1774 3367 λέγοντο

1973 3299 2312 3366 errogatum
2336 3308 2451 3350 non
2471 3287 3438 3364 contradicentem,sedtacentem
3463 3289 3525 3352 in

159 3372 241 3428 τὸν
281 3373 739 3455 ἐπερωτώμενον,
786 3379 875 3434 καὶ
935 3377 1014 3452 μὴ
1062 3375 1437 3456 ἀντιλέγοντα,
1479 3377 1618 3438 ἀλλὰ
1661 3400 1774 3434 σιωι

1995 3377 2111 3460 ipsi
2165 3378 2404 3440 lucrosa
2452 3397 2557 3460 pro
2589 3379 3031 3452 consentiente,
3067 3381 3356 3443 damnosa
3388 3397 3525 3442 vero

158 3469 349 3543 πῶντα,
395 3467 747 3546 κερδαίνοντα
819 3467 918 3542 μὲν
989 3466 1111 3524 ἂντί
1166 3470 1534 3531 συναινοῦντος
1619 3489 1774 3547 παραι

1969 3486 1990 3528 J
2024 3478 2278 3545 negante
2304 3467 2513 3530 haberi
2549 3485 2562 3526 :
2598 3469 2658 3529 in
2693 3468 2970 3548 praesenti
3002 3469 3251 3548 [tamen]
3295 3471 3525 3549 specie,

155 3542 535 3638 λαμϐάνεσθαι,
605 3557 966 3632 ζημιούμενον
1018 3557 1072 3613 δὲ
1124 3557 1240 3615 ἀντὶ
1281 3557 1627 3636 ἂρνουμένου,
1673 3542 1774 3615 Ἐπ

1977 3542 2175 3618 οηιοῖη
2205 3558 2644 3620 ordinationem
2669 3542 2820 3620 servi
2847 3557 2940 3620 sui
2985 3542 3043 3620 et
3069 3577 3186 3620 non
3219 3542 3526 3621 contradi-

157 3652 240 3730 τοῦ
288 3647 559 3724 παρόντος
611 3647 862 3723 θέματος,
897 3650 926 3704 ὁ
970 3645 1120 3712 εἰδὼς
1170 3649 1268 3715 τὴν
1311 3647 1650 3728 χειροτονίαν
1708 3657 1774 3703 τοι

1969 3647 2624 3718 ntem,tametsidamno
2647 3647 3086 3730 afﬁciatur,pro
3109 3648 3528 3711 consentiente

152 3727 326 3791 δούλου
382 3741 552 3796 αὺτοῦ
621 3738 710 3796 καὶ
773 3737 851 3812 μὴ
909 3735 1206 3816 ἀντιλέγων
1264 3739 1377 3794 ἀντὶ
1433 3747 1772 3796 συναινοΰντο

1969 3738 2378 3818 putari.Alque
2409 3747 2498 3799 est
2526 3737 2641 3799 hoc
2673 3727 3252 3819 [quidemlvspeciale
3284 3748 3530 3822 propter

155 3819 469 3902 λογίζεσθαι,
535 3829 633 3884 καὶ
679 3834 844 3885 ταῦτα
887 3827 1290 3904 βλαπτόμενος,
1345 3828 1434 3884 καὶ
1481 3826 1594 3885 ἔστι
1643 3838 1774 3888 τοῦτ

1973 3835 2220 3890 ertatem
2237 3827 2526 3908 .Denique
2545 3827 2782 3907 dic,per
2803 3827 2993 3889 solam
3013 3819 3452 3892 ordinationem
3470 3831 3530 3893 in

149 3909 300 3970 ἶδικὸν
343 3915 429 3974 διὰ
477 3920 586 3986 τὴν
636 3917 957 3996 ἐλευθερίαν,
1008 3917 1134 3976 Ἔτι
1194 3917 1309 3974 εἰπὲ
1356 3916 1437 3974 ὅτι
1491 3918 1598 3974 ἀπὸ
1629 3919 1770 3994 μόνη

1969 3918 2232 4000 iscopum
2257 3923 2458 4000 patriae
2479 3917 2752 3998 potestati
2778 3916 3050 3980 subditos
3071 3917 3145 3980 ab
3169 3933 3239 3980 ea
3259 3918 3526 3984 liberari:

151 4005 240 4070 τῆς
279 4005 597 4077 ἐπισκοπῆς
674 4009 1013 4089 χειροτονίας
1084 4011 1130 4064 οἱ
1189 4007 1500 4073 ὑπεξούσίοι
1546 4007 1774 4074 αὖτεξού

1973 4028 2009 4070 n
2041 4017 2237 4070 autem
2275 4009 2412 4090 [per
2441 4007 2909 4088 ordinationem]
2965 4008 3024 4068 in
3074 4009 3530 4092 qualiscumque

147 4113 242 4150 σιοι
295 4099 568 4175 γίνονται,
624 4099 683 4155 οὗ
737 4098 846 4174 μὴν
906 4097 1013 4154 ἀπὸ
1067 4095 1392 4175 κληρώσεως
1436 4097 1772 4166 οἱασδήτινος

1969 4099 2102 4160 Idus
2128 4098 2443 4162 clericum.
2480 4097 2746 4176 Insignia
2771 4115 2906 4160 vero
2939 4097 3396 4178 magistratuum
3435 4118 3532 4181 pa-

154 4182 215 4238 Γὰ
242 4183 295 4241 δὲ
352 4188 692 4269 ἄρχοντίκια
752 4198 845 4247 τοῦ
896 4187 1238 4268 πατριάρχου
1285 4190 1774 4247 Κωισταντινουπό·

1969 4190 2163 4252 arclize
2191 4188 2856 4264 Constantinojiolitani,
2893 4189 3152 4268 ejusque
3185 4189 3374 4251 solius
3420 4209 3526 4271 pa-

145 4267 271 4340 λεως
329 4281 422 4336 καὶ
481 4280 664 4354 μόνου
723 4277 1090 4344 αὒτεξουσίους
1150 4279 1356 4335 ποιοῦσι
1399 4281 1523 4342 τοὺς
1572 4277 1774 4346 ὑπεξουη

1969 4297 2013 4341 Ie
2035 4279 2306 4360 potestati
2333 4280 2624 4341 obnoxios
2652 4267 3236 4358 emancipant.Quod
3264 4299 3403 4344 vero
3422 4267 3534 4344 do-

148 4362 304 4428 σίους.
335 4369 408 4425 Τὸ
460 4367 519 4424 δὲ
553 4369 652 4430 ,εἷς
691 4370 919 4446 τριετίαν
964 4369 1396 4446 παρεκτείνεσθαι
1446 4377 1524 4444 τῷ
1564 4367 1774 4427 δεσπότι

1972 4387 2050 4430 no
2079 4368 2374 4431 revocatio
2407 4368 2660 4431 ordinati
2695 4369 2852 4431 servi
2905 4369 2965 4430 in
3021 4369 3346 4432 triennium
3384 4390 3528 4450 pro-

146 4451 236 4520 τήν
274 4454 595 4526 ἀνάκλησιν
641 4460 736 4514 τού
793 4457 1268 4538 χειροτονηθέντος
1321 4455 1509 4516 δούλου
1552 4459 1659 4516 ἀπὸ
1703 4465 1770 4527 τῆ

1969 4458 2178 4529 iditur,
2201 4457 2309 4538 [id]
2337 4476 2408 4520 ex
2441 4459 2674 4521 novella
2706 4458 3092 4540 imperatoris
3123 4459 3353 4523 domini
3384 4460 3531 4525 Leo-

150 4551 326 4621 νεαρᾶς
363 4555 462 4605 τοῦ
495 4547 776 4627 βασιλέως
811 4548 990 4627 κυρίου
1049 4549 1277 4611 Λέοντος
1325 4555 1418 4604 τοῦ
1473 4549 1648 4628 Σοφοῦ
1692 4549 1774 4606 ἐοτ

1969 4546 2314 4627 ISapientis
2347 4547 2783 4629 [desumptum]
2811 4557 2918 4612 est:
2970 4558 3029 4610 et
3075 4567 3420 4632 quanquam
3453 4551 3528 4613 li-

151 4632 236 4688 καῖ
265 4651 490 4720 κρατεῖ,
526 4640 636 4696 κᾶν
677 4635 968 4701 ἐπιϐλαϐές
1031 4637 1098 4712 τῇ
1155 4636 1421 4717 ἐλευθερίᾳ
1449 4639 1585 4712 εστὶ,
1618 4636 1702 4694 διὰ
1745 4661 1773 4696 τ

1970 4637 2102 4699 rtati
2131 4655 2306 4716 grave
2336 4639 2411 4700 sit
2464 4639 2668 4719 [eique
2725 4638 3220 4719 impedimentum
3267 4641 3530 4720 afferat],

151 4720 367 4791 δίκαιον,
1892 4735 2138 4807 propter
2159 4727 2260 4807 jus
2293 4729 2510 4805 [tamen
2545 4735 2606 4792 et
2635 4729 3000 4806 aequitatem]
3029 4729 3292 4807 vigorem
3326 4729 3531 4791 habet.

225 4824 488 4884 ΚΕΦΑΛ,
537 4818 677 4884 ΛΖ¹,
726 4853 802 4865 -
833 4819 958 4897 Περὶ
986 4818 1361 4896 διακονισσῶν,
1393 4817 1488 4876 καί
1535 4818 1642 4896 ὅτι,
1676 4843 1774 4900 γυνη

1975 4816 2138 4880 CAP.
2174 4815 2456 4882 XXXVII.
2490 4853 2567 4864 —
2600 4820 2684 4880 De
2715 4819 3097 4898 iliaconissfs,
3131 4820 3369 4900 etquod
3398 4837 3535 4880 mu-

149 4907 204 4964 οὒ
232 4908 442 4982 γίνεται
471 4907 840 4988 πρεσϐυτέρα.

1969 4925 2012 4970 εν
2035 4907 2396 5008 presbyterii
2427 4926 2552 5008 non
2573 4910 2706 4989 ﬁat.

219 4997 460 5056 Συνόδου
527 4999 762 5064 Νικαίας
806 5001 980 5058 κανὼν
1027 4999 1094 5057 ιθ’
1133 5020 1146 5032 ·
1215 4996 1435 5056 συνόδου
1494 4999 1774 5059 Δαοδικεία

1975 4999 2232 5061 Concilii
2287 4997 2512 5060 Nicaeni
2570 5017 2761 5060 canon
2803 4999 2910 5076 t9;
2943 4998 3183 5062 concilii
3214 4999 3538 5064 Laodiceni

145 5087 316 5144 κανὼν
347 5094 431 5148 ια’
461 5107 476 5121 ’
521 5089 750 5150 συνόδου
782 5089 1129 5159 Χαλκηδόνος
1158 5091 1336 5148 κανὼν
1367 5090 1455 5147 ιε”
1487 5090 1704 5149 συνόδου
1733 5093 1774 5166 ς

1972 5107 2091 5151 non
2155 5097 2267 5165 11;
2329 5089 2572 5151 concilii
2633 5087 3142 5152 Chalcedonensis
3193 5108 3384 5153 canon
3416 5092 3534 5174 ‘15;

146 5178 315 5234 κανὼν
349 5179 422 5237 ιδ’
433 5227 447 5241 .

220 5277 485 5332 ΚΕΦΑΛ.
540 5271 689 5334 AH’.
753 5304 827 5314 —
873 5273 1005 5351 Περὶ
1050 5275 1157 5329 τῶν
1201 5268 1288 5328 διὰ
1342 5276 1443 5339 τῆς
1479 5273 1812 5353 χειροτονίας

145 5353 418 5435 λυομένων
443 5362 900 5441 ἁμαρτημάτων.

215 5451 456 5513 Συνόδου
487 5455 925 5535 Νεοκαισαρείας
955 5457 1132 5514 κανὼν
1161 5455 1234 5525 θ’.

1897 5177 2112 5242 concili
2143 5179 2293 5240 sexti
2327 5197 2518 5240 canon
2556 5181 2648 5242 14.

1976 5269 2142 5332 CAP.
2178 5267 2496 5332 XXXVIII.
2531 5303 2609 5314 —
2643 5268 2730 5332 De
2755 5270 3021 5351 peccatis
3058 5289 3197 5353 quae
3221 5291 3332 5355 per
3359 5274 3538 5336 ordi-

1894 5361 2212 5422 nationem
2242 5361 2665 5422 remittuntur.

1927 5447 1930 5450 ’
1977 5449 2229 5513 Coucilii
2251 5447 2754 5516 Neocaesariensis
2785 5471 2977 5516 canon
3004 5453 3068 5522 9.
