4090 6204
288 287 441 361 10⁸29

1340 282 1835 371 NOMOCANON.
1880 325 1962 343 ..-
2001 287 2155 355 TIT.
2203 287 2280 373 II,
2327 291 2494 357 CAP.
2540 284 2588 355 I.

3500 290 3518 356 1
3532 282 3651 358 030

282 439 580 513 κρατοῦσαν
610 429 944 510 ἀκολουθίαν,
991 430 1080 488 καὶ
1137 427 1223 486 ἐπὶ
1266 442 1386 493 τοῖς
1442 429 1702 494 τοιούτοις
1759 430 1925 489 πολι-

2017 429 2260 508 guitates
2282 429 2595 492 confestim
2615 427 3063 510 solvantur,[ita
3085 431 3167 508 ut]
3193 444 3389 509 neque
3409 427 3649 491 libellus

281 524 547 593 τεύεσθαι,
607 520 746 577 ἀλλὰ
788 522 884 583 τὰς
947 520 1033 576 ἐπὶ
1100 532 1225 582 ταῖς
1297 519 1561 584 τοιαύταις
1616 520 1925 593 ὑποθέσεσιν

283 609 633 693 ἀμφιϐολίας,
679 610 996 667 ἆπεντεῠθεν
1048 608 1284 688 λύεσθαι,
1332 610 1410 680 μὴ
1474 606 1722 665 λιϐἐλλου
1778 607 1923 665 διδο-

283 703 471 782 μένου,
531 699 780 771 εἰδήσεως
841 696 896 755 δὲ
953 697 1239 777 τριημέρου
1310 698 1346 766 ἢ
1412 699 1499 753 καὶ
1550 697 1634 754 ἐπὶ
1677 698 1927 779 τέταρτον

284 789 793 869 παρατεινομένης,
884 789 1107 862 μήτινος
1176 789 1275 865 γὰρ
1353 785 1660 854 δικαστικῆς
1732 787 1926 844 ὑποθέ-

285 902 423 945 σεως
465 878 918 957 ἒπεισαγομένης,
980 879 1013 944 ἡ
1069 882 1174 931 νῶν
1230 876 1537 955 προσόντων
1580 874 1789 949 ἑκάστῳ
1844 875 1927 933 δι⁹

283 972 450 1029 καίων
496 972 780 1049 γενήσεται
824 964 1196 1040 καταξὲτασις,
1268 968 1363 1022 καὶ
1429 964 1926 1039 μετακληθήσονται

281 1063 369 1117 καὶ
426 1061 589 1139 ἄμφω
647 1060 713 1114 τὰ
783 1058 921 1135 μέρη
994 1054 1120 1133 δίχα
1182 1057 1327 1118 τινὸς
1386 1055 1772 1132 ὑπερημερίας,
1840 1058 1929 1112 καὶ

280 1146 746 1217 ἇπαιτηθῆσονται
805 1147 1030 1222 ἑκάτερα
1065 1145 1131 1201 τὰ
1177 1143 1315 1221 μέρη
1360 1141 1487 1222 δίχα
1524 1145 1669 1205 τινὸς
1713 1146 1780 1200 τὰ
1830 1143 1922 1199 δο-

280 1245 475 1295 κοῦντα
519 1237 801 1293 συντείνειν
846 1238 1030 1299 αὒτοῖς
1090 1231 1467 1305 προϐαλέσθαι,
1531 1234 1617 1288 καὶ
1661 1233 1799 1290 οὕτω
1856 1232 1923 1288 δι’

281 1327 461 1406 ὀλίγου
518 1333 705 1404 καιροῦ
750 1325 1001 1401 μηνιαίου
1058 1325 1249 1402 τυχὸν,
1311 1323 1347 1390 ἢ
1408 1323 1494 1377 καὶ
1553 1324 1625 1383 εἰς
1686 1320 1924 1400 δεύτερον

284 1414 765 1491 παρεκτεινομένου
823 1414 960 1470 κατὰ
1016 1412 1078 1467 τὸ
1134 1409 1286 1476 δόξαν
1320 1415 1398 1484 τῷ
1454 1408 1706 1487 δικαστῇ,
1753 1434 1923 1488 προσ-

278 1508 513 1577 ήκουσαν
582 1503 783 1569 δέξοιτο
863 1501 1011 1557 λύσιν
1093 1502 1155 1555 τὶ
1256 1500 1530 1575 ἀνακύψαν
1603 1498 1922 1581 ἀμφίϐολον,

278 1596 624 1673 τηρουμένων
702 1591 951 1659 δηλονότι
1006 1593 1111 1646 τῶν
1173 1589 1353 1664 νόμων
1416 1588 1501 1645 ἐπὶ
1568 1590 1667 1657 τῆς
1728 1591 1923 1653 οἰκείας

280 1684 430 1763 ἕδρας
474 1685 561 1740 καὶ
618 1684 972 1761 παγιότητος.
1032 1679 1189 1736 ’Ὅσοι
1223 1680 1299 1753 μὴ
1331 1679 1465 1752 μετὰ
1490 1679 1583 1734 τὸν
1613 1686 1707 1737 τοῦ
1734 1692 1924 1738 τελευ-

2009 520 2204 593 detur,
2240 527 2299 579 et
2328 518 2589 596 cognitio
2624 519 2682 580 in
2715 531 2834 581 tres
2879 530 2977 581 aut
3009 518 3369 599 [summum]
3399 527 3652 599 quatuor

2008 607 2137 669 dies
2165 607 2498 671 differatur:
2529 609 2693 671 nulla
2720 609 3041 688 judiciaria
3067 608 3351 670 dilatione
3381 607 3652 669 introdu-

2009 698 2221 771 cenda,
2255 697 2396 779 quid
2430 699 2646 779 cuique
2670 699 2810 778 jure
2843 706 3167 779 competat,
3230 698 3599 779 disquiratur
3631 718 3645 761 :

2010 790 2160 849 citra
2181 805 2418 849 omnem
2444 787 2790 850 dilationem
2846 796 3097 867 utraque
3120 805 3256 869 pars
3285 797 3648 863 accersatur,

2011 886 2193 957 atque
2219 876 2435 956 utquid
2454 878 2611 957 juris
2627 896 2691 939 se
2715 878 2937 939 habere
2970 888 3155 958 putet,
3184 888 3494 958 proponat,
3521 878 3652 940 exi-

2010 975 2206 1043 gatur:
2225 966 2723 1044 tumquedemum
2743 985 2850 1047 per
2863 966 3040 1028 breve
3056 975 3290 1047 tempus
3305 973 3361 1029 in
3383 985 3653 1029 mensem

2011 1054 2161 1115 forte
2185 1054 2431 1134 [unum]
2456 1063 2556 1116 aut
2575 1059 2751 1116 etiam
2775 1056 3028 1117 alterum
3063 1056 3529 1131 extendendum,
3555 1074 3655 1118 res

2008 1143 2068 1204 in
2081 1144 2549 1205 controversiam
2573 1145 3227 1225 deducta,proutjudici
3243 1145 3651 1220 visumfuerit,

2007 1234 2441 1296 cciivenienter
2457 1234 2775 1295 dirimatur
2809 1254 2822 1294 :
2855 1240 2942 1311 [ut
2973 1235 3198 1304 tamen]
3226 1235 3281 1295 in
3304 1252 3409 1296 sua
3434 1236 3653 1316 [quasi]

2007 1323 2151 1385 sede
2180 1342 2249 1385 ac
2272 1323 2574 1384 soliditate
2598 1323 2853 1384 firmiter
2877 1333 3157 1385 maneant
3177 1324 3310 1404 [eae]
3330 1324 3655 1405 leges,quas

2008 1432 2125 1474 non
2161 1431 2299 1473 mox
2331 1430 2365 1472 a
2391 1412 2653 1473 defuncti
2678 1414 3004 1487 morte,sed
3033 1414 3654 1493 postaliquotdierum

2009 1500 2329 1562 decursum
2383 1517 2769 1563 successores
2826 1503 3014 1581 ipsius
3071 1502 3129 1565 in
3166 1501 3462 1580 judicium
3501 1503 3654 1565 trahi

2009 1590 2806 1667 statuunt,quemaJmodum
2833 1610 2965 1667 quae
2988 1591 3104 1652 huc
3129 1591 3438 1671 pertinent
3462 1593 3656 1654 fusius

2008 1678 2068 1740 in
2104 1678 2371 1739 Basilicis
2403 1687 2647 1740 tractata
2702 1689 2863 1740 sunt.
2898 1681 2960 1742 Si
3012 1698 3151 1742 vero
3200 1689 3551 1760 procurator
3578 1681 3655 1743 ad

280 1777 541 1844 τήσαντος
582 1772 831 1844 θάνατον,
899 1768 1045 1831 εὔθὺς
1109 1769 1232 1830 τοὺς
1277 1767 1479 1824 ἐκείνω
1518 1766 1805 1847 διαδόχους
1853 1770 1925 1833 εἰς

2017 1767 2356 1830 dilationem
2391 1788 2633 1849 vergere
2664 1768 2956 1845 videatur,
2995 1788 3182 1851 eaque
3214 1769 3351 1831 dolo
3377 1780 3654 1833 evertere

282 1864 628 1941 δικαστήριον
710 1860 958 1916 ἕλκεσθαι
1062 1855 1483 1936 διακελεὰονται,
1571 1856 1709 1914 ἀλλὰ
1792 1859 1925 1916 μετὰ

288 1951 641 2032 παραδρομὴν
694 1952 912 2026 ἡμερῶν
957 1969 1141 2025 τινων,
1196 1947 1368 2006 καθὼς
1426 1950 1493 2002 τὰ
1555 1949 1672 2024 περὶ
1726 1948 1926 2003 τούτων

292 2044 619 2121 πλατύτερον
676 2053 794 2103 τοῖς
866 2037 1173 2115 βασιλικοῖς
1245 2035 1609 2114 διηγόρευται.
1664 2040 1718 2095 ΙΞὶ
1765 2036 1819 2094 δέ
1867 2060 1929 2115 γε

294 2134 574 2211 ἐπίτροπος
602 2132 673 2192 εἰς
706 2128 1009 2206 ὑπερθέσεις
1070 2127 1258 2207 φανείη
1316 2132 1538 2207 χωρῶν,
1593 2129 1681 2184 καὶ
1715 2138 1931 2186 τοιαῦτα

293 2228 570 2298 σκαιωρῶν
613 2220 904 2301 φωραθείη,
971 2220 1060 2273 καὶ
1131 2219 1261 2294 πρὸς
1317 2214 1747 2295 ὑπερϐιϐασμοὺς
1805 2240 1929 2298 χω-

292 2314 457 2389 ρήσῃ,
493 2312 571 2387 μὴ
602 2310 772 2366 ποιῶν
818 2308 990 2372 καθὼς
1038 2308 1064 2362 6
1124 2305 1430 2381 διαθέμενος
1488 2304 1782 2386 διετάξατο,
1835 2311 1931 2375 τῆς

292 2400 585 2479 ἐπιτροπῆς
656 2401 744 2455 καὶ
825 2397 1125 2471 οἰκονομίας
1206 2403 1310 2452 τῶν
1364 2404 1456 2453 τοῦ
1514 2395 1931 2467 τελευτήσαντος

292 2491 622 2569 πραγμάτων
676 2489 1187 2563 μετακινηθήσεται,
1249 2485 1628 2554 ἀνατεθήσεται
1680 2484 1733 2541 δὲ
1769 2486 1926 2561 αὕτη,

292 2581 381 2644 οἷς
422 2578 484 2635 ἂν
527 2581 555 2636 6
596 2575 845 2654 βασιλεὺς
890 2573 1206 2654 διορίσηται,
1238 2574 1274 2643 ἣ
1309 2576 1495 2632 τούτου
1536 2574 1675 2638 ’ίσως
1718 2574 1928 2641 ἀποδη-

291 2678 535 2745 μοῦντος,
584 2670 611 2723 6
655 2672 754 2732 της
799 2664 1007 2726 πόλεως
1055 2664 1294 2743 ἔπαρχος
1347 2664 1461 2736 ἅμα
1510 2668 1589 2736 τῷ
1618 2669 1717 2731 τῆς
1756 2666 1928 2742 ἁγιω-

288 2763 455 2825 τοίτης
503 2754 834 2822 Ἐκκληπίας
894 2754 1181 2827 οἰκονόμῳ,
1246 2753 1345 2819 τὴν
1412 2753 1598 2810 τούτου
1643 2754 1926 2822 ποιήσεται

2009 1859 2519 1935 deprehendatur,
2556 1878 2669 1921 nec
2700 1860 3204 1938 quemadmodum
3241 1866 3490 1922 testator
3512 1877 3659 1940 prte-

2010 1950 2770 2029 cepit,procrastinationes
2786 1949 3079 2011 nectendo
3093 1949 3330 2010 faciatza
3342 1967 3540 2010 rerum
3557 1949 3659 2011 de-

2011 2035 2195 2098 functi
2222 2039 2649 2116 procuratione
2678 2057 2744 2098 ac
2778 2038 3227 2118 dispensatione
3256 2047 3655 2115 removeatur,

2014 2145 2201 2207 eaque
2231 2129 2453 2204 quibus
2481 2127 2804 2209 imperator
2834 2128 3124 2202 statuerit,
3160 2128 3528 2207 injungatur:
3561 2135 3662 2189 aut

2014 2217 2067 2277 si
2098 2218 2147 2277 is
2179 2216 2332 2278 forte
2358 2236 2605 2296 peregre
2639 2219 2736 2291 sit,
2770 2217 3086 2299 prmfectus
3141 2216 3304 2278 urbis
3357 2237 3471 2279 una
3526 2235 3663 2279 cum

2014 2306 2395 2368 sanctissimo
2427 2308 2713 2368 Ecclesiae
2742 2325 3055 2368 meonomo
3088 2325 3185 2368 res
3216 2307 3347 2368 illas
3379 2314 3662 2389 procuret

2013 2413 2082 2457 ac
2114 2395 2444 2474 dispenset,
2480 2395 2583 2477 qui
2615 2396 2690 2457 de
2728 2396 2820 2456 his
2851 2414 2985 2475 quae
3034 2396 3093 2456 in
3146 2395 3488 2475 hujusmodi
3519 2414 3662 2478 spe-

2012 2485 2219 2548 ciebus
2252 2485 2760 2556 administrarunt,
2795 2485 3162 2565 imperatori,
3196 2488 3364 2547 autsi
3393 2485 3664 2548 fortassis

2013 2574 2110 2635 hic
2140 2593 2387 2655 peregre
2419 2575 2555 2647 erit,
2592 2575 2965 2636 sanctissimo
3019 2574 3371 2654 patriarchae
3400 2574 3660 2636 reddere

2012 2663 2304 2725 rationem
2340 2663 2671 2724 debebunt.
2720 2662 2847 2724 Non
2900 2671 3096 2725 tamen
3132 2672 3306 2743 prout
3336 2664 3663 2745 imperator

2008 2753 2283 2831 jusserit,
2320 2752 2585 2814 defuncti
2623 2753 2892 2815 voluntas
2922 2751 3377 2832 adimplebitur.

291 2847 596 2906 οἰκονοπίαν
650 2867 707 2901 τε
737 2846 822 2900 καὶ
869 2842 1128 2909 δίοίκησιν
1161 2841 1464 2920 ὀφείλοντες
1497 2840 1707 2909 εἴδησιν
1736 2840 1941 2898 διδόναι
1988 2849 2093 2897 τῶν
2126 2842 2211 2899 ἐπὶ
2240 2857 2363 2906 ταῖς
2398 2846 2667 2908 τοιαύταις
2726 2843 3039 2900 ὑποθέσεσιν
3069 2844 3532 2921 οἰκονομουμένων
3592 2853 3668 2920 τῷ

286 2935 502 3013 βασιλεῖ
552 2936 640 2991 καὶ
669 2939 744 3006 τῷ
799 2933 935 2989 κατὰ
964 2933 1065 2999 τὴν
1122 2931 1332 3008 ἡμέραν
1360 2930 1641 3008 ἁγιωτάτῳ
1684 2932 2022 3012 πατριάρχη,
2055 2933 2100 2986 εἰ
2160 2934 2302 3012 τύχῃ
2339 2933 2428 2988 τὸν
2487 2933 2711 3009 βασιλέα
2743 2931 3021 3009 ἂποδημον
3065 2933 3207 2989 εἶναι

3216 2981 3232 3014 ,
3278 2935 3474 3010 καὶμὴ
3526 2935 3663 2993 κατὰ

288 3025 572 3105 πρόσταξιν
603 3025 760 3081 αύτοῦ
787 3021 854 3078 τοὶ
883 3030 976 3079 τοῦ
1017 3019 1440 3090 τελευτήσαντος
1472 3019 1718 3098 πληρῶσι
1749 3020 2051 3093 θελήματα,

374 3116 648 3190 Κείμενον,
710 3113 790 3169 Ἠη
840 3110 891 3188 γ’

288 3228 346 3267 κ,
381 3227 433 3263 τ.
468 3202 551 3282 λ.,
584 3218 774 3280 usque
803 3198 876 3261 ad
909 3197 1139 3264 διατάξει
1170 3197 1445 3262 διατυποῖ.

371 3291 631 3371 Σχόλιον.
678 3288 744 3344 Ἠ
775 3289 828 3365 γ’
857 3285 1115 3361 διάταξις,
1169 3295 1262 3345 τοῦ
1315 3287 1367 3364 β’
1413 3286 1588 3345 τίτλου
1636 3294 1741 3344 τῶν
1789 3299 1929 3347 Νεα-

287 3385 394 3452 ρῶν
465 3380 579 3436 ἐστι
665 3379 824 3457 νεαρὰ
910 3375 1330 3441 ἰουστινιάνειος
1411 3375 1528 3452 ρλα’
1598 3378 1820 3454 κειμένη
1878 3380 1932 3435 ἐν

291 3470 481 3549 βιϐλίῳ
510 3469 581 3541 ε’,
614 3467 777 3540 τίτλῳ
805 3467 882 3544 γ’,
928 3467 1006 3524 Τὰ
1053 3465 1109 3522 δὲ
1140 3466 1542 3541 συνοψισθέντα,
1577 3468 1675 3524 εἱσί
1702 3470 1792 3522 τοῦ
1834 3470 1932 3524 αὖ-

287 3567 384 3616 τοῦ
426 3557 627 3633 τίτλου,
692 3555 986 3635 κεφάλαιον
1040 3555 1086 3612 θ’
1145 3555 1315 3618 οὕτως
1373 3554 1501 3635 ἔχον
1540 3571 1553 3584 ⁸
1605 3556 1661 3613 Εἰ
1704 3554 1759 3610 δὲ
1803 3557 1932 3635 ὑπὲρ

285 3646 617 3726 ἆναῤῥύσεως
688 3643 1053 3724 αἰχμαλώτων
1102 3667 1153 3701 τι
1214 3644 1653 3718 καταλέλειπται,
1713 3646 1801 3701 καὶ
1854 3646 1932 3720 μὴ

286 3739 511 3814 ὀνόματι
553 3738 581 3792 6
623 3734 929 3808 διαθέμενος
985 3733 1142 3814 εἴπῃ,
1210 3733 1300 3789 διά
1344 3755 1484 3795 τινος
1526 3735 1637 3815 χρὴ
1691 3735 1933 3812 γένεσθαι

286 3829 388 3894 τὴν
432 3826 733 3904 ἀνάρρυσιν,
807 3826 895 3880 καὶ
956 3824 1121 3887 οὕτως
1179 3823 1468 3900 κελεύομεν
1520 3826 1587 3880 τὰ
1645 3826 1933 3902 πράγματα

283 3917 353 3973 τὰ
382 3917 468 3973 ἐπὶ
524 3916 710 3971 τούτου
770 3913 1209 3993 καταλειφθέντα,
1264 3914 1465 3971 τούτων
1497 3915 1677 3971 τόπων
1712 3916 1931 3971 ἐπίσκο-

283 4028 413 4081 πον,
446 4007 655 4062 καὶτὸν
688 4004 875 4061 τούτου
920 4004 1202 4078 οἰκονόμον
1242 4001 1430 4060 λαϐεῖν
1484 4005 1573 4060 καὶ
1632 4006 1692 4060 τὸ
1750 4011 1931 4060 τοιοῦ-

280 4118 376 4153 τον
431 4092 639 4160 εὒσεϐἒς
698 4093 853 4172 ἔργον
933 4091 1195 4171 πληρούν.
1260 4090 1351 4149 Ἐν
1396 4093 1594 4158 πάσαις
1651 4093 1751 4170 γὰρ
1810 4105 1931 4157 ταῖς

277 4184 555 4247 τοιαύταις
618 4180 853 4242 εὒσεϐέσι
899 4180 1211 4258 βουλήσεσι,
1263 4185 1387 4246 τοὺς
1447 4184 1768 4244 ὁσιωτάτους
1827 4188 1932 4237 τῶν

280 4274 464 4331 τόπων
513 4271 841 4334 ἐπισκόπους
900 4269 1199 4347 βουλόμεθα
1255 4284 1528 4348 προνοεῖν,
1574 4271 1713 4327 ὥστε
1758 4271 1932 4328 πάντα

281 4365 422 4420 κατᾶ
464 4363 563 4430 την
605 4368 701 4419 τοῦ
742 4359 1161 4427 τελευτήσαντος
1195 4360 1454 4436 βούλησιν
1504 4357 1826 4438 προϐαίνειν,
1889 4361 1932 4415 εἰ

285 4453 378 4508 καὶ
406 4453 473 4507 τὰ
502 4451 740 4526 μάλιστα
772 4452 915 4529 παρὰ
948 4458 1051 4506 τῶν
1085 4448 1407 4525 διαθεμένων
1466 4449 1498 4518 ἢ
1542 4456 1648 4506 τῶν
1685 4448 1928 4527 δωρησα-

288 4544 489 4617 μένων,
561 4542 901 4619 ἀπαγορευθῇ
970 4542 1154 4602 αὖτοῖς
1216 4539 1367 4619 ἔχειν
1436 4541 1564 4612 πρὸς
1626 4540 1758 4595 αὕτα
1816 4562 1933 4596 τινα

290 4630 596 4706 μετουσίαν,
659 4632 717 4688 Εἰ
767 4628 822 4686 δὲ
893 4633 938 4686 οἱ
1012 4636 1176 4686 ταῦτα
1243 4633 1468 4695 ποιῆσαι
1540 4627 1932 4702 κελευσθέντες,

286 4718 431 4785 ἅπαξ
488 4729 575 4776 καί
627 4718 700 4785 δὶς
757 4720 902 4797 παρὰ
953 4726 1046 4777 τοῦ
1101 4717 1513 4796 μακαριωτάτου
1577 4723 1686 4774 τῶν
1757 4720 1937 4774 τόπων

290 4810 591 4868 ἐπισκόπου
647 4811 734 4867 καὶ
792 4815 900 4865 τῶν
974 4809 1174 4866 τούτων
1247 4808 1544 4875 οἰκονόμων
1603 4805 1688 4864 διὰ
1759 4806 1937 4883 δημο-

290 4904 421 4958 σίων
518 4900 820 4978 προσώπων
901 4897 1355 4973 ὑπομνησθέντες,
1459 4899 1784 4968 ὑπερθῶνται
1868 4899 1934 4953 τὰ

287 4989 686 5046 διατυπωθέντα
772 4988 1077 5068 πληρῶσαι,
1142 4987 1429 5063 κελεύομεν
1488 4988 1707 5054 τούτους
1792 4988 1934 5044 ἅπαν

284 5077 471 5158 κέρδος
529 5078 882 5157 καταλειφθὲν
937 5078 1122 5141 αὒτοῖς
1172 5078 1316 5157 παρὰ
1381 5087 1475 5137 τοῦ
1522 5080 1685 5134 ταῦτα
1743 5078 1933 5135 κελεύ-

282 5190 478 5232 σαντος
520 5168 839 5243 ἆπολλῦναι,
901 5169 1021 5230 τοὺς
1080 5165 1134 5223 δὲ
1204 5164 1524 5232 ὁσιωτάτους
1587 5168 1695 5224 τῶν
1748 5169 1933 5226 τόπων

282 5258 636 5331 ἐπισκόπους,
672 5258 846 5314 πάντα
875 5258 941 5314 τὰ
975 5257 1265 5335 πράγματα
1308 5258 1374 5314 τὰ
1414 5259 1633 5332 πάσαις,
1668 5259 1740 5323 ὼς
1771 5257 1932 5336 εἴρη-

283 5371 396 5425 ται,
445 5362 567 5414 ταῖς
628 5346 896 5405 εὗσεϐέσιν
952 5349 1142 5412 αἰτίαις
1188 5347 1559 5428 ἀφορισθέντα,
1620 5348 1757 5423 μετὰ
1799 5371 1935 5425 κιρ-

285 5445 403 5497 πῶν
467 5440 554 5496 καὶ
612 5436 952 5509 ἑπαυξήσεων
1013 5445 1106 5495 τοῦ
1165 5438 1330 5513 μέσου
1406 5438 1628 5518 χρόνου,
1702 5440 1787 5495 καὶ
1843 5447 1937 5497 τοῦ

285 5526 748 5605 μνημονευθὲντος
794 5527 994 5608 χρόνου
1048 5525 1286 5605 κέρδους,
1348 5526 1602 5603 ἐκδικεῖν,
1661 5529 1747 5585 καὶ
1803 5526 1936 5607 ἅπερ

287 5621 316 5680 6
376 5615 681 5699 διαθέμενος
741 5616 1057 5707 διετύπωσε,
1150 5615 1408 5703 πληροῦν,
1484 5615 1686 5688 εἰδότας
1748 5618 1823 5686 ὡς
1893 5619 1937 5675 εἰ

959 3109 1096 3171 διάτ,
1140 3117 1235 3167 τοῦ
1276 3108 1326 3187 β’
1385 3110 1491 3171 τίτ.
1551 3114 1657 3166 τῶν
1718 3116 1991 3180 Νεαρῶνο

2102 3108 2347 3176 Textus.
2382 3113 2586 3174 Const.
2624 3112 2683 3189 3,
2721 3112 2809 3176 tit.
2844 3111 2879 3173 2
2937 3110 3339 3188 Novellarum,
3371 3121 3514 3189 etc.,
3549 3131 3657 3176 us-

2016 3218 2128 3281 que
2159 3202 2239 3263 ad
2271 3202 2349 3264 45
2382 3212 2572 3264 const.
2609 3203 2885 3275 instituit,
2920 3212 2990 3265 ut
3018 3221 3161 3284 pag.
3195 3203 3336 3268 566.

2095 3290 2439 3354 Scholium.
2474 3291 2677 3355 Const.
2713 3292 2773 3368 3,
2809 3293 2942 3353 tit.2
2972 3293 3380 3367 Novellarum,
3430 3301 3519 3356 est
3548 3314 3660 3357 no-

2016 3380 2166 3441 vella
2188 3380 2512 3443 Justiniani
2550 3382 2648 3443 t3]
2678 3384 2755 3459 [et
2786 3382 2903 3451 est]
2940 3388 3127 3461 posita
3157 3383 3218 3443 in
3247 3382 3351 3445 lib.
3379 3402 3441 3463 ν,
3470 3385 3561 3448 tit.
3596 3386 3657 3448 3.

2016 3469 2159 3541 Quae
2186 3486 2326 3529 vero
2359 3468 2418 3530 in
2451 3470 2808 3550 compendio
2842 3470 3143 3550 proposita
3193 3481 3353 3552 sunt,
3387 3472 3659 3550 ejusdem

2016 3560 2107 3621 tit.
2142 3567 2283 3619 sunt
2329 3576 2462 3638 cap,
2488 3560 2550 3632 9,
2576 3559 2736 3640 quod
2762 3559 2851 3621 sic
2878 3559 3055 3620 habet
3090 3580 3103 3622 :
3149 3561 3299 3621 Item
3333 3560 3382 3621 si
3418 3577 3525 3639 pro
3554 3578 3658 3622 re-

2014 3647 2360 3728 demptione
2391 3651 2755 3728 captivorum
2789 3648 3011 3728 aliquid
3036 3648 3308 3708 relictum
3336 3646 3432 3721 sit,
3464 3665 3663 3730 neque

2017 3745 2262 3798 testator
2285 3737 2636 3799 nominatim
2663 3738 2902 3817 dixerit,
2942 3754 3049 3816 per
3079 3756 3256 3817 quem
3288 3737 3660 3818 redemptio-

2017 3845 2150 3887 nem
2186 3826 2315 3888 fieri
2348 3836 2658 3907 oporteat:
2686 3826 2891 3888 itidem
2918 3828 3295 3906 jubemus,ut
3324 3843 3424 3888 res
3456 3825 3517 3888 in
3544 3826 3659 3888 hoc

2014 3916 2557 3988 relictas,locorum
2585 3915 2904 3997 episcopus
2923 3926 2978 3978 et
2998 3916 3175 3993 hujus
3198 3934 3546 3978 mconomus
3567 3934 3663 3978 ca-

2016 4005 2590 4086 piat,ethnjusmodi
2615 4005 2776 4086 pium
2803 4024 2951 4085 opus
2983 4004 3253 4086 impleat.
3287 4004 3352 4066 In
3385 4004 3662 4068 omnibus

2015 4096 2171 4156 enim
2204 4095 2335 4159 istis
2388 4096 2499 4176 piis
2550 4094 2954 4156 voluntatibus
2993 4096 3263 4156 volumus
3296 4096 3471 4156 etiam
3501 4096 3661 4175 ipsos

2015 4185 2496 4263 religiosissimos
2552 4185 2822 4247 locorum
2882 4188 3199 4266 episcopos
3227 4184 3661 4265 providentiam

2014 4273 2563 4349 accommodare,ut
2583 4282 2783 4336 omnia
2798 4274 3126 4337 secundum
3149 4274 3444 4336 testatoris
3457 4276 3665 4336 volun-

2017 4373 2191 4425 tatem
2212 4366 2552 4443 procedant:
2576 4364 2692 4427 etsi
2716 4364 3017 4427 maximea
3038 4364 3661 4428 testatoribusautdo-

1957 4506 1997 4556 Ο
2018 4452 2325 4556 patoribus
2368 4454 2755 4556 interdictum
2785 4453 2932 4556 ipsis
2957 4455 3056 4528 sit,
3093 4472 3168 4556 ne
3189 4455 3327 4534 quid
3359 4457 3418 4514 in
3447 4452 3530 4556 iis.
3549 4454 3663 4555 ha:

2021 4542 2197 4603 beant
2219 4544 2771 4607 commerciiﬂerte
2790 4547 2840 4605 si
2866 4543 2952 4604 illi
2977 4547 3073 4624 qui
3099 4544 3223 4606 haec
3248 4546 3491 4624 exsequi
3515 4542 3663 4621 iussi

2019 4641 2179 4709 sunt,
2211 4632 2397 4693 semel
2429 4641 2608 4710 atque
2659 4634 2873 4695 iterum
2911 4652 2945 4694 a
2996 4632 3335 4694 beatissimo
3392 4633 3663 4694 locorum

2022 4722 2391 4803 episcopo,et
2423 4723 2554 4803 ejus
2583 4723 2912 4786 teconomis
2947 4741 3053 4802 per
3085 4722 3353 4802 publicas
3377 4738 3664 4800 personas

2021 4811 2557 4893 admoniti,eaquaa
2575 4811 2861 4892 disposita
2881 4810 3661 4891 suntimpleredistulerint.‘

2013 4900 2298 4982 jubemus
2333 4910 2396 4962 ut
2427 4903 2466 4963 ii
2498 4920 2676 4964 omne
2708 4902 2969 4976 lucrum,
3005 4900 3162 4981 quod
3203 4898 3276 4960 ab
3320 4917 3390 4960 eo
3423 4898 3524 4979 qui
3548 4897 3664 4960 ista

2012 4991 2193 5072 jussit
2223 4991 2500 5053 relictum
2535 5000 2645 5067 est,
2679 4992 2954 5052 amittant
2989 5009 3003 5053 :
3052 4988 3488 5067 religiosissimi
3521 5006 3663 5050 vero

2018 5081 2287 5143 locorum
2314 5081 2580 5162 episcopi
2605 5098 2815 5140 omnes
2834 5096 3094 5160 res,quaa
3111 5077 3566 5159 quibuscunque
3585 5079 3666 5155 (ut

2018 5170 2240 5231 dictum
2269 5170 2378 5250 est)
2410 5170 2523 5250 piis
2545 5172 2741 5231 causis
2773 5169 3070 5248 deputatae
3099 5176 3257 5244 sunt,
3293 5186 3425 5229 cum
3452 5168 3664 5229 fructi-

2020 5259 2131 5321 bus
2166 5269 2224 5320 ct
2260 5259 2442 5320 medii
2478 5258 2766 5339 temporis
2816 5257 3284 5332 accessionibus,
3317 5267 3492 5338 atque
3522 5257 3665 5318 item

2020 5357 2350 5410 memorato
2375 5348 2693 5429 temporali
2717 5347 2881 5408 lucro
2909 5346 3229 5410 vindicent:
3256 5357 3317 5408 et
3338 5364 3471 5427 quae
3494 5355 3667 5409 testa-

2018 5446 2112 5500 tor
2140 5437 2459 5518 disposuit,
2494 5437 2869 5514 adimpleant
2925 5436 3159 5512 scituri,
3191 5435 3353 5513 quod
3384 5435 3431 5496 si
3463 5444 3522 5496 et
3550 5435 3668 5516 ipsi

2019 5528 2426 5608 negligentius
2458 5526 2711 5609 egerint,
2773 5544 2879 5607 pro
2939 5525 3220 5588 omnibus
3252 5525 3344 5587 his
3373 5526 3665 5588 rationem

2018 5618 2142 5685 Deo
2168 5616 2464 5682 reddituri
2486 5616 2792 5685 sint.Sane
2813 5624 2860 5679 si
2886 5615 3378 5697 religiosissimus
3395 5614 3665 5680 locorum
