4090 6204
505 288 651 358 1031

1673 286 1942 359 ΡΗΟΤΙῘ
1984 288 2133 359 ΡΑΤ
2150 288 2514 361 RIARCHIE
2565 295 2678 362 GP.

3708 296 3839 373 {032

498 425 820 519 episcopus
850 426 1308 519 aliquideorum
1343 446 1477 511 quae
1518 447 1552 490 a
1592 426 1765 519 nobis
1795 430 1953 489 dicta
1984 436 2131 503 sunt,

2228 432 2607 516 ῥᾳθυμήσαιὲν,
2657 434 2785 514 ὅπερ
2855 436 3070 494 πάντων
3139 438 3342 496 τούτων
3398 437 3557 519 λόγον
3615 447 3686 516 τῷ
3738 451 3841 517 Θεῷ

499 517 1224 600 ρι’ωιετιηὶεετὶιειὶοίῐυιη
1239 527 1366 580 esto
1379 517 1831 596 religiosissimo
1857 519 1987 597 ejus
2012 537 2142 580 me-

502 608 1020 691 tropolitano,haac
1046 608 1286 688 exigere
1308 617 1483 688 alque
1507 608 1758 688 implere
1791 607 1907 669 Sed
1934 617 1990 669 et
2010 608 2141 670 cui-

495 702 584 764 vis
615 699 716 763 alii
747 699 989 761 licentia
1021 698 1237 773 erit,ea
1262 699 1337 761 de
1368 719 1434 761 re
1466 701 1853 781 quaestionem
1880 717 2141 771 movere,

2652 527 2708 581 Εἰ
2788 525 2995 600 μέντοι,
3077 529 3105 583 ὁ
3165 527 3476 592 ὠσιώτατος
3530 537 3635 587 τῶν
3687 533 3847 589 τόπων

2228 611 2544 687 ἐπίσκοπος,
2606 614 2908 692 παρελείπῃ
2939 639 2989 672 τι
3022 624 3129 673 τῶν
3160 619 3300 693 ἡμῖν
3355 620 3648 697 εἰρημένων
3676 620 3849 686 ἐξέστω

2227 704 2317 759 καὶ
2375 706 2451 777 τῷ
2490 703 2771 760 ὁσιωτατω
2815 709 2976 765 αἱ)τοῦ
3021 707 3425 785 μητροπολίτῃ,
3484 710 3649 765 ταῦτα
3699 711 3848 767 ἀπαι-

2229 522 2561 601 παρέξουσιν,

496 804 763 879 dareque
794 809 1034 873 operam
1083 800 1145 852 ut
1191 792 1472 854 omnibus
1506 790 1696 853 modis
1726 791 1780 853 id
1815 809 2002 868 genus
2036 791 2147 871 piae

495 907 693 957 causae
722 881 1224 964 exsequantur.Si
1255 903 1395 945 vero
1428 885 1623 945 haeres
1664 900 1735 944 ea
1764 900 1898 963 quae
1926 880 1986 943 in
2021 882 2146 961 pias

495 997 704 1047 causas
725 974 935 1038 relicta
958 980 1244 1047 sunt,non
1269 972 1754 1054 impleat,dicens
1776 990 1893 1033 non
1913 970 2146 1032 sufﬁce-

494 1093 561 1137 re
586 1071 655 1133 ad
681 1070 788 1132 has
811 1065 1081 1127 relictum
1121 1063 1234 1124 sibi
1263 1063 1710 1146 patrimonium,
1738 1061 2047 1142 jubemus,
2084 1068 2145 1121 ut

493 1162 657 1228 omni
679 1161 848 1222 lucro
862 1154 1017 1237 quod
1035 1173 1104 1216 ex
1120 1154 1381 1217 Falcidia
1394 1152 1685 1235 provenit,
1702 1153 2144 1232 vacante,quid-

492 1253 634 1338 quid
669 1253 729 1312 in
778 1244 1561 1338 ejuscemodifacultatibus
1593 1244 1902 1338 inventum
1936 1242 2137 1338 fuerit,

493 1331 865 1425 providentia
894 1334 1251 1425 sanctissimi
1277 1334 1544 1395 locorum
1576 1331 1843 1425 episcopi
1870 1338 2062 1425 totum
2082 1331 2140 1392 in

492 1420 702 1496 causas
725 1429 784 1489 in
808 1443 951 1507 quas
975 1422 1254 1485 relictum
1281 1432 1393 1498 est,
1420 1422 1726 1503 procedat.
1762 1420 1927 1493 Quod
1966 1421 2015 1481 si
2049 1421 2141 1482 le-

490 1530 693 1603 gatum
724 1517 797 1581 ab
852 1516 1052 1595 aliquo
1100 1514 1170 1575 ad
1203 1514 1328 1593 pias
1359 1532 1570 1576 causas
1602 1512 1880 1603 relictum
1911 1511 2088 1572 fuerit
2120 1530 2134 1570 :

484 1601 1035 1694 jubemus,utiutra
1057 1622 1159 1665 sex
1177 1622 1415 1694 menses
1439 1603 1513 1694 ab
1542 1601 1943 1694 insinuatione
1970 1609 2131 1662 testa-

2224 1603 2393 1664 αἰτίας
2440 1602 2499 1665 ἃς
2532 1603 2973 1665 καταλέλειπται.
3015 1606 3071 1661 Εἰ
3116 1602 3171 1661 δὲ
3215 1605 3451 1683 ληγᾶτον
3515 1608 3662 1685 παρά
3701 1629 3848 1681 τινος,

491 1689 678 1764 inanti
708 1693 1423 1770 numerandos,omnibus
1453 1693 1565 1754 hoc
1601 1692 1794 1753 modis
1827 1698 2131 1772 praestetur

2225 1693 2297 1755 εἰς
2330 1689 2567 1758 ευσεϐεῖς
2600 1693 2768 1754 αἰτίας
2798 1692 3204 1774 κέταίειορθείη,
3250 1694 3544 1771 κελεύομεν
3589 1696 3721 1753 εἴσω
3750 1720 3847 1771 μη-

490 1792 589 1854 his
609 1788 826 1873 quibus
850 1785 1124 1847 relictum
1151 1782 1376 1846 est.Siu
1401 1782 1743 1873 autem,qui
1767 1782 1881 1873 hoc
1913 1779 2131 1860 gravati

2224 1785 2328 1839 νῶν
2371 1781 2420 1847 ἐξ
2453 1783 2561 1839 ἀπὸ
2592 1788 2691 1849 τῆς
2735 1783 3072 1863 ἐμφανίσεως
3115 1783 3213 1853 τῆς
3246 1783 3511 1856 διαθήκης
3546 1786 3847 1865 ἀριθμουμέ-

490 1871 640 1944 sunt
661 1873 1005 1957 hujusmodi
1041 1875 1293 1952 legatum
1328 1880 1612 1954 praestare
1658 1871 2044 1932 distulerint:
2078 1883 2131 1932 et

2222 1894 2350 1944 νων,
2404 1879 2558 1929 τοῦτο
2618 1880 2749 1929 πᾶσι
2806 1875 3027 1952 τρόποις
3058 1876 3391 1955 παρέχεσθαι
3437 1877 3531 1938 οἷς
3566 1876 3850 1933 καταλέλειο

492 1970 724 2034 fructus
754 1974 813 2027 et
843 1981 1063 2043 usurae,
1099 1972 1159 2024 et
1188 1963 1387 2023 omnis
1439 1961 1705 2040 legitima
1736 1960 2027 2039 accessio,
2063 1959 2131 2020 ab

2222 1985 2373 2021 πται.
2425 1964 2481 2019 Ei
2529 1960 2586 2019 δὲ
2646 1964 2974 2042 ὑπερθῶνται
3033 1967 3080 2022 οἱ
3150 1967 3322 2039 τούτῳ
3399 1963 3757 2045 βεϐαρημένοι
3799 1969 3847 2024 τὸ

490 2058 636 2141 ipsis
659 2059 783 2138 jam
815 2055 956 2116 inde
984 2071 1019 2114 a
1042 2060 1315 2133 tempore
1345 2052 1551 2113 mortis
1576 2052 1706 2131 ejus
1738 2049 1838 2131 qui
1869 2050 2131 2130 reliquit,

2219 2060 2456 2111 τοιούτον
2521 2053 2759 2131 Ληγάτον
2817 2056 3103 2134 παρέχειν,
3150 2056 3236 2112 καὶ
3281 2059 3522 2132 καρποὺς
3574 2059 3663 2113 καὶ
3689 2059 3849 2122 τόκους

480 2147 815 2229 exigentur.
846 2142 907 2207 Si
932 2143 1191 2221 legatum
1225 2159 1492 2203 annuum
1527 2142 1865 2221 cuicunque
1892 2156 2131 2229 venera-

2220 2144 2309 2200 καὶ
2357 2149 2531 2199 πᾶσαν
2578 2141 2804 2219 νόμιμον
2876 2144 3169 2212 ἐπαύξησιν
3241 2146 3706 2214 ἀπαιτηθήσονται
3760 2148 3849 2204 ἀπὸ

480 2228 597 2302 bili
620 2236 823 2301 domui
855 2233 1132 2296 relictum
1166 2231 1372 2309 fuerit,
1408 2230 1460 2292 si
1492 2230 1736 2311 quidem
1770 2229 1855 2303 hi,
1890 2228 1992 2310 qui
2021 2229 2131 2290 hoc

2223 2240 2314 2290 τοῦ
2365 2233 2549 2312 καιροῦ
2592 2233 2688 2301 τῆς
2732 2233 2989 2302 τελευτῆς
3020 2242 3185 2291 ταῦτα
3216 2235 3642 2300 καταλιπόντος.
3703 2241 3754 2295 Εἰ
3802 2236 3849 2293 δὲ

479 2331 627 2394 dare
649 2324 804 2408 jussi
836 2333 999 2403 sunt,
1032 2330 1134 2384 aut
1163 2322 1331 2383 locus
1364 2340 1433 2382 ex
1466 2339 1582 2402 quo
1618 2320 1675 2381 id
1712 2319 2131 2408 praestarijus-

2221 2320 2456 2400 ληγάτοδ
2506 2322 2720 2393 ἐτήσιον
2778 2322 3080 2397 οἱῳδήποτε
3127 2322 3405 2400 σεϐασμίῳ
3437 2326 3584 2402 οἴκῳ
3615 2326 3847 2384 καταλει-

481 2436 615 2482 sum
649 2407 761 2491 est,
796 2416 854 2475 in
888 2412 1096 2475 eadem
1126 2422 1224 2473 aut
1248 2411 1439 2473 vicina
1462 2409 1766 2491 provincia
1790 2418 1880 2471 est
1914 2426 1927 2471 ε
1959 2407 2131 2489 jube-

2222 2412 2400 2490 φθείη,
2443 2413 2487 2469 εί
2531 2412 2629 2487 μὲν
2687 2415 2732 2469 οἳ
2785 2421 3021 2471 τοιοῦτοι
3072 2413 3251 2471 δοῦναι
3295 2414 3697 2489 κελευσθέντες,
3745 2417 3777 2484 ii
3825 2419 3847 2472 ὁ

482 2522 841 2585 mus,neque
874 2500 1052 2562 modo
1086 2499 1201 2561 tale
1232 2500 1489 2579 legatum
1522 2497 1956 2561 alienetur.Sin
1983 2498 2131 2569 loca,

2222 2502 2388 2563 τόπος
2445 2500 2497 2567 ἐξ
2555 2501 2615 2558 οὗ
2659 2502 2949 2571 ἐκελεύσθη
2999 2506 3157 2561 τοῦτο
3189 2504 3555 2585 παρέχεσθαι,
3591 2505 3645 2561 ἐν
3672 2509 3732 2583 τῇ
3761 2508 3843 2562 αύ-

481 2607 582 2659 aut
608 2610 905 2677 personae,
932 2609 1000 2651 ex
1032 2589 1380 2670 quibus,aut
1405 2608 1440 2650 a
1470 2588 1686 2670 quibus
1717 2589 1832 2650 hoc
1862 2587 2131 2668 darijus-

2221 2600 2313 2649 τοῦ
2347 2591 2382 2659 ἢ
2426 2598 2493 2669 τῇ
2536 2593 2731 2670 γείτονι
2762 2593 2998 2675 ἐπαρχίᾳ
3028 2593 3145 2670 εἴη,
3181 2593 3475 2653 κελεύομεδ
3526 2598 3607 2672 μὴ
3650 2595 3844 2671 ἐπιτρό-

483 2704 616 2749 sum
651 2691 762 2755 est,
799 2682 860 2742 in
893 2679 1324 2741 remotioribus
1356 2680 1472 2741 sint
1498 2678 1793 2759 partibus:
1823 2686 1961 2739 tunc
1984 2678 2131 2739 inte-

2220 2705 2308 2756 πῳ
2353 2683 2413 2738 τὸ
2469 2692 2711 2742 τοιοῦτον
2761 2682 2999 2762 ληγάτον
3051 2684 3414 2746 ἐκποιεῖσθαι.
3450 2687 3511 2742 Εἰ
3557 2685 3611 2741 δὲ
3641 2688 3687 2742 οἱ
3712 2688 3843 2742 τόποι

481 2794 652 2857 grum
686 2773 808 2834 illis
840 2777 994 2839 esto,
1030 2767 1251 2850 quibus
1284 2768 1341 2829 id
1377 2768 1653 2830 relictum
1689 2774 1874 2843 est,ut
1897 2767 1946 2829 si
1971 2767 2131 2829 obli-

2218 2771 2254 2839 ἢ
2314 2773 2379 2827 τὰ
2443 2771 2705 2850 πρόσωπα
2763 2772 2815 2837 ἐξ
2874 2776 2948 2828 ὧν
3008 2781 3161 2831 τοῦτο
3220 2771 3434 2845 δοθῆναι
3486 2777 3842 2854 προσετάχθη,

482 2875 615 2947 gata
645 2864 819 2927 etiam
853 2878 987 2941 pars
1021 2858 1345 2931 consentit,
1380 2858 1638 2936 legatum
1675 2864 2039 2947 permutent,
2078 2865 2131 2919 et

2217 2860 2534 2940 πορρωτέρω
2594 2862 2814 2937 εἴησαν,
2873 2871 3171 2931 τηνικαῦτα
3230 2862 3426 2929 ἐξέστω
3483 2864 3709 2927 ἐκείνοις
3763 2864 3838 2926 οἷς

478 2946 743 3019 vicinum
761 2952 1022 3031 a‘iquem
1048 2966 1152 3029 pro
1178 2948 1289 3010 hoc
1313 2947 1572 3009 reditum
1598 2948 1835 3028 capiant
1857 2946 2129 3021 uberem,

2217 2959 2370 3008 τοῦτο
2430 2951 2871 3026 καταλέλειπται,
2933 2955 2978 3009 εἰ
3038 2956 3125 3009 καὶ
3196 2955 3257 3010 τὸ
3312 2953 3642 3034 ἐνεχόμενον
3703 2954 3839 3031 μέρος

482 3056 540 3110 et
563 3063 697 3107 cum
732 3040 1110 3113 accessione,
1133 3056 1266 3119 qua:
1291 3057 1409 3099 non
1445 3038 1644 3100 minus
1668 3046 1879 3115 quarta
1909 3038 2131 3099 relicta!

2218 3055 2477 3116 συναινεῖ,
2511 3040 2751 3117 ἀμείϐειν
2797 3044 2857 3099 τὸ
2917 3042 3181 3116 ληγάτον,
3230 3045 3321 3101 καὶ
3356 3043 3594 3112 πλησίον
3651 3043 3840 3120 λαμϐα-

479 3135 833 3215 quantitatis
858 3139 1024 3212 parte
1048 3128 1638 3227 continetiutneque
1655 3128 1853 3227 multis
1876 3127 2131 3227 publicis

2219 3154 2326 3188 νειν
2370 3131 2499 3209 ὑπὲρ
2544 3132 2730 3189 τούτου
2789 3130 3049 3212 πρόσοδον
3107 3133 3355 3213 εὔπορον,
3390 3137 3481 3190 καὶ
3530 3136 3666 3210 μετὰ
3695 3157 3838 3213 προσ·

482 3222 967 3309 ρι’τοειοιὶοηὶουε
994 3225 1293 3281 onustum.
1317 3217 1433 3281 Sed
1463 3228 1518 3280 et
1540 3220 1587 3280 si
1612 3218 1870 3280 vendere
1898 3217 2014 3279 tale
2042 3217 2131 3279 le-

2216 3222 2387 3291 θήκης
2419 3224 2518 3278 οὒκ
2551 3221 2832 3286 ἐλάττονος
2882 3230 2976 3280 τοῦ
3019 3224 3273 3301 τετάρτου
3324 3223 3522 3303 μέρους
3569 3230 3662 3291 τῆς
3692 3246 3837 3281 nt:-

481 3326 683 3398 gatum
707 3311 1155 3382 voluerint,non
1183 3311 1381 3373 minus
1405 3309 1582 3391 pretii
1604 3309 1848 3371 nomine
1873 3309 2130 3391 capiant,

2218 3310 2524 3391 λειφθείσης
2575 3312 2905 3388 ποσότητος,
2957 3313 3047 3369 καὶ
3090 3311 3227 3389 μηδὲ
3285 3312 3522 3379 πολλοῖς
3583 3312 3835 3389 δημοσίοις

483 3426 665 3486 quam
693 3424 761 3468 ex
789 3402 888 3464 tali
914 3403 1107 3479 legato
1134 3418 1240 3481 per
1262 3399 1498 3480 triginta
1521 3400 1790 3481 quinque
1811 3417 2001 3462 annos
2017 3401 2131 3461 col-

2219 3400 2510 3478 τελέσμασι
2541 3399 2945 3480 βεϐαρημένης.
2982 3404 3040 3460 Εἰ
3089 3401 3143 3459 δὲ
3192 3406 3281 3460 καὶ
3331 3402 3583 3472 πωλῆσαι
3618 3404 3836 3477 βούλεται

480 3497 699 3577 ligatur
732 3517 747 3554 :
782 3496 857 3557 ita
890 3500 1113 3569 tamen,
1152 3498 1217 3553 ut
1267 3490 1564 3571 ejusmodi
1617 3491 1873 3571 pretium
1903 3489 1974 3551 ad
2014 3489 2131 3551 uli-

2216 3498 2479 3565 τοιοῦτον,
2541 3495 2619 3568 μὴ
2681 3491 2901 3550 ἔλαττον
2960 3493 3035 3555 είς
3096 3494 3157 3550 τὸ
3227 3495 3441 3570 τίμημα
3502 3493 3710 3575 λαϐεῖν,
3760 3492 3836 3550 τοῦ

481 3589 709 3651 litatem
745 3583 1046 3668 przedictae
1075 3580 1436 3643 venerabilis
1466 3580 1683 3643 domus
1718 3580 2127 3660 procedat,cui

2215 3582 2333 3638 ὅσον
2376 3582 2508 3661 ὑπὲρ
2565 3583 2806 3639 τοιούτου
2861 3590 2954 3639 τοῦ
3005 3581 3269 3661 ληγᾶτου,
3317 3584 3405 3641 ἐπὶ
3452 3583 3534 3641 λε’
3596 3586 3830 3644 ἐνιαυτοῖς

478 3676 759 3740 relictum
797 3671 1258 3751 est.[Similiter|
1292 3671 1475 3733 etiam
1509 3671 1683 3750 cap.7
1718 3670 1988 3750 ejusdem
2020 3669 2124 3732 lib.

2215 3673 2516 3750 συνάγεται,
2563 3672 2700 3729 οὕτω
2749 3672 2933 3748 μέντοι
2982 3673 3121 3730 ὥστε
3171 3673 3234 3729 τὰ
3265 3676 3506 3731 τοιοῦτον
3539 3676 3742 3751 τίμημα
3768 3675 3828 3735 εἷς

480 3777 541 3829 et
560 3768 627 3828 tit
661 3764 843 3847 ,quod
869 3765 956 3825 sic
980 3761 1180 3824 habet:
1211 3759 1273 3823 Si
1294 3763 1430 3838 quis
1452 3761 2123 3841 oratorium,templum,

2215 3764 2269 3819 τὸ
2301 3760 2562 3842 συμφέρον
2609 3770 2702 3820 τοῦ
2731 3764 3126 3841 προειρημένου
3156 3761 3453 3837 σεϐασμίου
3512 3763 3689 3841 οἴκου,
3721 3764 3829 3823 ’ὅπου

2228 805 2344 848 τεῖν
2389 794 2475 848 καὶ
2519 792 2781 872 πληροῦν,
2831 794 2923 851 ,ιαί
2982 798 3139 853 παντὶ
3185 795 3239 852 δὲ
3286 798 3450 875 ἑτέρῳ
3506 796 3653 855 ἄδεια
3705 800 3846 880 ἔστω,

2226 884 2326 949 τὴν
2382 884 2635 952 τοιαύτην
2718 886 2947 955 ζήτησιν
3004 899 3201 961 κινεῖν,
3265 888 3353 943 καὶ
3412 887 3721 960 σπουδάζειν
3770 891 3850 946 ἵνα

2227 979 2357 1029 πᾶσι
2383 974 2595 1049 τρόποις
2651 976 2700 1031 αἱ
2760 982 3006 1033 τοιαῦται
3066 974 3310 1039 εύσεϐεῖς
3362 980 3523 1034 αἰτίαι
3569 980 3852 1055 πληρωθῶ-

2228 1084 2331 1119 σιν.
2383 1066 2441 1120 Εί
2463 1061 2515 1119 δὲ
2550 1066 2577 1120 ὁ
2606 1066 2946 1141 κληρονόμος
2977 1067 3042 1123 τὰ
3073 1068 3147 1131 εἷς
3205 1065 3448 1129 εὒσεϐερῖς
3502 1069 3668 1135 αἰτίας
3706 1093 3855 1126 κατα-

2226 1152 2555 1228 λελειμμένα
2605 1155 2683 1228 μὴ
2738 1153 3028 1233 πληρώσῃ,
3081 1155 3256 1235 λέγων
3291 1157 3386 1225 τὴν
3416 1156 3854 1237 καταλειφθεῖσαν

2227 1241 2369 1315 αύτῷ
2426 1241 2791 1320 κληρονομίαν
2848 1245 2927 1319 μὴ
2974 1247 3161 1321 ἀρκεῖν
3212 1247 3288 1309 εἰς
3318 1248 3538 1319 ταύτας,
3586 1247 3854 1324 κελεύομεν

2225 1333 2423 1395 παντὸς
2459 1339 2550 1389 τοῦ
2581 1332 2641 1389 ἐκ
2662 1341 2752 1390 τοῦ
2774 1332 3051 1413 φαλκιδίου
3077 1333 3295 1414 κέρδους
3331 1336 3697 1415 σχολάζοντος
3727 1340 3855 1395 ὅσον-

2224 1420 2423 1488 δήποτε
2459 1422 2643 1500 εὕρεθῇ
2676 1422 2729 1477 ἐν
2761 1430 2827 1499 τῇ
2875 1425 3101 1500 τοιαύτῃ
3152 1426 3301 1498 οὗσίᾳ
3347 1440 3664 1506 προχωρεῖν
3707 1427 3757 1483 ἐν
3793 1436 3851 1501 τῇ

2225 1513 2443 1585 προνοίᾲ
2479 1515 2569 1569 τού
2599 1514 2903 1590 ἁγιωτάτου
2928 1521 3034 1571 τῶν
3083 1516 3266 1571 τόπων
3312 1518 3617 1572 επισκόπου
3661 1519 3731 1580 εἷς
3771 1520 3853 1581 τὰς

481 3867 581 3921 aut
599 3862 1035 3934 xenonem,aut
1055 3851 1491 3934 ptochium.aul
1515 3851 2124 3933 orphanotrophium,

478 3957 580 4011 aut
605 3944 1045 4017 nosocomium,
1079 3949 1179 4003 aut
1207 3942 1383 4003 aliam
1440 3941 1849 4004 venerabilem
1882 3941 2125 4002 domum

479 4037 705 4102 exstrui
736 4037 795 4097 in
827 4035 1036 4096 ultima
1071 4032 1374 4094 voluntate
1407 4029 2122 4110 disposuerit,jubemus,

479 4136 544 4189 ut
574 4125 902 4189 oratorium
931 4128 1087 4183 intra
1108 4122 1381 4202 quinque
1403 4139 1594 4181 annos
1617 4120 2126 4201 perficiatur.pro-

478 4217 742 4279 videntis
771 4216 1044 4277 lucorum
1072 4212 1342 4291 episcopi
1376 4220 1434 4272 et
1468 4211 1659 4272 civilis
1696 4211 2123 4290 magistratus:

2210 3851 2531 3932 κατελείφθη
2576 3866 2913 3933 προχωρεῖν,
2974 3856 3064 3911 καὶ
3122 3853 3416 3933 κεφάλαιον
3467 3854 3516 3927 ζ’
3570 3876 3658 3913 του
3698 3856 3830 3911 αὐτοῦ

2210 3939 2418 4019 βιϐλίου
2472 3944 2560 3998 καὶ
2614 3943 2794 3999 τίτλου
2824 3941 2992 4009 οὕτως
3053 3942 3185 4024 ἕχον
3219 3962 3234 3981 ·
3296 3944 3362 4001 Εἴ
3404 3965 3485 4009 τις
3527 3944 3829 4010 κατασκευὴν

2213 4031 2512 4113 εύκτηρίου,
2560 4039 2708 4108 ναοῦ,
2755 4031 2791 4100 ii
2854 4032 3099 4110 ξενῶνος,
3148 4033 3182 4102 ii
3225 4035 3527 4114 πτωχείου,
3562 4036 3597 4104 ii
3628 4036 3827 4114 ὀρφανο-

2212 4122 2473 4203 τροιρείον,
2525 4122 2558 4190 ii
2615 4123 2985 4205 νοσοκομείου,
3025 4124 3060 4192 ii
3120 4123 3284 4181 ἄλλου
3343 4122 3635 4189 σεϐασμίου
3676 4124 3825 4196 οἴκου,

2212 4213 2268 4269 ἐν
2327 4212 2604 4285 τελευταίᾳ
2654 4214 2908 4290 βουλήσει
2969 4213 3216 4292 γενέσθαι
3273 4212 3623 4290 διατυπώσει,
3666 4217 3721 4272 τὸ
3749 4213 3825 4269 εὖ·

478 4325 673 4370 xenon
702 4312 974 4377 vero,aut
1002 4301 1336 4382 ptochium,
1360 4308 1460 4362 aut
1483 4300 1600 4361 alia
1624 4299 1983 4361 venerabilis
2014 4301 2126 4362 do-

2215 4305 2428 4381 κτήριον
2473 4304 2570 4378 μὲν
2602 4304 2762 4360 πέντε
2792 4301 2929 4360 εἵσω
2959 4304 3215 4363 ἐνιαυτῶν
3260 4303 3591 4383 πληροῦσθαι
3633 4304 3824 4362 κελεύο-

480 4415 615 4461 mus
633 4401 791 4457 intra
812 4411 1000 4455 unum
1020 4410 1241 4453 annum
1269 4392 1703 4453 exstruatur.Si
1727 4391 1882 4451 intra
1904 4410 2125 4452 annum

2215 4417 2309 4470 μεν
2357 4394 2579 4473 προνοίᾳ
2634 4400 2741 4452 τῶν
2784 4393 2964 4452 τόπων
3024 4395 3343 4476 ἐπισκόπου,
3374 4397 3463 4452 καὶ
3513 4397 3607 4453 τοῦ
3636 4394 3823 4453 πολιτι-

478 4485 755 4552 hazredes
788 4500 1108 4563 xenonem,
1146 4490 1247 4542 aut
1278 4499 1698 4563 quamcunque
1725 4482 2125 4545 venerabilem

2215 4492 2310 4542 κοῦ
2367 4483 2653 4562 ἄργοντος,
2715 4486 2807 4541 τὸν
2860 4483 2914 4541 δὲ
2975 4484 3173 4551 ξενῶνα
3227 4487 3317 4542 καὶ
3372 4486 3435 4541 τὸ
3467 4482 3823 4567 πτωχεῖον,ἦ

477 4580 750 4653 domum,
786 4592 961 4657 quam
993 4580 1241 4634 testator
1266 4571 1954 4653 exstruidisposuit,non
1977 4572 2130 4634 fece-

2215 4575 2376 4635 ἄλλον
2428 4572 2719 4651 σεϐάσμιον
2779 4575 2962 4649 οἷκον,
2999 4576 3135 4633 εἴσω
3166 4577 3284 4641 ἐνὸς
3312 4575 3555 4634 ἐνιαυτοῦ
3596 4578 3819 4656 γίνεσθαι,

474 4668 1031 4748 rint,jubemus,nt
1063 4663 1307 4724 domum
1344 4664 1380 4724 ii
1407 4664 1497 4724 vel
1532 4663 1856 4738 emant,vel
1891 4667 2128 4725 condu-

475 4758 743 4836 cant,ubi
762 4757 931 4837 jussa
956 4761 1180 4836 queant
1204 4754 1775 4835 exsequi,tautispcr
1792 4753 1933 4815 dum
1960 4754 2126 4834 ejus-

475 4853 637 4916 modi
673 4847 1037 4913 venerabilis
1059 4847 1275 4907 domus
1306 4845 1774 4908 absolvatur.Ac
1799 4846 1847 4906 si
1880 4846 2125 4926 quidem

473 4944 603 5024 ipse
623 4950 871 5004 testator
902 4935 1484 5015 deﬁnierit,quinam
1511 4934 1981 5008 xenodochi,aut
2005 4944 2126 5016 pto-

476 5032 923 5112 chotrophi,aut
954 5029 1007 5088 id
1042 5044 1231 5105 genus
1262 5025 1362 5088 alii
1395 5026 1841 5107 dispensatores
1869 5025 1998 5087 fieri
2023 5026 2120 5089 de-

474 5123 785 5200 beant,aut
803 5117 1147 5181 haeredibus
1170 5117 1293 5177 suis
1320 5116 1498 5196 hujus
1526 5116 1613 5176 rei
1639 5117 1941 5197 optionem
1964 5135 2121 5197 prie-

473 5209 695 5271 buerit:
720 5207 1103 5287 jubemus,ut
1120 5205 1397 5267 omnibus
1420 5205 1614 5267 modis
1638 5205 1913 5267 haeredes
1935 5206 2125 5287 ipsius

475 5300 570 5362 his
604 5316 736 5380 qum
759 5296 831 5358 ab
859 5298 990 5377 ipso
1021 5295 1311 5375 disposita
1343 5303 1502 5369 sunt,
1527 5295 1894 5358 satisfaciant
1924 5314 1937 5359 :
1976 5297 2086 5359 bea
2113 5330 2125 5343 -

473 5387 723 5451 tissimis
753 5387 1024 5447 locorum
1058 5385 1362 5467 episcopis
1392 5386 1754 5467 inspecturis
1782 5405 1857 5448 an
1884 5386 2124 5469 dispen-

472 5487 622 5542 satio
639 5476 891 5561 pulchre
910 5475 1218 5557 procedat:
1238 5476 1358 5539 etsi
1374 5476 2008 5557 deprehenderiuteos
2024 5479 2123 5560 qui

472 5568 986 5653 dispensationem
1003 5564 1223 5627 habent
1237 5584 1493 5647 nequam
1510 5566 1791 5629 homines
1815 5577 1875 5631 et
1898 5568 2122 5632 nullius

471 5657 649 5726 bonae
671 5658 762 5725 rei
783 5675 942 5743 esse,
972 5654 1279 5720 licentiam
1305 5655 1625 5743 habituris,
1655 5666 1720 5721 ut
1739 5658 1873 5723 sine
1901 5657 2120 5724 damno

2213 4666 2271 4723 Εἰ
2333 4663 2375 4695 “-
2437 4664 2459 4719 ἐ
2529 4666 2541 4681 “
2568 4688 2585 4699 ·
2643 4664 2667 4720 ἐ
2861 4673 2882 4682 ⁸
2979 4666 2992 4685 ‘
3734 4664 3744 4683 '

2323 4682 2378 4720 οε.
2466 4687 2583 4725 ντο.
2673 4687 2887 4723 νιαυτου
2929 4689 3009 4741 μη
3059 4667 3362 4736 ποιήσωσιν
3416 4668 3464 4722 οἱ
3525 4667 3817 4746 κληρονομοι

2216 4757 2299 4811 τὸν
2332 4754 2550 4836 ξενῶνα,
2612 4757 2648 4824 ii
2705 4754 3019 4825 οἱονδήποτε
3078 4754 3371 4833 σεϐάσμιον
3416 4761 3599 4830 οἷκον,
3629 4758 3722 4813 ὕπὸ
3748 4759 3819 4810 τοῦ

2211 4845 2519 4922 διαθεμένου
2598 4844 2991 4904 διατυπωθέντα
3045 4848 3315 4924 γενέσθαι,
3377 4845 3665 4922 κελεύομεν
3714 4843 3818 4901 τού·

2208 4959 2327 5001 τους
2373 4936 2528 4992 οἷκον
2667 4935 2974 5015 ἀγοράζειν,
3023 4938 3057 5000 ii
3117 4940 3458 5017 μισθοῦσθαι,
3494 4937 3627 4997 ὅπου
3666 4936 3821 4993 δύναν-

2207 5050 2293 5084 ται
2348 5028 2414 5082 τὰ
2469 5024 2819 5083 κελευσθέντα
2876 5027 3185 5105 πληρῶσαι,
3246 5026 3347 5091 ἕως
3410 5026 3473 5083 ἂν
3538 5031 3565 5085 ὁ
3615 5032 3817 5085 τοιοῦτος

2208 5116 2498 5192 σεϐάσμιος
2530 5117 2685 5181 οἶκος
2720 5116 3004 5199 πληρωθῇ,
3060 5118 3149 5175 καὶ
3202 5119 3245 5173 εἰ
3279 5118 3377 5192 μὲν
3425 5118 3583 5182 αύτὸς
3611 5120 3637 5174 ὁ
3666 5113 3816 5173 διαθέ-

2206 5229 2365 5283 μενος
2404 5206 2557 5286 ὅρίσῃ
2599 5208 2719 5271 τοὺς
2770 5206 3081 5286 ὀφείλοντας
3139 5206 3458 5289 ξενοδόχους
3510 5200 3814 5285 γενέσθαι,ἣ

2207 5298 2631 5378 πτωχοτρόφους
2690 5296 2726 5366 ii
2778 5296 2971 5363 ἄλλους
3031 5298 3302 5363 τοιούτους
3360 5297 3656 5377 διοικητὰς,
3721 5293 3813 5351 εἴτε

2206 5401 2325 5454 τοῖς
2356 5387 2505 5453 ἰδίοις
2549 5387 2905 5467 κληρονόμοις
2950 5389 3048 5457 τὴν
3093 5388 3347 5456 τοιαύτην
3392 5388 3646 5468 ἒπιλογὴν
3676 5381 3816 5463 παρά·

2207 5503 2345 5559 σχῃ,
2382 5477 2675 5553 κελεύομεν
2706 5478 2926 5559 τρόποις
2968 5480 3136 5539 ἅπασι
3168 5479 3289 5556 τοὺς
3331 5478 3692 5558 κληρονόμους
3732 5477 3812 5533 αὖ·

2205 5568 2323 5651 τοῦ,
2389 5569 2456 5627 τὰ
2539 5569 2665 5650 παρ’
2738 5572 2898 5631 αὖτοῦ
2974 5569 3375 5629 διατυπωθέντα
3429 5569 3680 5650 πληροῦν,
3726 5567 3813 5622 τῶν

2202 5660 2343 5721 κατὰ
2398 5658 2566 5721 τόπον
2624 5660 3048 5750 μακοριωτάτων
3102 5659 3412 5722 ἔπισκόπων
3442 5656 3809 5721 ἐποπτευόντων
