4090 6204
505 339 656 406 1039
1679 329 1949 407 PHOTII
1994 338 2516 411 PATRIARCHE
2557 344 2674 411 GP.
3677 347 3798 422 102.0

496 479 633 556 lege
651 477 853 556 aliqua
875 479 1040 540 locus
1059 477 1368 557 profanus,
1396 485 1498 540 aut
1519 480 1740 557 [homo]
1757 478 1912 541 liber
1931 497 2104 541 servu

2189 482 2498 563 ιθεροῦμαι,
2571 486 2667 540 καί
2719 486 2763 540 εἰ
2821 483 2998 561 συμϐῇ
3055 483 3117 540 ἔκ
3164 506 3316 548 τινος
3371 485 3530 560 νόμου
3579 487 3714 544 πάλιν
3763 492 3804 545 τί

498 587 632 630 esse
651 566 1002 648 cmperitEt
1028 567 1275 628 thema'7
1306 567 1580 646 ejusdem
1607 568 2008 648 capitis,quod
2040 567 2113 627 di

2224 575 2390 628 τόπον
2442 571 2731 649 ἰδιωτικὸς,
2793 575 2828 642 ἢ
2900 577 2993 630 τὸν
3057 573 3330 651 ἐλεύθερον
3380 572 3558 632 δοῦλον
3607 578 3807 654 γενέσθαι

496 657 596 718 cit:
618 655 997 736 [Hominem]
1021 655 1280 718 liberum
1306 659 1588 739 stipulari
1617 678 1735 720 non
1767 677 2008 736 possum
2033 657 2111 718 sul

2227 655 2322 710 οὐκ
2367 653 2653 733 ἒνέχομαι.
2729 657 2830 713 Καὶ
2892 657 3029 730 θὲμα
3089 652 3140 724 ζ’
3206 656 3303 710 τοῦ
3363 658 3516 714 αὐτοῦ
3567 652 3810 735 κεφαλαίου

495 744 863 820 conditione,
889 745 1131 825 quando
1152 765 1363 809 servus
1383 748 1636 810 effectus
1657 749 1772 810 erit
1798 770 1811 811 :
1838 766 2032 828 neque
2049 748 2103 808 lo

2227 739 2388 818 λέγον
2423 757 2436 771 ⁸
2484 745 2584 800 Τὸν
2646 742 2919 820 ἐλεύθερον
2977 743 3038 800 οὒ
3067 740 3297 818 δύναμαι
3329 741 3590 822 ἐπερωτᾷν
3613 747 3702 802 ὑπὸ
3738 749 3812 802 αἴ-

495 853 628 897 cum
654 834 1621 918 sacrum,religiosumve,quando
1643 837 1928 916 profanus
1951 837 2110 917 [erit]

2228 851 2371 908 ρεσιν
2415 833 2513 900 τὴν
2558 832 2646 889 ὅτε
2692 831 2875 898 δοῦλος
2921 833 3147 910 γένηται
3208 832 3326 889 οὔτε
3370 835 3430 888 τὸ
3480 836 3614 912 ἱερὸν
3640 837 3671 903 ἢ
3697 860 3814 910 psm-

491 925 598 987 llla
619 925 781 988 enim
806 925 1140 1007 lduntaxat]
1167 927 1448 1008 stipulari
1473 945 1960 1007 possumus,quat
1992 936 2106 988 tem

2227 933 2386 995 μεῖον
2455 921 2544 978 ὅτε
2620 923 2882 1001 γένωνται
2952 921 3219 980 ίδιωτικσί.
3309 920 3524 980 Ἐκεῖνα
3599 926 3687 1002 γὰρ
3734 929 3815 980 ἱπ-

495 1032 641 1096 pore
662 1014 1069 1094 stipulationis
1092 1016 1309 1096 subjici
1333 1017 1542 1079 usibus
1567 1016 1961 1097 dominioque
1992 1034 2104 1077 nos

2227 1017 2428 1088 ερωτᾷν
2483 1009 2772 1088 δυνάμεθα,
2845 1011 2969 1068 ὅσον
3029 1014 3165 1068 κατᾶ
3223 1013 3314 1069 τὸν
3378 1015 3558 1090 καιρὸν
3614 1014 3698 1081 τῆς
3736 1016 3816 1071 ἑπ-

493 1113 588 1166 tro
609 1105 1199 1186 possunt.Digestum
1224 1107 1294 1168 91
1327 1115 1418 1168 est
1443 1105 1851 1179 lib.xuu,tit.t
1870 1107 2102 1186 ,cap.9l

2228 1102 2568 1177 ερωτήσεως,
2603 1107 2703 1169 τῆς
2735 1105 3016 1182 χρήσεως,
3051 1103 3138 1158 καὶ
3196 1107 3294 1168 τῆς
3346 1100 3646 1164 δεσποτείας
3694 1106 3819 1179 ἡμῶν

497 1193 702 1257 thema
721 1195 948 1276 2,quod
975 1196 1186 1258 eadem
1210 1197 1401 1258 ferme
1415 1215 1544 1258 com
1557 1196 2038 1276 prehendit,quae
2053 1215 2112 1276 pa

2229 1191 2469 1267 γενέσθαι
2500 1190 2736 1249 δύναται.
2772 1201 2844 1248 To
2874 1192 2970 1268 4α²
3017 1189 3289 1270 διάταγμα
3340 1192 3452 1248 ἐστι
3497 1190 3684 1268 βιϐλίον
3722 1195 3815 1271 μγ’,

497 1285 756 1347 triarcha
778 1285 964 1346 fusius
986 1286 1250 1366 scripsit.
1284 1286 1590 1363 Digestum
1617 1285 1734 1349 137
1752 1298 1843 1347 est
1875 1286 2112 1365 ejusdem

2229 1281 2332 1340 τίτ.
2394 1280 2472 1356 α’,
2529 1280 2822 1362 κεφάλαιον
2868 1281 2991 1356 4ἀ’,
3051 1282 3189 1356 θέμα
3233 1280 3309 1357 β’,
3358 1283 3424 1337 τὰ
3482 1285 3608 1340 αὐτὰ
3659 1282 3818 1362 σχεδὸν

496 1391 603 1439 Lm
624 1375 797 1438 lib.et
816 1376 906 1438 tit.
933 1393 1066 1456 cap.
1097 1377 1234 1456 137,
1261 1376 1468 1438 thema
1483 1379 1546 1455 4,
1569 1375 1730 1455 quod
1753 1375 1858 1438 ait:
1885 1374 2109 1438 lnvalid

2229 1367 2591 1446 διαλαμϐάνον
2667 1371 2766 1428 ὅσα
2827 1372 2916 1426 καὶ
2980 1373 3008 1426 6
3085 1369 3435 1451 πατριάρχης
3517 1393 3822 1450 περιφραστι-

496 1464 756 1545 stipulor
777 1465 889 1527 sub
919 1464 1580 1546 conditione,quaelege
1605 1464 1902 1545 prohibita
1917 1475 2028 1527 est:
2051 1485 2111 1528 ve

2233 1465 2343 1523 κῶς
2405 1459 2626 1538 ἔγραψε.
2687 1464 2760 1519 Τὸ
2802 1459 2913 1538 ρλζ’
2971 1459 3267 1539 διάταγμα,
3336 1460 3449 1517 ἔστι
3504 1469 3594 1518 τοῦ
3634 1462 3714 1538 μγ’
3753 1464 3822 1536 βι-

499 1554 631 1618 luti:
658 1555 846 1619 Dabis
867 1558 921 1618 si
943 1557 1162 1618 Petrus
1183 1574 1311 1618 rem
1348 1573 1612 1629 sacram,
1645 1554 1741 1616 vel
1760 1557 2114 1634 religiosam

2233 1547 2383 1605 ϐλίου
2413 1550 2501 1606 καὶ
2531 1549 2735 1624 τίτλου,
2769 1548 3063 1631 κεφαλαίου
3093 1549 3230 1627 ρλζ’,
3269 1549 3499 1626 θέματος
3541 1549 3609 1628 δ’,
3649 1551 3785 1630 λέγον
3811 1570 3821 1587 ·

496 1645 590 1709 vel
605 1645 868 1725 publicis
893 1647 1100 1708 usibus
1125 1648 1577 1727 inperpetuum
1607 1653 1990 1726 segregatum
2013 1664 2111 1707 νει

2237 1639 2569 1718 Ἀνισχόρως
2617 1640 2974 1718 ἐπερωτῶμαι
3023 1641 3142 1716 περὶ
3203 1639 3413 1718 αἵρεσιν
3445 1641 3543 1696 ὕπὸ
3570 1648 3657 1696 τοῦ
3695 1645 3825 1716 νόμον

495 1735 756 1797 diderit?
786 1733 1049 1797 Tametsi
1081 1735 1211 1796 fieri
1240 1743 1530 1814 potest,ut
1560 1751 1764 1796 earum
1823 1753 2026 1796 rerum
2053 1737 2110 1815 ju

2235 1729 2641 1804 κεκωλυμένην,
2692 1734 2811 1787 οἷον
2864 1728 3032 1794 Δίδως
3090 1728 3182 1786 ἐὰν
3240 1729 3439 1805 Πέτρος
3497 1729 3735 1811 πωλήσῃ,
3783 1732 3827 1786 τὸ

496 1831 783 1887 mutetur.
815 1825 980 1887 Idem
1015 1827 1179 1906 [est],
1213 1826 1264 1888 si
1314 1824 1578 1888 conditio
1613 1833 1821 1886 natura
1849 1827 1974 1905 imp
1993 1827 2111 1887 ossi

2235 1819 2398 1895 ἱερὸν,
2445 1818 2482 1886 ii
2520 1821 2582 1876 τὸ
2627 1832 2898 1894 μνημεῖον
2927 1818 2964 1886 ii
2993 1820 3052 1875 τὸ
3096 1824 3165 1895 τῇ
3196 1817 3430 1894 δημοσίᾳ
3481 1821 3670 1898 χρήσει
3707 1822 3828 1897 ἀφω-

495 1915 636 1977 bilis
669 1915 770 1976 sit.
798 1915 1038 1976 Locatio
1069 1923 1268 1977 autem
1302 1914 1379 1976 de
1405 1932 1574 1976 sacra
1607 1913 1794 1993 [aede]
1833 1914 1996 1977 valet
2020 1935 2110 1996 qu:

2234 1908 2505 1986 ρισμὲνον,
2539 1911 2584 1966 εἰ
2626 1912 2715 1966 καὶ
2742 1908 2960 1965 δυνατόν
3008 1907 3120 1965 ἐστι.
3179 1910 3242 1964 τὸ
3298 1907 3502 1965 δίκαιον
3545 1911 3645 1966 τῶν
3684 1910 3829 1966 τοιοῦ-

494 2004 572 2066 de
595 2023 665 2066 ea
693 2005 1200 2080 aediﬁcandamon
1230 2011 1427 2066 autem
1464 2003 1545 2081 [in
1579 2003 1869 2081 locatum]
1905 2005 2109 2067 traden

2231 2020 2337 2053 των
2367 1997 2732 2078 ἐναλλαγῆναι
2777 1999 3112 2076 πραγμάτων
3141 2013 3155 2027 ⁹
3193 2000 3264 2056 Τὸ
3317 2000 3445 2055 αὐτὸ
3476 2001 3570 2056 κᾶν
3599 2006 3663 2076 τῇ
3701 2002 3822 2078 φύσει

495 2093 696 2168 da,est
719 2094 889 2156 inita.
917 2093 980 2157 Si
1011 2094 1148 2175 quis
1179 2094 1341 2156 enim
1375 2093 1811 2154 monasterium
1841 2095 2110 2158 conduxe

2235 2084 2488 2152 ἀδύνατός
2514 2088 2657 2146 ἐστιν
2686 2091 2721 2152 ἡ
2751 2088 2984 2166 αἵρεσις,
3019 2088 3333 2163 Σημείωσαι
3365 2104 3378 2118 ⁶
3418 2091 3675 2164 μίσθωσις
3721 2087 3765 2144 δὲ
3803 2088 3829 2152 ἦ

491 2184 720 2260 rit,non
747 2184 923 2246 modo
947 2203 1070 2246 non
1089 2201 1162 2247 ex
1185 2183 1607 2256 conductione,
1643 2190 1765 2245 tum
1784 2184 1922 2263 jure
1942 2184 2106 2247 desti'

2236 2176 2320 2233 ἐπὶ
2352 2185 2428 2253 τῷ
2466 2181 2592 2259 ἱερῷ
2623 2178 2871 2257 ἔῤῥωται,
2905 2177 2941 2244 ii
2975 2184 3212 2234 συστᾶσα
3271 2179 3436 2256 χάριν
3471 2185 3564 2235 τοῦ
3595 2183 3830 2245 κτισθῆναι

494 2283 772 2348 tuta,tum
794 2273 1074 2354 invalida,
1107 2274 1422 2337 utilitatem
1441 2275 1682 2349 sentiet,
1714 2293 1917 2335 verum
1953 2275 2109 2337 etian

2216 2289 2243 2322 τ
2263 2268 2290 2323 ὸ
2326 2271 2491 2349 ἱερὸν,
2521 2271 2580 2327 οὒ
2609 2271 2718 2346 μὴν
2749 2271 2784 2336 ἡ
2814 2269 2900 2325 ἐπὶ
2931 2267 3137 2324 ἐκδόσει
3182 2270 3276 2324 τοῦ
3316 2270 3462 2346 ἱεροῦ
3495 2285 3508 2299 ⁸
3545 2269 3630 2324 ἐὰν
3657 2271 3746 2347 γάρ
3773 2289 3831 2328 τις

491 2365 802 2444 punietur.
836 2366 950 2439 Qui
1001 2353 1160 2426 enim
1213 2363 1582 2443 conducunt,
1618 2381 1688 2425 ac
1717 2363 2106 2427 intervenien‘

2216 2353 2523 2426 ὶκλάϐηται
2581 2363 2922 2435 μισθωτικῶς
2995 2357 3382 2437 μοναστάριον,
3457 2361 3520 2416 οὗ
3561 2359 3713 2434 μόνον
3763 2362 3831 2416 οὔκ

494 2455 650 2516 tibus
706 2455 892 2534 pactis
947 2452 1285 2534 suscipiunt
1340 2452 1722 2526 monasteria,
1759 2462 1823 2514 ut
1867 2455 1969 2530 qui
1993 2455 2109 2534 jure

2217 2447 2637 2528 ὠφεληθήσεται
2667 2449 2774 2505 ἀπὸ
2810 2448 2899 2516 τῆς
2950 2447 3264 2523 μισθώσεως
3312 2450 3386 2514 ὡς
3427 2448 3592 2514 οὔσης
3624 2447 3825 2524 παρανό-

492 2543 896 2624 improbatum
957 2549 1326 2604 contractum
1387 2541 1658 2618 inierint,
1693 2540 1800 2604 Dei
1859 2543 2107 2623 legisqut

2227 2562 2329 2617 μου
2385 2540 2478 2596 καὶ
2521 2538 2836 2617 ἂνισχύρου,
2867 2535 3006 2593 ἀλλᾶ
3051 2538 3140 2593 καὶ
3188 2536 3612 2609 κολασθήσεται.
3652 2540 3706 2596 Οἱ
3753 2540 3828 2616 γὰρ

493 2631 1063 2695 condemnationem
1100 2639 1442 2693 metuunto.

2227 2630 2577 2706 μισθούμενοι
2637 2629 2725 2684 καὶ
2776 2629 2824 2684 oi.
2855 2632 3204 2694 πακτωτικῆς
3259 2624 3710 2702 ἐπιλαμϐανόμενοι
3745 2650 3825 2700 μο-

493 2725 774 2802 ναστήρια,
820 2725 894 2787 ὡς
951 2722 1258 2801 παράνομον
1302 2720 1658 2800 συνάλλαγμα
1734 2725 2116 2805 πεποιηκότες,
2160 2722 2546 2804 ὑφοράσθωσαν
2589 2717 2688 2784 τὴν
2749 2717 2853 2774 ἀπὸ
2911 2725 3004 2774 τοῦ
3059 2722 3190 2772 Θεοῦ
3257 2717 3344 2773 καὶ
3390 2725 3489 2774 τοῦ
3539 2717 3693 2794 νόμου
3747 2739 3826 2772 κα-

491 2814 753 2890 τάκρισιν.

578 2902 821 2966 Textus.
852 2901 988 2966 Lib.
1023 2917 1197 2976 XLVII,
1250 2899 1346 2965 tit.
1401 2899 1500 2978 22,
1537 2907 1596 2962 et
1626 2900 1731 2965 lib.
1764 2918 1906 2978 Lvn,
1946 2903 2034 2966 tit.
2071 2907 2130 2978 4,
2153 2911 2193 2966 α

2304 2901 2583 2975 Κείμενον.
2642 2895 2762 2957 Βιϐ.
2811 2896 2925 2973 μζ’,
2985 2899 3092 2962 τίτ.
3145 2895 3260 2973 κβ’,
3311 2895 3454 2958 διάτ.
3514 2895 3591 2978 β’,
3623 2920 3677 2957 δι.
3711 2895 3823 2957 τ.).

491 2992 625 3072 Dig.
661 2992 775 3065 Qui
809 3009 943 3055 cum
997 2989 1180 3052 armis
1211 2999 1355 3065 etc.,
1389 3007 1580 3070 usque
1603 2991 1684 3053 ad
1715 3009 1830 3056 non
1863 3001 1999 3053 sunt
2029 3013 2137 3074 pu-
2224 3006 2416 3071 usque
2447 2987 2518 3050 ad
2552 2988 2648 3045 οὐκ
2683 2986 2781 3044 etot
2810 2983 3072 3062 δημόσια.

493 3081 677 3161 blica,
709 3090 774 3144 ut
801 3099 947 3161 pag.
982 3081 1124 3144 570.

575 3171 911 3235 Scholium.
943 3171 1250 3248 Digestum
1285 3171 1323 3232 2
1349 3169 1438 3231 tit.
1473 3170 1552 3230 22
1584 3169 1689 3233 lib.
1723 3187 1886 3234 XLVII
1916 3171 2133 3235 estlib.

2302 3169 2563 3250 Σχόλιον.
2622 3168 2694 3226 Τὸ
2750 3166 2796 3243 β’
2890 3164 3161 3244 διάταγμα
3243 3168 3338 3222 τοῦ
3391 3166 3481 3243 κβ⁹
3543 3170 3711 3223 τίτλου
3757 3173 3827 3224 τοῦ

492 3281 587 3338 1.x,
624 3261 717 3325 tit.
751 3260 850 3336 32,
883 3278 1014 3343 cap.
1049 3262 1088 3322 2
1122 3277 1135 3320 :
1173 3259 1456 3340 Quisquis
1497 3269 1707 3322 contra
1759 3259 1954 3337 legem
2005 3263 2107 3324 col.

2219 3261 2308 3343 ρξ’
2339 3259 2546 3338 βιϐλίου
2571 3258 2685 3316 ἓστὶ
2714 3254 2920 3334 βιϐλίον
2951 3255 3022 3336 ξ’,
3053 3255 3232 3320 τίτλος
3277 3255 3389 3332 λβθ,
3439 3254 3717 3337 κεφάλαιον
3815 3274 3824 3287 .

491 3352 714 3430 legium
745 3342 1220 3430 fecerit,tenetur
1251 3368 1319 3411 ea
1351 3369 1544 3430 poena,
1572 3368 1688 3431 qua
1714 3352 2014 3428 [tenentur
2045 3351 2104 3412 hi

2226 3342 2284 3410 Ὀ
2341 3355 2653 3429 παράνομον
2706 3347 2876 3405 ποιῶν
2955 3346 3226 3421 σύστημα,
3287 3351 3358 3422 τῇ
3414 3345 3558 3403 κατᾶ
3611 3354 3708 3403 τῶν
3755 3351 3824 3402 ob:

494 3441 596 3522 qui
620 3459 758 3502 cum
787 3440 970 3502 armis
995 3439 1192 3502 locum
1217 3437 1520 3518 publicum
1548 3439 1638 3502 vel
1678 3458 1912 3501 sacrum
1948 3459 2109 3503 occu-

2220 3439 2406 3502 ὅπλοις
2435 3441 2601 3498 τόπον
2646 3436 2933 3512 δημόσιον,
2966 3435 3003 3502 ii
3031 3436 3174 3514 ἱερὸν
3223 3433 3597 3516 κατεχόντων,
3639 3436 3824 3493 ὑπόκει-

491 3529 970 3613 pant.Digestum
1000 3528 1530 3604 l,tit.4,lib.xt.vm
1554 3529 1876 3609 Digest.est
1899 3530 2006 3593 lib.
2029 3547 2101 3592 Lx

2215 3553 2303 3587 ται
2332 3531 2516 3605 ποινῇ.
2552 3529 2622 3587 Τὸ
2662 3525 2713 3584 α’
2758 3527 3048 3605 διάταγμα,
3100 3531 3193 3582 τοῦ
3227 3522 3290 3613 Ϋδί
3336 3524 3546 3601 τίτλου,
3605 3534 3692 3584 τοῦ
3747 3533 3823 3601 in.”

491 3612 900 3700 tit.36,cap.l:
931 3619 1046 3681 Lex
1063 3618 1138 3680 de
1162 3618 1542 3698 [majestatisl
1570 3618 2017 3682 insidiatoribus
2039 3621 2106 3682 si-

2215 3617 2425 3697 βιϐλίου
2481 3623 2587 3674 τῶν
2639 3615 2963 3700 Διατάξεων,
2998 3614 3109 3673 ἔστι
3152 3612 3355 3691 βιϐλίον
3399 3613 3443 3680 ξ’
3491 3615 3664 3682 τίτλος
3711 3615 3820 3692 λς’,

490 3710 651 3772 milis
676 3697 946 3787 est'legis
997 3709 1072 3771 de
1128 3697 1465 3786 sacrilegio.
1505 3707 1571 3770 Et
1602 3717 1841 3771 tenetur
1867 3710 1996 3785 illa,
2031 3730 2105 3788 qu

2216 3708 2514 3788 κεφάλαιον
2557 3705 2609 3764 α’
2643 3726 2660 3743 '
2711 3697 2769 3763 Ὀ
2822 3707 2944 3785 περὶ
2973 3712 3080 3763 τῶν
3110 3702 3403 3762 ἐπιϐούλων
3448 3708 3636 3782 νόμος,
3669 3707 3823 3781 ὅμοιός

487 3800 774 3862 adversus
807 3799 1095 3878 populum
1133 3799 1467 3861 Romanum
1500 3797 1776 3878 [aliquid[
1809 3800 2102 3862 commisit

2217 3799 2328 3855 ἐστι
2383 3804 2460 3871 τῷ
2500 3798 2618 3875 περὶ
2660 3794 2982 3876 ἱεροσυλίας,
3044 3796 3131 3850 οιαὶ
3189 3794 3440 3874 ἐνέχεται
3495 3795 3822 3870 αὒτῷὁιιατᾶ

488 3891 562 3952 Et
591 3889 692 3970 qui
743 3887 879 3950 dolo
935 3886 1152 3966 [malo]
1205 3885 1428 3961 elfecit,
1489 3895 1553 3948 ut
1603 3886 1847 3950 obsides
1904 3888 2103 3968 injUSSl

2215 3895 2307 3946 τοῦ
2341 3879 2648 3962 Ῥωμαίιοῦ
2677 3884 2850 3960 δήμου
2879 3883 3311 3961 πλημμελήσας,
3343 3884 3443 3941 καί
3488 3888 3517 3942 6
3560 3883 3820 3949 σπουδάσας

489 3977 780 4060 principis
837 3975 1303 4040 interciderint:
1368 3985 1435 4038 ut
1484 3979 1694 4039 armati
1753 3978 2028 4040 homines
2067 3979 2104 4042 ii

2214 3978 2352 4035 κατὰ
2407 3975 2562 4034 δόλον
2643 3977 2788 4054 παρὰ
2871 3973 3116 4033 κέλευσιν
3184 3974 3453 4050 βασιλέωδ
3516 3975 3819 4054 ἀναιρεθῆναι

486 4068 638 4132 urbe
665 4068 952 4130 adversus
1001 4066 1215 4128 urbem
1247 4068 1388 4140 sint,
1443 4075 1506 4128 ut
1543 4067 1710 4128 locus
1741 4067 1997 4148 [aliquis]
2032 4088 2101 4129 au

2212 4068 2333 4131 τοὺς
2387 4068 2646 4145 ὁμήρους,
2681 4068 2716 4136 ii
2745 4063 2840 4120 ’ίνα
2870 4062 3084 4121 ἔνοπλοι
3114 4061 3382 4143 ἄνθρωποι
3413 4065 3471 4121 ἐν
3512 4065 3664 4122 πόλει
3713 4064 3822 4120 κατὰ

489 4158 712 4236 templa
742 4165 1051 4235 occupata,
1087 4155 1177 4217 vel
1211 4154 1537 4217 seditiosus
1570 4163 1900 4219 conventus
1943 4158 2104 4220 factu;

2212 4156 2311 4224 τῆς
2339 4154 2544 4220 πόλεως
2573 4159 2730 4235 ὦσιν,
2763 4151 2798 4221 ii
2827 4152 2922 4211 ’ίνα
2953 4153 3118 4218 τόπος
3149 4153 3186 4220 ii
3242 4155 3360 4231 ἱερὰ
3411 4158 3819 4235 κατασχεθῶσιν,

487 4249 565 4308 sit
599 4265 611 4306 :
649 4259 714 4308 ut
747 4247 1125 4325 magistratus
1162 4244 1565 4308 occideretur.
1619 4247 1694 4307 Et
1727 4247 1828 4326 qui
1859 4246 2098 4310 hostibu

2221 4245 2250 4313 ii
2299 4243 2598 4313 στασιώδης
2656 4244 2880 4322 γένηται
2939 4240 3178 4315 σύνοδος,
3210 4242 3244 4310 ii
3273 4243 3370 4300 ἵνα
3401 4243 3649 4323 φονευθῇ,
3685 4247 3710 4301 6
3748 4242 3828 4319 ἄρ-

487 4337 767 4398 nuntium
799 4318 900 4396 aut
929 4335 1158 4396 litteras
1217 4334 1401 4410 misit,
1462 4318 1778 4414 signumve
1810 4335 1999 4411 dedit,
2034 4357 2102 4400 au

2218 4357 2364 4415 χων,
2408 4335 2495 4391 καὶ
2539 4337 2566 4391 ὁ
2624 4318 2755 4413 πρὸς
2814 4335 2936 4397 τοὺς
2995 4331 3287 4408 πολεμίους
3343 4318 3578 4411 ἄγγελον
3607 4318 3658 4400 -ἧ
3686 4318 3827 4409 γράμ-

489 4425 712 4505 alioqui
732 4425 1272 4505 ipsosjuvit,atque
1296 4424 1571 4488 adulatus
1594 4435 1705 4490 est.
1727 4427 1840 4501 Qui
1874 4427 2104 4510 deniqu

2220 4447 2364 4500 ματα
2404 4425 2644 4500 πέμψας,
2691 4423 2785 4480 καί
2833 4435 3068 4498 σημεῖον
3101 4424 3290 4486 αὐτοῖς
3321 4420 3594 4504 δεδωκὼς,
3626 4422 3659 4490 ii
3686 4420 3825 4482 ἄλλως

490 4514 718 4576 milites
748 4514 1037 4576 adversus
1067 4514 1500 4594 rempublicam
1537 4517 1609 4578 ad
1644 4517 2004 4579 seditionem
2038 4528 2098 4580 tu

2219 4515 2493 4590 βοηθήσας
2572 4515 2784 4592 αὐτοῖς,
2871 4515 2958 4570 καὶ
3048 4513 3431 4590 ὑπονοθεύσας,
3510 4511 3545 4580 ii
3631 4511 3826 4590 ἐρεθίσας

489 4604 820 4666 multumve
853 4604 1266 4667 concitaverit.
1301 4607 1522 4686 Digest.
1575 4608 1642 4667 17
1675 4608 1743 4669 tit
1775 4607 1850 4670 l6
1882 4606 1984 4670 lib.
2022 4625 2104 4670 xx:

2220 4606 2550 4683 στρατιώτας
2593 4606 2726 4682 πρὸς
2770 4604 2958 4662 στάσιν
3018 4603 3053 4670 ii
3103 4601 3325 4682 θόρυϐον
3378 4606 3516 4660 κατᾶ
3561 4604 3656 4671 τῆς
3695 4599 3823 4658 πολι-

488 4703 577 4757 est
601 4694 713 4758 lib.
744 4712 809 4776 ιι,
845 4694 932 4758 tit.
970 4695 1030 4774 2,
1065 4713 1199 4775 cap.
1237 4696 1334 4770 17,
1367 4695 1524 4776 quod
1558 4697 1642 4758 sic
1680 4697 1784 4771 ait,
1819 4695 1983 4759 circa
2011 4697 2098 4759 ini

2219 4695 2386 4757 τείας.
2421 4696 2492 4752 Τὸ
2523 4691 2590 4766 ιζ’
2621 4691 2762 4754 διάτ.
2797 4700 2890 4751 τοῦ
2921 4690 3020 4767 ις“’
3051 4693 3158 4757 τίτ.
3192 4699 3284 4750 τοῦ
3314 4692 3364 4748 λ’
3397 4691 3606 4769 βιϐλίου
3632 4693 3734 4750 icti
3755 4691 3823 4764 βι-

489 4785 634 4847 tium
664 4803 677 4848 :
715 4787 878 4848 Inter
927 4783 1163 4862 publica
1210 4804 1330 4846 non
1362 4786 1772 4862 continentur,
1808 4805 2001 4867 neque
2031 4806 2104 4849 sat

2214 4783 2363 4842 ϐλίον
2392 4783 2579 4860 β’,τίτ.
2616 4781 2690 4860 β’,
2726 4805 2850 4862 κεφ.
2887 4782 2978 4858 ιζ’,
3015 4783 3154 4840 οὕτω
3184 4781 3343 4861 λέγον
3375 4784 3497 4860 περὶ
3529 4785 3626 4851 τὴς
3656 4779 3821 4860 ἀρχάς·

484 4894 608 4953 cra,
645 4894 844 4956 neque
880 4875 1188 4955 religiosa,
1226 4893 1423 4956 neque
1471 4895 1600 4957 qua:
1633 4875 1892 4956 publicis
1923 4875 2098 4940 usibu

2215 4870 2306 4930 Ἐν
2336 4871 2390 4929 δὲ
2420 4887 2538 4939 τοῖς
2567 4872 2848 4948 δημοσίοις
2879 4874 2940 4930 οὒ
2969 4873 3308 4952 περιέχεται,
3343 4873 3461 4930 οὔτε
3492 4875 3560 4930 τὰ
3591 4867 3824 4948 ίερὰ,οῧτε

482 4974 622 5027 sunt
652 4965 953 5026 destinata
986 4983 998 5028 :
1036 4964 1140 5027 sed
1175 4965 1225 5026 si
1260 4983 1377 5045 qua
1423 4973 1564 5026 sunt
1613 4966 1940 5042 civitatum,
1975 4966 2097 5029 velu

2213 4964 2279 5021 τὰ
2335 4975 2605 5039 μνημεῖα,
2668 4961 2786 5020 οὔτε
2843 4963 2909 5020 τὰ
2936 4976 3060 5027 ταῖς
3090 4962 3373 5039 δημοσίαις
3404 4964 3667 5043 χρήσεσιν
3698 4961 3823 5038 ἀφω-

493 5055 745 5134 [earum]
779 5054 958 5116 bona.

2213 5052 2461 5132 ρισμὲνα,
2496 5050 2617 5110 ἀλλ’
2651 5053 2704 5109 εἴ
2727 5074 2846 5110 τινα
2878 5051 2988 5109 ἔστι
3020 5051 3257 5129 πόλεων,
3289 5053 3414 5109 οἷον
3444 5053 3495 5108 αἱ
3530 5052 3717 5111 οὐσίαι.

576 5142 816 5204 Textus.
850 5143 982 5207 Lib.
1017 5144 1118 5219 33,
1144 5143 1236 5208 tit.
1277 5150 1330 5218 l,
1359 5142 1578 5221 digest.
1612 5142 1712 5207 20:
1739 5141 1798 5206 Si
1831 5143 2126 5223 legavero,

2295 5143 2574 5218 Κείμενον.
2608 5141 2725 5206 Βιϐ,
2759 5139 2869 5222 λγ’,
2897 5142 3001 5202 τίτ.
3030 5139 3107 5221 α’,
3138 5140 3276 5202 διάτ.
3305 5140 3383 5222 κ’,
3410 5141 3500 5198 ἐὰν
3523 5139 3817 5220 λεγατεόσω,

487 5238 631 5308 etc.,
663 5249 853 5312 usque
885 5233 964 5294 ad
990 5232 1189 5295 facere
1224 5233 1417 5295 haeres
1445 5241 1716 5313 cogetur,
1749 5240 1814 5294 ut
1829 5233 2102 5315 pag.570

1933 5233 2124 5311 1.570.
2211 5255 2264 5291 κ.
2300 5253 2353 5294 τ.
2385 5231 2440 5296 λ.
2476 5249 2666 5313 usque
2695 5229 2769 5294 ad
2800 5230 3139 5312 κληρονόμος
3171 5232 3548 5311 ἀναγκάζεται.

569 5407 903 5473 Scholium.
937 5409 1158 5490 Digest.
1194 5412 1296 5487 ΞΟ,
1335 5411 1424 5472 tit.
1463 5415 1521 5484 1,
1547 5410 1652 5472 lib.
1686 5427 1866 5474 xxxm
1899 5410 2122 5491 Digest.

2293 5412 2554 5493 Σχόλιον,
2609 5414 2680 5470 Τὸ
2736 5408 2786 5467 κ’
2846 5409 2984 5472 διάτ.
3033 5414 3128 5469 τοῦ
3162 5411 3215 5468 α’
3272 5412 3375 5474 τίτ.
3409 5410 3498 5468 τοῦ
3525 5408 3613 5488 λγ’
3644 5404 3822 5493 βιϐλίου

481 5507 571 5562 est
605 5499 803 5561 thema
835 5500 944 5561 ult.
970 5521 1107 5580 cap.
1165 5502 1246 5564 20
1277 5503 1365 5563 tit.
1411 5504 1444 5565 4
1491 5501 1598 5563 lib.
1658 5519 1815 5579 xmv,
1851 5502 2009 5583 quod
2039 5503 2096 5563 si»

2211 5509 2316 5558 τῶν
2369 5501 2691 5577 Διατάξεων,
2725 5501 2836 5558 ἔστι
2868 5506 3005 5577 Θεμα
3034 5500 3346 5559 τελευταῖον
3393 5510 3484 5559 τοῦ
3512 5497 3565 5557 κ’
3598 5521 3717 5578 χεφ.
3749 5492 3822 5550 τοῦ

478 5589 680 5664 habet,
714 5595 780 5653 ut
811 5589 873 5650 in
904 5579 1262 5671 compendio
1297 5591 1667 5672 propositum
1689 5579 2093 5672 est.Digest.i‘

2211 5591 2255 5649 δ’
2288 5594 2387 5653 τίτ.
2424 5600 2514 5650 τοῦ
2546 5589 2635 5668 μδ⁹
2668 5590 2780 5669 βιϐ,
2814 5591 2982 5656 οὕτως
3013 5591 3144 5672 ἕχον
3177 5594 3250 5657 ὡς
3280 5591 3608 5666 συνωψίσθη.
3665 5588 3730 5646 Τὸ
3771 5579 3820 5651 ιζ’

479 5677 572 5745 tit.
610 5679 638 5740 1
675 5677 780 5745 lib.
817 5695 988 5744 vxxw
1020 5688 1111 5743 est
1141 5678 1325 5742 Basil.
1360 5679 1467 5744 lib.
1518 5697 1679 5762 xuv,
1711 5679 1803 5743 tit.
1856 5682 1954 5759 t4,
1989 5697 2094 5762 cap

2211 5680 2351 5746 διάτ.
2411 5692 2504 5744 τοῦ
2559 5679 2611 5740 α’
2656 5685 2761 5744 τίτ.
2807 5679 2885 5740 λδ’
2935 5680 3168 5760 βιϐλίου,
3216 5681 3328 5741 ἔστι
3389 5687 3493 5740 τῶν
3543 5675 3821 5739 Βασιλικῶν
