4090 6204
280 309 424 377 1041

1298 313 1802 380 NOMOCANON.
1864 345 1941 360 -
2008 312 2166 377 TIT.
2216 315 2327 395 III,
2373 317 2535 379 G‘AP.
2583 317 2633 378 Ι.

3492 313 3646 386 1042

271 457 473 535 βιϐλίον
519 460 632 537 μδ’,
667 461 770 521 τίτ.
803 458 894 535 ιδ’,
929 482 1052 540 κεφ,
1087 459 1176 536 ιζ’,
1211 459 1381 526 οὕτως
1413 459 1543 540 ἔχον
1573 462 1644 522 ὡς
1677 460 1915 535 συνωψί-

2012 459 2102 532 17,
2135 457 2294 538 quod
2326 459 2410 521 ita
2440 459 2644 532 habet,
2670 459 3182 541 quemadmodum
3215 460 3652 540 compendiose

273 554 397 616 σθη.
443 553 515 610 T6
555 551 633 607 λε’
678 550 816 612 διάτ.
865 560 956 610 τοῦ
999 551 1071 622 ιβ’
1115 551 1247 622 τίτ.,
1290 558 1383 608 106

1469 552 1482 574 τ
1528 549 1640 588 Ruf)
1655 549 1729 588 In“
1798 549 1822 588 ἔ

1231 598 1247 630 ,
1290 558 1383 608 106
1428 552 1482 624 μ’
1527 549 1752 629 βιϐλίου,
1798 549 1916 606 ἔστι

2002 548 2382 628 propositum
2434 559 2552 613 est.
2613 550 2844 630 Digest.
2904 551 2981 614 35
3036 550 3128 614 tit.
3188 552 3260 615 l2
3316 551 3423 615 lib.
3457 567 3530 612 χι,
3563 557 3652 612 est

271 638 476 716 βιϐλίον
519 643 639 717 μη’,
691 641 794 704 τίτ,
843 643 923 716 η’,
958 662 1082 721 κειρ,
1113 638 1192 695 λε’
1224 658 1240 675 ⁶
1277 640 1479 711 Κτίζων
1512 662 1590 704 τις
1638 639 1917 718 εὖκτήριον

2012 637 2113 700 lib.
2145 655 2346 712 XLvm,
2386 640 2473 702 tit.
2509 640 2567 714 8,
2597 657 2730 720 cap.
2763 641 2843 702 35
2879 661 2892 702 :
2925 641 3070 702 Cum
3099 640 3342 721 quidam
3381 641 3644 703 aediﬁca-

270 731 536 809 ἀφώρισεν
607 731 752 805 αὔτῷ
837 728 1050 795 δούλους
1141 736 1231 787 τοῦ
1301 730 1640 808 κληρονόμου
1706 730 1917 788 ἔσονται

273 821 442 882 οὗτοι.
477 823 549 879 Τὸ
599 821 643 876 ε’
685 819 825 882 διάτ.
873 827 964 878 τοῦ
1009 819 1061 875 α’
1104 820 1210 879 τίτ.
1254 829 1346 879 τοῦ
1399 818 1480 877 κδ’
1523 819 1635 897 βιϐ.
1680 819 1790 875 ἐστὶ
1833 821 1920 894 βι-

272 908 422 966 ϐλίον
465 916 569 966 τῶν
616 910 913 966 Βασιλικῶν
955 908 1032 983 λ’,
1080 909 1185 970 τίτ.
1232 909 1312 987 α’,
1343 930 1468 989 κεφ.
1524 907 1593 985 ε’,
1656 908 1789 983 θὲμα
1836 907 1916 981 η’,

275 999 410 1079 ἕχον
465 1002 519 1058 ἓν
577 999 726 1078 μέρει
771 1001 946 1062 καθὼς
1005 1001 1080 1063 είς
1139 1000 1199 1054 16
1243 999 1488 1075 κείμενον
1529 998 1707 1065 ἒτέθη.
1742 999 1813 1056 T6
1842 995 1920 1069 λζ’

271 1088 414 1150 611'1.
461 1096 554 1146 τού
582 1090 633 1166 β’
680 1089 784 1152 τίτ,
830 1096 926 1146 τοῦ
968 1087 1048 1145 λδ’
1081 1086 1220 1166 βιϐ.,
1257 1087 1392 1146 -ἕστι
1443 1087 1642 1166 βιϐλίον
1686 1085 1772 1164 μδ’
1817 1091 1924 1143 τῶν

273 1178 604 1258 Βασιλικῶν,
636 1180 740 1242 τίτ,
775 1178 862 1252 ιε’,
896 1200 1018 1258 κεφ,
1054 1176 1159 1250 λζ’,
1210 1177 1348 1252 Θέμα
1405 1177 1715 1234 τελευταῖον
1757 1175 1924 1238 οὕτως

273 1267 402 1348 ἕχον
438 1284 452 1299 ⁶
501 1269 630 1325 Ἐὰν
674 1269 818 1324 εἴπω
884 1269 1127 1346 γενέσθαι
1187 1269 1444 1344 σταυροὺς
1486 1267 1594 1324 ἀπὸ
1637 1265 1682 1344 ρ’
1729 1265 1924 1343 λιτρῶν

273 1362 367 1415 καὶ
423 1358 741 1425 ἀνατεθῆναι
787 1357 841 1414 ἐν
885 1355 1019 1430 τῷδε
1065 1365 1140 1432 τῷ
1201 1360 1349 1436 ἱερῷ,
1408 1356 1602 1422 πάντες
1651 1354 1705 1412 δὲ
1750 1355 1804 1411 ἐν
1848 1363 1925 1428 τῷ

272 1452 421 1522 αὐτῷ
462 1451 586 1527 ἱερῷ
628 1447 801 1519 ὄντες,
856 1447 1072 1526 ἀργυροὶ
1127 1448 1222 1503 καῖ
1283 1446 1484 1528 χαλκοί
1542 1448 1699 1520 εἰσιν,
1753 1446 1922 1524 ἀργυ-

272 1540 397 1617 ροὺς
427 1541 456 1594 6
488 1538 826 1617 κληρονόμος
859 1536 1216 1615 ἀναγκάζεται
1269 1549 1474 1616 ποιεῖν,
1523 1537 1582 1594 οὗ
1629 1537 1726 1612 μὲν
1773 1535 1921 1614 χαλ-

272 1629 404 1692 κοὺς
433 1624 664 1707 δίδωσιν,
694 1628 816 1683 οὸτε
848 1626 1107 1705 χρυσούς.

363 1717 640 1792 Κείμενον.
676 1713 830 1776 Βιὸλ.
861 1715 967 1789 λε’,
1001 1717 1112 1774 τίτ.
1139 1713 1216 1792 β’,
1241 1711 1378 1774 διάτ.
1411 1711 1464 1769 α’
1498 1731 1514 1750 ⁸
1553 1713 1659 1772 Καὶ
1689 1712 1774 1770 ἐπὶ
1804 1723 1922 1777 τοῖς

2005 735 2094 788 ret
2127 727 2478 800 oratorium,
2533 728 2858 791 destinavit
2913 729 2999 792 illi
3042 748 3271 812 servos,
3304 731 3362 792 hi
3395 730 3654 793 hazredis

2005 824 2203 880 erunt.
2238 816 2465 895 Digest.
2513 819 2552 879 5
2611 819 2700 882 tit.
2761 827 2781 878 l
2842 818 2952 881 lib.
3013 837 3148 882 xx1v
3209 826 3298 881 est
3327 819 3434 883 lib.
3470 819 3651 882 Basil.

2003 923 2144 979 xxx,
2181 907 2362 980 tit.l,
2428 923 2561 986 cap.
2623 911 2684 985 5,
2748 910 2950 970 thema
3014 909 3073 983 8,
3135 910 3294 990 quod
3327 912 3542 988 partim
3573 909 3656 970 ita

2006 994 2208 1069 habet,
2242 1003 2307 1058 ut
2338 997 2397 1057 in
2431 1004 2592 1058 textu
2630 997 2888 1077 positum
2939 1007 3048 1058 est.
3099 999 3326 1078 Digest.
3360 998 3431 1060 37
3470 999 3562 1060 tit.
3617 998 3656 1058 2

2005 1085 2112 1146 lib.
2145 1103 2328 1147 xxxw
2360 1094 2451 1147 est
2501 1086 2608 1150 lib.
2670 1104 2802 1150 xuv
2861 1087 3076 1164 Basil.,
3119 1089 3208 1150 tit.
3251 1089 3344 1165 15,
3380 1107 3511 1168 cap.
3549 1089 3652 1164 37,

2010 1174 2212 1235 thema
2245 1176 2378 1249 ult.,
2429 1177 2587 1255 quod
2634 1177 2720 1238 sic
2754 1177 2932 1239 habet
2968 1198 2981 1240 :
3015 1175 3076 1238 Si
3108 1177 3386 1253 dixerim,
3425 1185 3489 1238 ut
3514 1177 3658 1238 ﬁant

2009 1283 2220 1325 cruces
2251 1285 2322 1327 ex
2352 1274 2594 1327 centum
2629 1266 2824 1340 libris,
2860 1277 2919 1328 et
2949 1267 3010 1327 in
3044 1267 3148 1328 illa
3177 1287 3348 1329 sacra
3375 1267 3504 1330 cede
3533 1275 3656 1327 sta-

2011 1363 2272 1426 tuantur,
2307 1374 2376 1416 ac
2405 1373 2545 1416 vero
2577 1375 2715 1433 quae
2746 1356 2803 1417 in
2840 1373 2909 1418 ea
2943 1357 3200 1438 [cruces]
3232 1365 3391 1434 sunt,
3447 1374 3657 1419 omnes

2006 1453 2308 1523 argenteae
2341 1453 2398 1507 et
2429 1463 2602 1508 aerem
2630 1455 2793 1522 sunt,
2845 1456 3164 1527 argenteas
3213 1447 3412 1511 facere
3464 1448 3655 1508 haeres

2009 1542 2259 1613 cogetur
2292 1559 2304 1594 :
2343 1554 2462 1598 non
2495 1543 2695 1599 autem
2732 1555 2917 1600 aereas
2965 1545 3068 1599 aut
3099 1555 3314 1602 aureas
3344 1539 3486 1600 dare
3513 1538 3655 1617 [po—
3729 1614 3733 1619 1
3785 1603 3794 1610 ,

2009 1633 2338 1779 teramus.
2371 1714 2504 1780 Lib.
2567 1732 2740 1793 xxxv,
2809 1716 2901 1780 tit.
2964 1717 3025 1792 2,
3061 1716 3282 1795 digest.
3340 1717 3366 1776 1
3408 1735 3422 1778 :
3457 1715 3523 1776 In
3555 1715 3650 1791 iis,
3741 1749 3746 1752 ·

275 1813 355 1880 τῷ
386 1814 503 1882 Θεῷ
533 1805 1011 1885 ληγατευομένοις,
1049 1829 1103 1867 κ.
1136 1827 1189 1868 τ,
1240 1804 1292 1869 λ.
1328 1819 1519 1885 usque
1549 1801 1624 1865 ad
1674 1804 1762 1860 καὶ
1805 1798 1920 1858 καθ’

2012 1813 2151 1880 etc.,
2184 1823 2375 1886 usque
2403 1805 2483 1869 ad
2510 1805 2845 1882 monachis,
2871 1813 2971 1870 aut
2997 1804 3383 1887 pauperibus,
3413 1811 3479 1867 ut
3499 1823 3651 1885 pag.

278 1895 476 1974 ὁμάδα.

362 1985 622 2068 Σχόλιον.
668 1989 740 2047 T6
773 1985 825 2044 α’
857 1985 1000 2044 διάτ.
1046 1993 1140 2044 τοῦ
1182 1985 1232 2062 β’
1294 1985 1398 2046 τίτ.
1450 1991 1543 2042 106
1601 1981 1680 2040 λε’
1724 1980 1928 2060 βιϐλίου

279 2085 387 2136 τῶν
421 2079 601 2152 Διάτ.,
655 2077 767 2135 ἔστι
811 2075 1016 2154 βιϐλίον
1081 2076 1176 2152 μα’
1223 2083 1328 2133 τῶν
1373 2073 1670 2133 Βασιλικῶν
1709 2073 1809 2132 τίτ.
1847 2071 1923 2141 α’,

281 2189 407 2248 κειρ.
444 2167 519 2244 α’,
580 2167 714 2243 θὲμα
777 2167 855 2245 γ’,
901 2166 1060 2245 λέγον
1102 2169 1160 2222 ἓν
1205 2168 1352 2244 μὲρει
1396 2162 1795 2243 φαλκιδιοῦσθαι
1842 2161 1930 2217 καὶ

286 2257 352 2314 τὰ
396 2261 475 2330 τῷ
521 2263 637 2331 Θεῷ
667 2254 1083 2334 λεγατευόμενα·
1119 2253 1352 2319 Ἒξωθεν
1381 2250 1436 2308 δὲ
1465 2252 1560 2310 106
1607 2255 1766 2309 αὐτοῦ
1804 2269 1927 2326 κεφ.

281 2350 456 2425 φησὶν
501 2349 528 2403 6
561 2345 794 2411 Παλαιὸς
840 2359 1006 2402 ταυτα
1040 2345 1236 2423 ῥητῶς.
1279 2335 1341 2400 Ἠ
1371 2343 1490 2420 περὶ
1518 2340 1780 2422 διαφόρων
1831 2359 1930 2394 κε-

281 2435 522 2515 φαλαίων
578 2435 1042 2504 ἰκκλησιαστικῶν
1126 2431 1244 2508 ρλα’
1322 2434 1482 2512 νεαρά
1536 2436 1598 2492 οὒ
1654 2440 1930 2510 συγχωρεῖ

281 2533 361 2599 τῷ
418 2525 701 2605 φαλικιδίσρ
756 2525 1171 2604 περικόπτεσθαι
1220 2525 1286 2582 τὰ
1328 2525 1403 2586 εἰς
1458 2519 1697 2584 εὐσεϐεῖς
1757 2519 1926 2580 αἰτίας

282 2615 712 2693 ληγατευόμενα.
747 2605 806 2674 Ὀ
852 2614 905 2670 δὲ
935 2612 1272 2694 σχολιαστής
1304 2634 1433 2691 φησι
1459 2631 1476 2648 ο
1511 2618 1708 2684 Ταῦτα,
1741 2610 1924 2684 οἶμαι,

281 2707 352 2767 ὠς
400 2707 459 2761 16
504 2707 674 2783 παρὸν
735 2703 876 2762 διάτ.
937 2704 1169 2782 ἀνῃρέθη
1224 2703 1366 2779 παρὰ
1426 2707 1526 2768 τῆς
1572 2699 1694 2775 ρλα’
1739 2705 1926 2776 νεαρᾶς

280 2801 380 2862 τῆς
413 2794 668 2869 κειμένης
704 2793 758 2850 ἐν
800 2801 877 2868 τῷ
909 2794 962 2871 γ’
992 2795 1097 2851 τίτ.
1135 2792 1229 2848 106
1260 2791 1308 2847 ε’
1349 2789 1554 2868 βιϐλίου
1597 2791 1694 2847 καῖ
1742 2790 1926 2846 αὒτίκα

284 2884 517 2942 διδάσκει
578 2884 910 2962 πλατύτερον
965 2888 1080 2946 πῶς
1143 2882 1375 2958 ἀνῃρέθη
1441 2883 1469 2937 6
1522 2882 1686 2955 νόμος
1745 2881 1922 2940 οὗτος.

286 2979 382 3034 Καὶ
426 2982 591 3032 ταῦτα
649 2975 744 3049 μὲν
811 2977 970 3030 εἷπον
1028 2976 1055 3028 6
1099 2971 1432 3052 σχολιαστὴς
1464 2973 1550 3028 καὶ
1581 2973 1608 3026 6
1643 2967 1875 3032 Παλαιός
1906 2984 1919 2997 ”

287 3065 411 3138 ἐμοί
455 3063 510 3120 δὲ
552 3063 701 3120 δοκεῖ
739 3062 819 3119 ὅτι
867 3064 924 3119 οὗ
980 3069 1158 3124 καλῶς
1217 3063 1402 3125 αὐτοῖς
1454 3059 1818 3138 εξελήφθησαν
1861 3059 1926 3115 τὰ

286 3160 385 3220 τῆς
471 3160 681 3231 νεαρᾶς,
772 3151 902 3210 Οὐδὲ
989 3154 1085 3230 γὰρ
1155 3149 1504 3215 ἀδιαστίκτως
1563 3147 1925 3228 ἀφαλκιδίωτα

285 3242 511 3300 δίδονται
539 3242 604 3298 τά
635 3245 707 3307 εἰς
741 3241 957 3306 ἀσεϐεῖς
1003 3242 1170 3304 αἰτίας
1221 3238 1631 3318 καταλειφθέντα
1664 3255 1677 3268 ⁸
1714 3237 1835 3294 ἀλλ’
1881 3239 1926 3292 εἰ

286 3334 388 3410 μὲν
444 3333 972 3411 καιροπραγμονήσει
1017 3333 1044 3388 6
1088 3329 1426 3409 κληρονόμος
1471 3329 1590 3406 περὶ
1632 3329 1733 3396 τὴν
1773 3325 1926 3384 δόσιν

282 3430 375 3480 τοῦ
426 3420 872 3501 ληγατευθέντος,
952 3419 1216 3478 ἀπόλλυσι
1277 3422 1368 3476 τὸν
1437 3417 1704 3485 ἀνήκοντα
1757 3416 1928 3490 τούτῳ

283 3512 585 3593 φαλκίδιον,
631 3514 720 3569 καὶ
763 3510 939 3567 δίδωσι
984 3512 1050 3569 τὰ
1106 3509 1522 3590 ληγατευθέντα,
1551 3510 1623 3570 ὡς
1686 3511 1716 3576 ἡ
1769 3508 1926 3582 νεαρά

283 3625 448 3681 φησιν
483 3621 500 3640 ’
549 3603 594 3658 εἶ
637 3600 692 3658 δὲ
737 3602 1132 3680 εὖγνωμονήσει
1179 3599 1308 3678 περῖ
1351 3601 1451 3667 τὴν
1494 3596 1638 3655 δόσιν
1695 3597 1919 3672 τούτων,

281 3691 546 3767 λαμϐάνει
579 3694 670 3748 τὸν
730 3691 1000 3760 ἀνήκοντα
1043 3694 1186 3763 αὒτῷ
1244 3687 1542 3768 φαλκίδιον,
1574 3689 1722 3756 Φησῐ
1753 3689 1852 3766 γὰρ
1889 3689 1924 3754 ἡ

281 3782 421 3850 αὕτη
461 3783 624 3858 νεαρά
671 3779 897 3855 κειμένη
941 3782 997 3834 ἓν
1040 3777 1227 3856 βιϐλίῳ
1266 3777 1334 3858 ε’,
1395 3778 1497 3839 τίτ.
1553 3775 1632 3857 γ’,
1678 3799 1801 3856 διεφ.
1851 3774 1925 3850 θ’,

282 3875 422 3928 οὕτω
451 3872 629 3950 ῥητῶς
671 3889 683 3903 °
721 3873 776 3928 Εἰ
806 3869 857 3926 δὲ
892 3873 918 3926 6
943 3869 1278 3946 κληρονόμος
1311 3870 1377 3928 τὰ
1425 3871 1499 3933 εἰς
1556 3867 1794 3933 εὐσεϐεῖς
1835 3869 1924 3924 αἰ-

282 3965 402 4027 τίας
461 3959 928 4036 καταλελειμμένα
971 3961 1050 4035 μη
1101 3959 1376 4037 πληρώσει
1419 3958 1590 4037 λέγων
1620 3960 1720 4028 τὴν
1762 3979 1923 4015 κατα-

283 4052 594 4130 λειφθεῖσαν
652 4051 794 4124 αὒτῷ
849 4048 1158 4128 περιουσίαν
1217 4050 1295 4116 μὴ
1351 4049 1538 4128 ἀρκεῖν
1588 4051 1662 4111 είς
1705 4049 1923 4122 ταύτας,

280 4143 484 4204 παντὸς
527 4150 622 4199 106
680 4141 740 4196 ἐκ
797 4149 890 4196 106
946 4137 1222 4219 φαλκιδίου
1279 4139 1494 4219 κέρδους
1568 4137 1925 4220 σχολάζονται

282 4228 612 4300 ὁσονδήποτε
665 4230 850 4306 εὑρεθῇ
903 4228 957 4285 ἐν
1002 4235 1070 4305 τῇ
1113 4228 1334 4305 τοιαύτῃ
1389 4229 1558 4303 οὖσίᾳ,
1615 4240 1926 4308 προχωρεῖν

281 4321 505 4400 προνοίᾳ
539 4321 625 4376 106
655 4319 955 4399 ἀγιωτάτου
983 4320 1088 4376 τῶν
1117 4320 1299 4376 τόπων
1345 4320 1644 4377 ἒπισκόπου
1697 4321 1772 4382 εἰς
1832 4319 1926 4378 τὰς

280 4411 455 4475 αἰτίας
499 4411 573 4474 εἷς
617 4409 679 4473 ἃς
742 4409 1182 4472 καταλέλειπται,
1247 4412 1404 4480 Ζήτει
1449 4409 1540 4467 καί
1595 4411 1655 4465 τὸ
1697 4408 1822 4465 ὅλον
1879 4407 1926 4464 θ’

2091 1985 2424 2048 Scholium.
2455 1985 2679 2064 Digest.
2719 1989 2746 2046 1
2786 1985 2876 2048 tit.
2910 1985 2949 2048 2
2979 1985 3082 2047 lib.
3116 2001 3275 2048 xxxv
3305 1983 3530 2064 Digest.
3565 1993 3656 2047 est

2013 2075 2122 2137 lib.
2147 2093 2245 2136 xu
2275 2075 2487 2149 Basil.,
2519 2075 2611 2138 tit.
2645 2077 2702 2151 1,
2740 2094 2872 2155 cap.
2905 2081 2960 2150 1,
2997 2076 3200 2136 thema
3233 2073 3289 2150 3,
3327 2073 3486 2153 quod
3520 2092 3655 2154 par-

2016 2164 2122 2226 tim
2156 2164 2325 2244 dicit,
2355 2164 2533 2226 etiam
2565 2183 2697 2245 quae
2739 2165 2862 2227 Deo
2911 2165 3208 2244 legantur,
3236 2163 3510 2226 Falcidiae
3540 2162 3653 2225 0b-

2014 2254 2191 2316 noxia
2222 2273 2378 2318 esse.
2409 2254 2630 2316 Verum
2663 2255 2726 2316 in
2758 2253 2988 2316 scholio
3016 2252 3089 2315 ad
3121 2253 3284 2316 idem
3337 2269 3474 2334 cap.
3508 2251 3657 2314 dicit

2013 2343 2139 2406 haec
2171 2362 2452 2424 expresse
2483 2343 2710 2406 Palaeus
2749 2366 2762 2403 :
2824 2343 2909 2406 De
2942 2343 3196 2405 diversis
3227 2342 3654 2406 ecclesiasticis

2013 2433 2290 2513 capitulis
2321 2433 2554 2496 novella
2581 2433 2690 2494 131
2755 2453 2873 2496 non
2928 2433 3221 2514 permittit
3247 2433 3514 2495 Falcidia
3546 2451 3650 2495 ac-

2009 2522 2153 2598 cidi,
2187 2543 2320 2604 quae
2375 2525 2436 2586 in
2470 2524 2598 2604 pias
2627 2541 2838 2586 causas
2869 2524 3063 2602 legata
3092 2529 3252 2585 sunt.
3288 2521 3654 2585 Scholiastes

2011 2631 2148 2674 vero
2182 2614 2310 2676 haec
2367 2614 2512 2678 dicit
2543 2635 2556 2672 :
2593 2613 2884 2675 Existimo
2926 2630 3190 2694 prinsens
3245 2612 3417 2692 [hoc]
3451 2612 3653 2691 diges-

2011 2711 2134 2763 tum
2168 2702 2521 2783 abrogatum
2555 2722 2687 2765 esse
2718 2722 2751 2765 a
2804 2703 3040 2765 novella
3091 2703 3229 2774 131,
3283 2720 3414 2783 quae
3463 2701 3655 2781 posita

2011 2802 2102 2854 est
2133 2793 2192 2854 in
2223 2796 2313 2857 tit.
2350 2794 2386 2858 3
2448 2793 2551 2855 lib.
2584 2810 2642 2866 v,
2680 2801 2741 2856 et
2769 2813 2902 2855 mox
2936 2793 3115 2854 latius
3145 2791 3342 2866 docet,
3393 2809 3653 2872 quomo-

2010 2884 2085 2944 do
2113 2884 2237 2945 haec
2267 2884 2361 2946 lex
2392 2884 2675 2963 abrogata
2733 2883 2832 2947 sit.
2894 2884 3091 2964 Atque
3124 2882 3249 2944 haec
3277 2881 3521 2962 quidem
3555 2879 3654 2942 di-

2009 2983 2223 3034 xerunt
2252 2973 2610 3035 scholiastes
2638 2982 2696 3035 et
2751 2973 3001 3036 Palaus.
3061 2971 3204 3032 Mihi
3259 2979 3458 3032 autem
3491 2969 3656 3032 vide-
3713 2974 3718 2977 ”

2011 3069 2126 3133 tur,
2160 3062 2298 3125 illos
2333 3082 2453 3124 non
2501 3070 2666 3124 recte
2731 3061 3025 3123 novellam
3079 3059 3468 3122 intellexisse.
3525 3058 3654 3122 Non

2012 3152 2169 3212 enim
2204 3152 2549 3215 indistincte
2578 3160 2814 3214 retenta
2836 3149 3106 3213 Falcidia
3135 3152 3377 3223 dantur,
3433 3166 3564 3230 quae
3591 3149 3656 3210 in

2012 3241 2142 3322 pias
2167 3260 2378 3304 causas
2437 3242 2648 3305 relicta
2707 3251 2845 3304 sunt
2902 3240 3019 3305 Sed
3054 3240 3104 3303 si
3132 3241 3327 3303 haeres
3360 3239 3562 3301 dolum
3596 3240 3658 3300 in

2009 3331 2224 3393 dandis
2279 3333 2493 3408 legatis
2553 3334 2908 3408 committat,
2962 3331 3162 3413 perdit
3210 3338 3654 3410 competentem

2009 3419 2123 3482 sibi
2156 3421 2508 3498 Falcidiam,
2536 3431 2597 3483 et
2623 3422 2722 3484 dat
2753 3423 2972 3502 legata,
3005 3420 3519 3498 quemadmodum
3554 3437 3658 3480 no-

2011 3510 2160 3571 vella
2192 3511 2337 3573 dicit
2365 3533 2378 3574 :
2413 3512 2464 3572 si
2495 3531 2633 3574 vero
2669 3512 2857 3590 probe
2881 3513 2941 3574 in
2965 3510 3086 3571 illis
3116 3509 3333 3571 dandis
3358 3515 3652 3582 versetur,

2010 3601 2268 3680 percipit
2300 3610 2744 3681 competentem
2800 3599 2918 3662 sibi
2982 3598 3334 3662 Falcidiam.
3366 3598 3658 3677 Loquitur

2009 3691 2166 3754 enim
2192 3692 2322 3772 ipsa
2357 3691 2614 3766 novella,
2651 3690 2758 3753 lib.
2815 3709 2872 3763 ν,
2912 3689 3000 3753 tit.
3033 3693 3090 3764 3,
3155 3707 3288 3767 cap.
3340 3689 3402 3765 9,
3438 3685 3653 3767 posita,

2011 3781 2170 3843 hunc
2201 3783 2276 3844 ad
2303 3782 2544 3843 modum
2580 3779 2882 3862 expressis
2913 3778 3111 3841 verbis
3145 3799 3159 3839 :
3199 3779 3260 3841 Si
3293 3795 3432 3839 vero
3463 3777 3660 3838 haeres

2011 3889 2080 3932 ea
2109 3891 2242 3952 qua:
2272 3871 2332 3932 in
2380 3875 2507 3952 pias
2539 3889 2750 3933 causas
2803 3870 3013 3933 relicta
3041 3876 3204 3943 sunt,
3238 3887 3358 3929 non
3387 3866 3654 3946 impleat,

2010 3961 2247 4037 dicens,
2280 3981 2398 4023 non
2433 3962 2711 4023 suilicere
2758 3960 2832 4023 ad
2885 3961 2990 4022 has
3016 3957 3292 4021 relictum
3326 3955 3442 4018 sibi
3475 3957 3659 4035 patri-

2012 4051 2276 4113 monium
2319 4051 2644 4131 :jubemus
2677 4059 2738 4110 ut
2768 4049 2932 4111 omni
2964 4048 3133 4110 lucro
3194 4046 3354 4124 quod
3414 4061 3487 4106 ex
3520 4043 3658 4107 Fal-

2011 4139 2167 4202 cidia
2227 4141 2502 4220 provenit
2547 4147 2820 4213 vacante,
2876 4135 3166 4217 quidquid
3218 4135 3279 4197 in
3313 4135 3659 4214 hujusmodi

2009 4229 2389 4292 facultatibus
2448 4231 2753 4291 inventum
2811 4228 3014 4302 fuerit,
3073 4224 3450 4306 providentia
3479 4243 3656 4286 sanc-

2014 4320 2222 4381 tissimi
2281 4319 2548 4380 locorum
2603 4321 2875 4399 episcopi
2928 4326 3115 4379 totum
3175 4317 3236 4376 in
3297 4332 3532 4389 causas,
3586 4313 3659 4376 ad

2011 4425 2158 4488 quas
2190 4409 2465 4470 relictum
2503 4416 2614 4482 est,
2653 4408 2964 4490 procedat.
2997 4406 3240 4480 Quaeras
3283 4422 3421 4465 vero
3466 4412 3658 4466 totum

282 4523 436 4579 κεφ.,
498 4501 586 4556 καὶ
645 4500 907 4578 ἀνάγνωθι
961 4500 1087 4555 αὐτὸ
1147 4500 1442 4577 ἀναγκαῖον
1487 4500 1569 4562 ὅν.
1604 4501 1675 4557 T6
1701 4497 1754 4575 β’
1785 4497 1924 4560 διάτ,

2012 4499 2049 4560 9
2080 4516 2212 4577 cap.
2246 4507 2424 4580 atque
2483 4502 2665 4577 legas,
2730 4517 2865 4560 cum
2916 4496 3216 4580 [cognitu]
3251 4495 3661 4556 necessarium

285 4555 436 4579 "‘I')
522 4555 582 4556 π
651 4555 674 4556 η
730 4555 772 4578 ν.
1170 4555 1173 4556 ν
1263 4555 1433 4577 ,ηε-η
1613 4555 1713 4575 *⁷1
1911 4555 1924 4560 ν

280 4594 380 4648 106
424 4588 494 4667 ιβ’
527 4590 661 4669 τίτ.,
721 4596 814 4647 106
859 4588 902 4643 ν’
949 4587 1155 4665 βιϐλίου
1208 4596 1313 4647 τῶν
1362 4591 1514 4653 Διάτ,
1557 4589 1663 4645 ἐστὶ
1725 4586 1924 4664 βιϐλίον

2015 4555 2449 4666 ὲίιζῖᾐεὲἆῗε
2480 4555 2709 4650 ἐῖιῗᾝέ
2735 4555 2865 4651 ἰῖιῖξ
2896 4555 3216 4666 {digesti
3244 4555 3336 4646 εει
3363 4555 3454 4644 in;
3475 4583 3662 4645 Basil.

282 4687 394 4739 τῶν
427 4679 727 4737 Βασιλικῶν
759 4677 858 4756 νὸ’,
892 4679 996 4737 τίτ.
1026 4675 1116 4753 ιδ’,
1144 4701 1269 4758 κεφ.
1294 4677 1369 4755 β’,
1402 4677 1567 4743 οὕτως
1600 4678 1729 4758 ἕχον
1760 4679 1831 4743 ὡς
1863 4679 1924 4737 εἷς

2018 4694 2133 4751 LIV,
2171 4677 2262 4739 tit.
2306 4679 2400 4750 14,
2462 4697 2593 4756 cap.
2657 4678 2718 4758 2,
2751 4676 2909 4758 quod
2943 4676 3030 4737 sic
3069 4674 3272 4747 habet,
3309 4680 3374 4734 ut
3403 4671 3466 4732 in
3499 4678 3662 4732 textu

282 4774 348 4829 16
401 4771 647 4846 κείμενον
704 4769 937 4851 ἐγράφη.
986 4759 1048 4824 Ἠ
1083 4768 1134 4824 α’
1165 4766 1334 4843 διάτ.,
1368 4775 1460 4825 106
1494 4768 1544 4845 β’
1596 4770 1701 4830 τίτ.
1748 4767 1839 4824 106
1885 4771 1924 4822 α

2020 4769 2306 4848 scriptum
2343 4776 2454 4829 est.
2519 4767 2768 4830 Coustit.
2826 4768 2885 4839 1,
2947 4766 3033 4825 tit.
3098 4766 3137 4822 2
3195 4759 3665 4851 lib.1Cod.est

285 4859 518 4942 βιϐλίου,
553 4867 646 4917 τοῦ
682 4849 920 4922 Κώδικός
953 4859 1066 4915 ἐστι
1104 4880 1227 4938 κεφ.
1276 4859 1330 4916 α’
1380 4866 1472 4916 τοῦ
1512 4857 1564 4915 α’
1610 4860 1714 4919 τίτ.
1763 4866 1855 4916 τοῦ
1896 4879 1919 4914 ε

2021 4873 2155 4937 cap.
2195 4866 2213 4916 1
2257 4858 2344 4918 tit.
2389 4864 2407 4916 l
2451 4856 2556 4918 lib.
2612 4873 2672 4937 ν,
2731 4854 2888 4936 quod
2947 4853 3026 4913 ita
3084 4851 3287 4942 habet,
3318 4849 3472 4942 utin
3504 4857 3666 4942 textu

282 4939 513 5028 βιϐλίου*
535 4949 701 5015 οὕτως
760 4950 893 5030 ἔχον
923 4948 995 5009 ὡς
1027 4951 1102 5011 είς
1133 4950 1194 5004 16
1226 4950 1472 5023 κείμενον
1503 4949 1838 5025 συνωψίσθη,
1874 4949 1924 5004 Ἣ

2023 4947 2133 5006 sub
2166 4945 2527 5027 compendio
2562 4955 2651 5009 est
2704 4944 3103 5027 propositum.
3139 4939 3343 5030 Const.
3379 4939 3454 5001 13
3498 4939 3662 5017 ejus-

288 5040 365 5119 ιγ’
409 5040 548 5100 διάτ.
597 5047 692 5096 106
749 5028 907 5096 αἱ)τοῦ
949 5040 1053 5095 τίτ.
1101 5039 1186 5095 καὶ
1246 5036 1452 5116 βιϐλίου
1496 5041 1589 5098 οὗρι
1645 5038 1800 5105 ἱετέοη
1853 5039 1924 5100 είς

2012 5034 2147 5098 dem
2190 5035 2280 5097 tit.
2319 5046 2377 5098 et
2409 5037 2514 5097 lib.
2551 5036 2612 5097 in
2642 5034 2820 5097 Basil.
2858 5051 2978 5093 non
3008 5042 3102 5094 est
3136 5028 3348 5110 posita.

288 5132 356 5188 τὰ
385 5130 670 5191 Βασιλικά,

376 5222 657 5296 Κείμενον.
722 5221 872 5282 Διάτ.
933 5220 999 5278 ιθ³
1034 5238 1050 5255 ⁶
1115 5221 1177 5277 Αἱ
1223 5218 1498 5296 γινόμεναι
1543 5217 1711 5298 μέχρι
1740 5216 1794 5296 φ’
1839 5240 1924 5276 νο-

2105 5220 2350 5280 Tactus.
2388 5216 2594 5280 Const.
2632 5215 2707 5276 19
2743 5234 2756 5277 :
2787 5212 2928 5285 Qua:
2959 5210 3342 5284 donationes,
3377 5214 3520 5281 etc.,
3563 5225 3668 5270 us-

291 5310 602 5390 μισμάτων,
639 5333 694 5370 κ.
728 5332 779 5370 τ.
810 5310 864 5370 λ.
876 5356 891 5386 ,
929 5327 1120 5392 usque
1150 5307 1223 5371 ad
1250 5309 1420 5366 οἴκων
1450 5307 1708 5385 λαμϐάνει
1737 5310 1799 5366 16
1828 5331 1924 5366 κα-

2019 5325 2134 5386 que
2161 5307 2240 5369 ad
2273 5307 2506 5388 accepit
2537 5306 2841 5379 relictum,
2871 5309 2937 5365 ut
2963 5318 3107 5384 pag.
3143 5299 3431 5362 570571.

289 5400 589 5460 ταλειωθὲν.

372 5425 589 5480 ιειφυξν.

372 5489 637 5570 Σχόλιον.
686 5482 748 5548 Ἠ
796 5488 861 5547 ιϐ’
907 5488 1047 5548 διάτ.
1111 5495 1205 5548 τοῦ
1241 5487 1292 5566 β’
1339 5490 1470 5569 τίτ.,
1505 5494 1598 5546 τοῦ
1629 5487 1680 5545 α’
1727 5486 1924 5563 βιϐλίου

2100 5487 2433 5551 Scholium.
2467 5486 2674 5549 Const.
2717 5486 2787 5547 19
2820 5483 2911 5546 tit.
2945 5483 2984 5545 2
3015 5482 3124 5546 lib.
3153 5498 3172 5543 ι
3202 5478 3452 5570 Cod.est
3479 5478 3672 5560 cap.8

291 5587 384 5636 106
432 5569 668 5644 Κώδικός
721 5582 833 5637 ἐστι
877 5602 1003 5660 κεφ.
1059 5580 1108 5647 η’
1152 5586 1246 5636 τοῦ
1279 5578 1330 5636 α’
1361 5580 1464 5640 τίτ.
1513 5586 1606 5636 106
1657 5577 1701 5635 ε’
1732 5577 1924 5656 βιϐλίοι

2023 5577 2147 5641 tit.l
2185 5577 2332 5640 lib.v
2357 5575 2734 5656 Basil..quod
2758 5576 2843 5637 sic
2860 5574 2934 5638 ad
2959 5573 3210 5635 verbum
3229 5569 3434 5643 habet,
3455 5586 3672 5660 quem:

291 5677 397 5728 τῶν
450 5670 778 5746 Βαοιλικῶν,
841 5669 1008 5733 οὕτως
1072 5669 1202 5750 ἔχον
1261 5668 1549 5736 ἑπιλὲξεων
1609 5670 1680 5735 ὠς
1741 5671 1816 5733 εἰς
1880 5671 1924 5727 τί

2023 5669 2344 5730 admodum
2380 5667 2441 5729 in
2475 5676 2633 5729 textu
2668 5667 2958 5748 scriptum
2992 5672 3110 5728 est.
3146 5662 3298 5726 Nota
3327 5656 3676 5741 vero,quod
