4090 6204
517 276 671 349 1943
1703 287 1975 353 PHOTIl
2026 283 2186 349 PAT

2266 283 2553 348 LARCHE
2592 285 2709 349 CP.
3713 284 3846 352 1044

516 439 714 499 const.
748 432 850 516 22,
878 432 942 497 in
965 431 1071 497 lib.
1104 448 1167 506 v,
1197 430 1289 494 tit.
1319 430 1522 513 l,cap.
1548 432 1651 508 10,
1676 432 1873 514 posita
1905 445 2015 508 est,
2052 449 2186 494 ve-.

2266 435 2486 505 ιείμενον
2544 429 2776 510 ἐγράφη.
2853 428 3169 505 Σημείωσαι
3228 426 3284 485 δὲ
3353 425 3434 484 ὅτι
3493 428 3530 495 ἡ
3591 424 3679 504 κβτ
3727 428 3852 490 διάτ.

519 534 862 587 rnmtamen
889 542 1010 585 non
1043 529 1107 583 ut
1134 521 1197 583 in
1230 530 1395 584 textu
1424 521 1705 597 habetur,
1725 524 1830 585 sed
1856 523 2035 584 aliter
2065 520 2162 583 Di-

2266 522 2397 588 ,1é0'n
2429 524 2505 584 εἷς
2533 518 2737 597 βιϐλίον
2769 517 2840 594 ε’,
2886 522 2991 582 τίτ,
3025 520 3104 593 α’⁹
3137 540 3261 599 κεφ.
3298 518 3362 599 ι’,
3395 517 3537 585 πλὴν
3567 522 3671 597 οὔχ
3695 521 3763 581 ὣς
3791 521 3856 581 εἰς

520 617 603 679 cit
634 615 794 677 enim
825 636 839 672 :
872 614 965 677 Ne
989 612 1371 675 describatur
1393 613 1783 688 ecclesia,ant
1806 611 2163 675 venerabilis

2266 613 2305 668 τὸ
2347 612 2592 686 κεὶμενον
2619 622 2822 684 κεῖται,
2857 608 2996 665 ἀλλὰ
3038 608 3217 673 ἄλλως
3254 626 3271 671 :
3303 610 3437 688 φησὶ
3465 608 3565 685 γάρ
3592 623 3607 639 ’
3643 608 3727 675 Μὴ
3751 607 3857 664 δια-

523 706 759 784 domus,
796 711 896 767 aut
926 702 1359 765 monasterium
1393 702 1454 765 in
1486 701 2017 766 lucrum.0bserva
2046 702 2163 781 igi-

2266 701 2525 780 τραφέσθω
2558 701 2841 775 ἐκκλησία,
2889 700 2924 767 ἢ
2979 697 3205 766 εὒσεϐὴς
3267 698 3429 762 οἶκος
3460 698 3496 765 η
3525 700 3862 773 μοναστήριον

521 802 623 856 tur
652 793 789 866 hoc,
823 790 979 872 quod
1013 790 1266 853 multum
1326 790 1599 853 utilitatis
1648 790 1849 868 aﬂ‘ert,
1883 790 2167 853 adversus

520 901 628 946 eos
656 882 759 965 qni
789 881 1161 943 monasteria
1192 880 1511 952 donant,et
1537 880 1807 942 vendunt
1834 888 1937 942 aut
1962 888 2172 941 emunt

524 970 904 1036 venerabiles
934 974 1171 1043 domus,
1203 967 1409 1032 Const.
1439 969 1518 1031 23
1548 979 1608 1032 et
1636 971 1714 1033 25
1742 971 1804 1032 in
1834 969 2016 1033 Basil.
2048 987 2170 1031 non

527 1070 669 1126 sunt
718 1061 948 1143 positae.
1008 1059 1096 1121 Tu
1154 1077 1296 1121 vero
1349 1058 1506 1121 scias
1562 1060 1748 1139 quod,
1782 1060 2024 1122 tametsi
2070 1058 2173 1119 illa

528 1161 725 1217 const.
784 1158 1027 1221 statuat,
1085 1149 1213 1211 solo
1265 1157 1507 1212 centum
1537 1167 1831 1211 annorum
1866 1148 2169 1213 curriculo

2250 792 2343 848 ὲπί
2386 788 2581 870 κέρδει.
2625 790 2937 864 Σημείωσαι
2981 790 3072 845 οὖν
3121 796 3279 846 τοῦτο
3336 786 3513 844 πολλὰ
3556 787 3862 867 χρησιμεῦον

2249 881 2323 942 εἷς
2353 880 2478 942 τοὺς
2523 880 2957 951 ἓκπροικίζοντας
3015 879 3376 955 μοναστήρια,
3434 877 3522 933 καὶ
3583 875 3867 941 πωλοῦντας

2249 970 2337 1026 καὶ
2393 968 2750 1047 ἀγοράζοντας
2781 970 2996 1046 εὐαγεῖς
3030 966 3240 1031 οἴκους.
3286 964 3351 1022 Ἦ
3379 964 3470 1044 κγ’
3509 964 3654 1028 διᾶτ,
3711 967 3793 1022 καὶ
3840 967 3866 1032 ἡ

2251 1056 2357 1138 κε’,
2418 1062 2516 1117 οὒκ
2572 1058 2831 1125 ἐτέθησαν
2878 1060 2953 1121 εἰς
2992 1058 3058 1113 τὰ
3111 1054 3398 1113 Βασιλικᾶ.
3434 1056 3506 1110 Σὺ
3555 1054 3613 1110 δὲ
3663 1055 3868 1132 γίνωσκε

2251 1148 2332 1206 ὅτι
2364 1148 2462 1205 κᾶν
2489 1150 2524 1216 ἡ
2568 1148 2786 1216 τοιαύτη
2848 1146 2990 1205 διάτ.
3023 1146 3316 1224 διορίζηται
3347 1145 3488 1220 μόνῃ
3518 1144 3871 1216 έκατονταετίᾳ

527 1240 906 1305 venerabiles
934 1240 1150 1301 domus
1181 1238 1356 1318 rejici
1389 1260 1404 1303 :
1439 1239 1699 1318 [contra]
1741 1247 1941 1302 tamen
1975 1247 1997 1300 1
2035 1257 2168 1319 cap.

2266 1240 2374 1303 τοὺς
2418 1242 2633 1317 εὒαγεῐς
2692 1237 2878 1303 οἴκους
2924 1235 3298 1307 ἐκϐάλλεσθαι,
3362 1233 3501 1291 ἀλλὰ
3544 1235 3605 1290 τὸ
3650 1232 3700 1290 α’
3744 1255 3870 1313 κεφη

530 1331 789 1397 novellae
818 1332 927 1394 111
989 1329 1336 1408 Justiniani,
1370 1330 1498 1391 sive
1529 1331 1637 1393 ult.
1671 1347 1807 1410 cap.
1840 1332 1933 1391 tit.
1966 1328 2029 1406 2,
2058 1329 2170 1392 lib.

2266 1333 2353 1395 τῆς
2407 1326 2513 1408 ρια’
2572 1325 2995 1385 Ἰουστινιανείου
3053 1332 3244 1400 νεαρᾶς
3289 1324 3410 1391 ἤτόι
3471 1326 3533 1380 τὸ
3587 1322 3874 1379 τελευταῖον

529 1444 565 1485 v
589 1422 778 1486 Basil.
806 1422 936 1484 haec
970 1420 1030 1481 in
1060 1420 1189 1481 haec
1220 1417 1403 1481 verba
1430 1420 1661 1482 sanciat
1696 1439 1710 1479 :
1760 1419 1939 1481 Nulla
1988 1420 2169 1495 actio,

2266 1441 2382 1498 κεφ.
2427 1426 2523 1475 τοῦ
2550 1416 2601 1494 β’
2631 1420 2736 1476 τίτ.
2782 1428 2879 1477 τοῦ
2930 1414 2974 1473 ε’
3013 1414 3220 1494 βιϐλίου
3260 1423 3365 1472 τῶν
3406 1413 3711 1471 Βασιλικῶν
3734 1416 3875 1470 ταῦτα

532 1531 668 1597 quae
713 1509 1051 1574 venerabili
1106 1509 1373 1587 cuipiam
1431 1509 1637 1571 domni
1686 1510 1998 1585 competit,
2051 1510 2175 1571 sive

2266 1511 2435 1583 ῥητῶς
2505 1510 2736 1579 θεσπίζει
2772 1524 2787 1540 ⁸
2849 1514 3003 1564 Πᾶσα
3052 1506 3247 1584 ἀγωγὴ
3299 1507 3650 1584 προσήκουτα
3719 1510 3876 1577 σει-ττῷ

532 1594 874 1684 personalis
889 1600 1014 1661 sive
1044 1597 1478 1678 hypotbecaria
1501 1600 1600 1673 sit,
1636 1600 2007 1661 transcendit
2035 1617 2176 1680 qua-

2266 1601 2420 1678 οἴκφ,
2475 1599 2589 1655 εἴτε
2636 1598 2956 1677 προσωπικῆ
3007 1596 3123 1653 εἴτε
3164 1596 3526 1673 ὑποθηκάριός
3572 1594 3739 1668 ἐστιν,
3791 1598 3875 1672 οὺχ

532 1693 806 1771 draginta
832 1707 1024 1751 annos
1054 1687 1471 1768 temporalium
1496 1689 2179 1771 prmscriptionum,quae

2266 1686 2555 1763 ὓπερϐαίνει
2597 1689 2664 1746 τὰ
2706 1688 2765 1764 μ’
2823 1688 2919 1755 ἔτη
2980 1690 3087 1743 τῶν
3140 1687 3452 1763 ἀμοζουσῶν
3509 1686 3725 1757 ἑκάστῳ
3761 1686 3877 1755 οἴκῳ

533 1781 861 1862 unicuique
891 1777 1233 1840 istiusmodi
1262 1795 1446 1840 sacra;
1484 1777 1688 1840 domui
1715 1787 2082 1859 competunt,
2117 1788 2177 1842 et

2266 1781 2482 1853 τοιούτῳ
2530 1781 2717 1858 εὖαγεϊ
2751 1779 3099 1858 προσκαίρων
3151 1780 3543 1855 παραγραφῶν,
3599 1773 3875 1853 φυλαττου-

537 1870 780 1952 quidem
812 1887 920 1930 sua
943 1876 1214 1947 tempora
1237 1876 1501 1931 servant.

2266 1876 2367 1926 σῶν
2396 1870 2646 1947 μέντοιγε
2675 1870 2798 1932 τοὺς
2829 1868 3054 1932 οἰκείους
3086 1868 3337 1947 χρόνους.

621 1958 872 2023 Textus.
908 1958 985 2019 Et
1014 1957 1104 2017 tit.
1139 1959 1178 2017 3
1233 1957 1511 2036 ejusdem
1558 1956 1667 2018 lib.
1723 1967 1916 2022 const.
1950 1959 2050 2033 2‘,
2099 1958 2181 2021 ait

2342 1963 2621 2036 Κείμεθον.
2682 1960 2779 2017 Καὶ
2834 1959 2940 2017 τίτ.
3011 1956 3064 2035 γ’
3108 1966 3202 2016 τοῦ
3244 1957 3404 2014 αὐτοῦ
3461 1953 3699 2031 βιϐλίου,
3755 1951 3874 2015 διᾶτ.

541 2058 764 2121 ratum,
799 2054 946 2120 etc.,
981 2062 1167 2126 usque
1197 2047 1275 2108 ad
1307 2045 1512 2109 Const.
1547 2047 1627 2108 55
1655 2047 1912 2129 [tradit],
1944 2057 2010 2110 ιιι
2035 2065 2177 2129 pug.

2266 2049 2365 2132 κδ’,
2423 2051 2584 2131 φῆσὶν
2643 2049 2916 2130 ἒῤῥῶσθοι²
2962 2071 3017 2109 κ.
3071 2070 3125 2109 τ.
3185 2046 3269 2121 λ.,
3299 2051 3496 2127 lisque
3526 2043 3606 2106 ad
3638 2042 3773 2106 διάτ,
3801 2050 3877 2099 τοι]

535 2140 608 2201 57
616 2136 762 2200 2-57
767 2139 825 2200 4.
2262 2142 2424 2199 αὐτοῦ
2450 2139 2652 2203 τίτλου.

618 2227 961 2291 Scholium.
993 2227 1197 2288 Const.
1233 2222 1336 2312 24,
1370 2224 1462 2287 tit.
1496 2224 1534 2286 3
1557 2224 1662 2289 lib.
1698 2244 1715 2288 ι
1744 2226 1895 2288 Cod.
1931 2237 2023 2292 est
2071 2227 2173 2289 lib.

2347 2231 2607 2312 Σχόλιον,
2647 2221 2710 2287 ’Β
2753 2228 2835 2287 κδ’
2867 2229 3007 2291 διάτ.
3060 2235 3150 2286 τοῦ
3191 2226 3245 2305 γ’
3294 2228 3400 2289 τίτ.
3452 2232 3551 2282 106
3592 2225 3647 2281 α’
3704 2221 3878 2301 βιϐλίου

539 2335 700 2391 XLIV,
734 2317 827 2380 tit.
862 2316 963 2391 18,
996 2333 1130 2396 cap.
1163 2314 1264 2377 34.
1318 2311 1448 2375 Non
1479 2324 1676 2377 autem
1708 2316 1769 2377 in
1800 2317 1981 2382 Basil.
2017 2318 2183 2399 posi-

2266 2333 2358 2383 τοῦ
2398 2311 2641 2384 Κώδικός
2672 2321 2784 2377 ἐστι
2828 2316 3035 2395 βιϐλίον
3093 2315 3206 2393 μδ’,
3236 2320 3341 2376 τίτ.
3376 2314 3478 2389 ιη’,
3512 2337 3641 2396 κεφ.
3677 2312 3776 2369 λδ’·
3803 2314 3879 2368 οὔκ

539 2419 667 2471 tum
702 2416 814 2480 est,
843 2414 907 2467 ut
935 2404 1085 2467 Cod.
1119 2402 1330 2478 tradit,
1364 2404 1471 2466 sed
1504 2404 1651 2466 dicit
1671 2405 1820 2467 illud
1853 2406 1976 2470 ita:
2010 2407 2179 2479 Quod

2266 2413 2421 2479 ἐτέθη
2452 2410 2508 2467 δὲ
2536 2410 2591 2467 ἒν
2625 2423 2741 2474 τοῖς
2773 2408 3087 2471 Βασιλικοϊς
3118 2408 3192 2471 ὡς
3237 2409 3265 2463 ὃ
3318 2405 3487 2471 Κώδιξ
3524 2400 3877 2478 διελάμϐανεν,

542 2496 905 2580 pauperibus
936 2493 1325 2574 relinquitur,
1357 2513 1434 2556 ne
1456 2494 1755 2557 incertum
1787 2497 2179 2559 existimator.

2266 2502 2385 2561 ἀλλ’
2416 2501 2554 2558 οὕτω
2583 2501 2743 2581 φησὶν
2775 2502 2804 2557 ὁ
2831 2498 3120 2560 Βασιλικός
3157 2518 3173 2535 ο
3207 2498 3281 2555 Τὸ
3311 2507 3432 2559 τοῖς
3463 2505 3719 2575 πτωχοῖς
3745 2514 3880 2549 κατα-

543 2588 750 2651 Const.
785 2584 865 2648 28
896 2585 955 2644 in
986 2582 1169 2644 Basil.
1202 2602 1323 2644 non
1354 2591 1446 2645 est
1477 2584 1684 2664 posita.
1718 2584 1920 2647 Const.
1953 2587 2010 2658 3,
2049 2585 2184 2650 tit.2

2266 2592 2666 2667 λιμπανόμενον
2722 2592 2803 2665 μὴ
2860 2588 3154 2660 νομιζέσθω
3210 2584 3431 2652 ἄδηλον,
3490 2584 3561 2640 Ἠ
3617 2581 3709 2650 κη’
3762 2581 3877 2643 ὂιάτ,

542 2674 951 2747 Novellarum,
983 2679 1075 2734 est
1104 2671 1338 2735 novella
1362 2672 1688 2735 Justiniani
1709 2675 1817 2737 131
1858 2676 1965 2756 [ac]
1991 2677 2185 2757 posita

2266 2683 2360 2741 οὒκ
2405 2681 2558 2748 ἐτέθη
2602 2681 2677 2743 εἷς
2706 2680 2772 2735 τὰ
2803 2678 3085 2737 Βασιλικά.
3146 2675 3209 2733 Ἦ
3254 2673 3308 2752 γ’
3349 2673 3490 2735 διάτ.
3553 2683 3654 2732 106
3693 2669 3743 2748 β’
3791 2672 3875 2730 τίτ.

549 2768 682 2845 [est]
708 2764 769 2825 in
801 2763 910 2826 lib.
953 2761 1135 2825 Basil.
1167 2782 1226 2842 v,
1259 2762 1353 2823 tit.
1382 2761 1447 2842 3,
1479 2780 1614 2840 cap.
1651 2764 1712 2836 8,
1745 2765 1905 2845 quod
1937 2766 2025 2828 sic
2069 2767 2183 2828 ba-

2266 2780 2373 2830 τῶν
2403 2771 2619 2849 Νεαρῶν
2647 2772 2762 2827 εστι
2820 2769 2980 2847 νεαρᾶ
3031 2765 3458 2827 ἰουστινιάνειος
3490 2761 3641 2841 ρλα’,
3686 2761 3876 2836 κειμένη

542 2854 648 2919 bet
681 2875 696 2919 :
726 2853 833 2917 sed
870 2860 931 2915 et
956 2852 1009 2915 si
1038 2851 1172 2933 quis
1201 2869 1312 2933 pro
1341 2852 1759 2934 redemptione
1788 2855 2182 2935 captivorum,

2268 2862 2323 2919 ἒν
2355 2859 2544 2937 βιϐλίῳ
2574 2856 2619 2916 ε’
2678 2864 2785 2915 τῶν
2837 2856 3162 2928 Βασιλικῶν,
3215 2856 3319 2912 τίτ.
3351 2851 3429 2931 γ’,
3463 2873 3592 2929 κεφ.
3628 2851 3708 2929 η’,
3740 2850 3877 2909 οὕτως

544 2953 646 3008 aut
695 2943 980 3033 alimonia
1039 2960 1397 3033 pauperum,
1451 2942 1866 3005 baereditatem
1899 2945 1995 3007 vel
2025 2946 2183 3025 lega-

2268 2953 2455 3033 ἔχοντι
2490 2967 2506 2980 ·
2542 2950 2601 3007 Εἰ
2648 2946 2705 3003 δὲ
2760 2948 2848 3003 καὶ
2878 2968 2956 3013 τις
2982 2946 3115 3023 ὑπὲρ
3145 2942 3477 3023 ἂναῤῥύσεως
3508 2940 3874 3033 αίχμαλώτων,

543 3043 696 3111 ιιιω,
727 3038 788 3094 tn
822 3032 1007 3094 rebus
1061 3031 1412 3108 mobilibus,
1468 3041 1570 3095 aut
1618 3050 1753 3096 sese
1783 3036 2186 3112 moventibus,

2270 3031 2660 3119 {ﬁuctpoepﬁc
2718 3039 2965 3107 πενήτων
3020 3034 3384 3115 κληρονομίαν
3440 3033 3476 3100 ἢ
3537 3031 3773 3110 ληγάτον
3798 3051 3880 3086 ιιι.

548 3132 651 3187 aut
683 3121 1118 3197 immobilibus,
1182 3122 1310 3184 sive
1368 3123 1558 3185 semel
1588 3124 1715 3186 sive
1743 3143 2005 3187 annuum
2037 3127 2186 3190 reli-

2269 3118 2501 3207 ταλείπη
2555 3130 2609 3185 ἐν
2661 3129 2939 3208 πράγμασι
2996 3139 3269 3199 κινητοϊς,
3318 3124 3355 3193 ἢ
3418 3122 3808 3195 αὒτοκινητοις,
3853 3118 3880 3185 ἢ

550 3210 752 3293 querit
785 3231 800 3274 :
834 3218 896 3271 et
924 3210 1042 3273 hoc
1068 3210 1265 3272 modis
1316 3211 1603 3273 omnibus
1634 3213 1969 3276 secundum
2002 3222 2186 3277 testa,

548 3299 701 3363 toris
758 3298 1125 3361 voluntatem
1180 3318 1288 3380 per
1344 3317 1450 3363 eos
1500 3302 1606 3379 qui
1654 3301 1711 3363 id
1768 3306 2011 3383 exsequi
2035 3305 2191 3384 jussi

548 3399 690 3453 sunt
716 3397 1055 3471 praastator.
1111 3388 1175 3452 Si
1205 3389 1553 3470 specialiter
1581 3409 1701 3453 non
1728 3389 1966 3467 dixerit,
2018 3396 2189 3475 cujus

548 3480 667 3544 loci
700 3480 1063 3562 pauperibus
1091 3480 1220 3541 haec
1265 3479 1605 3561 reliquerit,
1658 3481 1968 3561 jubemus,
1999 3494 2064 3548 ut
2094 3503 2190 3547 re-

545 3570 970 3650 ligiosissimus
999 3569 1254 3632 civitatis
1304 3571 1651 3651 episcopus,
1701 3574 1763 3635 in
1794 3591 1913 3653 qua
1946 3583 2191 3637 testator

547 3660 922 3723 domicilium
959 3660 1191 3736 habuit,
1240 3678 1343 3722 eas
1373 3678 1473 3723 res
1502 3663 1575 3725 ad
1606 3680 1673 3724 se
1701 3664 1975 3744 recipiat,
2004 3673 2063 3728 et
2092 3667 2190 3727 in-

548 3758 643 3814 ter
671 3767 965 3831 pauperes
1021 3768 1145 3812 sum
1199 3750 1457 3814 civitatis
1508 3750 1848 3816 distribuat.
1896 3755 2187 3818 Caeterum

546 3849 740 3903 const.
793 3840 898 3916 45,
952 3841 1044 3903 tit.
1103 3843 1143 3900 2
1172 3837 1557 3903 Novellarum
1615 3842 1680 3903 in
1727 3843 1914 3906 Basil.
1950 3864 2068 3908 non
2101 3854 2193 3908 est

547 3936 761 4011 posita,
797 3928 1078 3993 similiter
1108 3947 1307 4011 neque
1364 3938 1557 3994 const.
1593 3931 1672 3992 55
1702 3933 1975 4011 ejusdem
2005 3935 2097 4000 tit.
2132 3946 2191 3998 et

544 4019 654 4083 lib.

634 4109 874 4174 Τρωίας.
911 4112 1116 4173 Const.
1180 4128 1320 4173 vero
1371 4111 1432 4187 3,
1486 4113 1578 4175 tit.
1608 4116 1649 4175 2
1697 4113 2081 4177 Novellarum
2113 4116 2189 4179 de

547 4199 853 4280 ejusmodi
881 4199 1076 4279 legato
1106 4200 1278 4264 dicit.
1308 4198 1371 4263 Si
1415 4206 1539 4283 qui,
1574 4210 1721 4279 etc.,
1753 4220 1946 4283 usque
1974 4205 2055 4267 ad
2084 4224 2188 4268 re-

544 4290 760 4350 lictum
791 4297 907 4363 est,
943 4290 1254 4369 procedat,
1278 4297 1343 4353 ut
1370 4310 1512 4372 pag.
1546 4292 1688 4354 574.

628 4376 968 4441 Scholium.
1027 4380 1241 4441 Const.
1291 4384 1353 4455 3,
1416 4382 1508 4443 tit.
1568 4382 1609 4444 2
1662 4382 2043 4447 Novellarum
2101 4395 2192 4448 est

2272 3224 2576 3290 ἀκινήτοις.
2611 3216 2725 3276 εἴτε
2772 3216 2932 3291 ἅπαξ,
2970 3217 3083 3273 εἴτε
3132 3215 3349 3283 ἐτήσιον
3394 3214 3487 3269 καὶ
3511 3215 3673 3269 τοῦτο
3696 3211 3882 3288 τρόποις

2272 3314 2436 3369 ἅπασι
2466 3310 2604 3367 κατᾶ
2633 3310 2733 3376 τὴν
2760 3308 2854 3365 τοῦ
2896 3305 3204 3383 διαθεμένου
3237 3304 3464 3382 γνώμην
3516 3302 3628 3359 ἂπὸ
3669 3303 3770 3357 τῶν
3806 3320 3883 3355 κε-

2272 3401 2597 3461 λευσθέντων
2655 3398 2811 3455 τοῦτο
2875 3400 3122 3467 ποιῆσαι,
3189 3393 3533 3471 πληρούσθω.
3601 3395 3661 3450 Εἰ
3715 3388 3766 3446 δὲ
3823 3389 3884 3462 μὴ

2270 3492 2450 3557 ἱδικῶς
2500 3487 2634 3566 εἴπῃ
2691 3491 2844 3545 ποίου
2886 3489 3053 3544 τόπου
3110 3485 3305 3551 πένησι
3358 3485 3527 3540 ταῦτα
3601 3480 3880 3551 κατέλιπεν,

2272 3581 2561 3657 κελεύομεν
2605 3580 2698 3635 τὸν
2729 3578 3028 3657 οσιώτατον
3077 3581 3178 3643 τῆς
3218 3572 3430 3635 πόλεως
3476 3571 3765 3630 ἐπίσκοπον
3789 3570 3885 3644 svi,

2272 3672 2439 3730 οἰκίαν
2496 3673 2526 3726 ὁ
2581 3668 2889 3743 διαθέμενος
2947 3666 3077 3746 εἶχε
3153 3661 3598 3742 παραλαμϐάνειν
3667 3662 3730 3717 τὰ
3780 3658 3885 3746 αὖτὰ

2273 3763 2588 3841 πράγματα,
2637 3759 2727 3816 καὶ
2786 3770 2905 3821 τοῖς
2964 3745 3064 3825 τῆς
3125 3754 3289 3822 αὖτῆς
3331 3752 3542 3818 πόλεως
3585 3751 3774 3817 πένησι
3799 3745 3886 3804 διά-

2272 3840 2475 3927 νέμειν.
2506 3851 2574 3906 Ἣ
2628 3846 2683 3905 δὲ
2740 3846 2829 3924 με’
2873 3846 3012 3909 διάτ,
3062 3852 3152 3902 τοῦ
3203 3841 3256 3921 β’
3288 3844 3394 3903 τίτ.
3425 3847 3533 3897 τῶν
3575 3845 3785 3917 Νεαρῶν
3811 3840 3882 3894 031

2272 3941 2426 4009 ἐτέθη
2482 3941 2556 4003 εἰς
2602 3939 2669 3995 τὰ
2712 3936 2996 3995 Βασιλικά.
3051 3931 3331 3996 Ὠσαότως
3385 3930 3501 3991 οὐδὲ
3550 3932 3588 4000 ἡ
3640 3930 3711 3986 νε’
3766 3927 3880 3985 διάτ.

2271 4041 2366 4091 106
2397 4029 2554 4088 αότοῦ
2582 4024 2789 4106 βιϐλίου
2817 4024 2915 4083 καί
2944 4026 3049 4087 τίτ,

2357 4122 2637 4195 Κείμενοδ.
2687 4116 2751 4175 Ἠ
2804 4115 2858 4173 δὲ
2905 4115 2957 4192 γ’
3002 4113 3143 4174 διάτ.
3176 4136 3270 4171 του
3298 4110 3349 4190 β’
3379 4112 3488 4171 τίτ.
3534 4112 3646 4169 τῶν
3676 4112 3882 4185 Νεαρῶν,

2270 4236 2327 4275 κ,
2362 4233 2415 4271 τ.
2449 4210 2505 4270 λ.
2539 4225 2729 4289 usque
2759 4205 2832 4268 ad
2865 4201 3187 4284 κατελείφθη
3217 4206 3601 4282 προχωρῆσαι.

2355 4388 2614 4472 Σχόλιον,
2652 4387 2718 4443 Ἠ
2748 4385 2802 4464 γ’
2831 4384 2971 4444 διάτ.
3006 4390 3097 4442 τοῦ
3138 4384 3170 4460 β
3220 4384 3325 4444 τίτ,
3382 4387 3490 4438 τῶν
3526 4383 3760 4472 Ῑςεαρῶν.
3794 4375 3882 4431 ἐστι

546 4466 788 4560 novella
822 4468 1166 4560 _Jus_tiniani
1195 4470 1328 4560 _13l
1371 4473 1485 4553 [ac]
1539 4475 1732 4553 posita
1764 4475 1895 4550 [est)
1928 4474 1989 4537 in
2019 4476 2127 4538 lib.
2158 4496 2186 4538 v

2274 4464 2442 4560 νεαρᾶ
2462 4477 2885 4542 ’[ουστινιάνειος
2916 4472 3060 4554 ph’,
3096 4473 3320 4549 κειμένη
3368 4473 3423 4528 ἐν
3474 4468 3668 4547 βιϐλίῳ
3720 4464 3760 4524 ε’
3799 4472 3881 4560 Ba:

546 4555 759 4631 Basil.,
796 4556 886 4617 tit.
921 4558 981 4632 3,
1018 4576 1151 4638 cap.
1184 4557 1248 4633 9,
1273 4549 1433 4640 quod
1468 4549 1851 4641 et'integrum
1884 4549 1969 4626 in
2025 4567 2186 4629 initia

2278 4549 2522 4644 σιλίκῶν,
2568 4570 2674 4631 τίτ.
2731 4565 2785 4645 γ’
2848 4549 2969 4646 κειρ,
3013 4549 3087 4644 θ’,
3132 4566 3160 4621 ὃ
3201 4562 3267 4631 δὴ
3315 4563 3405 4619 καὶ
3463 4558 3796 4637 κατεστρώθη
3843 4549 3883 4646 ἐξ

547 4648 862 4729 praesentis
892 4665 1025 4726 cap.
1064 4646 1358 4710 insertum
1417 4663 1531 4727 est,
1582 4651 1666 4714 ita
1693 4653 1994 4733 incipiens
2028 4675 2042 4720 :
2076 4657 2194 4721 Sed

548 4744 611 4799 et
639 4736 690 4798 si
720 4736 859 4818 quis
890 4755 997 4819 pro
1031 4736 1460 4820 redemptione
1492 4742 1893 4821 captivorum.

638 4826 877 4891 Texlus.
912 4828 1126 4890 Const.
1184 4829 1263 4893 48
1293 4829 1385 4891 tit.
1433 4828 1470 4894 3
1500 4830 1609 4894 lib.
1637 4833 1762 4895 Iait
1797 4855 1810 4898 :
1845 4836 2001 4916 quod
2035 4838 2194 4914 quis,

2278 4642 2576 4737 ὁλοκλήρου
2629 4658 2683 4715 έν
2850 4642 3102 4736 καταρχῇ
3150 4663 3242 4713 106
3290 4652 3559 4730 παρόντος
3588 4671 3711 4729 κεφ.
3740 4642 3882 4723 ἀρχό-

2279 4772 2442 4828 μενον
2473 4748 2642 4812 οὕτως
2678 4763 2692 4778 ⁸
2728 4749 2784 4805 Εἰ
2817 4745 2871 4801 δὲ
2900 4745 3031 4823 ὑπὲρ
3061 4742 3393 4821 ἂναῤῥύσεως
3421 4738 3799 4820 αἰχμαλώτων.

2367 4839 2643 4916 Κείμενον.
2698 4836 2763 4892 Ἢ
2819 4833 2875 4890 δὲ
2936 4817 3035 4910 nn"
3094 4817 3234 4895 διᾶτ,
3294 4838 3387 4889 106
3443 4817 3676 4908 γῖτίτη
3719 4830 3799 4881 106
3846 4817 3885 4874 ι’

547 4922 961 5011 etcphusque
1017 4918 1097 4978 ad
1168 4917 1488 4980 modorum
1543 4921 1751 5003 [hanc]
1813 4924 2075 5001 excludi,
2130 4946 2186 4989 ut

2280 4929 2487 5011 βιϐλίου
2517 4929 2700 5008 φησὶν,
2724 4949 2781 4988 κ.
2815 4948 2867 4987 τ.
2903 4925 2957 4985 λ.
2987 4940 3178 5004 usque
3205 4921 3279 4984 ad
3312 4920 3658 4980 ἀποκλείεται
3687 4916 3884 4995 τρόπων.

550 5005 856 5070 574-575.

629 5095 971 5161 Scholium.
1000 5098 1296 5163 Const.48
1329 5099 1418 5161 tit.
1453 5100 1515 5178 3,
1549 5101 1659 5166 lib.
1692 5120 1779 5180 In,
1812 5101 2088 5168 Cod.non
2114 5117 2205 5171 est

551 5184 747 5265 posita
775 5182 838 5246 in
858 5185 1054 5275 Basil.
1082 5208 1099 5260 ;
1125 5196 1317 5251 const.
1348 5207 1490 5252 vero
1521 5189 1696 5267 3,1il).
1723 5210 1763 5256 ιι
1794 5191 2199 5275 Novellarum,

551 5280 644 5375 est
700 5274 935 5375 novella
988 5273 1315 5375 Iustiniani
1370 5283 1509 5375 131,
1566 5282 1762 5361 posita
1811 5284 1973 5365 [quaa
2002 5268 2186 5365 estlir

2285 5291 2389 5348 τίτ.
2465 5288 2572 5344 τῶν
2630 5290 2847 5365 Νεαρῶν
2914 5283 3027 5339 ἐστι
3084 5282 3247 5361 νεαρὰ
3306 5279 3724 5339 Ἰουστινιάνειος
3771 5268 3886 5375 ρλι;,

553 5360 665 5425 lib.
700 5361 884 5463 Basil.
911 5366 1330 5463 v,_tit.._3,.cap.
1365 5356 1591 5450 8,quod
1615 5381 1673 5463 et
1695 5356 1960 5436 secundo
1983 5356 2186 5440 abhinc

2287 5378 2514 5455 κειμένη
2545 5377 2599 5433 ἒν
2628 5356 2819 5452 βιϐλίῳ
2846 5379 2953 5430 τῶν
2980 5356 3288 5430 Βασιλικῶν
3333 5369 3377 5426 ε’
3426 5371 3528 5428 τίτ.
3574 5368 3652 5447 γ’,
3684 5386 3796 5441 κεφ.
3823 5356 3885 5463 η’.

560 5450 873 5554 superiori
895 5454 1129 5554 sebo-lio
1154 5448 1465 5554 insertum
1493 5468 1605 5522 est.
1641 5462 1851 5525 Const.
1901 5464 1978 5527 52
2030 5465 2121 5530 tit.
2168 5471 2186 5528 ε

2287 5471 2317 5526 ὃ
2376 5448 2466 5525 καὶ
2522 5448 2868 5540 κατεστρώθη
2923 5465 2996 5525 εἷς
3056 5463 3118 5518 τὸ
3163 5459 3424 5539 παρελθὸν
3478 5456 3789 5515 καταϐατὸν.
3837 5448 3887 5502 Ἥ

552 5539 666 5601 lib.
702 5558 719 5604 ι
754 5539 898 5603 Cod.
936 5543 997 5604 in
1029 5543 1210 5607 Basil.
1253 5566 1369 5608 non
1401 5556 1492 5609 est
1518 5550 1973 5630 posila.Vcrum
2008 5567 2182 5619 const

2291 5558 2369 5615 νϐ’
2424 5556 2563 5619 διάτ,
2599 5562 2692 5611 106
2723 5539 2774 5632 β’
2809 5554 2910 5611 τίτ.
2946 5560 3037 5609 106
3085 5552 3137 5607 α’
3188 5549 3393 5630 βιϐλίου
3436 5555 3530 5605 106
3564 5544 3786 5604 Κώδικος
3820 5540 3892 5593 οὒκ

2366 5108 2626 5190 Σχόλιον,
2658 5104 2724 5162 Ἦ
2770 5105 2870 5181 μη’
2929 5103 3073 5167 me.
3126 5112 3221 5161 106
3277 5098 3329 5190 γέ
3383 5102 3486 5190 τίτ.
3520 5100 3613 5190 106
3642 5095 3690 5154 α’
3719 5091 3885 5190 βιϐλίοῖ

2285 5206 2380 5261 οὒκ
2415 5174 2578 5265 ’ἐτέθη
2623 5199 2696 5261 εἷς
2740 5174 2805 5252 τὲ
2860 5193 3139 5272 βασιλικάο
3192 5190 3260 5248 Ἥ
3292 5174 3359 5246 ’δὲ
3417 5187 3469 5267 γ’
3527 5187 3666 5246 διάτ·
3723 5192 3806 5272 τῷ
3849 5174 3889 5272 β’
