4090 6204
225 325 393 398 1045

1239 332 1735 398 NOMOGANON.
1798 364 1871 376 —
1940 328 2100 392 TIT.
2165 330 2247 412 ιι,
2293 330 2463 395 CAP.
2518 332 2598 394 11.

3469 328 3621 396 1046

214 492 386 561 ἐτεθη
440 495 516 559 εἷς
575 493 638 550 τὰ
692 491 974 553 Βασιλικά.
1037 490 1105 548 Ἠ
1151 490 1331 564 μέντοι
1392 489 1442 567 β’
1497 488 1638 548 διάτ.
1685 494 1778 544 τοῦ
1829 482 1881 542 α’

1999 497 2003 541 ι
2037 484 2124 546 tit.
2164 485 2185 546 l
2219 482 2601 547 Novellarum
2628 491 2717 546 est
2748 481 2981 546 novella
3006 482 3331 548 Justiniani
3363 478 3507 558 423,
3544 500 3616 545 ac

213 583 337 645 τίτ.
396 584 504 641 τῶν
565 590 781 663 Νεαρῶν
837 582 948 640 ἐστι
1026 584 1188 659 νεαρὰ
1265 579 1689 639 Ἰουστινιάνειος
1757 574 1875 655 ρκγ’

1999 573 2159 663 osita
2191 582 2278 634 est
2303 573 2366 636 in
2392 573 2500 635 lib.
2538 574 2723 636 Basil.
2755 591 2838 650 ιν,
2871 574 2965 637 tit.
3005 575 3059 649 1,
3095 593 3228 655 cap.
3284 573 3323 634 5
3352 580 3411 639 et
3441 573 3500 648 6,
3544 571 3618 635 ad

216 676 323 729 καὶ
381 672 536 741 ἐτέθη
597 674 652 729 ἐν
696 671 887 752 βιϐλίῳ
916 679 1022 730 τῶν
1053 671 1353 747 Βασιλικῶν
1386 668 1457 745 δ’,
1504 670 1607 731 τίτ.
1642 665 1719 742 α’,
1752 688 1878 746 κεφ,

1999 662 2247 725 τιιιηάειιι
2272 682 2460 745 prope
2492 664 2765 748 modum,
2795 683 2915 745 quo
2945 664 3070 727 hic.
3590 686 3593 689 ‘

216 760 269 817 ε’
306 765 399 820 καὶ
430 760 535 839 ς’,
574 761 710 820 οὕτω
743 761 939 843 σχεδὸν
970 764 1043 824 ὡς
1071 761 1292 818 ἐνταῦθα
1323 772 1529 821 κεῖται,

318 866 599 942 Κείμενοδ.
633 865 789 943 Λέγει
834 861 889 920 δὲ
924 865 958 932 ἡ
991 862 1042 921 α’
1100 864 1188 919 καὶ
1232 862 1374 937 μόνη
1434 859 1575 923 διάτ.
1634 867 1727 917 τοῦ
1784 852 1889 935 μη⁹

2054 857 2105 919 Τ
2103 865 2301 920 extus.
2334 857 2491 919 Dicit
2522 874 2703 936 porro
2737 859 2794 933 l,
2828 874 3018 938 eaque
3047 856 3251 937 unica,
3285 859 3480 916 const.
3519 855 3615 919 tit.

213 956 337 1018 τίτ.
384 964 478 1013 τοῦ
519 953 600 1030 ς’
642 942 850 1031 βιϐλίου
894 962 993 1011 τοῦ
1030 951 1293 1026 Κώόικος,
1351 971 1407 1012 κ.
1455 973 1512 1012 τ.
1572 950 1624 1008 ὶ.
1692 965 1886 1028 usque

1999 947 2041 1009 ’8
2076 947 2181 1010 lib.
2224 964 2283 1010 Vl
2318 946 2461 1011 Cod.
2501 970 2514 1006 :
2549 945 2787 1022 Valere,
2824 956 2967 1021 etc.,
3002 965 3193 1029 usque
3243 946 3323 1009 ad
3355 942 3620 1009 obvene-

215 1044 303 1107 ad
343 1043 621 1123 συμϐᾶσαν
650 1044 874 1119 ζημίαν,

312 1146 580 1227 Σχόλιον.
627 1147 694 1202 Ἥ
738 1142 793 1201 α’
835 1143 974 1205 διάτ,
1022 1144 1116 1199 τοῦ
1156 1139 1255 1217 μη’
1300 1140 1407 1200 τίτ.
1444 1142 1539 1196 τοῦ
1567 1136 1646 1214 ξ’
1675 1137 1883 1216 βιϐλίου

217 1243 329 1294 τοῦ
381 1234 622 1299 Κώδικος
668 1247 845 1291 κεῖται
888 1232 941 1290 ἓν
987 1230 1179 1310 βιϐλίῳ
1227 1229 1342 1311 μδ’,
1377 1230 1480 1287 τίτ.
1516 1228 1618 1305 ιη’,
1651 1251 1775 1310 κεφ.
1811 1228 1887 1304 λ’,

218 1329 322 1383 καὶ
371 1328 522 1398 ζήτει
569 1330 727 1382 τοῦτο
773 1324 915 1400 περὶ,
972 1324 1038 1380 τὰ
1081 1322 1221 1398 μέσα
1267 1316 1630 1395 διαλαμϐάνον
1678 1320 1779 1376 ὃσα
1818 1321 1891 1382 εἷς

216 1419 289 1473 τὸ
354 1416 605 1491 κείμενον
650 1414 982 1494 ἐγράφησαν.
1020 1413 1095 1469 Τὰ
1130 1410 1183 1468 δὲ
1228 1410 1499 1489 λεγόμεναι
1540 1407 1890 1489 περιέχεσθαι

219 1506 285 1563 ὲν
321 1513 403 1580 τῷ
459 1505 541 1576 κζ’
600 1506 700 1566 τίτ.
748 1510 846 1571 τῆς
891 1501 944 1580 γ’
1000 1503 1433 1562 ὶνστιτουτιῶνος
1486 1499 1581 1556 οὒκ
1630 1499 1886 1566 ἐτέθησαν

1962 1037 2066 1113 rit,
2103 1037 2416 1111 resarciet,
2446 1044 2512 1099 ut
2543 1054 2687 1118 pag.
2724 1037 2864 1101 5'74.

2061 1140 2397 1205 Scholium.
2434 1142 2641 1203 Const.
2698 1143 2724 1202 1
2771 1141 2858 1205 tit.
2895 1142 2973 1203 48
3005 1141 3116 1204 lib.
3166 1159 3222 1205 v1
3253 1142 3396 1207 Cod.
3435 1145 3623 1223 posita

1976 1239 2065 1294 est
2098 1230 2157 1291 in
2190 1229 2297 1290 lib.
2332 1247 2488 1305 XLIV,
2552 1230 2641 1292 tit.
2707 1231 2807 1311 l8,
2864 1249 2995 1312 cap.
3056 1231 3156 1307 30,
3191 1234 3351 1312 quod
3388 1254 3617 1315 quare.

1977 1319 2148 1382 Circa
2179 1318 2438 1380 medium
2475 1319 2636 1382 enim
2675 1327 2907 1400 tractat,
2959 1339 3334 1402 quzecunque
3365 1323 3426 1385 in
3460 1322 3620 1387 textu

1976 1409 2200 1490 scripta
2229 1418 2389 1471 sunt.
2417 1410 2563 1484 Qua:
2592 1428 2730 1471 vero
2762 1410 3046 1471 dicuntur
3090 1412 3529 1491 comprehendi
3558 1414 3623 1475 in

1976 1500 2050 1562 27
2086 1499 2171 1559 tit.
2210 1498 2372 1580 [lib.]
2408 1516 2495 1573 ιιι,
2532 1509 2589 1562 ει
2620 1502 2688 1560 16
2722 1500 3010 1581 tit..[lib.]
3044 1518 3101 1564 IV
3120 1500 3316 1566 Instit.
3350 1503 3409 1563 in
3436 1504 3619 1567 Basil.

222 1599 305 1659 εἷς
373 1596 440 1653 τὰ
492 1593 777 1657 Βαπιλικά,
826 1584 888 1649 Ἠ
935 1592 1117 1667 μέντοι
1148 1589 1199 1669 β’
1232 1588 1372 1649 διάτ.
1402 1590 1497 1646 τοῦ
1550 1586 1596 1665 β’
1635 1590 1742 1648 τίτ.
1776 1591 1885 1645 τῶν

1999 1608 2089 1650 ιοη
2122 1596 2259 1649 sunt
2294 1598 2503 1669 posita.
2541 1589 2698 1653 Sane
2728 1608 2865 1652 vero
2898 1599 3092 1653 const.
3120 1589 3157 1649 2
3207 1593 3297 1654 tit.
3334 1592 3372 1652 2
3395 1591 3618 1655 Novel-

222 1692 459 1765 Νεαρῶν
519 1684 630 1741 ἐστι
676 1681 753 1751 ιη’
815 1703 935 1762 κεφ.
982 1683 1077 1738 τοῦ
1117 1679 1168 1757 β’
1225 1683 1329 1741 τίτ.
1366 1687 1460 1737 τοῦ
1492 1676 1535 1735 ε’
1567 1676 1769 1756 βιϐλίου
1801 1680 1887 1735 καὶ

1999 1698 2161 1739 arum
2194 1686 2287 1739 est
2317 1698 2448 1760 cap.
2486 1680 2558 1741 t8
2608 1680 2697 1742 tit.
2733 1680 2772 1740 2
2802 1680 2909 1741 lib.
2966 1697 3027 1753 ν,
3061 1680 3219 1760 quod
3247 1680 3371 1742 fere
3404 1682 3616 1744 eadem

221 1801 369 1858 φησι
417 1775 613 1857 σχεδὸν
644 1776 709 1831 τὰ
743 1774 902 1835 αὖτέ.
959 1764 1021 1829 Ἠ
1071 1771 1125 1829 δὲ
1184 1771 1235 1827 α’
1280 1770 1422 1834 διας,
1455 1778 1547 1827 τοῦ
1596 1771 1756 1828 αἰ)τοῦ
1798 1771 1885 1847 βιο

1999 1769 2137 1831 licit.
2174 1768 2373 1833 Const.
2410 1780 2607 1831 autem
2646 1777 2669 1830 ι
2707 1770 2978 1849 ejusdem
3010 1769 3120 1833 lib.
3154 1770 3536 1834 Novellarum
3555 1772 3619 1834 in

221 1865 388 1926 ϐλίου
417 1872 523 1924 τῶν
558 1864 780 1943 Μεαρῶν
812 1864 909 1920 οὒκ
938 1861 1199 1935 ἐτέθη-εἷς
1228 1862 1296 1918 τὰ
1328 1858 1607 1937 βασιλικά.

321 2003 581 2060 ΚΕΦΑΛ,
644 1985 730 2057 Β’,
794 2027 873 2039 --
922 1993 1047 2072 Περὶ
1103 1994 1258 2071 ἱερῶν
1302 1991 1507 2049 σκευῶν
1550 1992 1641 2047 καὶ
1680 1990 1886 2057 ἀναθη-

230 2090 457 2167 μάτων.

319 2188 673 2251 Ἀποστὸλων
734 2187 910 2244 κανὼν
957 2185 1043 2262 ογ’
1079 2204 1091 2220 ·
1141 2183 1360 2244 συνόδου
1405 2182 1456 2240 α’
1510 2185 1599 2241 καὶ
1654 2186 1707 2262 β’
1751 2208 1885 2263 συγ·-

228 2281 595 2361 κροτηθείσης
628 2278 684 2334 ἐν
712 2284 789 2351 τῷ
820 2283 929 2349 ναῷ
951 2279 1060 2332 τῶν
1099 2274 1292 2352 Ἀγίων
1343 2273 1689 2331 Ἀποστόλων
1715 2276 1891 2331 κανὼν

231 2375 313 2448 αν,
354 2373 393 2428 ιν
430 2391 445 2406 .
511 2367 770 2446 κυρίλλου
842 2366 902 2422 ἐκ
961 2366 1059 2432 τῆς
1117 2366 1251 2441 πρὸς
1315 2365 1528 2441 Δόμνον
1596 2363 1891 2430 ἐπιστολῆς

232 2486 372 2544 κεφ.
399 2461 476 2538 β’.

324 2568 606 2641 Κείμενον.
657 2555 719 2618 ’Β
766 2559 833 2632 ιζ’
898 2558 1039 2621 διάτ.
1103 2561 1198 2615 τοῦ
1253 2559 1306 2635 β’
1364 2559 1469 2621 τίτ.
1529 2561 1624 2615 τοῦ
1685 2557 1737 2615 α’
1792 2560 1883 2636 βι-

232 2656 390 2715 ϐλίου
434 2662 528 2713 τοῦ
590 2650 826 2717 Κώδικὸς
879 2670 1065 2731 φησιν,
1103 2670 1159 2708 κ.
1190 2670 1244 2711 τ.
1276 2647 1357 2722 λ.,
1394 2662 1586 2729 uSque
1616 2647 1694 2710 ad
1724 2650 1769 2705 εἷ
1814 2649 1890 2724 μὴ

232 2744 325 2803 διὰ.
354 2745 508 2803 λύσιν
537 2739 929 2822 αἰχμαλώτων,

323 2848 584 2929 Σχόλιον.
629 2849 694 2903 Ἦ
739 2841 805 2917 ιζ’
837 2842 976 2906 διᾶτ,
1041 2851 1134 2901 τοῦ
1177 2842 1228 2919 β’
1272 2844 1380 2903 τίτ.
1418 2851 1513 2902 τοῦ
1572 2840 1624 2898 α’
1683 2839 1889 2920 βιϐλίου

238 2948 337 2996 τοῦ
369 2937 605 2999 Κώδικος
640 2938 736 2993 οὒκ
794 2934 948 3001 ἐτέθη
1012 2935 1083 2996 εἷς
1138 2933 1203 2988 τὰ
1234 2930 1513 3009 βσιιιιλιιιὲι¹
1547 2930 1665 2990 οὐδὲ
1695 2935 1728 3000 ἡ
1773 2932 1884 2995 xu’.

242 3032 319 3087 Τὸ
379 3028 563 3102 μέντοι
621 3025 698 3102 ξβ’
761 3023 903 3086 διάτ,
966 3023 1060 3079 τοῦ
1115 3021 1166 3078 α’
1224 3022 1331 3081 τίτ.
1393 3020 1486 3078 τοῧ
1549 3021 1623 3087 ιη’
1686 3018 1892 3098 βιϐλίου

244 3118 367 3175 ἰστὲ
426 3113 629 3192 βιϐλίον
675 3112 739 3171 ιθ’
799 3119 905 3172 τῶν
965 3111 1295 3184 Βασιλικῶν,
1344 3112 1447 3171 τίτ.
1503 3110 1580 3184 α’,
1632 3133 1754 3189 διεφ.
1788 3109 1890 3191 ξδ’,

242 3209 379 3282 θέμα
439 3206 517 3283 β’.

241 3296 296 3354 α’
344 3297 447 3358 τίτ.
504 3294 604 3363 τῆς
661 3293 712 3370 β’
772 3296 1201 3356 ἶνστιτουτιῶνος
1253 3294 1346 3349 οὐκ
1377 3287 1533 3356 ἐτέθη
1565 3290 1639 3352 είς
1670 3290 1736 3345 τὰ
1779 3298 1891 3346 Βα-

240 3387 453 3446 σιλικά.
487 3383 555 3442 Ἠ
615 3383 666 3441 α’
728 3381 869 3445 διάτ,
927 3389 1020 3441 τοῦ
1059 3382 1109 3459 β’
1167 3382 1273 3442 τίτ.
1329 3380 1443 3450 ⁸τῶν
1501 3384 1719 3457 Νεαρῶν
1776 3378 1889 3436 ἐστι

242 3477 404 3555 νεαρὰ
462 3474 891 3537 Ἰουστινιάνειος
953 3471 1035 3547 ρκ’
1071 3487 1085 3502 ’
1135 3478 1291 3528 τοῦτο
1336 3467 1390 3525 δὲ
1434 3470 1598 3535 αὐτῆς
1646 3471 1708 3526 τὸ
1765 3489 1887 3549 κεφ.

242 3567 340 3624 οὒκ
370 3566 528 3632 ἐτέθη
560 3565 634 3629 είς
668 3563 732 3619 τὰ
760 3560 1046 3623 Βασιλικά.

327 3668 610 3744 Κείμενον.
658 3667 724 3723 Ἠ
769 3663 824 3721 δὲ
884 3664 933 3741 β’
990 3662 1134 3726 διάτ.
1196 3670 1288 3720 τοῦ
1333 3665 1493 3721 αὐτοῦ
1540 3664 1647 3724 τίτ.
1706 3664 1888 3741 φησὶν,

242 3759 385 3817 ὥστε
432 3758 498 3813 τὰ
540 3756 655 3833 ἱερὰ
683 3755 873 3828 σκεύη,
910 3776 964 3814 κ.
998 3776 1052 3813 τ.
1090 3752 1177 3833 λ.,
1208 3767 1402 3833 usque
1430 3749 1504 3812 ad
1538 3752 1624 3807 καὶ
1655 3749 1760 3831 οὐχ
1790 3750 1892 3829 ἆῤ..

244 3850 399 3924 μόζει
436 3847 499 3904 ἐκ
528 3846 718 3903 τούτου
749 3844 966 3923 ἀγωγή.

327 3948 597 4030 Σχόλιον,
645 3945 711 4003 Ἠ
771 3945 821 4023 β’
880 3944 1024 4009 διάτ.
1084 3953 1177 4003 τοῦ
1232 3945 1284 4022 β’
1335 3947 1442 4011 τίτ.
1506 3950 1610 4002 τῶν
1674 3948 1892 4023 Νεαρῶν

243 4041 359 4097 ἐστι
399 4038 565 4115 νεαρὰ
594 4035 1020 4100 Ἰουστινιοίνειος
1052 4034 1159 4115 ρκ’,
1211 4034 1435 4111 κειμένη
1491 4034 1547 4091 ἐν
1601 4031 1792 4111 βιϐλίῳ
1847 4032 1892 4090 ε’

1909 1853 1947 1905 Β
1969 1859 2151 1922 Basil.
2183 1878 2300 1921 non
2334 1869 2424 1923 est
2449 1859 2670 1941 posita.

2049 1989 2212 2054 CAP.
2252 1990 2324 2053 ιι.
2361 2024 2439 2037 —-
2470 1992 2554 2055 De
2581 1993 2773 2055 sacris
2803 1994 2989 2068 vasis,
3022 2000 3085 2055 et
3112 1993 3417 2057 donariis.

2054 2186 2481 2265 Apostolorum
2513 2203 2704 2247 canon
2734 2186 2855 2256 73;
2892 2184 3185 2247 conciliii
3227 2192 3286 2247 et
3315 2185 3353 2247 2
3382 2187 3446 2248 in
3492 2187 3620 2250 atde

1974 2272 2325 2337 Sanctorum
2361 2275 2784 2354 Apostolorum
2816 2275 3031 2355 coacti,
3065 2293 3257 2337 canon
3293 2283 3350 2352 1,
3383 2276 3498 2357 4ος
3541 2295 3619 2339 ex

1974 2365 2230 2446 epistola
2260 2365 2461 2446 Cyrilli
2496 2365 2569 2427 ad
2601 2364 2897 2427 Domuum
2926 2365 3184 2446 caput2.

2059 2554 2302 2620 Textus.
2337 2555 2537 2619 Const.
2575 2557 2648 2617 l7
2683 2555 2775 2617 tit.
2811 2553 2848 2614 2
2890 2555 2999 2619 lib.
3028 2573 3049 2616 ι
3101 2554 3248 2619 Cod.
3283 2556 3364 2617 ait
3399 2574 3412 2616 :
3447 2555 3618 2629 Quod

1974 2644 2115 2707 dum
2150 2656 2333 2722 extra,
2370 2655 2513 2727 etc.,
2552 2663 2742 2725 usque
2770 2646 2852 2709 ad
2909 2645 3388 2726 redemptionem
3422 2648 3618 2728 capti-

1973 2753 2205 2815 vorum,
2237 2742 2304 2798 ut
2329 2752 2468 2814 pag.
2504 2736 2646 2798 579.

2054 2839 2384 2904 Scholium.
2411 2839 2614 2902 Const.
2655 2841 2749 2911 17,
2783 2838 2872 2899 tit.
2906 2837 2965 2912 2,
2998 2837 3109 2899 lib.
3150 2856 3167 2899 ι
3200 2836 3347 2902 Cod.
3379 2856 3498 2902 non
3526 2845 3619 2901 est

1973 2930 2163 3013 posita
2193 2928 2256 2990 in
2287 2929 2493 3003 Basil.,
2520 2946 2715 3009 neque
2736 2929 2837 2991 2i.
2871 2925 3092 2989 Verum
3116 2926 3331 3006 digest.
3363 2927 3442 2991 62
3465 2929 3554 2992 tit.
3585 2935 3612 2989 1

1973 3020 2078 3083 lib.
2114 3035 2278 3092 xvm.
2312 3027 2402 3080 est
2433 3018 2539 3081 lib.
2574 3036 2670 3081 nx
2697 3015 2909 3091 Basil.,
2946 3016 3037 3079 tit.
3077 3023 3133 3097 1,
3169 3035 3301 3098 cap.
3346 3018 3446 3093 62,
3483 3018 3615 3080 the-

1977 3132 2069 3174 ma
2100 3113 2158 3185 2,
2187 3111 2341 3192 quod
2381 3110 2581 3181 habet,
2617 3118 2680 3172 ut
2724 3110 2785 3171 in
2831 3117 2993 3171 textu
3025 3109 3315 3190 scriptum
3352 3117 3464 3172 est.
3494 3109 3614 3172 Tit.

578 3204 727 3267 οὕτος
789 3205 921 3283 ἕχον
971 3204 1045 3267 ὠς
1092 3204 1166 3265 εἰς
1199 3203 1261 3257 τὸ
1290 3202 1537 3275 κείμενον
1568 3200 1800 3280 ἐγράφη.
1835 3202 1889 3258 Ὀ

1999 3211 2007 3264 ι
2038 3202 2198 3281 [lib.l
2232 3218 2274 3263 ιι
2302 3201 2495 3265 Instit.
2531 3200 2590 3262 in
2623 3199 2805 3264 Basil.
2852 3218 2971 3262 non
3006 3206 3096 3261 est
3126 3200 3373 3279 positus.
3408 3200 3617 3264 Const.

1974 3292 2129 3352 ltit.
2162 3290 2198 3351 2
2228 3290 2610 3353 Novellarum
2664 3297 2756 3352 est
2816 3288 3052 3351 novella
3102 3286 3428 3352 Justiniani
3478 3291 3614 3355 120.

1972 3380 2097 3443 Hoc
2127 3388 2323 3442 autem
2357 3379 2487 3459 ejus
2517 3387 2695 3461 caput
2744 3398 2864 3442 non
2915 3386 3006 3442 est
3035 3377 3294 3460 positum
3328 3380 3391 3443 in
3424 3381 3613 3445 Basil.

2064 3664 2304 3724 Textus.
2339 3663 2542 3724 Const.
2574 3661 2615 3724 2
2646 3659 2919 3739 ejusdem
2952 3659 3045 3724 tit.
3080 3658 3268 3723 dicit:
3300 3659 3377 3723 Ut
3406 3679 3483 3724 ne
3514 3680 3615 3725 sa-

1973 3771 2097 3827 cra,
2132 3760 2274 3824 etc.,
2308 3767 2498 3829 usque
2547 3749 2626 3812 ad
2658 3748 2799 3811 inde
2830 3750 2984 3812 actio
3034 3767 3157 3812 non
3186 3757 3508 3832 competat,
3551 3759 3617 3816 ut

1965 3860 2110 3923 pag.
2146 3838 2444 3904 579-582.

2055 3943 2391 4007 Scholium.
2425 3941 2677 4006 Constit.
2706 3943 2745 4005 2
2775 3941 2869 4006 tit.
2902 3941 2940 4003 2
2972 3943 3354 4006 Novellarum
3389 3954 3481 4006 est
3506 3964 3619 4007 no-
3708 3972 3723 3981 ~

1975 4035 2124 4097 vella
2139 4032 2461 4097 Justiniani
2490 4032 2831 4112 120,posita
2865 4035 3000 4113 [que
3022 4036 3136 4107 est]
3154 4034 3214 4095 in
3241 4032 3389 4095 lib.v
3406 4035 3619 4118 Basil.,

243 4134 349 4187 τῶν
385 4125 712 4201 Βασιλικῶν,
751 4125 853 4186 τίτ.
894 4123 943 4200 β’
975 4146 1098 4203 κεφ.
1133 4122 1248 4204 κα’,
1302 4122 1468 4188 οὕτως
1507 4123 1697 4203 ἔχοντι
1721 4124 1889 4189 καθὼς

2002 4125 2071 4185 it.
2095 4124 2156 4204 2,
2182 4141 2317 4203 cap.
2342 4121 2610 4203 2l,quod
2635 4121 2911 4190 habet.ut
2932 4121 2995 4184 in
3030 4131 3194 4183 textu
3213 4124 3622 4204 comprehen-

247 4221 321 4284 εἷς
347 4221 412 4275 τὸ
442 4217 688 4288 κείμενον
731 4213 1018 4293 διελήφθη.
1082 4215 1150 4271 Τὸ
1195 4212 1270 4291 ιγ’
1329 4213 1470 4276 διάτ.
1514 4220 1610 4272 τοῦ
1653 4213 1733 4280 ιη’
1785 4214 1893 4270 τίτ.

246 4309 339 4365 τοῦ
382 4306 436 4365 α’
494 4303 699 4383 βιϐλίου
758 4304 872 4361 ἐστὶ
929 4300 1135 4381 βιϐλιον
1186 4303 1292 4377 ς’,
1323 4303 1469 4381 τίτ.,
1504 4304 1583 4379 α’,
1617 4325 1739 4383 κεφ.
1772 4303 1890 4379 μβ’,

1977 4232 2108 4274 sum
2144 4219 2255 4274 est.
2294 4210 2523 4291 Digest.
2560 4210 2632 4273 l3
2668 4212 2762 4271 tit.
2793 4210 2866 4271 18
2897 4210 3003 4271 lib.
3033 4228 3053 4272 ι
3094 4211 3313 4275 estllb.
3340 4230 3417 4288 v1,
3453 4214 3543 4278 tit.
3578 4233 3621 4295 ι,

1980 4322 2110 4383 cap.
2146 4303 2248 4379 42,
2284 4301 2441 4383 quod
2474 4301 2561 4363 sic
2592 4299 2777 4363 habet
2803 4322 2817 4359 :
2848 4303 3072 4363 Praeses
3104 4303 3266 4383 pacis
3297 4321 3498 4365 curam
3521 4304 3624 4366 ha-

246 4398 416 4460 οὕτως
447 4394 579 4475 ἔχων
613 4411 629 4427 ’
665 4393 726 4452 Ὀ
759 4392 945 4473 ἄρχων
986 4392 1308 4473 φροντιζέτω
1336 4398 1435 4460 τῆς
1469 4395 1687 4471 εἰρήνης
1718 4395 1889 4464 ζητῶν

1999 4390 3120 4473 Jeto,sacrilegos,plagiarios,l‘ures,ac
3144 4391 3405 4474 [eorum]
3420 4410 3624 4474 recep-

244 4489 369 4550 τοὺς
402 4483 708 4563 ἱεροσύλους
740 4485 829 4540 καὶ
884 4481 1332 4562 ἂνδραποδιστὰς,
1364 4484 1453 4549 καὶ
1509 4481 1745 4545 κλέπτας
1798 4482 1895 4538 καί

1979 4490 2142 4543 tores
2173 4481 2564 4560 conquirens,
2589 4497 2918 4559 eorumque
2946 4480 3231 4541 delictum
3264 4480 3623 4563 [supplicio]

247 4574 548 4655 ὑποδοχεῐς
609 4575 696 4631 καὶ
748 4574 879 4652 πρὸς
921 4575 984 4630 τὸ
1015 4572 1401 4648 πλημμέλημα
1432 4571 1655 4638 ἐπεξιὼν
1685 4574 1889 4635 αὗτοϊς.

1999 4588 2373 4651 persequens.
2408 4569 2631 4649 Digest.
2666 4570 2707 4632 4
2748 4570 2838 4632 tit.
2893 4568 2931 4629 2
2961 4568 3068 4633 lib.
3104 4589 3138 4631 x
3172 4579 3265 4633 est
3297 4572 3475 4634 Basil.
3509 4572 3619 4637 lib.

252 4668 325 4724 re.
382 4664 429 4721 δ’
490 4662 631 4727 διάτ,
693 4671 787 4720 τοῦ
845 4663 897 4739 β’
954 4663 1058 4722 τίτ.
1121 4670 1212 4720 τοῦ
1273 4662 1311 4719 ι’
1353 4660 1582 4740 βιϐλίου,
1632 4662 1746 4719 ἔστι
1794 4665 1889 4719 τῶι

1999 4677 2126 4734 {th,
2161 4659 2250 4720 tit.
2276 4658 2335 4734 3,
2360 4678 2489 4740 cap.
2517 4659 2578 4730 4,
2607 4660 2808 4720 thema
2851 4664 2912 4733 2,
2945 4659 3103 4739 quod
3129 4659 3272 4721 dicit
3308 4682 3322 4719 :
3349 4659 3628 4739 Exceptis

253 4753 561 4812 Βασιλικῶν
608 4750 815 4831 βιϐλίον
876 4751 995 4831 μβ’,
1055 4753 1160 4815 τίτ.
1208 4750 1289 4832 γ’,
1332 4773 1455 4831 κεφ,
1507 4750 1577 4832 δ’,
1636 4751 1772 4827 eg,“
1822 4750 1901 4831 β’,

530 4842 916 4923 Ἐξῃρημένων
972 4845 1078 4899 τὼν
1109 4848 1292 4923 χρεῶν
1316 4843 1384 4901 τὰ
1413 4841 1579 4898 λοιπὰ
1609 4842 1889 4921 πράγματα

1999 4839 2360 4903 erciscundae
2375 4839 2969 4918 deducuntur,etiam
3006 4838 3160 4899 mala
3194 4838 3632 4900 medicamenta

251 4844 414 4923 λέγον
451 4860 465 4875 ⁹

1987 4752 2145 4812 enim
2169 4749 2792 4830 nominibus,reliquze
2822 4767 2922 4811 res
2952 4749 3010 4809 in
3032 4748 3332 4828 judicium
3357 4748 3624 4830 familia,

254 4934 582 5011 κατάγονται
628 4935 703 4995 εἰς
762 4935 823 4989 τὸ
868 4931 1104 5011 διαιροῦν
1152 4939 1221 5009 τῇ
1268 4931 1499 5011 φαμιλίᾳ
1553 4933 1647 4987 τὸν
1704 4930 1889 5011 κλῆροι

1999 4938 2050 4992 ει
2077 4928 2215 4991 libri
2248 4928 2462 5007 magici
2517 4947 2587 4990 ac
2637 4928 2864 4990 similes
2901 4948 2915 4988 :
2972 4926 3082 4989 sed
3114 4926 3378 4988 ofﬁcium
3404 4925 3632 5006 judicia

257 5022 636 5104 δικαστήριον,
695 5024 784 5079 καὶ
839 5023 906 5080 τὰ
956 5023 1098 5079 κακὰ
1146 5021 1426 5102 φάρμακα,
1458 5021 1641 5077 καὶτὰ
1697 5021 1889 5099 μαγικέ

1999 5029 2108 5095 est,
2142 5027 2205 5079 ut
2237 5020 2506 5100 protinus
2535 5019 2663 5079 haec
2712 5024 3080 5097 corrumpat.
3141 5018 3329 5078 Porro
3365 5034 3499 5098 quae
3528 5036 3629 5080 sa-

259 5111 470 5188 βιϐλία,
528 5115 619 5169 καὶ
676 5114 741 5169 τὰ
776 5113 961 5188 ὅμοια.
994 5111 1267 5192 Ὀφρίκιον
1321 5108 1377 5167 δὲ
1432 5108 1684 5168 δικαστοῦ
1729 5132 1889 5189 παρα-

1999 5108 2262 5189 crilegio,
2298 5109 2665 5189 peculatu,vi
2697 5116 2795 5169 aut
2820 5124 3176 5188 aggressura
3198 5107 3448 5186 quaesita
3471 5116 3632 5184 sunt,

259 5210 455 5283 χρῆμα
484 5205 553 5262 τὰ
611 5206 832 5262 τοιαῦτα
887 5202 1228 5284 διαφθείρειν.
1277 5202 1350 5260 Οὗ
1400 5200 1686 5279 διαιρεῖται
1732 5198 1787 5256 δὲ
1843 5201 1889 5256 τε

1999 5220 2110 5263 non
2141 5200 2509 5261 dividuntur.
2565 5199 2653 5261 Tu
2710 5216 2849 5260 vero
2881 5196 3036 5259 scias
3067 5196 3227 5277 quod
3261 5214 3636 5279 qutecunque

262 5294 367 5350 ἀπὸ
397 5292 694 5373 ἱεροσυλίας
724 5294 1009 5367 κτηθέντα,
1044 5293 1079 5361 ἢ
1129 5294 1195 5349 τὰ
1246 5292 1353 5347 ἀπὸ
1411 5289 1586 5366 δήμου
1637 5289 1889 5347 κλαπέντι

1999 5290 2148 5351 mala
2171 5289 2287 5348 fide
2333 5287 2651 5350 defunctus
2692 5286 2976 5368 possedit,
3015 5304 3132 5346 non
3167 5284 3547 5348 deducantur
3573 5286 3638 5348 in

262 5382 298 5449 ἢ
356 5386 461 5440 ἀπὸ
520 5386 641 5460 βιας
700 5384 987 5459 κτηθέντα,
1045 5383 1081 5452 ἢ
1132 5380 1344 5462 ἐφόδου.
1381 5381 1453 5437 Σὺ
1483 5378 1538 5438 δὲ
1569 5400 1802 5459 γινωσκε
1832 5377 1889 5435 ὅτ

1999 5378 2234 5441 familiae
2262 5377 2637 5441 erciscundae
2678 5376 3002 5458 judicium,
3058 5375 3164 5438 sed
3227 5376 3641 5440 custodiantur

268 5473 442 5531 minet
514 5474 614 5531 ὅσα
674 5479 816 5551 κακῇ
883 5495 1060 5531 πιστει
1122 5473 1339 5549 νέμεται
1382 5472 1409 5527 ὃ
1470 5470 1793 5539 τελευτήσας
1856 5468 1917 5526 οὖ
1999 5467 2270 5530 domino.

269 5563 555 5641 κατάγεται
610 5566 684 5628 εἷς
714 5565 776 5620 τὸ
819 5561 1138 5641 διαιρετικέιν
1197 5560 1570 5636 δικαστήριον,
1603 5558 1741 5616 ἀλλὰ
1791 5561 2113 5637 φυλάττεται
2144 5566 2222 5632 τῷ
2280 5556 2392 5632 ἰδίῳ
2423 5557 2657 5635 δεσπότῃ
2704 5559 2943 5635 ἀμείωτα
3010 5561 3081 5621 Τὸ
3123 5557 3238 5635 κζ’
3282 5556 3397 5615 διάτ
3441 5566 3532 5617 τοῦ
3590 5559 3640 5615 α’

271 5650 372 5711 τίτ.
406 5660 498 5711 τοῦ
529 5652 618 5732 με’
649 5652 855 5735 βιϐλίου
885 5652 999 5713 ἐστὶ
1044 5676 1170 5733 κεφ.
1199 5650 1281 5711 κδ’
1326 5652 1420 5711 τοῦ
1450 5650 1502 5710 α’
1531 5652 1636 5715 τίτ.
1668 5659 1762 5711 τοῦ
1804 5650 1899 5730 μγ³
1928 5649 2139 5735 βιϐλίου
2169 5648 2329 5738 λέγον
2360 5650 2424 5706 τὰ
2455 5649 2608 5713 αὐτὰ.
