4090 6204
576 282 598 350 1
611 280 727 348 047

662 426 904 488 Textus.
937 421 1010 486 Et
1041 421 1146 486 lib.
1180 428 1284 506 48,
1317 430 1409 493 tit.
1445 431 1506 512 4,
1538 429 1756 509 digest.
1790 437 1816 490 l
1859 448 1872 491 :
1910 429 2078 502 Quod
2111 428 2277 490 cri-A

578 535 719 582 men
753 516 918 578 laesae
949 516 1304 596 majestatis,
1363 526 1506 600 etc.,
1539 537 1728 599 usque
1760 519 1837 582 ad
1867 519 2070 581 delicti
2102 539 2216 600 pu-

575 609 842 683 niuntur,
875 613 939 668 ut
967 624 1115 686 pag.
1152 608 1294 672 582.

655 695 994 760 Scholium.
1029 697 1334 776 Digestum
1358 700 1462 773 26,
1486 699 1577 762 tit.
1613 701 1670 776 1,
1705 698 1812 761 lib.
1847 715 1962 762 XLV
1991 698 2216 780 Digest.

578 796 668 850 est
697 784 804 848 lib.
839 785 1024 849 Basil.
1087 804 1251 863 XLIII,
1313 789 1405 850 tit.
1461 789 1521 864 1,
1579 806 1711 869 cap.
1763 788 1862 862 25,
1901 787 2061 868 quod
2089 789 2218 851 ait:

574 879 806 957 Turpes
833 875 1252 956 stipulationes
1301 876 1526 940 nullius
1575 885 1715 940 sunt
1746 877 2034 939 momenti
2068 897 2081 936 :
2119 895 2223 939 ve-

575 967 688 1029 luti
718 968 768 1029 si
800 967 936 1047 quis
967 967 1365 1030 homicidium
1393 967 1486 1030 vel
1514 966 1892 1044 sacrilegium
1923 966 2225 1048 promittat

578 1075 644 1119 se
678 1057 1003 1120 facturum.
1038 1058 1248 1138 Neque
1279 1056 1441 1119 enim
1476 1075 1548 1119 ex
1588 1054 1931 1136 hujusmodi
1962 1055 2221 1136 [obliga-

580 1145 878 1227 tionibus]
909 1145 1063 1208 actio
1095 1149 1404 1228 competit.

661 1237 855 1298 Aliud
873 1235 1465 1314 schol-iumDigestA
1499 1237 1636 1299 tit.4
1662 1236 1766 1298 lib.
1800 1254 1974 1299 xum
1995 1235 2218 1315 Digest.

583 1335 675 1390 est
690 1327 872 1389 Basil.
895 1327 1104 1398 lib.Lx,
1134 1327 1224 1389 tit.
1252 1326 1353 1409 36,
1377 1345 1511 1408 cap.
1542 1327 1763 1408 1,qu0d
1786 1327 1935 1388 dicit
1961 1349 1972 1385 ε
1996 1329 2110 1388 Lex
2147 1326 2222 1388 de

583 1416 952 1500 [maiestatis]
967 1416 1423 1478 insidiatoribus
1440 1417 1654 1479 similis
1677 1425 1767 1479 est
1783 1416 1936 1495 legis
1961 1417 2034 1478 de
2055 1415 2222 1477 adul-

580 1507 756 1582 terio,
790 1517 847 1569 et
878 1516 1114 1568 tenetur
1135 1507 1673 1588 illa,quiadversus
1696 1506 1983 1588 populum
2007 1508 2220 1567 Roma-

580 1616 726 1660 num
754 1597 1021 1678 [aliquid]
1045 1597 1372 1672 commisit;
1396 1605 1454 1659 et
1475 1597 1577 1678 qui
1609 1597 1746 1658 dolo
1773 1595 1970 1678 [malo]
1995 1596 2214 1670 effecit,

579 1699 649 1750 ut
678 1687 919 1749 obsides
948 1687 1182 1766 injussu
1217 1686 1506 1767 principis
1550 1685 1991 1765 interciderint,
2025 1693 2088 1746 ut
2117 1704 2217 1746 ar-

1752 282 2018 347 PHOTII
2069 280 2583 347 PATRIARCHIE
2624 281 2738 347 GP.

3774 294 3912 362 1048

2386 429 2663 504 Κείμενον,
2702 428 2804 486 Καὶ
2853 429 3056 505 βιϐλίον
3115 428 3239 506 μη’,
3286 432 3388 492 τίτ.
3443 430 3512 512 δ’,
3545 431 3687 496 διάτ.
3722 440 3765 493 α’
3805 461 3816 473 '
3847 446 3919 501 ὅτι

2303 517 2488 594 ὅμοιόν
2533 519 2668 594 ἐστι,
2705 540 2758 580 κ,
2795 541 2845 578 τ.
2879 518 2931 580 λ.
2968 537 3165 602 usque
3194 519 3270 582 ad
3331 522 3719 602 ἁμαρτήματος
3761 552 3918 606 τιμω-

2304 611 2541 687 ροῦνται.

2384 698 2647 778 Σχόλιον.
2681 701 2752 758 Τὸ
2806 699 2918 775 κζ’
2977 700 3115 764 διάτ,
3176 705 3269 759 106
3311 702 3364 758 α’
3419 706 3524 762 τίτ.
3575 714 3666 763 106
3720 709 3800 782 με’
3846 714 3918 788 βι-

2304 786 2451 844 ϐλίου
2510 794 2614 844 τῶν
2664 791 2878 855 Διατάξ.
2927 791 3042 848 ἔστι
3073 790 3278 868 βιϐλίον
3329 795 3428 850 τῶν
3487 796 3792 854 Βασιλικῶν
3821 786 3917 880 μέγ’,

2304 878 2409 936 τίτ.
2471 879 2547 956 α’,
2607 901 2729 957 γεφ.
2792 881 2896 960 κε’,
2958 880 3112 959 λέγον
3147 899 3160 912 ⁵
3211 884 3271 940 Αἱ
3311 885 3534 964 αἰσχραὶ
3590 878 3921 966 ἐπερωτήσὲις

2305 967 2579 1046 ἁνίσχυροι
2638 972 2791 1044 εἰσιν,
2839 973 2912 1032 ὡς
2957 970 3083 1027 ὅταν
3138 994 3221 1036 τις
3282 973 3528 1053 ὁμολογῇ
3579 977 3744 1033 πόνον
3773 996 3921 1036 ποιεῖν

2305 1056 2340 1124 ἢ
2399 1057 2716 1134 ἱεροσυλίαν,
2778 1057 2896 1115 οὔτε
2969 1061 3069 1139 γὰρ
3142 1061 3334 1140 ἀγωγὴ
3406 1063 3465 1118 ἐκ
3526 1071 3638 1120 τῶν
3702 1070 3922 1125 τοιούτων

2303 1146 2544 1223 ἁρμόζει,

2382 1236 2607 1313 ’Ἕτερον
2665 1237 2919 1317 σχόλιον.
2981 1242 3050 1298 Ti)
3114 1241 3168 1296 α’
3223 1240 3362 1301 διᾶτ.
3425 1253 3518 1302 106
3583 1242 3630 1299 δ’
3699 1249 3798 1308 τίτ.
3851 1258 3922 1304 τοῦ

2304 1326 2402 1402 μν,’
2461 1323 2666 1402 βιϐλίου
2714 1334 2820 1384 τῶν
2878 1329 3096 1395 Διάταξ.
3133 1329 3242 1386 ἔστι
3271 1333 3380 1386 τῶν
3413 1331 3723 1391 Βασιλικῶν
3752 1335 3920 1412 βιϐλίοιε

2304 1415 2372 1488 ξ’,
2405 1416 2507 1478 τίτ.
2544 1413 2681 1491 λς’,
2716 1439 2834 1496 κεφ,
2876 1419 2952 1488 α’,
2985 1418 3144 1497 λέγον
3177 1436 3190 1450 '
3234 1412 3291 1478 Ὀ
3337 1423 3456 1500 περὶ
3500 1429 3610 1479 τῶν
3657 1423 3920 1481 ἓπιϐούλων

2304 1507 2466 1580 νόμος
2501 1505 2686 1581 ὅμοιος
2719 1507 2829 1563 ἐστι
2876 1516 2951 1595 τῷ
3001 1512 3121 1588 περὶ
3180 1511 3501 1588 ἱεροσυλίας,
3566 1515 3659 1570 καὶ
3703 1516 3918 1595 ἒνέχεται

2302 1597 2444 1669 αὒτῷ
2501 1597 2529 1651 ὁ
2582 1597 2718 1652 κατὰ
2775 1605 2866 1655 106
2911 1589 3220 1674 Ῥωμαϊκοῦ
3279 1598 3454 1675 δήμου
3514 1589 3917 1679 πλημμελίιξσας·

2301 1687 2388 1740 καὶ
2445 1687 2472 1740 ὁ
2527 1683 2828 1751 σπουδάσας
2857 1689 2994 1745 κατὰ
3025 1687 3181 1747 δόλον
3211 1690 3355 1767 παρὰ
3404 1689 3656 1748 κέλευσιν
3687 1693 3918 1769 βασιλέως

581 1777 724 1838 mati
754 1777 1031 1838 homines
1061 1777 1122 1836 in
1154 1776 1305 1838 urbe
1335 1777 1620 1839 adversus
1655 1775 1866 1837 urbem
1890 1776 2106 1845 sint,ut
2135 1775 2215 1835 l0-

2303 1775 2640 1853 ἆναιρεθῆναι
2684 1777 2806 1840 τοὺς
2857 1780 3122 1858 ὁμήρους,
3178 1780 3214 1848 ἢ
3272 1779 3366 1836 ἵνα
3423 1780 3641 1839 ἔνοπλοι
3691 1783 3917 1856 ἄνθρωποι

583 1884 688 1928 cus
720 1865 985 1945 [aliquis]
1016 1876 1115 1926 aut
1163 1867 1383 1947 templa
1429 1871 1741 1943 occupata,
1773 1864 1865 1925 vel
1898 1864 2220 1926 seditiosus

583 1963 909 2018 conventus
939 1955 1130 2020 factus
1161 1955 1258 2030 sit,
1292 1965 1355 2017 ut
1386 1956 1760 2035 magistratus
1801 1955 2216 2029 occideretur;

584 2055 643 2108 et
672 2045 771 2125 qui
795 2045 1065 2106 hostibus
1090 2045 1362 2108 nuntium
1388 2055 1492 2107 aut
1517 2045 1748 2108 litteras
1766 2044 2220 2123 misit,signum-

580 2153 649 2196 ve
681 2134 870 2214 dedit,
903 2141 1009 2197 aut
1037 2134 1259 2214 alioqui
1291 2136 1454 2216 ipsos
1489 2136 1659 2214 juvit,
1708 2142 1767 2196 et
1794 2134 2068 2196 adulatus
2091 2143 2216 2210 est;

579 2227 682 2304 qui
716 2223 1027 2304 [denique]
1061 2223 1280 2285 milites
1323 2223 1613 2286 adversus
1663 2222 2096 2302 rempublicam
2145 2223 2218 2284 ad

581 2315 937 2378 seditionem
963 2313 1363 2376 tumultumve
1385 2312 1971 2392 concitaverit.Dig.t
1987 2361 2002 2388 ,
2030 2313 2124 2376 tit.
2145 2312 2222 2374 13

583 2403 977 2485 ejusdemlib.
1000 2403 1253 2483 Digest.,
1290 2412 1381 2466 est
1401 2404 1508 2466 lib.
1538 2421 1638 2478 ιι,
1666 2402 2080 2482 ιίι.45,οερ.2;
2104 2401 2218 2464 Pe-

583 2496 814 2558 culatus
865 2493 1061 2574 [actio]
1122 2502 1395 2556 movetur
1449 2493 1742 2555 adversus
1790 2492 1983 2565 illum,
2019 2492 2119 2572 qui
2151 2511 2219 2552 ex

585 2586 838 2666 pecunia
868 2601 1062 2658 sacra,
1093 2583 1374 2662 religiosa
1399 2581 1709 2664 publicave
1743 2581 1926 2663 [quid]
1953 2581 2216 2659 abstulit,

580 2674 673 2735 vel
705 2673 766 2734 in
795 2691 921 2734 rem
953 2691 1123 2733 suam
1161 2673 1476 2745 convertit,
1511 2673 1686 2752 quive
1741 2671 1878 2732 dolo
1909 2669 2128 2747 effecit,
2159 2681 2221 2733 ut

582 2766 798 2827 horum
823 2762 1130 2841 quidpiam
1157 2762 1348 2824 ﬁeret:
1381 2761 1494 2823 nisi
1517 2761 1568 2822 si
1593 2761 1686 2823 cui
1717 2779 1752 2822 a
1780 2761 1911 2840 lege
1945 2760 2042 2838 [id]
2077 2778 2217 2842 per-

584 2854 837 2916 missum
867 2852 1297 2933 sit.[Denique]
1323 2853 1425 2933 qui
1455 2870 1599 2914 auro
1632 2859 1949 2930 argentove
1981 2851 2218 2930 publico

585 2963 664 3007 aes
697 2942 790 3007 vel
823 2941 983 3004 aliud
1015 2942 1369 3023 [quidpiam]
1405 2960 1520 3023 quo
1553 2960 1623 3003 ea
1667 2943 1870 3021 pejora
1902 2942 2064 3021 tiant,
2099 2942 2217 3002 im-

579 3033 839 3096 miscuit.
878 3033 1099 3111 Digest.
1134 3041 1334 3094 autem
1369 3033 1403 3094 4
1457 3033 1517 3092 in
1567 3031 1755 3094 Basil.
1789 3049 1906 3092 non
1938 3039 2026 3092 est
2058 3031 2218 3113 posi-

580 3132 727 3186 tum.

659 3211 772 3273 Jus
796 3211 1147 3291 positivum.
1182 3211 1409 3291 Digest.
1441 3213 1480 3276 6
1510 3229 1522 3274 :
1549 3209 1633 3273 Ex
1664 3229 1836 3273 sacra
1866 3210 1992 3273 aede
2024 3211 2215 3290 priva-

581 3313 689 3376 tas,
727 3311 872 3375 etc.,
905 3316 1094 3380 usque
1125 3299 1204 3362 ad
1233 3300 1322 3380 [in
1347 3299 1600 3380 judicio]
1636 3299 1968 3376 conveniri,
1997 3299 2132 3364 182.

661 3390 1000 3451 Scholium.
1062 3387 1289 3468 Digest.
1353 3391 1390 3451 6
1449 3389 1536 3450 tit.
1575 3391 1608 3452 4
1642 3389 1749 3451 lib.
1783 3407 1960 3452 XLVIII
1991 3389 2213 3468 Digest.

587 3490 676 3542 est
706 3477 888 3541 Basil.
922 3476 1028 3540 lib.
1062 3494 1157 3558 ιι,
1189 3479 1279 3542 tit.
1316 3480 1415 3555 45,
1470 3497 1604 3559 cap.
1651 3480 1712 3555 6,
1747 3487 1804 3539 et
1835 3479 1916 3539 ait
1949 3500 1962 3540 :
1997 3479 2215 3542 Subri-

586 3587 732 3651 pere
762 3585 830 3630 ex
857 3585 1026 3632 sacra
1055 3567 1181 3628 aede
1215 3568 1504 3647 pecunias
1535 3569 1938 3648 privatas,non
1969 3570 2216 3633 sacrile-

579 3657 880 3738 gium,sed
909 3656 1134 3718 furtum
1167 3665 1276 3719 est.
1315 3657 1428 3738 Dig
1451 3659 1526 3719 16
1560 3657 1650 3718 tit.
1691 3660 1768 3722 59
1801 3658 1883 3719 lib
1914 3675 2091 3722 xcvm
2119 3661 2218 3724 Di-

577 3747 1850 3830 gest.estlib.Basil.Lx,tit.51,cap.16,qu0d
1873 3749 1974 3810 ait:
1991 3751 2213 3812 Locum

577 3839 777 3900 facere
797 3840 876 3915 [ut
898 3837 1056 3900 idem
1081 3838 1203 3918 vel]
1228 3837 1448 3899 furtum
1473 3839 1852 3919 sacrilegium
1881 3839 2102 3919 [sit].Et
2124 3841 2214 3901 vi-

578 3929 796 3992 dentur
843 3926 1086 4007 quidem
1137 3927 1438 3990 contraria
1479 3946 1613 3990 esse
1637 3929 1817 4008 [hmo]
1847 3930 2064 4009 capita,
2101 3949 2218 3991 non

576 4026 715 4081 sunt
737 4026 957 4081 tamen.
990 4017 1075 4079 Ac
1110 4019 1311 4095 [certe]
1348 4017 1592 4098 quidem
1647 4019 1899 4097 privatas
1933 4019 2218 4099 pecunias

577 4108 946 4190 quifuratur,
981 4107 1218 4169 tametsi
1244 4125 1313 4168 ex
1342 4107 1473 4168 loco
1505 4125 1679 4169 sacro
1707 4108 2063 4182 furetur,fur
2087 4117 2172 4169 est
2199 4127 2212 4168 :

576 4200 677 4282 qui
713 4205 909 4259 autem
944 4199 1068 4259 Deo
1113 4196 1387 4259 dedicata
1417 4197 1670 4276 furatur,
1705 4199 1938 4260 tametsi
1973 4218 2041 4260 ex
2082 4199 2214 4260 loco

575 4289 803 4370 privato
835 4286 1086 4362 furetur,
1125 4296 1405 4367 tanquam
1429 4287 1765 4366 sacrilegus
1802 4297 2057 4352 tenetur.
2091 4289 2214 4349 Ve-

575 4385 913 4440 rumtamen
945 4375 1083 4456 quia
1108 4384 1246 4436 sunt
1275 4393 1375 4436 res
1399 4375 1668 4456 quaedam
1719 4395 1904 4439 sacrae
1943 4376 2064 4441 Deo
2097 4396 2214 4439 non

2231 3159 2277 3212 C

2301 1864 2437 1922 κατὰ
2493 1869 2592 1930 τῆς
2625 1864 2833 1929 πόλεως
2879 1865 2933 1923 ἒν
2976 1867 3133 1924 πόλει
3182 1872 3337 1941 ὦσιν,
3390 1871 3425 1936 ἦ
3454 1871 3548 1926 ’ἕνα
3578 1873 3746 1934 τόπος
3777 1875 3806 1940 ἦ
3832 1877 3918 1950 ἱερὰ

2301 1957 2734 2034 κατασχεθῶσιν,
2785 1955 2817 2023 ἢ
2865 1956 3168 2024 στασιώδης
3219 1959 3437 2036 γένηται
3487 1959 3799 2036 σύνοδος,ἢ
3846 1964 3916 2019 ’ἶνα

2303 2045 2528 2120 φονευθῇ
2560 2045 2586 2098 δ
2620 2041 2807 2123 ἅρχων
2842 2060 2855 2074 ⁸
2893 2047 2981 2102 καὶ
3013 2049 3039 2102 ὁ
3072 2049 3204 2126 πρὸς
3241 2049 3362 2111 τοὺς
3393 2048 3692 2126 πολεμίως
3723 2052 3916 2130 ἄγγελον

2303 2131 2339 2198 ἢ
2383 2131 2674 2209 γράμματα
2719 2133 2936 2210 πέμψας
2995 2137 3031 2204 ἢ
3076 2148 3309 2212 σημεῖον
3353 2142 3542 2201 αὐτοῖς
3599 2139 3852 2217 δεδωκὼς,
3893 2144 3914 2209 ἢ

2303 2218 2481 2282 ἄλλως
2512 2223 2788 2297 βοηθήσας
2820 2229 3003 2290 αὐτοῖς
3037 2244 3054 2262 ·
3107 2229 3196 2283 καὶ
3242 2228 3603 2294 ὑπονοθεύσας
3653 2231 3688 2298 ἢ
3717 2231 3914 2307 ἐρεθίσας

2303 2311 2633 2388 στρατιώτας
2687 2317 2818 2392 πρὸς
2877 2317 3064 2373 στάσιν
3126 2317 3159 2385 ἢ
3205 2315 3423 2395 θόρυϐον
3455 2321 3595 2378 κατὰ
3627 2326 3727 2388 τῆς
3782 2321 3912 2380 πολι-

2303 2400 2472 2464 τείας.
2519 2403 2589 2458 Τὸ
2649 2403 2700 2458 α’
2762 2403 2901 2466 διάτ.
2961 2413 3054 2462 106
3106 2405 3179 2484 ιγ’
3235 2407 3342 2468 τίτ.
3401 2411 3494 2464 τοῦ
3554 2413 3719 2467 αὒτοῦ
3747 2410 3913 2487 βιϐλία)

2303 2497 2408 2548 τῶν
2465 2493 2617 2554 Διάτ.
2677 2494 2787 2550 ἐστι
2834 2494 3038 2571 βιϐλίον
3079 2495 3144 2570 ξ’,
3181 2499 3287 2559 τίτ.
3321 2496 3430 2572 με’,
3477 2520 3605 2579 κεςρ,
3643 2501 3692 2576 β’
3730 2551 3742 2564 ,
3779 2493 3828 2560 ’0
3872 2500 3910 2556 δὲ

2305 2581 2658 2648 πεκουλάτους
2711 2598 2941 2642 κινεῖται
3002 2587 3137 2645 κατὰ
3207 2594 3298 2644 τοῦ
3350 2587 3684 2667 ὑφελομένου
3741 2593 3795 2647 ἐκ
3830 2597 3909 2647 τῶν

2301 2671 2480 2748 ἱερῶν,
2511 2672 2546 2740 ἢ
2577 2678 2681 2728 τῶν
2713 2677 2990 2750 μνημείων
3019 2676 3053 2743 ἢ
3097 2674 3396 2756 δημοσίων,
3446 2678 3482 2743 ἢ
3532 2681 3845 2760 χρημάτων,
3881 2680 3907 2746 ἦ

2303 2761 2632 2840 στρέψαντος
2664 2765 2737 2829 εἰς
2769 2763 2900 2828 ἰδίας
2944 2766 3196 2846 χρήσεις.
3246 2767 3395 2835 Πλὴν
3447 2773 3554 2826 τὼν
3619 2771 3725 2828 ἀπὸ
3778 2775 3905 2844 νόμον

2305 2851 2798 2931 ἐπιτετραμμένων,
2883 2857 2971 2912 καὶ
3055 2862 3158 2912 τῶν
3231 2862 3753 2934 παρασκευασάντων
3803 2861 3907 2916 κατὰ

2303 2938 2455 2998 δόλόν
2515 2943 2744 3019 γίνεσθαι
2805 2968 2858 3002 τι
2920 2946 3145 3024 τούτων,
3205 2950 3294 3003 καὶ
3377 2955 3470 3006 τοῦ
3544 2950 3791 3025 μίξαντος
3850 2955 3906 3020 τῷ

2303 3028 2547 3107 δημοσίῳ
2579 3041 2766 3112 χρυσῷ
2814 3034 2849 3100 ἥ
2903 3035 3111 3114 ἀργύρῳ
3166 3036 3398 3116 χαλκὸν,
3433 3040 3469 3105 ἢ
3500 3038 3682 3118 ἕτερον
3711 3039 3906 3117 βλάπτον

2303 3122 2455 3182 αὐτά.
2493 3123 2562 3177 Τὸ
2588 3120 2632 3177 δ’
2664 3121 2804 3184 διάτ.
2837 3126 2932 3182 οὐκ
2962 3124 3115 3192 ἐτέθη
3148 3127 3223 3190 εἰς
3253 3127 3318 3182 τὰ
3349 3127 3642 3192 Βασιλικά.

2384 3210 2661 3286 Κείμενον,
2700 3214 2854 3278 Διάτ,
2888 3215 2991 3291 ς’,
3027 3216 3098 3272 Τὸ
3136 3214 3187 3280 ἐξ
3216 3219 3355 3295 ἱεροῦ
3384 3215 3636 3276 ἰδιωτικὰ
3665 3221 3907 3299 χρήματα,

2300 3323 2356 3363 κ,
2389 3322 2442 3358 τ.
2477 3299 2528 3360 λ.
2566 3318 2755 3382 usque
2783 3302 2857 3363 ad
2890 3303 3125 3371 κλέπτης
3159 3305 3434 3383 ἐνάγεται,

2383 3389 2641 3470 Σχόλιον,
2678 3394 2746 3449 Τὸ
2798 3392 2875 3466 ς’
2935 3392 3074 3453 διάτ.
3122 3405 3214 3453 106
3266 3394 3314 3450 δ’
3359 3400 3459 3458 τίτ.
3490 3406 3587 3455 106
3615 3398 3714 3473 μη⁹
3740 3398 3904 3474 βιϐλίου

2299 3487 2406 3536 τῶν
2468 3481 2619 3542 Διάτ,
2688 3482 2796 3538 ἔστι
2836 3489 2938 3538 τῶν
2984 3483 3282 3541 Βασιλικῶν
3332 3485 3534 3561 βιϐλίον
3572 3486 3643 3562 ξ’,
3688 3490 3783 3550 τίτ.
3818 3488 3902 3563 με’,

2300 3591 2420 3648 κεφ.
2483 3567 2588 3650 ς’,
2630 3573 2717 3627 ναὶ
2747 3595 2877 3651 φησι
2912 3591 2926 3607 ⁸
2961 3576 3031 3630 Τὸ
3064 3573 3342 3652 ὄφελέσθαι
3373 3575 3480 3632 ἀπὸ
3513 3579 3658 3656 ἱεροῦ
3689 3582 3905 3658 χρήματα

2298 3657 2537 3716 ἰδιωτικὰ
2581 3663 2675 3717 οὐκ
2733 3661 2873 3719 ἔστιν
2917 3663 3205 3743 ἱεροσυλία,
3264 3665 3400 3723 ἀλλὰ
3458 3665 3664 3738 κλοπή,
3720 3671 3783 3726 Τὸ
3830 3667 3905 3742 ις’

2299 3748 2434 3808 διατ.
2495 3757 2588 3806 106
2646 3749 2718 3806 νθ⁹
2764 3753 2867 3812 τίτ.
2916 3761 3010 3809 106
3052 3753 3155 3827 μη⁹
3201 3753 3406 3830 βιϐλίου
3461 3763 3568 3811 τῶν
3620 3758 3901 3834 Διαταξεων,

2300 3839 2412 3895 ἔστι
2471 3846 2576 3896 τῶν
2637 3840 2936 3897 Βασιλικῶν
2996 3841 3197 3900 ϐιϐλίον
3258 3844 3326 3919 Ε’,
3377 3847 3475 3905 τίτ.
3515 3847 3626 3922 va’,
3659 3870 3772 3927 κεφ.
3806 3847 3896 3920 ις’,

2299 3927 2456 4004 λέγον
2489 3944 2502 3958 ³
2559 3930 2659 3986 Τὸν
2719 3931 2881 3987 τόπον
2939 3945 3119 3988 ποιεῖν
3172 3935 3274 4000 τὴν
3315 3933 3553 4012 κλοπὴν,
3592 3937 3629 4002 ἦ
3662 3938 3753 4003 τὴν
3787 3941 3897 4011 ἱερο-

2299 4017 2504 4081 συλίαν,
2568 4022 2665 4077 Καὶ
2719 4021 2990 4099 φαίνονται
3043 4022 3139 4097 μὲν
3174 4023 3383 4080 ἐναντία
3415 4027 3479 4081 τὰ
3513 4048 3669 4103 κεφ.,
3705 4030 3790 4084 οὐκ
3826 4028 3897 4080 εἶσι

2300 4108 2378 4182 δὲ,
2433 4108 2552 4164 ἀλλ’
2609 4113 2636 4166 ὁ
2697 4111 2794 4185 μὲν
2852 4110 3094 4168 ἰδιωτικὰ
3136 4115 3399 4192 χρήματα
3452 4115 3723 4192 κλέπτων,
3757 4113 3898 4176 κᾶνέξ

2299 4202 2438 4276 ἱεροῦ
2472 4199 2659 4280 τόπου,
2688 4199 2928 4267 κλέπτης
2959 4201 3122 4262 ἐστὶν.
3154 4204 3215 4260 '0
3248 4201 3302 4258 δὲ
3350 4205 3414 4260 τὰ
3454 4204 3817 4280 ἀνατεθειμένα
3841 4207 3897 4274 τῷ

2301 4293 2416 4360 Θεῷ
2443 4286 2712 4369 κλέπτων,
2746 4291 2843 4346 κᾶν
2873 4291 2926 4356 ἐξ
2955 4289 3222 4348 ἰδιωτικοῦ
3251 4291 3418 4350 τόπου
3449 4293 3652 4372 κλέψῃ,
3686 4298 3754 4359 ὠς
3781 4293 3892 4369 ἱερό-

2300 4377 2455 4442 συλος
2499 4378 2767 4458 ἐνέχεται,
2829 4379 2978 4447 Πλὴν
3021 4379 3137 4438 ἐπεὶ
3189 4383 3287 4437 εἰσὶ
3337 4404 3458 4438 τινα
3491 4385 3604 4460 ἱερὰ
3637 4385 3711 4459 μὴ
3741 4383 3893 4437 ἀνατε-

576 4464 889 4561 dedicatae,
924 4463 1103 4561 veluti
1154 4464 1476 4561 simulacra
1525 4484 1660 4542 qua)
1693 4467 1964 4546 privatim
1997 4468 2068 4528 ad
2104 4486 2213 4528 nos

2303 4467 2514 4542 θειμένα
2544 4476 2622 4542 τῷ
2683 4477 2799 4543 Θεῷ
2856 4472 2928 4534 ὡς
2975 4471 3041 4526 τὰ
3070 4469 3250 4534 ἰδικῶς
3280 4473 3414 4545 ἡμῖν
3447 4469 3754 4553 διαφέροντα
3781 4473 3889 4526 εἰκο-

577 4554 967 4635 pertinent,et
987 4551 1222 4632 reliqua
1245 4552 1499 4615 necdum
1527 4556 1764 4635 templis
1785 4564 1883 4617 aut
1906 4565 2211 4618 monaste-
2238 4551 2274 4561 '
2298 4579 2552 4632 νισματα,

571 4643 681 4706 riis
706 4642 1000 4704 dedicata:
1032 4643 1361 4704 secundum
1401 4643 1514 4705 hoc
1544 4644 1689 4706 dicit
1715 4647 1788 4709 16
1820 4665 1952 4726 cap.
1989 4647 2078 4708 tit.
2110 4646 2204 4727 51,

571 4733 676 4798 lib.
713 4751 802 4807 ιι,
835 4733 1031 4795 locum
1065 4732 1264 4796 facere
1294 4733 1515 4795 furtum
1552 4744 1657 4797 aut
1679 4735 2211 4814 sacrilegium.Qui

572 4823 732 4888 enim
770 4841 1000 4886 sacram
1059 4822 1381 4900 imaginem
1452 4825 1509 4886 in
1541 4825 1693 4887 cella
1725 4834 1927 4886 nostra
1957 4825 2209 4900 furatur,

573 4934 693 4979 non
723 4914 1052 4994 sacrilegus
1085 4924 1196 4989 est,
1233 4915 1338 4976 sed
1373 4916 1488 4977 fur.
1525 4915 1885 4998 [Siquidem]
1917 4916 1968 4978 si
2000 4917 2112 4978 hoc
2137 4917 2218 4978 ita

571 5025 693 5068 non
723 5003 1308 5086 interpretabuntur,
1331 5024 1468 5068 eum
1497 5007 1599 5086 qui
1623 5007 1981 5068 numismata
1999 5006 2212 5086 imagi-

571 5113 709 5157 nem
741 5095 966 5156 Christi
997 5103 1096 5156 aut
1123 5095 1230 5157 Dei
1263 5095 1586 5159 Genitricis
1636 5097 1914 5158 habentia
1963 5097 2210 5173 furatur,

572 5192 853 5264 tanquam
877 5185 1237 5264 sacrilegum
1264 5187 1321 5248 in
1334 5186 1435 5266 jus
1455 5187 1926 5266 vocari,0mnino
1945 5189 2214 5265 [necesse

573 5281 687 5354 est,
712 5276 803 5354 ut]
829 5273 1105 5337 dicamus
1126 5275 1283 5356 quod
1311 5277 1484 5357 [sane
1515 5279 1594 5354 et]
1630 5276 1955 5338 absurdum
1989 5277 2126 5356 [est]
2157 5284 2216 5338 et

571 5364 810 5439 falsum,
837 5364 1040 5426 Const.
1075 5364 1135 5439 3,
1172 5364 1257 5426 tit.
1289 5366 1346 5439 2,
1383 5365 1488 5428 lib.
1515 5384 1566 5429 vr
1599 5366 1734 5430 cod.
1770 5375 1861 5428 est
1889 5366 2070 5428 Basil.
2105 5365 2211 5429 lib.

569 5469 672 5526 ιιι,
697 5453 786 5512 tit.
818 5453 878 5527 6,
904 5471 1035 5533 cap.
1061 5452 1332 5536 €0,quod
1364 5455 1511 5517 dicit
1547 5475 1560 5515 :
1599 5455 1711 5528 Qui
1745 5475 1876 5517 rem
1908 5455 2213 5517 hauddum

570 5540 901 5604 dedicatam
931 5542 1178 5616 furatur,
1217 5544 1354 5605 furti
1388 5553 1651 5609 tenetur.
1687 5544 1814 5606 Non
1851 5547 2012 5608 enim
2035 5549 2215 5606 sacri-

567 5633 734 5713 legus
768 5643 878 5709 est,
917 5635 1012 5714 qui
1050 5652 1175 5695 rem
1211 5636 1474 5697 nondum
1512 5644 1920 5698 consecratam
1953 5636 2212 5703 furatur.

2642 4560 2729 4614 καὶ
2811 4559 2974 4615 λοιπὰ
3045 4561 3214 4635 μήπω
3272 4573 3422 4621 ναοῖς
3474 4563 3508 4628 ἣ
3561 4562 3891 4637 μοναστηρίοις

2296 4646 2634 4727 ἀνατεθέντα,
2696 4650 2829 4704 κατὰ
2887 4652 3041 4704 10610
3103 4648 3248 4728 λέγει
3309 4653 3369 4706 τὸ
3430 4652 3524 4725 ἱζ⁹
3579 4675 3698 4733 κεερ.
3734 4646 3890 4706 106:1'

2295 4737 2399 4797 τίτ.
2434 4746 2528 4795 106
2557 4735 2598 4802 ξ’
2634 4735 2860 4812 βιϐλίου,
2909 4741 3001 4794 τὸν
3061 4737 3224 4796 τόπον
3278 4754 3459 4797 ποιεῖν
3490 4741 3589 4809 τήν
3625 4741 3832 4809 κλοπὴν,
3866 4737 3890 4798 ἧ

2298 4827 2396 4891 την
2426 4826 2742 4903 ἱεροσυλίαν.
2782 4819 2840 4885 “Ο
2893 4830 2994 4906 γὰρ
3038 4829 3135 4895 τὴν
3178 4832 3233 4884 ἓν
3265 4838 3339 4903 τῷ
3369 4829 3567 4904 κελλίῳ
3593 4834 3740 4906 ἡμῶν
3767 4832 3889 4884 οὖσαν

2297 4916 2450 4992 ἁγίαν
2511 4916 2687 4972 εἰκόνα
2743 4917 2990 4974 κλέπτων
3053 4921 3148 4976 οὐκ
3207 4919 3349 4976 ἔστιν
3433 4921 3722 4996 ἱερόσυλος,
3786 4916 3888 4973 ἀλλά

2295 5005 2557 5072 κλέπτης.
2594 5008 2651 5064 Εἰ
2707 5007 2761 5064 δὲ
2816 5009 2893 5083 μὴ
2953 5015 3107 5066 τοῦτο
3167 5008 3333 5074 οῧτως
3393 5007 3886 5088 ἑρμηνεύσομεν,εἷ·

2294 5117 2481 5170 πωμεν
2542 5098 2750 5161 πάντως
2781 5098 2875 5154 καὶ
2935 5101 3025 5154 τὸν
3070 5098 3367 5156 κλέπτοντα
3403 5102 3705 5178 νομίσματα
3731 5101 3887 5177 ἔχοντι

2297 5186 2475 5243 εἰκόνα
2519 5194 2766 5265 Χριστοῦ,
2803 5189 2839 5254 ἢ
2871 5190 3157 5266 Θεοτόκου,
3207 5191 3279 5253 ὡς
3306 5190 3579 5266 ἱερόσυλον
3605 5192 3848 5268 ἒνᾶγεσθαι
3875 5201 3885 5217 ⁴

2298 5276 2428 5353 ὅπερ
2492 5274 2691 5333 ἄτοπον
2733 5281 2820 5334 καὶ
2877 5276 3086 5352 ψευδές.
3156 5271 3216 5335 Ἠ
3261 5279 3341 5358 γ’,
3395 5278 3561 5355 διάτ,,
3624 5289 3712 5338 τοῦ
3737 5279 3782 5355 β’
3809 5277 3884 5330 τίς.

2295 5374 2388 5424 106
2433 5365 2513 5441 ς’
2573 5365 2775 5444 βιϐλίου
2831 5376 2924 5426 τοῦ
2959 5367 3191 5434 Κώδικός
3238 5368 3351 5426 ἐστι
3383 5376 3488 5426 τῶν
3516 5370 3796 5427 Βασιλικὼν
3820 5367 3886 5439 βι-

2296 5457 2443 5513 ϐλίον
2477 5457 2543 5538 ξ’,
2591 5458 2693 5520 τίτ.
2852 5480 2976 5539 κεφ.
3008 5458 3084 5534 κ’,
3121 5458 3277 5539 λέγον

2372 5548 2445 5604 οἱ,
2713 5571 2734 5584 ,.
2805 5571 2813 5580 .
2919 5549 2928 5564 '
2983 5571 3003 5580 ...
3192 5555 3217 5565 ~
3381 5551 3419 5583 θ,
3543 5567 3556 5580 .
3658 5548 3720 5588 3'-
3846 5544 3882 5578 ³,-

2295 5571 2368 5624 ριυ
2409 5571 2460 5602 ιθ
2529 5571 2560 5603 κ
2629 5553 2731 5622 ψα..
2807 5571 3093 5628 κατεΑεται
3155 5572 3224 5625 τῃ
3297 5571 3506 5628 φουρτῳ
3631 5571 3762 5606 eum
3813 5565 3884 5619 γαμ

2293 5637 2561 5715 ἱερόσυλος
2611 5639 2752 5694 ἐστιν
2785 5641 2810 5694 ὁ
2845 5637 3048 5714 κλέψας
3080 5641 3138 5696 τὸ
3191 5638 3422 5714 μηδέπω
3454 5639 3782 5718 καθιερωθὲν.
3811 5633 3881 5688 ἘΑ

3316 5478 3330 5494 ⁹
3366 5465 3427 5518 Ὀ
3461 5461 3519 5516 τὸ
3553 5460 3712 5535 μήπω
3741 5459 3884 5514 καθιε-
