4090 6204
292 313 459 382 ,1049

1275 312 1771 379 NOMOCANON.
1819 344 1899 358 -
1944 311 2101 376 TIT.
2149 312 2259 388 III,
2305 310 2470 376 CAP.
2523 309 2568 388 ι,
2616 307 2697 370 ΙΙ.

3454 248 3669 371 ’1050

299 467 391 517 τοῦ
449 458 687 517 τοιούτου
760 459 850 516 οὖν
909 481 1031 541 κεφ,
1107 460 1349 540 φαίνεται
1405 461 1479 524 ὡς
1540 458 1719 524 καλῶς
1777 456 1934 526 ἰλύθη

2039 455 2105 518 Ex
2134 455 2250 519 hoc
2279 454 2463 533 igitur
2493 451 2690 535 capite
2717 457 2985 533 apparet,
3019 456 3187 516 recte
3215 447 3472 517 solutam
3502 468 3662 535 esse,

303 550 555 629 ἀνωτέρω
637 550 673 618 ἡ
761 547 989 609 δοκοῦσα
1083 550 1466 633 ἐναντιοφωνία
1563 555 1669 606 τῶν
1766 569 1938 629 κεφα-

378 639 440 696 ίω
478 688 492 703 ,

304 638 662 805 λοι[ἑξμενον.
701 726 915 788 Κιϐλίον
959 727 1081 805 μη’,
1126 731 1232 790 τίτ.
1303 726 1403 809 ἰγ’,
1435 726 1577 789 διᾶτ.
1611 729 1671 797 η’
1696 745 1710 761 ⁸
1749 719 1813 787 Ἠ
1844 737 1939 789 τοῦ

300 819 596 897 ἱεροσύλου,
656 842 712 882 κ.
763 841 816 883 τ,
863 819 919 881 λ.
974 837 1168 900 usque
1196 817 1272 881 ad
1316 819 1435 899 περὶ
1477 819 1578 899 γὰρ
1636 819 1935 899 χρημάτων

305 908 686 989 ὑφαιρεθέντων
718 907 861 966 ἔστιν
892 908 946 966 ἰν
976 909 1119 985 αὐτῷ
1148 907 1395 981 ζήτησις.

381 1086 641 1167 Σχόλιον,
700 1088 771 1147 Τὸ
827 1088 874 1159 ζ’
920 1085 1058 1149 διάτ.
1123 1094 1215 1144 τοῦ
1294 1087 1366 1165 ιγ’
1436 1084 1618 1144 τίτλου
1671 1093 1766 1144 τοῦ
1835 1086 1935 1163 μη’

298 1174 506 1253 βιϐλίου
530 1176 626 1234 οὒκ
656 1176 812 1244 ἐτέθη
842 1178 916 1243 εἷς
967 1177 1033 1233 τὰ
1083 1176 1366 1252 Βασιλικοί,
1401 1175 1517 1234 οὐδὲ
1554 1177 1608 1233 τὸ
1639 1178 1736 1251 ια’,
1770 1178 1832 1234 τὸ
1881 1175 1936 1234 δὲ

299 1263 375 1341 ιβ’
423 1264 534 1322 ἔστι
590 1288 714 1347 κεφ.
761 1265 838 1346 ιγ’
879 1274 972 1324 τοῦ
1014 1265 1104 1342 με’
1132 1273 1228 1324 τοῦ
1281 1264 1325 1333 ξ’
1364 1264 1572 1343 βιϐλίου
1601 1264 1769 1334 οὕτως
1806 1266 1938 1347 ἕχον

295 1357 372 1419 ὡς
431 1357 503 1420 εἷς
561 1357 624 1413 τὸ
682 1357 924 1432 κείμενον
974 1353 1252 1424 δηλοῦται,
1301 1347 1574 1423 Ὠσαύτως
1616 1357 1703 1415 καὶ
1731 1359 1793 1415 τὸ
1839 1358 1934 1432 ις’

295 1443 409 1500 ἔστι
469 1464 590 1526 ne,
640 1446 723 1520 ις’
723 1445 743 1473 ³
783 1453 876 1503 τοῦ
918 1445 1079 1504 αἱ)τοῦ
1121 1444 1325 1524 βιϐλίου
1383 1448 1474 1505 καὶ
1520 1446 1626 1510 τίτ.
1688 1447 1755 1504 τὰ
1806 1449 1937 1505 αὐτὰ

295 1533 511 1600 διεξιόν,

379 1628 637 1684 ΚΕΦΑΛ.
698 1624 787 1687 Γ¹.
850 1659 927 1673 -
998 1625 1131 1703 Περῗ
1208 1625 1481 1707 κληριιιῶν
1528 1627 1935 1708 ἆποσχιζόντων

296 1715 385 1770 καὶ
490 1713 633 1791 παρὰ

294 1804 665 1881 θυσιαστήρια.

380 1892 726 1951 Ἀποστόλων
756 1895 932 1952 κανὼν
959 1895 1045 1951 λα’
1081 1910 1095 1924 ⁸
1144 1895 1362 1953 συνόδου
1396 1895 1734 1978 Ἀντιοχείας
1760 1898 1937 1955 κανὼν

295 1982 340 2037 ε’
382 1999 398 2015 ⁸
451 1980 668 2041 συνόδου
728 1982 1100 2062 Καρθαγὲννης
1167 1986 1344 2043 κανὼν
1429 1986 1468 2043 ι’
1500 2003 1515 2020 ⁸
1579 1985 1798 2044 συνόδου
1854 1987 1934 2061 ς’

2024 563 2157 628 quae
2182 546 2462 626 superius
2491 561 2626 606 esse
2653 542 3000 624 videbatur,
3029 541 3290 623 capitum
3322 542 3664 607 contrarie-

2021 642 2352 791 ‘a‘glctus.
2386 724 2515 790 Lib.
2539 741 2744 802 XLVIII,
2775 727 2863 787 tit.
2898 725 2998 802 13,
3045 728 3239 787 const.
3271 724 3307 784 7
3337 739 3352 785 :
3388 722 3662 787 Sacrile-

2019 816 2101 897 gii
2134 834 2335 898 poena,
2387 823 2530 890 etc.,
2564 832 2758 896 usque
2810 814 2888 878 ad
2917 814 2979 877 in
3010 832 3081 878 eo
3133 820 3225 877 est
3265 812 3555 892 quaestio,
3598 819 3664 876 ut

2012 923 2159 989 pag.
2188 908 2332 970 589.

2100 1084 2433 1149 Scholium.
2467 1084 2775 1164 Digestum
2806 1085 2843 1148 7
2890 1083 2981 1146 tit.
3036 1082 3112 1145 13
3140 1081 3247 1146 lib.
3296 1098 3500 1159 xum,
3534 1098 3657 1143 non

2021 1182 2111 1239 est
2143 1175 2404 1255 positum
2457 1174 2520 1236 in
2565 1174 2773 1250 Basil.,
2807 1192 3005 1256 neque
3031 1172 3264 1255 [etiam]
3298 1173 3399 1233 11.
3432 1169 3659 1233 Verum

2023 1270 2097 1328 12
2127 1275 2218 1329 est
2248 1276 2424 1346 caput
2473 1265 2770 1329 decimum
2824 1264 3092 1338 tertium,
3147 1262 3240 1325 tit.
3294 1262 3371 1324 45
3400 1260 3509 1324 lib.
3556 1276 3657 1336 Lx,

2019 1356 2177 1437 quod
2213 1355 2417 1433 habet,
2451 1363 2516 1418 ut
2544 1356 2605 1417 in
2663 1362 2823 1417 textu
2873 1353 3166 1436 scriptum
3225 1360 3339 1416 est.
3370 1349 3663 1414 Similiter

2022 1447 2099 1509 16
2123 1453 2213 1509 est
2239 1464 2371 1529 cap.
2404 1448 2481 1509 16
2511 1445 2786 1526 ejusdem
2817 1442 2925 1510 lib.
2960 1453 3021 1507 et
3065 1443 3182 1524 tit.,
3235 1440 3396 1524 quod
3445 1440 3657 1504 eadem

2017 1543 2403 1690 Γθῗέἓῗιίῐί.
2433 1660 2513 1673 -
2542 1625 2633 1689 De
2678 1625 2912 1689 clericis
2950 1622 3211 1686 schisma
3250 1619 3654 1701 facientibus,

720 1713 945 1794 γνώμην
1031 1720 1140 1773 τῶν
1251 1716 1559 1774 ἐπισκόπων
1667 1719 1934 1776 ἱστωντων

2039 1722 2077 1779 et
2105 1721 2267 1779 citra
2296 1718 2675 1781 voluntatem
2701 1716 3115 1796 episcoporum
3147 1710 3377 1776 altaria
3409 1713 3661 1788 erigen-

2022 1808 2524 1978 ⁸⁸ὸὲῖιοεςιοιοινιιιῐι
2556 1913 2749 1958 canon
2777 1897 2846 1957 31
2874 1911 2894 1969 ;
2919 1890 3162 1956 conuii
3189 1887 3548 1956 Antioohem
3567 1904 3663 1978 (θ’

2018 2004 2138 2049 non
2157 1974 2232 2061 '5;
2271 1984 2511 2048 concilii
2541 1982 3030 2063 Carthaginensis
3050 1999 3245 2044 canon
3269 1981 3348 2041 10
3373 1998 3391 2056 ;
3423 1974 3662 2041 concilii

297 2072 474 2128 κανὼν
507 2070 596 2127 λα’
631 2087 645 2101 ⁸
696 2070 914 2131 συνόδου
957 2073 1009 2129 α’
1051 2074 1139 2131 καὶ
1178 2072 1230 2151 β’
1275 2074 1331 2131 ἒν
1360 2082 1436 2150 τῷ
1465 2082 1576 2152 ναῷ
1604 2082 1710 2134 τῶν
1741 2074 1934 2156 Ἀγίων

2039 2075 2170 2141 ιθΧιί
2199 2093 2392 2138 canon
2423 2074 2525 2151 3t;
2558 2073 2799 2136 concilii
2832 2074 2859 2135 1
2897 2081 2959 2135 et
2988 2070 3026 2132 2
3057 2072 3119 2133 in
3148 2070 3277 2133 aede
3307 2070 3662 2134 Sanctorum

300 2158 641 2218 Ἀποστόλων
672 2163 848 2220 κανὼν
880 2160 978 2240 ιβ’,
1016 2163 1114 2242 ιγ’,
1147 2162 1239 2245 ιδ’,
1269 2165 1360 2228 ιε’,

2014 2164 2444 2247 Apostolorum
2471 2162 2705 2246 [habiti]
2736 2180 2932 2226 canon
2964 2159 3064 2238 i2,
3100 2160 3200 2237 13,
3240 2162 3334 2237 14,
3372 2157 3470 2227 15.

1670 2655 2071 2744 ΤΙΤΛΟΣ
2146 2643 2265 2744 Γ’.

368 2832 521 2884 ΠΕΡΙ
578 2833 804 2885 ΕΥΧΩΝ
876 2836 987 2885 ΚΑΙ
1033 2831 1471 2909 ΨΑΛΜῼΔῙΑΣ,
1521 2837 1634 2889 ΚΑΙ
1689 2835 2171 2907 ΑΝΑΓΝΩΣΕΩΣ,
2221 2842 2332 2891 ΚΜ
2398 2838 2785 2908 ΑΝΑΦΟΡΑΣ,
2856 2838 2966 2889 ΚΑΙ
3026 2837 3421 2910 ΚΟΙΝΩΝΙΑΣ,
3470 2837 3584 2889 ΚΑΙ

1056 2923 1430 2977 ΥΠΟΥΡΓΙΑΣ
1476 2926 1959 2996 ΑΝΑΓΝΩΣΤΩΝ,
2009 2927 2293 2982 ΨΑΛΤΩΝ
2349 2930 2463 2982 ΚΑΙ
2509 2928 2891 2981 ΥΠΗΡΕΤΩΝ.

1449 3284 1921 3372 TITULUS
1989 3282 2499 3373 TERTIUS.

291 3474 390 3539 DE
459 3475 846 3559 PREGlBUS,
914 3476 1188 3554 CANTU,
1253 3475 1651 3553 LECTIONE,
1723 3472 2173 3551 OBLATIONE,
2248 3472 2771 3558 COMMUNIONE,
2845 3473 2938 3538 ET
2999 3470 3344 3553 VESTITU,
3410 3467 3664 3545 ATQUE

936 3565 1368 3632 MINISTERIO
1412 3566 1843 3645 LECTORUM,
1891 3565 2298 3632 CANTOBUM
2339 3566 2434 3630 ET
2474 3562 3021 3631 MINISTROBUM.

375 3744 768 3797 ΚΕΦΑΛΑΙΟΝ
821 3745 1114 3800 ΠΡΩΤΟΝ.
1162 3771 1240 3783 -—
1284 3740 1457 3795 Ποίων
1501 3741 1529 3796 ὁ
1569 3738 1698 3805 λαὸς
1756 3742 1934 3819 εὐχῶν

2098 3734 2339 3800 CAPUT
2372 3734 2683 3800 PRIMUM.
2737 3767 2812 3781 -—
2866 3732 3092 3808 Quales
3133 3748 3352 3813 preces
3401 3727 3663 3819 populus

288 3828 547 3906 ἀκροᾶται
629 3829 716 3885 καὶ
785 3825 870 3886 διὰ
947 3830 997 3885 τί

291 3914 591 3995 εὐχόμεθα.

1100 3829 1236 3909 πρὸς
1338 3827 1606 3892 ἀνατολὰς
1705 3830 1932 3907 ὁρῶντες

376 4093 604 4154 Συνόδου
662 4094 977 4161 Λαοδικείας
1020 4096 1197 4153 κανὼν
1243 4095 1287 4152 ε’
1348 4099 1439 4155 καὶ
1483 4095 1547 4155 ιϐ’
1577 4113 1593 4130 ⁸
1658 4094 1936 4154 Βασιλείου

285 4184 351 4242 ἐκ
382 4194 476 4244 1:06
503 4185 583 4257 κζ’
616 4207 738 4266 κεφ.
775 4188 867 4242 τοῦ
900 4187 1023 4264 Περὶ
1052 4193 1144 4242 τοῦ
1174 4186 1325 4265 ἆγίου
1353 4188 1681 4264 Πνεύματος.

375 4276 655 4351 Κείμενον.
701 4279 768 4332 Ἦ
830 4272 897 4347 ιζ’
947 4273 1090 4334 διαίτ.
1137 4282 1229 4342 τοῦ
1272 4276 1326 4333 α’
1380 4278 1484 4339 τίτ.
1544 4283 1652 4333 τῶν
1721 4282 1937 4351 Νεαρῶν

286 4362 447 4442 λέγον
481 4366 593 4433 Τὴν
623 4365 802 4446 ἀρχὴν
857 4365 955 4434 τῆς
1007 4365 1162 4444 ἁγίας
1221 4368 1499 4429 κοινωνίας
1548 4368 1635 4422 καὶ
1664 4372 1759 4423 τοῦ
1787 4367 1937 4446 ἁγίου

286 4455 661 4531 βαπτίσματος
694 4454 925 4535 ὀφείλειν
959 4454 1296 4521 ἐξακούεσθαι
1329 4463 1406 4531 τῷ
1435 4455 1572 4530 λαῷ.

373 4542 632 4623 Σχόλιον,
687 4542 752 4602 Ἠ
814 4542 883 4616 ιζ’
954 4542 1094 4603 διάτ.
1168 4551 1261 4602 τοῦ
1313 4545 1367 4600 α’
1425 4545 1529 4607 τίτ.
1582 4544 1689 4601 τῶν
1721 4545 1935 4619 Νεαρῶν

288 4636 403 4691 ἐστι
447 4654 572 4714 κεφ,
620 4634 707 4690 κα⁹
751 4636 846 4690 τοῦ
887 4632 940 4691 α’
985 4635 1092 4693 τίτ.
1139 4643 1233 4694 τοῦ
1288 4632 1342 4712 γ’
1391 4633 1601 4710 βιϐλίου
1630 4639 1736 4691 τῶν
1771 4643 1935 4692 Βασι-

287 4723 487 4797 λικῶν,
521 4721 688 4788 οὕτως
718 4722 850 4804 ἔχον
886 4742 902 4761 ⁸
941 4727 1077 4802 Πρὸς
1134 4725 1343 4788 τούτοις
1401 4723 1687 4800 κελεύομεν
1732 4723 1935 4788 πάντας

288 4813 620 4876 ἐπισκόπους
677 4834 736 4870 τι
793 4814 882 4870 καὶ
938 4811 1322 4892 πρεσϐυτέρους
1388 4814 1466 4889 μὴ
1541 4814 1677 4889 μετὰ
1735 4835 1935 4871 σεσιω-

290 4901 562 4977 πημένον,
596 4900 733 4958 ἀλλᾶ
766 4902 903 4978 μετὰ
932 4907 1115 4975 φωνῆς
1146 4910 1223 4976 τῷ
1282 4902 1589 4976 πιστοτάτῳ
1644 4902 1759 4978 λαῷ
1812 4902 1933 4960 δια-

2015 3826 2256 3907 audiat,
2287 3836 2344 3889 et
2378 3831 2747 3907 quapropter
2784 3825 2849 3886 in
2899 3825 3198 3886 orientem
3227 3818 3663 3903 prospicientes

2012 3932 2353 3997 precemur.

2101 4094 2354 4159 Concilii
2411 4094 2737 4159 Laodiceni
2791 4112 2986 4157 canon
3038 4094 3100 4171 5,
3170 4093 3290 4169 19;
3341 4086 3543 4152 Basilii
3592 4103 3662 4148 ex

2018 4203 2153 4265 cap.
2186 4186 2258 4248 Ἣ
2297 4188 2382 4249 De
2412 4193 2620 4248 sancto
2653 4184 2911 4267 Spiritu.

2103 4274 2349 4338 Textus.
2383 4278 2586 4340 Const.
2618 4276 2693 4338 17
2720 4276 2865 4338 tit.l
2901 4272 3283 4339 Novellarum
3312 4269 3490 4332 dicit:
3516 4270 3663 4330 Pre-

2019 4383 2121 4427 ces
2152 4378 2546 4429 sacrosancta;
2578 4365 3023 4428 communionis
3044 4371 3103 4426 et
3125 4359 3490 4426 sacrosancti
3519 4357 3665 4440 bap-

2021 4455 2275 4518 tismatis
2305 4475 2338 4518 a
2370 4456 2592 4537 populo
2623 4455 2898 4519 exaudiri
2930 4454 3178 4518 debere.

2101 4545 2437 4611 Scholium.
2501 4544 2707 4617 Const.
2765 4547 2865 4620 17,
2916 4545 3009 4608 tit.
3066 4545 3095 4605 1
3157 4542 3543 4611 Novellarum
3574 4546 3668 4601 est

2018 4652 2152 4715 cap.
2185 4636 2256 4697 21
2294 4635 2384 4697 tit.
2431 4636 2462 4697 1
2498 4635 2603 4699 lib.
2632 4652 2701 4699 Ill
2733 4635 2943 4710 Basil.,
2978 4634 3140 4715 quod
3171 4634 3259 4696 sic
3296 4630 3476 4694 habet
3522 4648 3534 4693 :
3571 4629 3660 4695 Ad

2018 4725 2145 4786 haec
2171 4722 2479 4806 jubemus,
2509 4732 2578 4789 ut
2609 4744 2820 4786 omnes
2852 4723 3123 4804 episcopi
3154 4724 3377 4802 pariter
3407 4728 3466 4782 et
3498 4736 3661 4799 pres-

2017 4811 2231 4895 byteri,
2268 4833 2384 4877 non
2443 4815 2619 4877 tacito
2674 4814 2877 4887 modo,
2937 4813 3044 4876 sed
3075 4812 3235 4874 clara
3264 4828 3431 4885 voce,
3465 4825 3600 4887 quae
3630 4826 3664 4869 a

2017 4904 2373 4967 ﬁdelissimo
2406 4907 2624 4986 popqu
2659 4902 2956 4980 audiatur,
3005 4918 3232 4964 sacram
3251 4897 3660 4974 'oblationem,

286 4991 585 5067 κουομένης
641 4994 743 5060 τὴν
797 4995 941 5050 θείαν
998 4990 1392 5071 προσκομιδὴν,
1453 4994 1543 5051 καὶ
1580 4994 1674 5062 τὴν
1705 4993 1801 5050 in?
1857 5000 1934 5067 τῷ

2039 5002 2075 5055 ιι
2127 5012 2343 5074 preces
2388 4995 2714 5087 in_sanc_to
2767 4992 3129 5087 baptismate
3159 4986 3660 5087 adhibitascele—

284 5081 423 5159 ἁγίῳ
476 5082 807 5157 βαπτίσματι
862 5083 1177 5162 προσευχὴν
1237 5086 1536 5162 ποιεῖσθαι,
1585 5084 1673 5139 καὶ
1702 5084 1763 5140 τὸ
1793 5083 1930 5139 κᾶν-

2039 5091 2193 5145 ›ι“εηι
2226 5104 2240 5145 :
2274 5103 2389 5166 quo
2421 5082 2492 5145 ad
2546 5083 2835 5163 majorem
2881 5080 3101 5144 exinde
3133 5076 3659 5166 compunctionem

284 5173 464 5227 τεῦθεν
492 5172 589 5236 τὰς
621 5178 726 5228 τῶν
784 5172 1085 5229 ἀκουόντων
1132 5172 1314 5250 ψυχὰς
1362 5174 1434 5236 εἱς
1484 5171 1702 5229 πλείονα
1758 5173 1929 5229 κατά-

2039 5192 2081 5234 ιο
2110 5164 2348 5236 Domini
2379 5174 2484 5237 Dei
2529 5172 3024 5253 gloriﬁcationem
3070 5167 3441 5232 audientium
3473 5164 3660 5229 animi

281 5259 423 5325 νυξιν
468 5260 565 5317 καῖ
616 5261 713 5328 τὴν
763 5263 894 5342 πρὸς
939 5263 1032 5319 τὸν
1083 5264 1364 5329 Δεσπότην
1410 5264 1540 5319 Θεὸν
1573 5262 1931 5320 διανίστασθαι

284 5345 626 5429 δοξολογίαν,

367 5446 622 5503 ΚΕΦΑΛ,
690 5450 750 5501 Β.
816 5474 895 5489 ——
952 5443 1079 5522 Περὶ
1133 5449 1228 5500 τοῦ
1277 5443 1449 5515 τίνας,
1512 5442 1600 5500 καὶ
1646 5448 1785 5519 πῶς,
1844 5444 1931 5502 καὶ

285 5541 420 5587 ποτα
442 5528 527 5587 δεῖ
551 5529 802 5608 ψάλλειν,
833 5531 869 5602 ἢ
902 5532 1177 5613 εὔχεσθαι,
1214 5532 1250 5601 ἢ
1280 5532 1688 5611 ἀναγινώσκειν.

364 5616 716 5680 Ἀποστόλων
774 5623 951 5679 κανὼν
1018 5620 1087 5697 ξ’,
1154 5624 1220 5680 πὲ
1259 5638 1274 5654 ⁸
1334 5622 1552 5681 συνόδου
1618 5620 1928 5691 Λαοδικείας

284 5710 460 5768 κανὼν
494 5710 585 5789 ιε’,
620 5712 713 5794 ιζ’,
745 5712 848 5789 ιη’,
884 5709 971 5791 ιϐ’,
1004 5713 1113 5794 κγ’,
1146 5713 1234 5790 μϐ⁹
1255 5729 1269 5746 ⁸
1306 5712 1523 5773 συνόδου
1557 5713 1928 5796 Καρθαγέννης

2017 5263 2369 5328 eﬂ'erantur.

2097 5441 2267 5506 CAP.
2299 5445 2373 5507 ll.
2402 5475 2482 5487 ——-
2530 5441 2723 5519 Quos,
2781 5440 3100 5522 quomodo,
3147 5436 3362 5519 qualia
3415 5455 3656 5511 canere,

2006 5550 2279 5614 precari,
2313 5540 2419 5595 aut
2451 5532 2653 5613 legere
2684 5537 2977 5612 oporteat.

2092 5623 2510 5703 Apostolorum
2544 5640 2736 5685 canon
2766 5620 2868 5697 60,
2900 5622 3020 5697 85;
3055 5619 3298 5683 concilii
3331 5615 3650 5681 Laodiceni

2013 5731 2204 5778 canon
2236 5713 2333 5793 15,
2368 5714 2465 5793 17,
2502 5713 2602 5793 18,
2634 5713 2736 5792 19,
2766 5711 2866 5790 93,
2902 5712 3020 5795 59;
3077 5710 3315 5774 concilii
3346 5707 3646 5787 Carthagi-
