4090 6204
236 349 389 417 1053

1102 304 1592 411 NOMOCANON.
1647 376 1722 391 -
1780 341 1938 407 'rrr.
1986 342 2101 422 ιιι,
2154 342 2319 405 CAP.
2369 340 2661 404 III-XXI.

3447 338 3468 404 1
3481 336 3597 406 054

308 488 582 561 Κείμενον.
635 475 697 542 Ἠ
741 485 786 557 ζ’
846 454 1005 545 νδιᾶτ.
1075 489 1170 539 τοῦ
1212 482 1264 539 α’
1312 482 1415 544 τίτ.
1461 487 1568 541 τῶν
1624 484 1899 560 Νεαρῶνν

2037 475 2286 542 Τρωίας.
2323 475 2526 540 Const.
2556 477 2613 553 '7,
2648 475 2737 538 tit.
2763 475 2789 537 1
2818 473 3374 555 Novellarum,etc.,
3408 494 3596 557 usque

228 601 285 645 κ,
320 601 372 638 τ.
407 575 494 656 λ.,
526 592 720 657 usque
748 572 822 637 ad
852 574 913 630 τὸ
942 571 1139 652 ἆρχθέν
1170 570 1478 651 πληρῶσαι.

306 754 568 836 Σχόλιον.
613 756 682 812 Ἥ
750 753 799 825 ζ’
863 751 1003 814 διάτ.
1066 759 1161 809 τοῦ
1212 748 1263 806 κ’
1324 751 1429 813 τίτ.
1491 750 1598 807 τῶν
1658 756 1873 835 Νεαρῶν

224 832 544 923 ἔστι-νεαρὰ
585 841 1009 908 ’1ουστινιάνειος
1054 840 1154 914 ξζ’,
1203 841 1289 897 καὶ
1348 840 1442 897 οὒκ
1500 832 1762 906 ἐτέθητεῖς
1806 840 1870 896 τὰ

226 934 510 995 Βασιλικά.
556 925 621 991 Ἠ
665 932 718 1011 γ’
762 930 900 994 διάτ.
960 931 1054 988 τοῦ
1110 930 1161 1008 β’
1204 931 1310 991 τίτ.
1360 933 1465 987 τῶν
1512 933 1728 1007 Νεαρῶν
1758 928 1869 985 ἐστι

227 1026 389 1103 νεαρὰ
442 1023 869 1086 ’1ουστινιάνειος
901 1020 1018 1100 ρλα’
1052 1020 1280 1095 κειμένη
1334 1019 1390 1075 ἒν
1444 1017 1634 1097 βιϐλίῳ
1664 1016 1707 1074 ε’
1764 1024 1872 1075 τῶν

225 1114 558 1190 Βασιλικῶν,
603 1114 706 1173 τίτ.
756 1109 833 1190 γ’,
867 1132 993 1191 κειρ.
1038 1108 1085 1167 δ’
1130 1111 1218 1167 καὶ
1262 1109 1332 1189 ε’³
1366 1110 1399 1167 ἃ
1428 1110 1515 1166 καὶ
1552 1108 1771 1189 ἔχουσιν
1799 1109 1872 1172 ὡς

222 1207 299 1271 τίς
325 1206 387 1262 τὸ
416 1204 667 1280 κείμενον
696 1204 1126 1277 συνωψίσθησαν.

310 1384 593 1459 Κείμενον.
627 1384 687 1442 Εἰ
717 1381 771 1437 δέ
800 1402 880 1445 τις
915 1380 969 1437 ἐν
999 1379 1261 1453 ἰδιωτικῷ
1290 1377 1447 1453 οἴκῳ,
1495 1376 1815 1457 προαστείῳ,
1839 1375 1875 1444 ἢ

224 1476 451 1554 χωρίῳ,
482 1494 535 1531 κ.
574 1494 627 1536 τ,
663 1471 745 1552 λ.⁷
781 1488 978 1552 usque
1007 1468 1081 1533 ad
1113 1469 1367 1550 εἰρημένα
1398 1481 1600 1527 ποιεῖν.

306 1650 578 1733 Σχό¹λιον.
620 1651 750 1730 Περὶ
787 1655 887 1718 τῆς
960 1648 1014 1727 γ’
1087 1648 1287 1715 διατάξ,
1345 1647 1439 1705 τοῦ
1498 1646 1549 1725 β’
1609 1649 1712 1708 τίτ.
1767 1649 1874 1706 τῶν

224 1744 446 1820 Νεαρῶν
475 1738 792 1818 διελὰϐομεν
821 1742 895 1804 είς
929 1741 991 1797 τὸ
1020 1738 1224 1796 διελθὸν
1258 1737 1506 1818 σχόλιον.
1542 1737 1607 1794 ’Π
1629 1739 1691 1812 ς’
1692 1736 1707 1761 ³
1730 1735 1871 1802 διάτ,

1956 567 2035 630 ad
2062 566 2416 631 haeredibus
2447 575 2713 651 cogatur,
2748 574 2977 648 utpag.
3012 566 3152 629 860.

2033 746 2363 810 Scholium.
2412 746 2616 810 Const.
2653 751 2713 825 7,
2749 747 2844 812 tit.
2878 748 2906 809 1
2944 746 3324 811 Novellarum
3356 753 3452 809 est
3480 764 3594 809 no-

1953 836 2106 899 vella
2157 836 2481 900 Justiniaui
2540 837 2641 913 67,
2710 845 2769 899 οι
2821 855 2941 899 non
2972 845 3061 899 est
3092 843 3283 917 posita
3312 836 3374 897 in
3409 835 3593 899 Basil.

1955 925 2158 991 Const.
2194 926 2232 988 3
2264 928 2354 989 tit.
2407 929 2445 987 2
2475 927 2858 991 Novellarum
2891 934 2980 990 est
3011 927 3244 990 novella
3271 925 3598 991 Justiniani

1956 1018 2098 1094 131,
2136 1015 2364 1098 [atque]
2400 1025 2490 1078 est
2518 1017 2577 1079 in
2611 1017 2716 1082 lib.
2761 1034 2800 1079 ν
2829 1016 3036 1093 Basil.,
3073 1019 3163 1081 tit.
3208 1017 3267 1095 3,
3303 1034 3437 1097 cap.
3470 1017 3506 1079 4
3539 1024 3598 1078 et

1955 1108 2017 1182 5,
2051 1124 2184 1187 quae
2239 1106 2420 1168 etiam
2476 1105 2702 1169 habent
2752 1115 2817 1170 ut
2860 1113 2921 1170 in
2974 1115 3137 1170 textu
3169 1103 3595 1187 compendiose

1959 1196 2266 1277 proposita
2297 1203 2458 1258 sunt.

2045 1372 2287 1440 Tantus.
2321 1375 2490 1450 Quod
2521 1378 2570 1439 si
2597 1377 2733 1458 quis
2758 1377 2819 1440 in
2852 1377 3110 1459 privato,
3145 1383 3495 1458 etc.,usque
3515 1376 3597 1438 ad
3624 1420 3631 1423 -

1962 1463 2121 1528 dicta
2151 1475 2579 1547 exsequantur,
2613 1475 2680 1531 ut
2704 1485 2845 1549 pag.
2869 1467 3014 1532 610.

2033 1643 2365 1708 Schotium.
2400 1645 2486 1708 De
2521 1654 2715 1709 coast.
2748 1647 2786 1708 3
2816 1647 2911 1709 tit.
2952 1648 2991 1708 9
3021 1646 3402 1710 Novellarum
3435 1655 3594 1709 trac-

1955 1732 2206 1795 tavimus
2266 1735 2326 1796 in
2388 1736 2753 1816 praecedenti
2810 1736 3065 1800 scholio.
3124 1733 3325 1799 Const.
3362 1736 3398 1800 6
3432 1735 3585 1797 tit.i

223 1840 317 1889 τοῦ
364 1831 417 1888 α’
460 1832 563 1891 τίτ.
598 1832 703 1886 τῶν
755 1836 1000 1909 Νεαρῶν,
1029 1828 1065 1898 ἢ
1119 1828 1354 1908 λέγουσα
1383 1831 1706 1906 φισκοῦσθαι
1748 1825 1899 1910 ἤτοι]

1999 1822 2354 1901 ὀνεΙΙειι-υτη,
2404 1845 2537 1908 qua;
2582 1825 2901 1889 conﬁscari
2955 1825 3099 1888 dicit
3126 1825 3347 1900 locum,
3383 1825 3596 1907 inquo

219 1919 634 1996 δημοσιεύεσθαι
666 1920 759 1976 τὸν
802 1920 967 1977 τόπον
1011 1918 1067 1975 ἐν
1109 1918 1156 1993 ᾧ
1185 1918 1385 1997 γίνεται
1436 1919 1498 1973 τὸ
1541 1919 1680 1996 ἱερὸν
1725 1918 1871 1996 παρὰ

220 2011 451 2089 γνώμην
493 2014 601 2066 τῶν
658 2007 991 2085 ἐπισκόπων,
1061 2007 1173 2065 ἔστι
1235 2007 1397 2086 νεαρὰ
1450 2006 1868 2071 Ἰουστινιάνειος

223 2099 314 2167 vn’
343 2114 357 2126 ‘
397 2098 517 2166 ἥτις
550 2099 639 2155 καὶ
668 2099 1017 2177 ἧπράκτησεν
1047 2098 1119 2158 ὠς
1153 2097 1234 2173 μὴ
1264 2100 1480 2153 τεθεῖσα
1513 2099 1586 2160 είς
1618 2098 1683 2155 τὰ
1712 2105 1873 2153 Βασι-

222 2189 376 2249 λικά.
422 2188 487 2245 Ἢ
534 2185 600 2244 ιε’
644 2186 784 2249 διάτ.
830 2194 924 2244 τοῦ
968 2187 1019 2266 γ’
1065 2188 1170 2250 τίτ.
1245 2194 1340 2244 τοῦ
1413 2185 1463 2242 α’
1520 2184 1724 2264 βιϐλίου
1779 2193 1872 2244 τοῦ

227 2277 469 2342 Κώδικος
496 2278 593 2334 οὐκ
620 2276 778 2344 ἐτέθη
812 2278 886 2341 τίς
916 2278 982 2334 τὰ
1014 2276 1297 2341 Βασιλικά,

307 2372 568 2430 ΚΕΦΑΛ,
616 2366 725 2433 ΙΕ’,
789 2400 868 2412 —
922 2367 1049 2446 Περὶ
1119 2366 1430 2424 ἐπισκόπων
1507 2367 1543 2436 ἢ
1600 2365 1873 2445 κληρικῶν

225 2457 731 2535 συγκοινωνόύντων
769 2504 784 2534 ,
872 2456 908 2524 ἢ
1033 2458 1440 2537 συνευχομένων
1581 2458 1871 2534 αἱρετικοϊς

223 2545 260 2614 ἢ
358 2544 659 2621 Ἰουδαίοις,
736 2546 773 2613 ἦ
840 2545 1234 2626 ἐπιτρεπόντων
1316 2547 1506 2611 αὐτοὺς
1606 2550 1869 2626 ἓνεργεϊν,

223 2635 259 2702 ἦ
289 2633 604 2716 δεχομένων
637 2637 808 2693 αὐτῶν
852 2635 1056 2700 Θυσίας.

299 2724 654 2784 Ἀποστόλων
714 2726 889 2782 κανὼν
953 2725 989 2781 ι’
1040 2725 1153 2802 με’,
1214 2723 1321 2801 νς’
1360 2746 1373 2762 ⁸
1410 2726 1627 2786 συνόδου
1657 2727 1873 2785 Ἀντιο-

224 2816 385 2894 χείας
418 2816 596 2873 κανὼν
625 2813 680 2891 β’
709 2833 727 2852 ο
760 2814 978 2872 συνόδου
1009 2813 1320 2878 Λαοδικείας
1351 2818 1526 2875 κανὼν
1556 2816 1669 2896 λγ’.

309 2906 587 2980 Κείμενον.
636 2906 712 2963 'H
756 2903 805 2961 δ’
848 2903 989 2966 διάτ.
1052 2908 1148 2961 τοῦ
1209 2904 1288 2979 ς’
1330 2908 1461 2984 τίτ,,
1494 2909 1602 2964 τῶν
1658 2908 1873 2985 Νεαρῶν

230 3016 393 3074 φησιν
423 2994 575 3069 ὟΟτι,
619 3017 675 3057 κ.
720 3017 773 3056 τ.
810 2994 895 3067 λ.,
928 3012 1123 3076 usque
1169 2995 1243 3057 ad
1292 2996 1592 3070 Ἐκιιλησίᾳ
1634 3018 1873 3077 προσκυ-

235 3093 470 3162 ροῦνται.

309 3173 568 3253 Σχόλιον,
630 3164 692 3232 Ἠ
748 3173 794 3230 δ’
852 3172 990 3233 διάτ.
1054 3184 1147 3235 τοῦ
1189 3174 1268 3250 ς’
1327 3177 1460 3250 τίτο,
1519 3175 1626 3233 τῶν
1658 3181 1876 3253 Νεαρῶν

1952 1922 2171 1994 praeter
2224 1916 2536 1977 scientiam
2593 1917 3015 1997 episcoporum
3063 1933 3303 1977 sacrum
3352 1914 3594 1995 aliquod

1954 2002 2311 2080 Celebratur,
2347 2015 2437 2067 est
2488 2006 2725 2069 novella
2772 2006 3086 2070 Iustiniani
3114 2007 3218 2081 58,
3253 2025 3386 2088 quae
3416 2006 3593 2069 etiam

1951 2091 2121 2154 irrita
2151 2093 2302 2156 facta
2329 2103 2441 2171 est,
2496 2104 2561 2157 ut
2607 2115 2742 2175 quas
2800 2096 2861 2157 in
2892 2095 3074 2160 Basil.
3111 2095 3304 2175 posita
3336 2114 3456 2157 non
3489 2095 3590 2158 sit.

1954 2181 2205 2247 Constit.
2241 2184 2317 2244 15
2346 2184 2433 2245 tit.
2480 2184 2515 2249 3
2540 2184 2649 2248 lib.
2689 2185 2879 2247 ICod.
2906 2178 2977 2246 in
3001 2183 3182 2248 Basil.
3217 2204 3339 2246 non
3372 2192 3462 2247 est
3494 2203 3599 2265 po-

1955 2271 2092 2336 sita.

2036 2361 2204 2425 CAP.
2238 2364 2365 2429 XV.
2399 2399 2477 2409 —
2508 2364 2600 2427 De
2652 2365 2971 2446 episcopis,
3034 2372 3141 2427 aut
3187 2364 3445 2441 clericis,
3490 2366 3599 2447 qui
3652 2402 3659 2407 -

1953 2469 2089 2514 cum
2118 2454 2424 2517 hiei‘eticis
2459 2461 2569 2518 aut
2595 2455 2831 2519 Judaeis
2856 2454 3431 2526 communicant.vel
3449 2473 3598 2537 pre-

1953 2560 2048 2605 ces
2076 2547 2479 2626 conjungunt,
2500 2554 2609 2608 aut
2641 2547 2793 2626 ipsis
2812 2547 3048 2626 operari
3079 2544 3328 2626 [sacris]
3345 2548 3597 2627 permit-

1960 2639 2116 2708 tunt,
2150 2633 2248 2697 vel
2276 2638 2549 2716 ipsorum
2577 2636 2950 2714 sacrificium
2983 2636 3355 2709 suscipiunt.

2036 2722 2458 2803 Apostolorum
2491 2743 2681 2787 canon
2712 2724 2813 2801 10,
2838 2726 2940 2800 45,
2976 2725 3054 2786 56
3080 2745 3096 2801 ;
3119 2724 3360 2788 concilii
3387 2723 3600 2789 Antio-

1957 2813 2133 2874 cheni
2165 2832 2356 2877 canon
2388 2814 2461 2887 ‘2;
2501 2813 2745 2877 concilii
2777 2813 3096 2876 Laodiceni
3124 2832 3315 2876 canon
3345 2814 3445 2877 33.

2041 2902 2286 2966 Tactus.
2322 2902 2529 2967 Const.
2564 2906 2626 2982 4,
2659 2908 2751 2969 tit.
2784 2906 2823 2966 6
2850 2903 3234 2969 Novellarum
3268 2902 3349 2965 ait
3381 2924 3395 2966 :
3426 2902 3595 2977 Quod

1957 2992 2084 3072 qui,
2121 3002 2266 3068 etc.,
2299 3011 2489 3075 usque
2515 2995 2596 3059 ad
2624 2993 2906 3059 Ecclesia
2934 2992 3316 3071 addicantur,
3356 3001 3423 3056 ut
3450 3011 3592 3075 pag.

2038 3172 2375 3236 Scholium.
2412 3173 2616 3238 Const.
2648 3175 2690 3237 4
2739 3175 2831 3239 ιίι.
2882 3174 2920 3238 6
2949 3173 3329 3238 Novellarum
3361 3182 3453 3238 est
3481 3193 3595 3237 no-

230 3234 547 3334 ἒστιηνεαρὰ
603 3262 1026 3329 Ἰουστινιάνειος
1082 3234 1228 3344 ρλϐἱ
1288 3234 1516 3341 κειμένη
1572 3268 1629 3321 ἓν
1686 3234 1899 3342 βιϐλίῳ4

2000 3234 2115 3324 alia
2148 3234 2683 3339 insinuans;
2726 3234 2911 3347 [ᾇᾶςρί
2940 3234 3547 3345 gangrenam;
3579 3282 3599 3327 ι

229 3351 282 3409 α’
312 3353 420 3410 τῶν
453 3352 747 3412 Βασιλικῶν
795 3377 897 3414 τιτ.
938 3355 1017 3432 α’,
1050 3376 1172 3434 neq.
1235 3354 1527 3428 τελευταίῳ
1567 3354 1876 3429 καλουμένη

1999 3351 2172 3429 Iasil.,
2206 3353 2298 3416 tit.
2333 3354 2391 3428 1,
2426 3373 2556 3435 cap.
2591 3353 2727 3428 ult.,
2762 3352 2879 3437 [ac]
2924 3361 3171 3416 vocatur
3212 3353 3491 3416 Edictum
3523 3354 3600 3416 de

226 3440 461 3502 ’ίιδικτον
513 3445 632 3521 περὶ
698 3445 955 3519 πίστεως,
1019 3444 1697 3523 Κωνσταντινουπολιταις,
1760 3466 1876 3500 κω-

2005 3441 2102 3516 de,
2138 3440 2815 3523 Constantinopolitanis
2848 3464 2862 3504 :
2924 3461 3058 3524 quae
3101 3442 3421 3505 interdicta
3453 3462 3596 3504 con-

227 3531 428 3591 λύουσα
490 3535 585 3600 τὰς
641 3532 1054 3613 παρασυνάξεις,
1128 3535 1217 3590 καὶ
1280 3534 1347 3591 τὰ
1389 3530 1879 3611 παραϐαπτίσματα

224 3628 332 3679 τῶν
361 3625 665 3704 αἱρετικῶν,
702 3625 783 3681 ui
813 3621 1258 3700 διαλαμϐάνουσα
1288 3622 1388 3680 ὅσα
1436 3625 1510 3685 εἰς
1539 3624 1600 3679 τὸ
1629 3622 1875 3698 κείμενον

232 3710 622 3793 διελήφθησαν,

308 3807 564 3863 ΚΕΦΑΛ.
601 3800 730 3877 ις’,
762 3835 838 3847 -
883 3804 1009 3881 Περὶ
1060 3810 1154 3860 τοῦ
1212 3804 1292 3879 μὴ
1336 3801 1451 3860 δεῖν
1479 3802 1545 3860 τὰ
1574 3802 1702 3882 ἂγια
1733 3800 1877 3881 λόγῳ

223 3890 510 3970 τὺλογιῶν,
549 3894 623 3958 εἰς
654 3894 749 3957 τὰς
781 3893 1063 3973 παροικίας
1093 3894 1422 3972 πέμπεσθαι.

306 4069 538 4127 Συνόδου
568 4070 884 4135 Λαοδικείας
916 4074 1093 4130 κανὼν
1123 4070 1728 4154 τεσσαρεσκαιδέκατος.

313 4167 571 4224 ΚΕΦΑΛ.
620 4162 732 4227 ιΖ¹,
777 4197 854 4209 -ο
901 4165 1025 4242 Περὶ
1067 4173 1161 4222 τοὺ
1206 4166 1282 4240 μὴ
1341 4162 1538 4220 διδόναι
1600 4176 1719 4227 τοῖς
1762 4160 1872 4219 σώ-

225 4273 357 4328 μασι
393 4255 499 4307 τῶν
529 4251 904 4311 τελευτώντων
931 4256 1239 4315 κοινωνίαν.

303 4338 539 4397 Σῦνόδου
603 4343 976 4422 Καρθαγὲννης
1035 4346 1211 4402 κανὼν
1274 4344 1350 4411 ιη’
1387 4360 1401 4375 ⁹

225 4432 405 4488 κανὼν
435 4431 529 4509 πγ’
541 4479 555 4494 ,

310 4525 566 4583 ΚΕΦΑΛ.
616 4510 729 4584 ΙΗ’.
791 4555 867 4566 —
928 4522 1053 4601 Περὶ
1108 4529 1202 4579 τοῦ
1253 4523 1331 4597 μὴ
1391 4523 1592 4602 χρῆναι
1648 4532 1877 4599 γυναῖκα

1453 4340 1669 4402 συνόδου
1712 4341 1874 4408 ἕκτης

1962 3532 2264 3593 venticula
2297 3542 2356 3595 et
2387 3533 2723 3595 adulterata
2766 3533 3125 3613 baptismate
3171 3533 3597 3594 haereticorum

1960 3620 2262 3702 prohibet.
2324 3621 2532 3684 Tradit
2602 3630 2823 3698 autem,
2889 3638 3261 3703 quaecunque
3314 3620 3378 3682 in
3436 3628 3599 3683 textu

1959 3712 2399 3791 comprehensa
2423 3718 2584 3775 sunt.

2040 3800 2207 3864 CAP.
2262 3800 2414 3864 XVI.
2454 3835 2527 3846 —
2588 3799 2756 3876 Quod
2807 3819 2933 3865 non
2985 3802 3298 3864 conveniat
3353 3805 3603 3862 sanctas

1965 3891 2346 3972 [oblationes]
2400 3890 2853 3954 benedictorum
2910 3907 3232 3955 munerum
3262 3890 3507 3955 nomine
3536 3890 3604 3951 in

1963 3979 2166 4062 [alias]
2192 3980 2523 4060 parochias
2553 3981 2744 4043 mitti.

2036 4070 2290 4133 Concilii
2321 4069 2648 4132 Laodiceni
2682 4088 2874 4132 canon
2905 4071 3007 4130 14.

2038 4157 2203 4224 CAP.
2260 4157 2443 4223 XVII.
2497 4194 2575 4205 —-
2619 4159 2707 4221 Ne
2762 4160 3125 4239 corporibus
3174 4159 3602 4238 defunctorum

1954 4258 2405 4312 sacramentum
2435 4249 2852 4313 Eucharistioe
2871 4250 3079 4313 detur.

2041 4338 2296 4402 Concilii
2368 4338 2858 4419 Carthagiuensis
2926 4357 3120 4401 canon
3182 4339 3299 4416 18;
3364 4339 3603 4402 concilii

1962 4428 2117 4492 sexti
2150 4447 2343 4491 canon
2375 4430 2474 4492 83.

2042 4519 2207 4582 CAP.
2231 4518 2441 4584 XVIII.
2466 4551 2544 4567 -
2568 4519 2745 4595 Quod
2775 4537 2898 4582 non
2927 4522 3248 4584 conveniat
3278 4520 3604 4583 mulierem

227 4608 283 4665 ἐν
354 4622 481 4674 ταῖς
582 4611 807 4691 ἡμέραις
919 4591 1018 4680 τῆς
1101 4591 1447 4692 καθάρσεως,
1508 4591 1673 4679 αὐτῆς
1752 4632 1899 4667 κοι-λ

1999 4627 2026 4670 ιι
2054 4608 2265 4673 diebus
2292 4591 2683 4691 purgationis
2703 4627 2827 4673 suae
2858 4616 3336 4673 communicare.

231 4711 447 4758 νωνετν.

314 4789 592 4849 Διονυσίου
635 4789 696 4846 ἐκ
736 4795 837 4858 τῆς
878 4792 1011 4868 πρὸς
1056 4787 1380 4857 Βασιλείδην
1425 4788 1719 4858 ἐπιστολῆς
1750 4810 1872 4868 κεφ.

230 4875 308 4953 β’,
342 4875 389 4933 δ’
425 4895 438 4908 ·
476 4878 733 4953 Τιμοθέου
767 4880 944 4938 κανὼν
967 4880 1071 4955 ς’,
1104 4879 1176 4952 ζ’.

317 4973 573 5027 ΚΕΦΑΛ.
648 4958 754 5029 ΙΘ’.
845 5003 924 5016 ——
996 4976 1119 5035 Πῶς
1220 4973 1248 5027 ὁ
1337 4970 1656 5049 όνειρασθεὶς
1756 4990 1875 5025 κοι-

232 5070 423 5119 νωνετ.

317 5150 593 5205 Διονυσίου
649 5148 710 5207 ἐκ
753 5149 849 5218 τῆς
897 5152 1031 5229 πρὸς
1084 5147 1399 5217 Βασιλείδην
1432 5148 1721 5215 ἐπιστολῆς
1752 5170 1874 5228 κεφ.

232 5232 277 5290 δ’
313 5255 330 5272 ⁸
366 5238 622 5311 Τιμοθέου
654 5242 830 5296 κανὼν
863 5238 961 5317 ιβ’.

317 5333 570 5390 ΚΕΦΑΛ,
621 5326 713 5390 K'.
766 5362 835 5377 -
884 5334 1018 5409 Περὶ
1064 5336 1160 5386 τοῦ
1200 5328 1278 5405 μὴ
1325 5328 1568 5407 γενέσθαι
1615 5327 1881 5409 ἀναφορὰν

235 5413 515 5492 παρόντων
546 5419 849 5495 αἱρετικῶν.

316 5506 577 5578 Τιμοθέου
609 5508 786 5564 κανὼν
821 5507 1062 5574 ἕννατος.

319 5601 573 5657 ΚΕΦΑΛ.
626 5595 759 5658 ΚΑ.’.
806 5628 885 5643 -
918 5600 1054 5657 Πότε
1084 5599 1167 5658 δεῖ
1212 5603 1308 5666 τῆς
1356 5603 1602 5677 γαμετῆς
1651 5595 1734 5654 διὰ
1777 5597 1876 5665 τὴν

236 5685 516 5744 κοινωνίαν
545 5686 870 5769 ἀπέχεσθαι.

2039 4788 2308 4869 Dionysii
2339 4806 2407 4850 ex
2453 4788 2705 4870 epistola
2761 4787 2835 4850 ad
2885 4787 3210 4849 Basilidem
3259 4806 3395 4868 cap.
3429 4788 3490 4863 9,
3524 4788 3606 4862 4;

1958 4876 2257 4940 Timothei
2284 4897 2478 4940 canon
2514 4880 2575 4953 6,
2601 4881 2664 4940 7.

2041 4967 2211 5031 CAP.
2246 4966 2398 5030 XIX.
2451 5004 2529 5015 —
2573 4966 2881 5043 Quomodo
2914 4967 3338 5039 communicet,
3390 4966 3492 5026 cui
3539 4964 3606 5026 in

1960 5058 2190 5121 somnis
2214 5076 2417 5121 semen
2444 5058 2654 5136 ﬂuxit.
3528 5060 3535 5065 '

2043 5146 2314 5228 Dionysii
2377 5165 2444 5209 ex
2497 5147 2755 5227 epistola
2813 5144 2885 5207 ad
2937 5142 3262 5208 Basilidem
3319 5144 3605 5225 caput4;

1964 5237 2264 5299 Timothei
2298 5255 2489 5302 canon
2526 5237 2623 5299 12.

2043 5326 2208 5392 CAP.
2245 5326 2371 5390 XX.
2406 5359 2480 5374 —
2511 5328 2605 5392 Ne
2631 5324 3035 5408 praesentibus
3089 5322 3388 5388 haereticis
3418 5340 3607 5404 pera-

1961 5426 2143 5496 gatur
2171 5417 2418 5481 oblatio.

2045 5505 2342 5569 Timothei
2373 5506 2815 5588 archiepiscopi
2845 5502 3241 5569 Alexandrini
3296 5522 3488 5567 canon
3539 5502 3604 5566 8.

2040 5595 2208 5660 CAP.
2236 5594 2388 5660 XXI.
2423 5632 2502 5644 ——
2532 5595 2795 5673 Quando
2823 5604 3067 5676 propter
3118 5596 3602 5659 communionem

1961 5685 2039 5753 ab
2063 5702 2260 5750 uxore
2290 5687 2595 5755 abstinere
2626 5691 2920 5768 oporteat.
