4090 6204
509 270 660 340 1055
1685 278 1948 342 ΡΗΟΤΙΙ
1991 280 2124 343 ΡΑἸ

2265 281 2507 344 nam
2550 282 2665 344 op.
2827 253 2832 258 ⁷
3713 275 3880 340 1056

583 409 850 493 Dionysii
879 429 950 474 ex
981 410 1234 492 epistola
1263 411 1346 475 ad-
1368 411 1690 477 Basilidem
1723 425 1905 496 caput
1934 416 1972 478 3
1998 437 2014 494 ;
2036 415 2144 477 Ti-
2165 423 2198 474 Α

2313 420 2583 478 Διονυσίου
2612 418 2672 476 ἐκ
2698 419 2799 485 τῆς
2857 416 2987 495 πρὸς
3041 414 3358 483 Βισιλείδην
3405 415 3696 483 ἱπιστολῆς
3745 438 3879 495 κεφ.

505 501 735 564 motbei
766 519 955 563 canon
981 503 1043 577 5,
1076 502 1172 564 14.

2229 506 2282 584 γ’
2317 527 2332 542 ⁶
2367 508 2621 580 Τιμοθέου
2653 508 2827 565 κανὼν
2859 507 2927 586 ε’²
2963 506 3062 585 ιγ’,

586 590 752 652 CAP.
784 588 978 652 XXII.
1037 625 1118 635 —
1171 590 1478 666 Quomodo
1508 591 1737 656 oblatio
1798 592 2147 658 celebretur

2311 605 2562 661 ΚΕΦΑΛ,
2615 597 2746 662 KD',
2819 629 2898 642 ——-
2973 603 3093 662 Πῶς
3150 597 3351 674 γίνεται
3400 596 3677 676 προσφορᾶ
3746 595 3889 672 ὑπὲρ

505 697 616 761 pro
648 695 718 742 eo
748 681 857 759 qui
887 696 950 742 se
977 680 1176 760 ipsum
1205 682 1534 758 interfecit.

1262 684 1534 758 tterfectt.
2228 694 2322 744 τοῦ
2350 686 2539 744 ἓαυτὸν
2571 686 2852 750 ἀνελόντος
2865 735 2877 749 ,

586 769 886 832 Timothei
912 787 1108 832 canon
1143 772 1236 833 l3.

2310 776 2569 849 Τιμοθέου
2600 779 2775 833 χανὼν
2805 772 3406 852 τεσσαρεσκαιδὲιιατος,

592 857 840 922 Textus.
875 861 989 920 Lex
1045 859 1242 922 civilis
1301 880 1435 924 eum
1470 861 1575 943 qui
1609 862 1746 944 sibi,
1783 872 1928 937 etc.,
1959 883 2148 946 usque

2313 866 2590 940 Κείμενον.
2642 857 2701 925 Ὀ
2749 865 3026 928 πολιτικὸς
3059 865 3219 940 νόμος
3251 866 3343 921 τὸν
3377 866 3564 921 ἑαυτὸν
3596 863 3890 943 ἀνελόντα,

506 947 586 1010 ad
619 949 709 1010 tit.
744 948 822 1011 50
856 948 1184 1031 [traditur],
1222 958 1289 1014 ut
1319 969 1460 1032 pag.
1487 954 1630 1017 614.

2230 976 2285 1014 κ.
2319 977 2375 1015 τ.
2410 955 2493 1032 λ.²
2523 973 2717 1038 usque
2748 955 2823 1020 ad
2854 963 2949 1014 τοῦ
2977 953 3212 1019 Κώδικος
3243 956 3348 1014 τίτ.
3387 954 3457 1019 ν’,

589 1126 922 1191 Scholium.
956 1128 1076 1190 Tit.
1110 1126 1214 1203 21,
1247 1128 1354 1190 lib.
1390 1147 1563 1194 mm
1587 1131 1716 1211 Dig.
1753 1140 1843 1194 est
1867 1151 1999 1214 cap.
2032 1134 2153 1197 3et

2316 1134 2578 1214 Σχόλιον.
2627 1126 2686 1193 Ὀ
2717 1133 2803 1192 κε’
2835 1138 2940 1197 τίτ.
2995 1142 3088 1192 τοῦ
3126 1131 3222 1205 μη’
3263 1133 3467 1211 βιϐλίου
3502 1140 3610 1191 τῶν
3659 1134 3895 1198 Antii.

506 1218 568 1296 4,
603 1217 716 1305 tit.
754 1218 862 1296 53,
925 1217 1032 1280 lib.
1095 1237 1162 1280 ιχ
1210 1217 1422 1294 Basil.,
1470 1240 1605 1298 qua:
1633 1222 1846 1284 eadem
1879 1223 2121 1284 tradunt

2282 1246 2344 1280 rtt
2402 1247 2524 1305 κεφ,
2586 1224 2638 1303 γ’
2683 1228 2770 1282 καὶ
2814 1225 2855 1281 δ’
2917 1225 3012 1281 τοῧ
3043 1223 3124 1302 νγ⁹
3160 1225 3271 1288 τίτ,
3301 1232 3394 1281 τοῦ
3425 1223 3468 1290 ξ’
3511 1222 3725 1301 βιϐλίου
3781 1225 3897 1280 τῶν

503 1305 623 1368 Tit.
656 1303 734 1367 {)0
765 1305 876 1370 lib.
904 1322 963 1369 ιι
991 1305 1140 1369 Cod.
1176 1307 1238 1368 in
1271 1309 1452 1374 Basil.
1488 1329 1611 1373 non
1645 1320 1737 1372 est
1771 1311 2025 1392 positus.

2282 1312 2532 1370 ισιλικῶν
2587 1315 2654 1372 τὰ
2698 1316 2830 1372 αὒτὰ
2874 1314 3179 1381 διεξιόντος.
3225 1312 3284 1374 Ὀ
3335 1313 3390 1371 δὲ
3450 1315 3496 1369 ν⁹
3540 1316 3647 1378 τίτ,
3687 1317 3790 1371 te?)
3850 1314 3897 1369 θ’

2230 1401 2436 1480 βιϐλίου
2465 1410 2559 1461 του
2593 1403 2830 1471 Κώδιχος
2860 1410 2956 1466 οὐκ
2984 1404 3140 1472 ἐτέθη
3171 1407 3243 1472 εἰς
3272 1405 3336 1462 τὰ
3367 1403 3656 1466 Βασιλιχά.

1891 1811 2293 1899 ΤΙΤΛΟΣ
2371 1800 2487 1910 Δ’.

1243 2029 1394 2081 ΠΕΡΙ
1442 2029 2002 2085 ΚΑΤΗΧΟΥΜΕΝΩΝ
2067 2035 2180 2085 ΚΑΙ
2226 2037 2354 2086 ΤΟΥ
2402 2034 2596 2086 ΛΓΙΟΥ
2643 2031 3146 2089 ΒΑΠΤΙΣΜΑΤΟΣ.

1738 2277 2122 2354 TITULUS
2204 2279 2651 2368 QUARTUS.

955 2425 1052 2490 DE
1095 2426 1502 2494 IMBUENDIS
1567 2430 2001 2510 RELIGIONE,
2047 2431 2143 2496 ET
2207 2433 2306 2500 DE
2355 2430 2892 2499 SACROSANCTO
2950 2427 3436 2495 BAPTISMATE.

591 2601 836 2667 CAPUT
868 2605 1196 2672 PRIMUM.
1230 2644 1306 2654 —
1334 2609 1654 2674 Neminem
1699 2610 1935 2674 duabus
1956 2612 2142 2692 aepti-
2168 2627 2205 2677 Β

2310 2621 2700 2673 ΚΕΦΑΚΑΙΟΝ
2751 2621 3042 2672 ΠΡΩΤΟΝ.
3076 2645 3154 2656 -
3184 2609 3309 2690 Περὶ
3354 2612 3448 2666 τοῦ
3502 2611 3583 2686 μὴ
3643 2613 3889 2693 ὀφείλειν

509 2694 713 2756 manis
740 2701 876 2775 post
902 2695 1444 2778 Quadragesimam
1496 2699 1576 2762 ad
1617 2700 1984 2780 baptismum
2012 2719 2124 2764 sust

2282 2705 2369 2760 ετὰ
2424 2703 2513 2760 δύο
2569 2702 2862 2780 ἑϐδομάδας
2937 2702 3036 2770 τῆς
3103 2705 3552 2780 Τεσσιρικοοτῆς
3626 2699 3897 2783 δέχεσθαι

510 2785 634 2864 cipi
655 2785 823 2846 debei
842 2803 898 2848 e.

2235 2796 2368 2873 πρὸς
2400 2796 2491 2850 τὸν
2522 2796 2822 2874 φωτισμόν.

591 2874 849 2937 Concilii
873 2875 1195 2939 Laodiceni
1225 2895 1416 2939 canon
1447 2879 1548 2940 45.

2318 2882 2543 2943 Συνόδου
2574 2882 2885 2946 Λαοδικείας
2916 2881 3090 2938 κανὼν
3122 2879 3233 2955 με’,

593 2963 1013 3030 CAP.Il.—De
1032 2970 1112 3029 iis
1128 2973 1236 3048 qui
1257 2968 1533 3048 inﬁdeles
1547 2967 1907 3050 religionem
1918 2969 2153 3033 docent.

1988 2975 2153 3033 rcent.
2320 2979 2573 3033 ΚΕΦΑΛ.
2620 2962 2705 3038 Β’,
2750 3005 2827 3020 -
2861 2970 2992 3050 Περί
3024 2975 3131 3028 τῶν
3161 2969 3603 3049 ξπιορχιζόντων.

591 3053 847 3117 Concilii
879 3055 1203 3122 Laodiceni
1231 3056 1334 3121 26.

2319 3062 2548 3123 Σδδόδου
2570 3062 2880 3126 Λσοδικείας
2913 3063 3087 3118 κανὼν
3121 3062 3362 3125 εἱκοστὸς
3395 3060 3577 3124 ἕκτος,

594 3145 767 3208 CAP.
801 3144 900 3208 Ill.
938 3182 1008 3192 —
1040 3147 1346 3222 Quomodo
1379 3149 1816 3227 baptizandum
1843 3152 1951 3214 sit.

1777 3168 1816 3213 π
1843 3152 1951 3214 sit.
2323 3159 2573 3216 ΚΕΦΑΛ.
2606 3151 2686 3214 Γ’.
2718 3186 2798 3198 -
2828 3159 2952 3216 Πῶς
2981 3150 3064 3208 δεῖ
3094 3152 3392 3227 βαπτίζειν.

593 3233 1020 3386 Αρέἑιοιοτιιιη
1055 3255 1248 3300 canon
1276 3238 1380 3315 49,
1435 3238 1515 3302 50
1543 3259 1560 3317 ;
1591 3241 1836 3304 concilii
1868 3241 2022 3305 sexti
2053 3260 2155 3304 ca-

600 3341 636 3384 n
754 3375 768 3386 .

2319 3242 2663 3301 Ἀποστόλων
2693 3243 2866 3300 κανὼν
2899 3241 3010 3322 μθ’,
3044 3239 3114 3298 ν’·
3149 3239 3370 3298 συνόδου
3388 3240 3553 3308 ἕκτης
3580 3244 3766 3300 κανὼν
3788 3246 3898 3304 νθ’.

515 3340 636 3384 non
667 3340 768 3388 59.

556 3412 918 3503 CAP.IV.-
930 3417 1102 3490 Quod
1113 3420 1217 3497 qui
1231 3419 1330 3497 [ad
1345 3418 1705 3497 baptismum
1719 3422 2156 3503 recipiendum]

2325 3429 2575 3486 ΚΕΦΑΛ.
2627 3413 2715 3482 Δ’.
2760 3455 2841 3468 -—
2912 3423 3035 3500 Περὶ
3092 3427 3184 3477 τοῦ
3235 3423 3431 3500 χρῆναι
3491 3425 3898 3501 φωτιζομένους

517 3500 1075 3573 illuminantur,eos
1086 3507 1228 3588 ﬁdei
1248 3509 1585 3590 [articulos]
1604 3513 1722 3573 reci
1729 3500 2132 3592 tareoporleat

1351 3509 1585 3590 ticulos]
1604 3500 2158 3592 recitareoporleat.
2241 3512 2603 3592 ἀπαγγέλλειν
2635 3513 2730 3579 τὴν
2765 3513 2966 3572 πίστιν.

593 3592 849 3657 Concilii
882 3595 1206 3660 Laodiceni
1237 3615 1435 3661 canon
1465 3600 1562 3682 46,
1599 3603 1700 3676 47;
1736 3600 1977 3665 concilii
2007 3611 2159 3665 sext.

2324 3601 2553 3663 Συνόδοο
2608 3601 2917 3666 Λαοδικείας
2971 3602 3150 3660 κανὼν
3181 3599 3326 3678 μς’,
3361 3601 3451 3678 μζ⁹
3483 3616 3500 3633 ⁸
3535 3601 3764 3660 συνόδου
3801 3604 3897 3660 ἔκ-

517 3701 710 3746 canon
745 3686 841 3748 78.

2240 3717 2340 3762 της
2371 3695 2546 3750 κανὼν
2577 3691 2689 3760 οη’.

598 3773 844 3839 Textus.
873 3775 1077 3840 Const.
1117 3779 1194 3840 10
1224 3777 1315 3842 tit.
1349 3779 1387 3839 8
1418 3777 1525 3841 lib.
1562 3798 1580 3842 ι
1609 3779 1754 3844 Cod.
1781 3781 1974 3861 jubet,
2011 3790 2155 3858 etc.,

2324 3785 2606 3859 Κείμενον.
2658 3783 2724 3840 Ἦ
2772 3782 2810 3837 ι’
2859 3780 3000 3842 διᾶτ.
3049 3784 3141 3837 τοῦ
3184 3781 3238 3848 η’
3283 3782 3390 3842 τίτ.
3432 3789 3526 3840 τοῦ
3585 3783 3637 3838 α’
3685 3783 3898 3859 βιϐλίου

510 3879 697 3944 usque
727 3866 807 3928 ad
840 3865 1006 3947 digni
1032 3866 1393 3948 habeantur,
1427 3877 1494 3932 ut
1515 3889 1665 3951 pag.
1693 3873 1837 3936 615.

2281 3882 2335 3931 οὖ
2369 3870 2626 3954 Κώδικος,
2662 3897 2715 3934 κ.
2754 3895 2802 3932 τ.
2836 3871 2916 3948 λ.,
2953 3889 3146 3952 usque
3194 3870 3294 3952 ad,
3350 3874 3441 3929 τοῦ
3470 3871 3625 3950 ἁγίου
3652 3875 3896 3948 βαπτίσ-

591 4045 929 4108 Scholium.
979 4047 1184 4110 Const.
1223 4050 1300 4110 10
1331 4049 1428 4112 ιίι.
1463 4049 1500 4113 8
1529 4047 1635 4110 lib.
1671 4066 1690 4112 1
1722 4049 1866 4113 Cod.
1905 4068 2025 4111 non
2069 3989 2206 4111 estc

2289 3985 2438 4028 στος,

2322 4053 2578 4132 Σχόλιον,
2641 4051 2707 4110 Ἢ
2768 4051 2802 4108 ι’
2848 4051 2987 4114 διάτ.
3050 4057 3142 4108 τοῦ
3203 4051 3260 4118 η’
3317 4053 3420 4113 τίτ.
3457 4060 3552 4109 το5
3598 4053 3648 4108 α’
3690 4051 3900 4130 βιϐλίου

514 4135 576 4196 in
611 4135 794 4197 Basil.
832 4135 1085 4200 Constit.
1151 4137 1209 4214 3,
1268 4139 1357 4201 tit.
1419 4137 1456 4199 3
1489 4137 1894 4214 Novellarum,
1924 4146 2014 4200 est
2046 4157 2129 4199 non

2282 4141 2479 4207 038010:
2529 4147 2624 4202 οὒκ
2667 4142 2777 4199 ἔστι
2829 4144 2902 4206 εἷς
2958 4141 3025 4198 τὰ
3071 4140 3359 4204 Βασιλιιιά.
3394 4141 3455 4199 Ἠ
3503 4143 3558 4219 γ’
3591 4141 3738 4203 διᾶτ.
3803 4152 3897 4200 τοῦ

512 4225 666 4288 vella
695 4224 1024 4288 Justiniani
1057 4229 1200 4304 444,
1230 4230 1423 4310 posita
1455 4227 1592 4310 [que
1624 4229 1741 4310 est]
1774 4229 1836 4290 in
1860 4228 2127 4291 lib.Basil

2282 4233 2294 4252 ⁵
2352 4234 2454 4293 τίτ.
2517 4239 2623 4289 τῶν
2685 4239 2901 4310 Νεαρῶν
2947 4232 3059 4288 ἐστι
3092 4233 3251 4311 νεαρὰ
3283 4231 3716 4296 Ἰουστινιᾶνειος
3750 4232 3897 4310 ρμδ³,

516 4333 558 4394 ι,
591 4316 682 4378 tit.
719 4319 777 4390 1,
839 4335 969 4396 cap.
1030 4317 1097 4379 51
1137 4336 1151 4393 ;
1194 4337 1326 4398 quae
1379 4316 1558 4380 etiam
1612 4317 1912 4382 scribetur
1952 4318 2014 4379 in
2045 4319 2131 4381 ﬁn«

2279 4323 2464 4399 ειμὲνη
2499 4323 2552 4379 ἐν
2582 4320 2770 4398 βιϐλίῳ
2811 4328 2917 4378 τῶν
2976 4321 3274 4378 Βασιλικῶν
3334 4322 3412 4396 σι’²
3459 4322 3564 4383 τίτ.
3623 4320 3704 4395 α’,
3775 4345 3893 4401 terg.

517 4422 650 4484 cap.
692 4406 746 4481 7,
782 4406 872 4467 tit.
909 4407 968 4469 4.

2278 4411 2350 4487 1’,
2384 4411 2502 4480 ἥτις
2559 4413 2646 4468 καὶ
2688 4413 3019 4491 γραφήσεται
3075 4413 3148 4477 είς
3191 4413 3252 4467 τὸ
3298 4411 3452 4476 τέλος
3517 4419 3613 4468 τοῦ
3671 4413 3722 4482 ζ’
3770 4434 3893 4491 ,ιε-ᾇ,

2241 4513 2334 4562 τοῦ
2363 4501 2408 4558 δ’
2438 4504 2543 4561 τίτ.

596 4583 758 4650 CAP.
793 4584 864 4653 V.
900 4621 978 4633 —
1017 4587 1090 4648 Ut
1137 4586 1548 4666 baptizentur,
1603 4589 1708 4668 qui
1748 4591 2046 4668 ignorant
2077 4605 2158 4648 an

2326 4599 2576 4655 ΚΕΦΑᾹ,
2613 4581 2694 4650 Ε’.
2741 4623 2819 4634 —
2877 4593 3000 4670 Περὶ
3052 4597 3142 4648 τοῦ
3179 4592 3521 4668 βαπτίζεσθαι
3553 4591 3682 4655 τοὺς
3723 4593 3893 4670 ἁγνο-

518 4675 819 4755 buptizati
848 4678 997 4739 sint.

2241 4693 2425 4746 οὺντας
2458 4685 2502 4738 εἷ
2538 4680 2931 4750 ἐϐαπτίσθησαν
2945 4730 2957 4744 ,

596 4764 852 4830 Concilii
914 4764 1404 4847 Carthaginensis
1459 4786 1650 4830 canon
1737 4770 1854 4845 72;
1917 4766 2156 4830 concilii

2321 4771 2547 4829 Συνόδου
2583 4771 2954 4851 Καρθσιγέννης
2985 4773 3161 4827 κανὼν
3216 4769 3298 4848 οβ’
3336 4789 3350 4804 ·
3391 4769 3612 4828 συνόδου
3643 4771 3728 4845 ς’
3789 4794 3894 4828 κτει-

514 4857 664 4920 soxti
699 4876 892 4919 canon
919 4856 1021 4921 84.

874 4876 892 4918 ι
919 4856 1021 4921 84.
2244 4865 2347 4919 νὼν
2379 4860 2489 4924 πδ’,

595 4945 760 5009 CAP.
798 4946 897 5010 Vl.
931 4980 1006 4993 —
1041 4949 1126 5010 Ne
1149 4947 1424 5026 defuncti
1446 4946 1855 5028 baptizentur.

2328 4956 2578 5012 ΚΕΦᾹΛ.
2637 4949 2738 5024 ς’.
2785 4983 2862 4997 -
2918 4953 3040 5029 Περὶ
3101 4958 3194 5008 τοῦ
3248 4959 3325 5026 μὴ
3367 4952 3718 5026 βαπτίζεσθαι
3773 4951 3891 5012 τοὺς

2245 5040 2692 5110 τελευτήσαντας.

595 5125 850 5188 Concilii
883 5126 1375 5208 Carthaginensis
1408 5146 1597 5190 canon
1632 5127 1732 5190 18.

2327 5129 2552 5189 Συνόδου
2588 5129 2957 5208 Καρθαγέννης
2988 5131 3164 5187 κανὼν
3196 5126 3690 5194 ὀκτωκαιδέκατος.

597 5212 760 5280 CAP.
789 5215 919 5278 νη.
954 5252 1027 5263 -
1067 5219 1149 5280 De
1179 5220 1256 5278 iis
1314 5221 1424 5298 qui
1466 5226 1610 5280 ante
1639 5217 1999 5297 baptismum
2026 5234 2212 5298 pec-I

2332 5225 2580 5279 ΚΕΦΛΛ.
2629 5219 2716 5278 Ζ¹.
2771 5252 2847 5264 -
2913 5221 3036 5299 Περὶ
3093 5224 3199 5276 τῶν
3260 5220 3363 5293 πρὸ
3398 5225 3493 5274 τοῦ
3551 5219 3895 5294 βαπτίμστος

512 5312 682 5380 cant,
716 5312 773 5367 et
799 5306 870 5368 de
897 5307 974 5368 iis
1015 5309 1144 5388 qui,
1178 5308 1323 5370 dum
1353 5308 1500 5388 ﬁdei
1532 5307 1736 5370 initiis
1769 5305 2127 5370 imbuuntur

2281 5309 2656 5386 μαρτανόντων
2684 5356 2699 5388 ,
2838 5310 2925 5364 καὶ
3073 5305 3502 5388 κατηχουμὶνων
3648 5331 3896 5386 παραπι-

515 5399 896 5475 impingunt.

892 5442 896 5454 .
2243 5399 2372 5454 πτόν
2384 5420 2507 5458 των.

595 5483 2156 5565 ConciliiNicmnicanon14;conciliiAncyranica-
2323 5485 2550 5544 Συνόδου
2610 5488 2830 5551 Nimia;
2919 5489 3097 5544 κανὼν
3180 5485 3276 5543 ιδ·
3340 5483 3560 5546 συνόδου
3624 5484 3896 5564 Ἀγκύρας

515 5595 634 5638 non
672 5576 770 5651 12;
804 5575 1044 5636 concilii
1077 5573 1584 5637 Neocmsariensis
1619 5595 1809 5637 canon
1839 5577 1915 5652 5;
1951 5576 2130 5638 Basili

2280 5578 2416 5634 ανὼν
2447 5577 2520 5653 ιβ’
2554 5593 2568 5606 ⁸
2603 5575 2819 5636 συνόδου
2851 5579 3261 5655 Νεονοιισαρείας
3299 5577 3474 5633 κανὼν
3506 5573 3575 5630 ε’⁶
3616 5576 3895 5632 Rustic-{ou

513 5684 708 5730 canon
733 5666 836 5741 ‘20;
868 5665 1189 5746 TheOphili
1221 5682 1291 5727 ex
1339 5665 1836 5742 Commonitorio,
1869 5685 2060 5729 canon
2085 5667 2125 5728 4

2277 5670 2413 5726 ανὼν
2459 5666 2536 5748 κ’,
2582 5667 2840 5749 Θεοφίλου
2871 5666 2930 5724 ἐκ
2962 5674 3055 5724 τοῦ
3096 5667 3537 5745 ’Υπομνηστικοῠ
3594 5668 3778 5722 κανὼν
3823 5663 3892 5722 δ’·
