3930 6218
163 359 290 428 105Ἱ

1093 351 1586 422 NOMOCANON.
1634 386 1709 400 -—
1769 347 1932 417 TIT.
1983 356 2086 432 1V,
2137 357 2301 422 CAP.
2349 353 2492 422 I-X.

3331 361 3480 431 1058

157 494 381 574 Κυρίλλου
408 493 466 549 ἐκ
503 497 608 547 τῶν
639 493 769 568 πρός
827 493 948 556 τοὺς
1007 492 1060 548 ἐν
1102 491 1271 568 Λιϐύη
1299 492 1386 546 καὶ
1417 487 1745 547 Πενταπόλει

1910 487 2034 549 ϊίΙΙὶ
2066 507 2138 550 ex
2169 491 2421 570 epistola
2462 492 2536 554 ad
2569 492 2790 555 Africa;
2823 501 2882 556 et
2933 493 3277 578 Pentapolis
3310 498 3476 578 epis-

155 585 439 647 ἒπισκόπους
465 579 765 638 ὲπιστολῶν
793 583 970 638 κανὼν
1003 581 1073 640 δ’.

224 673 476 747 Κείμενον,
521 661 584 726 Ἠ
620 670 670 727 α’
729 669 868 730 διάτ.
926 681 1019 730 τοῦ
1075 672 1147 748 ιβ’
1199 672 1303 733 τίτ,
1339 661 1513 730 1061'
1544 667 1754 745 βιϐλίου

155 770 232 819 τοῦ
273 761 518 835 Κώδικος,
552 759 677 818 ’Ὅτι
730 760 818 816 ἐὰν
852 759 1138 837 Ἰουδαῖος,
1171 783 1226 824 κ,
1261 784 1312 819 τ.
1343 760 1426 840 λ.,
1461 775 1650 837 usque
1681 756 1753 819 ad

155 854 505 931 εἰσκατηχιϊσθ
514 872 563 906 αι
579 891 593 908 .

222 940 454 1020 Σλόλιον,
519 934 581 995 Ἠ
643 937 694 994 α’
739 938 880 1001 διᾶτ.
929 950 1022 999 τοῦ
1065 941 1136 1016 ιβ’
1181 941 1283 998 τίτ.
1347 946 1438 996 τοῦ
1469 939 1519 994 α’
1551 936 1754 1015 βιϐλίου

149 1038 228 1087 τοῦ
269 1029 488 1093 mat-46¢
537 1029 648 1084 ἐστι
696 1050 818 1108 κεφ.
857 1027 944 1106 μδ⁹
978 1040 1070 1089 τοῦ
1098 1029 1149 1086 α’
1180 1030 1285 1089 τίτ.
1328 1037 1422 1086 τοῦ
1463 1029 1514 1085 α’
1555 1027 1758 1104 βιϐλίου

147 1123 236 1177 τῶν
286 1119 592 1194 Βασιλικῶν,
643 1119 780 1176 οὕτω
839 1118 997 1198 λέγον
1048 1121 1222 1181 καθὼς
1272 1122 1344 1183 εἷς
1395 1120 1456 1174 τὸ
1512 1120 1756 1193 κείμενον

146 1209 384 1276 ὶδηλώθη.
446 1200 508 1265 Ἠ
571 1208 608 1264 ι’
660 1207 802 1272 ὃιάτ,
836 1216 930 1266 τοῦ
963 1209 1035 1267 ια’
1081 1210 1186 1268 τίτ.
1219 1216 1312 1266 τοῦ
1344 1207 1397 1263 α’
1429 1206 1634 1284 βιϐλίου
1663 1213 1754 1262 τοῦ

146 1297 353 1362 Κώδικος
383 1302 473 1357 οὐκ
508 1298 663 1366 ἐτέθη
696 1301 768 1363 εἷς
799 1302 862 1356 τὰ
893 1299 1178 1358 Βασιλικά.
1211 1297 1276 1354 Ἠ
1313 1297 1496 1370 μέντοι
1529 1296 1580 1376 γ’
1611 1295 1752 1358 διάτ,

148 1391 230 1444 τοῦ
274 1386 321 1466 γ’
362 1390 460 1446 τίτ.
508 1394 616 1445 τῶν
678 1391 893 1467 Νεαρῶν
953 1389 1067 1445 ἐστι
1124 1390 1283 1464 νεαρὰ
1335 1387 1754 1448 ’[ουστινιάνειος

146 1476 267 1553 ρμδ’,
298 1479 510 1554 κειμένη
548 1479 602 1534 ἐν
633 1479 822 1555 βικλίῳ
853 1502 908 1552 α,
943 1486 1050 1536 τῶν
1082 1478 1387 1536 ’Βασιλίκῶν
1419 1477 1524 1539 τίτ,
1549 1475 1752 1556 α’,κεφ.

147 1567 239 1646 να’,
278 1570 606 1648 θεσπίζουσα,
646 1570 980 1648 Σαμαρείτας
1016 1567 1188 1645 μηδὲν
1238 1590 1288 1622 τι
1330 1565 1622 1641 λαμϐάνειν
1651 1565 1757 1621 ἀπὸ

148 1656 400 1730 διαθήκης,
431 1658 467 1726 ἢ
530 1658 584 1724 ἐξ
629 1657 929 1732 ἂδιαθέτου,
975 1659 1010 1726 ἢ
1056 1659 1116 1715 ἐκ
1157 1656 1382 1735 δωρεᾶς,
1413 1653 1550 1731 μηδὲ
1583 1653 1756 1710 διατί-

145 1749 306 1804 θεσθαι
351 1747 560 1827 αὖτοὺς,
595 1749 631 1816 ἢ
662 1746 947 1826 δωρεῖσθαι
974 1749 1292 1826 αἱρετικοϊς,
1330 1746 1520 1821 μόνους
1551 1742 1606 1800 δὲ
1635 1744 1756 1806 τοὺς

1834 595 2016 657 copos
2041 597 2237 641 canon
2269 581 2334 642 4.

1918 666 2164 731 Toxlus.
2200 670 2400 733 Const.
2437 691 2456 734 1
2509 672 2600 734 tit.
2665 673 2734 736 12
2768 673 2872 735 lib.
2911 693 2926 736 ι
2961 673 3106 736 Cod.
3143 675 3224 737 ait
3256 693 3268 736 :
3306 675 3477 748 Quod

1838 764 1979 835 etc.,
2014 775 2201 838 usque
2231 760 2310 822 ad
2339 761 2590 824 instituti
2622 765 2766 833 vult,
2800 770 2870 826 ut
2897 782 3045 844 pag.
3078 766 3219 829 619.

1919 938 2248 1000 Scholium.
2285 936 2484 1000 Const.
2532 947 2550 1000 1
2621 941 2710 1001 tit.
2748 943 2820 1003 12
2855 941 2958 1005 lib.
2995 960 3012 1004 ι
3043 943 3188 1005 Cod.
3225 954 3316 1006 est
3343 964 3476 1026 cap.

1840 1027 1919 1088 44
1950 1028 2037 1087 tit.
2071 1034 2094 1088 t
2143 1027 2250 1093 lib.
2284 1047 2304 1092 ι
2346 1029 2552 1092 BasiL.
2607 1031 2764 1110 quod
2815 1031 2898 1094 ita
2930 1031 3100 1106 dicit,
3135 1042 3198 1096 ut
3223 1033 3284 1096 in
3317 1043 3478 1098 textu

1841 1116 2208 1179 declaratum
2243 1125 2354 1181 est.
2389 1118 2592 1182 Const.
2634 1122 2708 1184 10
2743 1122 2833 1182 tit.
2869 1123 2936 1184 ll
2976 1122 3082 1183 lib.
3115 1139 3137 1184 ι
3177 1124 3322 1188 Cod.
3358 1142 3481 1188 non

1841 1217 1931 1266 est
1959 1206 2152 1284 posita
2185 1208 2244 1268 in
2273 1206 2456 1271 Basil.
2493 1211 2717 1271 Verum
2752 1218 2944 1274 const.
2980 1214 3014 1275 3
3059 1212 3148 1273 tit.
3189 1215 3227 1276 3
3255 1212 3479 1276 Novel-

1839 1294 2027 1355 larum
2083 1304 2174 1357 est
2222 1298 2458 1360 novella
2518 1299 2838 1361 Justiniani
2896 1301 3033 1376 144,
3093 1301 3280 1383 [quae]
3321 1303 3480 1368 lib.1

1840 1384 2046 1458 Basil.,
2083 1385 2174 1448 tit.
2215 1393 2267 1460 1,
2303 1405 2433 1468 cap.
2469 1388 2571 1463 5i,
2607 1389 2802 1468 posita
2835 1389 2978 1469 [est,
3011 1390 3100 1472 ac]
3129 1392 3360 1455 sancit:
3395 1392 3482 1455 Ne

1839 1472 2198 1536 Samaritani
2231 1494 2302 1537 ex
2331 1484 2710 1559 testamento,
2768 1486 2869 1541 aut
2921 1479 2996 1541 ab
3044 1481 3348 1557 intestato,
3381 1492 3483 1545 aut

1840 1581 1950 1641 per
1979 1563 2359 1628 donationem
2392 1569 2719 1649 quidquam
2753 1569 3011 1649 capiant,
3052 1589 3250 1649 neque
3282 1572 3479 1636 haere—

1842 1653 1975 1715 ticis
2005 1663 2363 1720 testamento
2397 1659 2769 1738 [quidquam]
2825 1660 3203 1740 perscribant
3232 1672 3336 1724 aut
3366 1663 3478 1726 do-

1841 1753 2007 1808 nent.
2069 1745 2426 1809 Samaritani
2477 1755 2675 1810 tamen
2713 1749 2926 1812 rustici
2989 1749 3184 1827 [etilli
3215 1751 3478 1832 quidem]

146 1839 381 1914 γεωργοὺς
437 1839 776 1917 Σαμαρείτας
836 1837 1199 1918 κληρονομεῖν
1245 1839 1338 1892 καί
1371 1835 1423 1900 ἐξ
1454 1833 1748 1913 ὰδιαθὲτου,

1910 1833 1970 1906 li,
2005 1843 2062 1896 et
2084 1835 2158 1896 ab
2186 1836 2464 1899 intestato
2493 1846 2551 1900 et
2585 1856 2654 1900 ex
2686 1847 3045 1901 testamento
3076 1839 3192 1902 sibi
3222 1841 3482 1906 invicem

143 1929 219 1981 καὶ
256 1926 309 1982 ὲκ
349 1925 608 1998 διαθήκης
665 1927 926 1994 ἀλλήλοις
963 1943 976 1958 ⁸
1035 1927 1173 1984 ἀλλὰ
1204 1924 1342 2000 μηδὲ
1374 1925 1607 2002 γίνεσθαί
1637 1945 1755 1979 τινα

144 2016 195 2070 ὲκ
229 2017 413 2073 τούτων
458 2018 826 2096 στρατιώτην,
873 2019 909 2086 ἢ
945 2017 1262 2096 συνήγορον,
1292 2015 1328 2083 ἢ
1358 2014 1540 2091 ἕτερον
1571 2036 1619 2070 τι
1651 2016 1756 2093 δερ-

143 2106 299 2184 φίκιον
347 2108 533 2170 αὐτοὺς
594 2107 1005 2186 ἐγχειρίζεσθαι·
1065 2109 1428 2184 κατηχελσθαι
1481 2102 1534 2159 δὲ
1568 2104 1756 2167 αὐτοὺς

144 2194 215 2250 ἐπὶ
255 2195 458 2270 διετίαν,
536 2195 818 2261 δεκτικοὺς
889 2198 1044 2260 ὄντας
1075 2201 1175 2264 τῆς
1236 2193 1622 2274 καττίχῆσεως,
1679 2192 1756 2249 ἔτι

143 2284 224 2357 μὲν
275 2286 662 2365 ἐλενδθεροῦσθαι
735 2289 823 2343 καὶ
894 2289 1014 2353 τοὺς
1056 2284 1180 2363 παρ’
1239 2284 1412 2341 αὖτῶν
1455 2283 1756 2358 ἐξωνουμέ-

145 2395 247 2437 νους
289 2375 494 2441 δούλους
530 2377 883 2454 Χριστιανοὺς
930 2377 1112 2442 ὄντας.

214 2471 446 2526 ΚΕΦΑΛ.
506 2465 608 2524 H'.
683 2499 762 2511 -υ
845 2468 972 2542 Περὶ
1027 2467 1336 2524 ἐπισκόπων
1393 2464 1428 2532 ἢ
1486 2463 1756 2542 κληρικῶν

142 2552 418 2633 δεχομένων
444 2557 733 2633 βάπτισμα
764 2558 1066 2634 αἱρετικῶν.

210 2643 540 2703 ’Λποστόλων
591 2647 767 2702 κανὼν
799 2644 942 2722 pg".

209 2743 440 2801 ΚΕΦΑΛ,
479 2738 570 2800 Θ’.
607 2771 684 2783 -
710 2739 836 2817 Περὶ
865 2739 972 2794 τῶν
1001 2740 1056 2793 ὲν
1088 2737 1229 2812 νόσῳ
1259 2735 1690 2813 βαπτιζομένων.

209 2826 420 2883 Συνόδου
471 2829 898 2904 Νεοκαισαρείας
945 2828 1121 2884 κανών
1167 2825 1236 2902 ιβ’
1273 2845 1286 2858 °
1349 2825 1568 2884 συνόδου
1615 2830 1755 2881 A10-

141 2913 311 2980 δικιίας
339 2919 512 2974 κανὼν
548 2916 643 2993 μζ⁹
680 2937 694 2954 ·
729 2915 948 2975 συνόδου
981 2915 1353 2995 Καρθαγέννης
1399 2915 1576 2972 κανὼν
1615 2913 1701 2990 με’
1739 2933 1753 2948 ’

142 3005 369 3081 Τιμοθέου
399 3009 581 3065 κανὼν
614 3005 684 3070 δ’,

208 3105 438 3159 ΚΕΦΑΛ.
473 3097 548 3158 l’.
586 3129 664 3144 —--
699 3098 822 3175 Περὶ
849 3097 1040 3176 ἐγκύου
1069 3094 1493 3174 βαπτιζομένης.

206 3185 412 3246 Συνόδου
452 3188 874 3266 Νεοκαισαρείας
907 3187 1081 3244 κανὼν
1111 3187 1173 3260 ς·
1177 3187 1214 3245 ’.

206 3280 469 3350 Κείμενον.
516 3277 713 3336 Καίτοι
758 3276 812 3333 ἐν
855 3283 924 3353 τῇ
977 3275 1032 3333 α’
1078 3274 1218 3337 διάτ.
1265 3275 1359 3332 τοῦ
1402 3273 1444 3331 δ’
1503 3277 1606 3335 τίτ.
1664 3285 1756 3334 τοῦ

137 3368 203 3424 κε’
253 3366 450 3444 βιϐλίου
494 3375 610 3425 τῶν
657 3366 966 3433 Διατάξεων
999 3389 1154 3446 φησι,
1220 3368 1281 3422 τὸ
1336 3366 1756 3446 κυοφορούμενον

135 3460 257 3516 εἶναι
296 3458 452 3534 μέρος
496 3462 606 3524 τῆς
649 3458 864 3537 ἐγκύου,
912 3458 969 3512 ἓν
1013 3455 1068 3512 δὲ
1111 3462 1181 3532 τῇ
1256 3453 1291 3511 ι’
1351 3455 1495 3516 διατ.
1565 3463 1659 3511 τοῦ
1702 3454 1754 3532 γ’

135 3550 221 3612 τίτ,
259 3549 343 3605 τοῦ
384 3547 479 3624 μα’
527 3545 762 3625 βιϐλίου,
811 3549 898 3602 καὶ
943 3543 1148 3622 βιϐλίου
1196 3545 1266 3620 ν’,
1298 3548 1403 3604 τίτ.
1452 3543 1577 3619 ις’,
1611 3542 1751 3609 διάτ,

133 3638 248 3713 κζ’,
290 3639 368 3696 ὅτι
410 3637 845 3718 κυοφορούμενον
876 3636 973 3693 οὒκ
999 3636 1110 3693 ἔσει
1164 3637 1323 3715 μέρος
1377 3639 1473 3704 τῆς
1520 3637 1750 3715 9⁵⁷³1³9ὸῆ

133 3731 207 3785 καὶ
247 3727 376 3785 ἄλλα
417 3727 473 3784 δὲ
507 3727 737 3805 διαφορᾶ
783 3727 986 3802 νόμιμα
1049 3730 1176 3804 περὶ
1228 3727 1420 3783 τούτου
1451 3726 1752 3802 συνήγαγον

135 3818 179 3871 ἓν
213 3827 282 3894 τῷ
311 3819 563 3900 γραφέντι
593 3838 684 3892 μοι
715 3819 835 3895 περὶ
864 3817 1277 3896 ἐναντιοφανιῶν
1311 3816 1450 3892 μόνῃ
1480 3812 1668 3891 βίϐλῳ,

200 3910 443 3988 Σχόλιον.
489 3911 568 3966 Τὸ
617 3903 669 3961 α’
729 3903 870 3968 διάτ,
916 3912 1010 3964 τοῦ
1068 3904 1114 3960 δ’
1146 3907 1253 3967 τίτ,
1299 3913 1391 3962 τοῦ
1433 3901 1512 3960 κε’
1544 3901 1750 3980 βιϐλίου

133 3996 222 4053 τῶν
264 3998 475 4064 Διατάξ,
531 3997 650 4053 ’ἐστι
688 3995 824 4070 θέμα
879 3995 931 4071 β’
976 4001 1070 4052 τοῦ
1129 3993 1182 4051 α’
1243 4017 1365 4075 κεφ,
1411 4000 1503 4051 τοῦ
1538 3992 1587 4065 ζ’
1643 3994 1747 4056 τίτ,

131 4097 210 4145 τοῦ
232 4086 310 4144 λα’
351 4087 590 4164 βιϐλίο),
622 4086 788 4150 οὕτως
819 4084 972 4166 ἕχον,
1010 4087 1080 4143 Τὸ
1111 4084 1600 4164 ἐγκυομονυύμενον
1632 4084 1750 4160 πρὶν

133 4173 161 4240 ἦ
183 4181 336 4257 τεχθῇ
375 4177 539 4256 μέρος
587 4174 708 4232 ἐστί
738 4179 837 4240 τῆς
870 4179 1061 4252 γυνῆς,
1105 4176 1194 4230 καὶ
1225 4173 1310 4230 διὰ
1339 4183 1518 4254 τοῦτο,
1555 4171 1656 4236 ἕως
1689 4172 1752 4226 ἃν

132 4269 280 4344 τεχθῇ
319 4269 539 4346 ἁρμόζει
573 4269 652 4338 τῷ
695 4265 852 4341 πατρὶ
904 4264 965 4319 τὸ
995 4265 1112 4340 περὶ
1139 4261 1342 4321 παίδων
1373 4261 1570 4340 δόγμα.
1608 4262 1678 4320 Τὸ
1713 4261 1748 4317 ι’

131 4349 342 4413 διᾶτ.τοῦ
371 4354 421 4433 γ’
443 4357 655 4414 τίτ.τοῦ
675 4353 768 4430 μα’
785 4351 992 4430 βιϐλίου
1013 4359 1120 4410 τῶν
1149 4351 1449 4418 Διατάξεών
1478 4350 1588 4408 ἐστι
1614 4350 1749 4425 θὲμα

129 4439 172 4517 γ’
197 4454 280 4504 τοῦ
309 4443 344 4501 ι’
376 4467 532 4523 κεφ..
564 4450 660 4500 τοῦ
697 4443 753 4518 μ’
787 4441 991 4520 βιϐλίου
1019 4448 1125 4498 τῶν
1156 4441 1456 4499 Βασιλικῶν
1489 4439 1626 4497 οὕτω
1653 4439 1748 4496 λέ-

129 4553 209 4606 γον
239 4551 252 4567 ·
295 4537 365 4591 Τὸ
422 4534 622 4614 τεχθὲν
680 4532 787 4589 ἀπὸ
842 4533 967 4608 βοὸς
1027 4532 1062 4600 ἢ
1105 4529 1297 4598 δούλης
1341 4530 1627 4606 κλεψίμου,
1661 4532 1749 4587 καὶ

1839 1923 2114 1985 basredes
2143 1924 2286 1990 sint.
2319 1925 2404 1988 Ne
2461 1927 2654 2008 [item]
2705 1928 2923 1994 horum
2973 1930 3276 2010 quiSpiam
3309 1933 3484 1997 miles

1839 2021 2200 2092 patronusve
2232 2033 2546 2078 causarum
2580 2018 2700 2089 ﬁat,
2747 2027 2847 2081 aut
2877 2019 3036 2081 aliud
3073 2019 3318 2102 aliquod
3348 2023 3484 2084 oili-

1841 2102 1998 2164 cium
2022 2113 2309 2169 assumat.
2345 2105 2442 2186 [Ut
2473 2107 2753 2186 denique]
2785 2108 2886 2188 qui
2918 2108 3279 2172 eruditionis
3308 2131 3482 2192 capa-

1841 2209 1940 2254 ces
1965 2202 2126 2269 sunt,
2160 2213 2269 2275 per
2327 2195 2635 2258 biennium
2686 2197 2748 2258 in
2803 2197 2918 2259 [ide
2948 2197 3341 2262 instituantur
3373 2221 3388 2261 :
3425 2210 3485 2262 et

1840 2280 2092 2362 insuper
2118 2301 2269 2362 quos
2323 2286 2700 2348 Christianos
2732 2303 2938 2348 servos
2993 2287 3274 2364 emerint,
3308 2288 3484 2360 liberi

1841 2369 2010 2431 ﬁant.

1919 2453 2088 2515 CAP.
2122 2451 2278 2515 VIII.
2310 2487 2390 2499 —
2419 2454 2513 2517 De
2544 2456 2835 2536 episcopis
2865 2463 2920 2520 et
2937 2457 3199 2533 clericis,
3225 2461 3334 2538 qui
3362 2461 3485 2522 hae-

1840 2543 2166 2605 reticorum
2199 2544 2558 2624 baptismum
2587 2546 2949 2625 suscipiunt.

1917 2630 2338 2711 Apostolorum
2371 2652 2566 2696 canon
2597 2635 2701 2699 46.

1921 2719 2085 2786 CAP.
2119 2724 2223 2786 IX.
2257 2757 2334 2768 —
2360 2725 2440 2786 De
2469 2725 2552 2787 tis
2582 2724 2691 2804 qui
2720 2727 2786 2787 in
2817 2727 3029 2789 morbo
3059 2727 3481 2808 baptizaretur.

1921 2809 2169 2873 Concilii
2245 2811 2752 2877 Neocaesariensis
2811 2834 3001 2878 canon
3061 2816 3178 2895 12;
3242 2821 3486 2884 concilii

1841 2898 2165 2965 Laodiceni
2199 2920 2391 2966 canon
2419 2905 2535 2980 47;
2588 2905 2834 2967 concilii
2861 2903 3346 2985 Carthaginensis
3377 2927 3480 2973 ca-

1841 3009 1961 3052 non
1995 2992 2113 3074 45;
2147 2990 2448 3057 Timothei
2477 3011 2671 3055 canon
2702 2994 2765 3056 4.

1920 3081 2086 3146 CAP.
2119 3080 2190 3143 X.
2225 3118 2298 3128 -—
2330 3085 2416 3147 De
2443 3092 2805 3164 praegnante
2835 3085 3220 3166 baptizando.

1773 3209 1816 3261 ε
1919 3171 2173 3234 Concilii
2203 3171 2706 3236 Neocaesariensis
2737 3193 2928 3237 canon
2959 3176 3019 3238 6.

1927 3263 2172 3326 Tactus.
2213 3263 2560 3344 Quanquam
2593 3265 2653 3326 in
2707 3264 2940 3342 digesto
2973 3270 2996 3327 l
3039 3269 3128 3332 tit.
3164 3272 3200 3330 4
3231 3269 3338 3332 lib.
3371 3289 3480 3334 xxv

1838 3353 1970 3432 Dig.
2001 3353 2236 3415 dicatur
2265 3361 2497 3434 partum
2530 3373 2667 3416 esse
2699 3357 3032 3434 portionem
3067 3362 3474 3439 prtegnantis:

1841 3443 1902 3505 in
1932 3444 2160 3522 digesto
2195 3451 2396 3506 tamen
2448 3445 2524 3508 lO
2579 3445 2669 3506 tit.
2702 3445 2741 3507 3
2772 3444 2878 3508 lib.
2911 3463 3034 3522 ιιι,
3067 3457 3124 3509 et
3155 3449 3259 3511 lib.
3294 3470 3348 3526 L,
3383 3455 3473 3516 tit.

1844 3536 1939 3608 l6,
1974 3534 2188 3613 digest.
2218 3534 2316 3610 ‘26,
2353 3534 2510 3614 quod
2573 3542 2775 3614 partus
2827 3553 2964 3613 pars
2995 3538 3201 3598 matris
3227 3558 3346 3601 non
3375 3541 3474 3604 sit.

1842 3623 2060 3686 Verum
2091 3623 2268 3685 etiam
2323 3623 2437 3686 alia
2486 3625 2600 3685 hac
2631 3622 2707 3685 de
2740 3621 2846 3706 [re]
2878 3625 3114 3688 diversa
3136 3628 3275 3706 jura
3303 3630 3364 3689 in
3397 3629 3476 3690 li-

1839 3711 1947 3774 bro
1976 3731 2135 3788 meo,
2169 3711 2308 3775 dein
2341 3713 2605 3793 speciem
2639 3713 2978 3791 contrariis,
3012 3715 3298 3795 singulari
3343 3718 3475 3782 col-

1835 3802 1978 3882 legi.

1915 3890 2520 3972 Scholium.Digest.l
2555 3891 2689 3956 tit.4
2713 3891 2938 3956 lib.xxv
2959 3895 3190 3973 Dig.est
3213 3896 3415 3959 thema
3435 3898 3472 3959 2

1835 4001 1969 4063 cap.
1998 3983 2021 4043 1
2055 3981 2146 4042 tit.
2170 3983 2205 4045 7
2230 3981 2338 4043 lib.
2373 3999 2536 4063 xxxr,
2570 3983 2727 4063 quod
2753 3983 2840 4044 sic
2864 3983 3068 4046 habet:
3096 3988 3307 4047 Partus
3334 3999 3472 4051 ante

1835 4091 2011 4152 quam
2041 4071 2554 4147 edatur,mulieris
2580 4072 2771 4153 portio
2791 4075 3344 4155 est.Atqueidcirco
3363 4077 3475 4140 do-

1836 4182 1946 4225 nec
1969 4162 2163 4226 editus
2186 4167 2284 4238 sit,
2323 4183 2440 4225 non
2489 4164 2771 4245 competit
2804 4163 3029 4244 patris.
3057 4185 3111 4228 c.
3145 4166 3229 4228 De
3261 4167 3474 4232 liberis

1836 4252 2312 4334 [agnoscendis.]
2341 4253 2558 4333 Dig.10
2581 4254 2716 4319 tit.3
2734 4253 2947 4319 lib.xu
2969 4255 3197 4336 Dig.est
3215 4258 3417 4321 thema
3435 4262 3473 4321 3

1834 4363 1964 4426 cap.
2003 4344 2200 4407 lOlib.
2226 4362 2303 4408 x1.
2325 4344 2686 4425 Basil.quod
2710 4351 2796 4406 sic
2815 4345 2963 4408 dicit
2996 4365 3009 4406 :
3037 4345 3273 4410 Partum
3306 4347 3473 4411 bovis

1834 4443 1932 4496 aut
1953 4434 2188 4496 ancillae
2208 4434 2436 4496 furtivae
2458 4443 2515 4496 et
2538 4435 2688 4496 furis
2705 4435 2899 4498 hteres
2921 4446 2979 4498 et
3006 4435 3180 4500 bonae
3197 4439 3337 4502 ﬁdei
3353 4458 3475 4502 em-

1835 4533 1969 4606 ptor
1994 4525 2274 4585 diuturna
2316 4525 2698 4606 possessione
2738 4527 3034 4607 usucapit.
3067 4526 3278 4591 Partus
3309 4529 3471 4590 enim

128 4619 461 4699 κληρονομίας
522 4630 619 4680 τοῦ
674 4621 930 4697 κλεπτου,
1004 4623 1093 4678 καὶ
1177 4621 1482 4700 ἀγοραστὴς
1542 4621 1748 4698 ἀγνοῶν

1910 4617 1963 4692 ti]
1988 4614 2216 4676 furtivas
2240 4632 2375 4695 pars
2399 4634 2514 4676 non
2541 4615 2792 4694 est.Dig.
2819 4617 2896 4678 96
2922 4617 3097 4682 tit.16
3127 4617 3236 4679 lib.
3270 4635 3306 4680 L
3341 4620 3468 4696 Dig.

129 4705 197 4764 tta
245 4714 456 4793 χρονίας
503 4713 679 4787 νομῆς
736 4713 991 4783 θεσπίζει,
1031 4714 1102 4769 Τὸ
1141 4711 1241 4790 γὰρ
1272 4712 1464 4791 τεχθὲν
1499 4709 1594 4768 οὒκ
1638 4709 1748 4767 ἔστι

125 4798 262 4879 μέρος
292 4803 382 4861 τοῦ
414 4803 766 4878 κλεψιμαίου,
803 4804 873 4860 Τὸ
904 4801 1017 4876 κς”
1049 4800 1190 4862 διάτ.
1231 4809 1324 4858 τοῦ
1356 4800 1453 4874 ις’
1497 4801 1606 4861 τίτ.
1654 4807 1748 4857 τοῦ

126 4887 162 4939 ν’
187 4891 378 4966 βιϐλίου
431 4900 544 4951 τῶν
593 4905 750 4954 Διατ.
796 4892 908 4948 ἔστι
955 4913 1076 4972 κεφ,
1115 4891 1227 4966 κζ’
1283 4899 1377 4949 τοῦ
1423 4889 1476 4967 β’
1519 4891 1622 4953 τίτ.
1655 4890 1746 4947 τοῦ

123 4976 164 5053 β’
200 4981 419 5061 βιϐλίου,
475 4990 588 5041 τῶν
635 4982 934 5041 Βασιλικῶν
979 4982 1146 5049 οὕτως
1193 4983 1322 5064 ἔχον
1359 4997 1373 5011 ⁸
1425 4973 1481 5040 Ὀ
1526 4983 1745 5046 τοκετὸς

123 5068 422 5149 κλεψιμαίας
482 5073 681 5140 δούλης
740 5075 834 5131 οὒκ
894 5072 1003 5129 ἔστι
1076 5071 1236 5152 μέρος
1279 5075 1467 5138 αὐτῆς.
1534 5071 1744 5129 Τούτων

128 5159 268 5229 οὕτως
296 5163 543 5244 ἑχόντων
591 5163 845 5242 ἰρωτήςει
889 5185 996 5239 τις,
1028 5163 1168 5226 τίνος
1215 5163 1384 5243 χάριν
1426 5167 1521 5217 τοῦ
1552 5160 1591 5217 ι’
1619 5182 1743 5240 καφ.

125 5258 201 5306 τοῦ
226 5255 486 5332 παρόντος
539 5261 908 5331 συντάγματος
963 5255 1090 5331 περ).
1125 5252 1314 5330 ἐγκύου
1342 5251 1746 5329 βαπτιζομένης

125 5333 464 5424 διδάσκοντος,
502 5344 748 5418 ἐμνήσθη
780 5344 1121 5424 πατριάρχης
1174 5343 1280 5399 τεὸν
1325 5341 1593 5418 ῥηθέντών
1621 5362 1743 5420 κεφ,

125 5428 185 5491 ὼς
221 5430 516 5491 δοκούντων
561 5436 976 5513 ἔναντιοφανῶν.
1011 5431 1335 5514 Ἀμφιϐολία
1385 5432 1451 5500 ἧν
1495 5432 1614 5511 περὶ
1654 5437 1748 5489 τοῦ

126 5519 159 5570 εἰ
209 5527 310 5600 χρὴ
361 5525 464 5591 τὴν
526 5524 890 5602 κε)οφοροῦσαν
947 5525 1317 5602 βαπτίζεσθαι.
1401 5522 1586 5600 ἔλεγον
1647 5523 1746 5600 γάρ

125 5628 242 5673 τινες
271 5615 340 5677 ὡς
372 5615 492 5671 ἐπεὶ
524 5616 590 5670 τὸ
643 5616 1070 5695 κυοφορούμενον
1123 5628 1239 5678 τοῖς
1272 5627 1546 5692 μετρικοϊς
1578 5613 1742 5690 ἐγκά-

122 5717 217 5766 τοις
268 5705 638 5784 κρυπτόμενον
698 5707 1001 5777 συνήνωται
1061 5706 1130 5784 τῇ
1216 5706 1380 5785 μητρὶ
1436 5702 1614 5762 διόλου
1670 5706 1746 5769 ὡς

1836 4713 1924 4767 est
1948 4705 2163 4785 cap.96
2191 4704 2311 4767 tit.l
2345 4704 2451 4768 lib.
2487 4722 2529 4766 ιι
2553 4705 2898 4786 Basil,quod
2924 4708 3010 4768 sic
3033 4707 3234 4768 habet:
3261 4707 3472 4768 Partus

1832 4795 2066 4858 ancilla)
2121 4795 2352 4856 furtivze
2386 4796 2574 4875 ipsius
2607 4814 2741 4875 pars
2772 4814 2891 4857 non
2925 4804 3038 4858 est.
3073 4797 3209 4858 Haec
3239 4795 3470 4877 [igitur]

1831 4905 1968 4948 cum
2023 4886 2103 4947 ita
2157 4884 2350 4965 [sese]
2410 4885 2690 4961 habeant,
2753 4893 2978 4966 quaret
3032 4885 3325 4966 [fortasse]
3359 4885 3470 4946 ali-

1833 4977 1992 5057 quis,
2050 4993 2187 5037 cum
2247 4976 2318 5038 10
2369 4994 2502 5056 cap.
2557 4975 2870 5055 praesentis
2903 4981 3189 5036 tractatus
3217 4973 3292 5036 de
3323 4992 3472 5055 prae-

1829 5076 2046 5146 gnante
2103 5065 2457 5146 baptizanda
2514 5064 2748 5137 doceat,
2810 5083 2926 5144 qua
2984 5064 3060 5126 de
3116 5082 3298 5150 causa
3356 5084 3468 5146 pa-

1832 5155 2096 5219 triarcha
2123 5155 2418 5217 dictorum
2453 5173 2587 5234 cap.
2623 5161 2906 5231 tanquam
2937 5154 2996 5215 in
3020 5155 3288 5236 speciem
3318 5174 3469 5218 con—

1831 5248 2012 5308 traria
2043 5262 2177 5308 esse
2214 5244 2560 5314 videantur.
2615 5244 2984 5306 mentionem
3041 5245 3296 5308 fecerit?
3341 5245 3468 5308 Du-

1831 5335 1994 5399 bium
2075 5334 2446 5413 [aliquando]
2520 5332 2653 5409 fuit,
2731 5351 2807 5396 an
2863 5343 3268 5414 praegnantem
3319 5334 3467 5417 bap-

1831 5428 1999 5488 tizari
2079 5431 2402 5503 oporteret.
2484 5424 2810 5506 [Fuerunt]
2849 5433 2858 5436 ’λ
2893 5425 3054 5487 enim
3136 5425 3238 5505 qui
3299 5426 3466 5489 dice-

1830 5523 1994 5590 rent,
2029 5513 2311 5595 quoniam
2367 5513 2543 5576 fcetus
2607 5513 2728 5594 [in]
2789 5517 3078 5578 maternis
3139 5515 3474 5578 visceribus

1829 5605 2239 5679 absconditus,
2297 5606 2491 5677 matri,
2553 5614 2833 5686 tanquam
2878 5607 3123 5667 omnino
3183 5625 3318 5686 pars
3375 5607 3467 5684 ip-

1831 5701 1985 5780 sius,
2018 5698 2292 5762 counitus
2321 5702 2411 5759 est
2445 5713 2458 5760 :
2497 5713 2618 5759 non
2650 5713 2824 5778 posse
2879 5694 3092 5780 [ipsum
3127 5696 3272 5777 una]
3330 5712 3464 5758 cum
