4090 6204
517 314 670 384 1059
1698 316 1967 385 PHOTII
2010 321 2094 383 PA

2242 317 2528 382 TARCH/E
2567 316 2683 381 (ΞΡ.
3738 317 3899 387 1060

508 454 615 517 illa
641 454 994 528 illuminari,
1029 454 1167 517 ideo
1199 453 1355 535 quod
1393 453 1662 515 nondum
1693 454 1755 516 in
1787 455 1982 517 lucem
2009 472 2094 535 pri

2242 455 2398 532 μέρος
2441 455 2633 535 «hac,
2692 457 2780 511 καὶ
2838 460 2899 515 οὗ
2957 456 3176 514 δύναται
3223 458 3315 514 σὺν
3360 458 3431 529 τῇ
3497 458 3665 535 μητρὶ
3716 479 3896 537 φωτι-

511 545 922 626 dierit,neque
943 544 1015 605 ad
1040 543 1490 606 assentiendum
1525 552 1907 606 sacrosancto
1930 544 2091 626 bapti

2242 548 2422 611 σθῆναι
2478 543 2565 600 διὰ
2605 548 2667 601 τὸ
2710 545 2906 622 μηκέτι
2957 547 3031 611 εἰς
3061 549 3175 626 φῶς
3208 550 3413 625 ὶΑθεῖν,
3451 545 3596 622 μηδὲ
3628 549 3897 625 προαίρε-

512 637 654 696 mati
673 635 1036 697 voluntatem
1057 635 1273 696 habeat
1299 652 1312 697 :
1335 651 1447 697 uec
1474 633 1726 714 [ipsam]
1749 642 2088 715 praegnante

2242 654 2317 688 σιν
2347 633 2497 711 ἔχειν
2523 640 2622 700 τῆς
2654 632 2944 713 ὁμολογίας
2995 643 3091 693 τοῦ
3139 637 3279 693 θείου
3321 636 3728 713 βαπτίσματος,
3775 635 3894 692 οἰνδὲ

507 723 731 785 debere
763 725 1075 805 baptizari,
1110 725 1215 787 sed
1250 732 1603 804 exspectare
1633 722 1965 806 [oportere]
1999 725 2094 786 fetu

2242 724 2710 800 ἧὲγκυομονοῦσα
2768 722 2969 803 ὀφείλει
3032 726 3407 805 βαπτίζεσθαι,
3469 724 3611 782 ἄλλα
3657 725 3895 802 περιμέ-

506 813 569 875 in
600 812 796 875 lucem
830 814 1185 891 editionem,
1214 824 1372 877 utne
1396 813 1558 875 aliud
1591 814 1781 893 ipsius
1813 814 2085 895 membra

2242 833 2342 867 mv
2395 813 2496 879 τὴν
2548 813 2622 877 εἷς
2680 813 2742 868 τὸ
2793 818 2905 891 φῶς
2964 817 3061 871 τοῦ
3120 815 3554 895 κυοφορουμένου
3597 813 3893 887 ἑξέλευσιν,

508 900 861 984 baptizetur,
895 904 1059 966 aliud
1122 922 1239 965 non
1298 902 1703 965 illuminatum
1756 910 2017 965 maneat.
2051 904 2094 965 E

2242 901 2325 957 ἶνα
2353 903 2432 977 μὴ
2460 902 2522 957 τὸ
2555 901 2652 977 μὲν
2683 901 2745 956 ἐκ
2775 906 2954 981 μερῶν
2981 906 3148 971 αὐτῆς
3178 906 3475 985 βαπτισθῇ,
3508 907 3570 960 τὸ
3619 902 3681 959 δὲ
3734 906 3898 979 μείνῃ

506 991 666 1072 quod
696 992 748 1054 si
800 993 955 1055 fetus
1019 995 1184 1075 mna]
1244 1011 1381 1054 cum
1416 999 1757 1072 praegnante
1787 992 2094 1074 baptizatu

2242 990 2561 1070 Ξιφώτιστον,
2592 993 2685 1046 καί
2718 990 2802 1048 ὅτι
2861 992 2925 1048 ἂν
2969 994 3063 1049 σὺν
3105 995 3175 1070 τῇ
3217 994 3633 1073 ἐγκυομονούση
3666 994 3732 1049 τὸ
3764 1016 3898 1050 κυο-

507 1092 822 1162 postquam
847 1082 908 1144 in
939 1082 1137 1144 lucem
1170 1081 1853 1163 prodierit,baptizetur,
1886 1082 2094 1143 inveni.

2242 1080 2557 1159 ρορούμενον
2586 1081 2857 1157 βαπτισθῇ
2888 1083 3027 1156 μετὰ
3083 1085 3145 1139 τὸ
3186 1085 3260 1150 εἷς
3312 1085 3427 1163 φῶς
3482 1082 3754 1156 ἐξελθεῖν,
3807 1081 3901 1137 ἐὰν

506 1178 603 1231 tur
628 1171 722 1233 bis
750 1173 931 1249 [esse]
971 1171 1327 1252 baptizatus,
1375 1170 1534 1251 quod
1569 1170 1707 1251 [est]
1738 1170 2028 1234 insolens.
2063 1170 2094 1231 Α

2242 1170 2569 1242 Ξαπτισθείη,
2620 1171 2853 1248 εὑρεθειη
2885 1170 2942 1226 δὲ
2971 1172 3370 1248 βαπτιζόμενον
3403 1192 3421 1210 ⁸
3473 1172 3609 1250 ὅπερ
3662 1171 3897 1250 ἄτοπον,

505 1259 738 1324 idcirco
759 1260 1251 1324 Neocaasariense
1273 1261 1594 1322 concilium
1618 1260 1680 1321 in
1704 1260 1742 1323 6
1771 1278 2002 1322 canone
2032 1279 2094 1321 so

2242 1262 2319 1315 ιιαὶ
2352 1262 2382 1328 ἡ
2427 1259 2482 1314 ἐν
2526 1260 2911 1337 Νεοκαισαρείᾳ
2956 1260 3173 1327 σύνοδος
3222 1263 3379 1319 ἔλυσε
3410 1263 3465 1320 ἐν
3495 1262 3577 1336 ς’
3609 1269 3808 1318 κανόνι
3836 1263 3901 1317 τὸ

506 1349 588 1410 vit
617 1349 1091 1431 ambiguitatem,
1119 1352 1206 1413 ita
1222 1350 1296 1414 de
1321 1358 1662 1431 prmgnante
1684 1350 2094 1423 constituens,i

2242 1345 2550 1428 ὶμφίϐολον,
2585 1347 2723 1405 οὕτω
2772 1346 3122 1426 διορισαμὲνη
3167 1352 3295 1429 περί
3347 1352 3752 1432 κυοφορούσης,
3813 1351 3899 1406 ὅτι

506 1439 745 1520 quando
800 1440 965 1521 velit,
1002 1438 1218 1523 [illam]
1250 1440 1581 1502 illuminari
1613 1448 1905 1519 oporteat.
1938 1440 2094 1520 Neqt

2242 1435 2316 1494 Ξεῖ
2372 1438 2687 1517 φωτίζεσθαι
2745 1439 2909 1497 ὁπότε
2952 1440 3229 1518 βούλεται,
3264 1440 3413 1501 οὒδὶν
3463 1443 3567 1520 γὰρ
3611 1440 3670 1497 ἐν
3720 1442 3899 1513 τούτῴ

507 1529 667 1591 enim
700 1530 819 1593 hac
845 1530 907 1592 in
951 1548 1017 1593 re
1050 1549 1367 1612 praegnans
1396 1549 1530 1592 eum
1567 1538 1736 1611 partu
1767 1529 2094 1591 communit

2242 1540 2486 1584 κοινωνεῖ
2527 1530 2562 1596 ἡ
2617 1529 2872 1586 τίκτουσα
2915 1537 2993 1604 τῷ
3036 1532 3339 1608 τικτομένῳ
3387 1530 3473 1587 διὰ
3532 1534 3595 1587 τὸ
3657 1531 3900 1590 ἑκάστου

505 1638 643 1683 nem
676 1620 879 1698 habet,
912 1640 982 1683 eo
1014 1621 1176 1701 quod
1209 1620 1455 1703 propria
1482 1620 1795 1700 utriusque
1825 1619 1899 1681 ad
1931 1638 2094 1681 asset

2242 1616 2361 1673 ,δίαν
2420 1618 2516 1685 τὴν
2569 1618 2875 1696 προαίρεσιν
2934 1620 3031 1688 τὴν
3089 1623 3186 1679 ὲπὶ
3247 1628 3317 1698 τῇ
3372 1620 3643 1699 ὁμολογίᾳ
3675 1618 3900 1678 δείκνυ-

506 1708 775 1770 tiendum
830 1708 1211 1790 [baptismati]
1270 1709 1543 1772 voluntas
1591 1709 1964 1773 ostendatur.
2000 1709 2094 1772 Cll]

2242 1711 2374 1768 τθαι.
2421 1714 2526 1765 Τοῦ
2590 1714 2713 1785 γοῦν
2783 1709 2924 1764 θείου
2974 1711 3163 1768 τούτου
3223 1710 3450 1773 κανόνος
3495 1709 3760 1789 λέγοντος
3816 1712 3899 1782 μὴ

502 1797 690 1875 igitur
709 1816 880 1861 sacer
895 1800 992 1861 hic
1003 1818 1197 1862 canon
1213 1799 1637 1880 dicat,partum
1654 1818 1787 1861 cum
1803 1815 2094 1879 praeguam

2242 1796 2602 1853 ἐπικοινωνεῖν
2656 1803 2724 1872 τῇ
2759 1798 3014 1874 τικτούσῃ,
3058 1801 3120 1856 τὸ
3164 1801 3507 1880 τικτόμενον,
3551 1802 3581 1855 ὁ
3612 1802 3681 1856 τὸ
3717 1802 3896 1877 παρὸν

506 1888 1121 1953 communicationem
1171 1907 1291 1951 non
1341 1889 1592 1964 habere,
1646 1889 2009 1970 patriarcha,
2040 1907 2094 1969 qi

2242 1887 2503 1963 Γόνταγμα
2587 1886 2905 1962 συνθέμενος
2971 1891 3318 1969 ’πατριάρχης
3406 1890 3677 1968 εύρίσκων
3767 1891 3898 1953 τοὺς

505 1995 769 2057 praesens
798 1997 948 2059 opus
1004 1980 1369 2060 composuit,
1423 1987 1784 2040 memoratas
1809 1978 1936 2058 jam
1978 1978 2094 2057 lege

2242 1975 2609 2054 ῑιαληιρθὲντας
2655 1976 2875 2052 νόμους,
2916 1977 3045 2034 ποτέ
3092 1981 3189 2053 μὲν
3247 1979 3509 2058 λέγοντας
3540 1980 3714 2058 μέρος
3744 1983 3897 2036 εἶναι

500 2067 649 2129 alias
681 2076 898 2147 praeter
926 2069 1042 2129 vim
1075 2068 1323 2131 canonis
1354 2077 1591 2150 partum
1626 2067 1963 2149 portionem
1998 2085 2094 2147 pra

2242 2065 2320 2131 ῖῆς
2365 2065 2553 2142 ἐγκύου
2593 2086 2653 2141 το
2706 2067 3140 2146 κυοφορούμενον
3195 2070 3340 2147 παρᾶ
3372 2070 3474 2136 τὴν
3516 2068 3756 2144 δύναμιν
3802 2077 3895 2125 τοῦ

493 2161 732 2234 gnantis
758 2158 1071 2235 esse,alias
1103 2177 1222 2220 non
1256 2158 1628 2232 esse,dicere
1656 2158 1992 2230 inveniens,
2028 2175 2094 2237 po

2242 2154 2475 2228 ιανόνος,
2519 2155 2651 2212 ποτὲ
2682 2152 2738 2210 δὲ
2768 2157 2847 2230 μή
2875 2156 3047 2231 εἶναι,
3110 2157 3345 2216 τέθεικεν
3397 2160 3453 2215 ἐν
3498 2162 3577 2222 τῶ
3636 2158 3766 2240 ὕφει
3832 2161 3898 2216 τὰ

494 2246 614 2309 suit
642 2248 703 2309 in
738 2255 901 2311 textu
932 2249 994 2310 in
1026 2249 1292 2330 speciem
1326 2247 2022 2329 contraria,solutionem
2049 2250 2094 2323 (ι

2242 2246 2602 2323 ;ναντιοφανῆ,
2652 2253 2750 2312 τὴν
2807 2244 2959 2302 λύσιν
3018 2248 3092 2310 ὡς
3146 2247 3325 2304 ἔοικεν
3376 2250 3454 2311 εἰς
3479 2249 3581 2316 τὴν
3610 2248 3897 2326 ἡμετέραν

495 2337 801 2417 conjicere
826 2338 941 2419 est)
962 2340 1023 2400 iu
1047 2347 1313 2401 nostram
1337 2337 1701 2416 imperitiam
1733 2336 2094 2417 suspendeni

2242 2334 2526 2411 ἱναρττεσας
2559 2334 2843 2409 ἆμάθειαν,
2876 2342 3064 2412 Φαμεν
3117 2338 3291 2393 τοίνυν
3339 2340 3413 2403 ὡς
3441 2342 3541 2398 οὒκ
3575 2337 3894 2395 ἑναντιούν-

497 2427 770 2490 Dicimus
799 2428 1001 2509 itaque
1021 2427 1179 2490 dicta
1196 2428 1335 2508 jura
1356 2428 1469 2488 sibi
1497 2427 1751 2488 invicem
1776 2445 1896 2487 non
1916 2426 2094 2489 advel

2242 2443 2307 2478 ςαι
2340 2420 2601 2492 ἀλλήλοις
2640 2423 2707 2480 τὰ
2735 2423 2962 2500 ῥηθέντα
3021 2426 3249 2501 νόμιμα,
3296 2428 3368 2484 Τὸ
3416 2427 3519 2506 γὰρ
3572 2428 3890 2507 2900,0905-

492 2517 790 2580 sari.Nam
825 2527 1055 2599 partus,
1083 2517 1429 2598 priusquam
1456 2517 1691 2593 edatur,
1729 2516 1936 2579 matris
1967 2534 2094 2578 sem

2242 2533 2387 2568 ιενον
2415 2512 2496 2568 ἀεὶ
2528 2512 2626 2590 πρὸ
2657 2521 2751 2571 τοῦ
2797 2516 3058 2592 τεχθῆναι
3090 2515 3252 2595 μέρος
3312 2516 3422 2573 ἐστὶ
3471 2522 3575 2585 τῆς
3639 2520 3886 2595 μητρὸς,

493 2624 603 2687 per
631 2609 826 2689 portio
854 2614 967 2683 est,
1002 2617 1065 2670 ut
1094 2607 1203 2669 lib.
1245 2623 1384 2669 xxxx
1415 2624 1547 2688 cap.
1582 2608 1784 2688 Atque
1815 2615 2094 2688 eapropte

2242 2620 2291 2667 DC
2324 2602 2502 2659 καὶτὸ
2529 2608 2623 2659 τοῦ
2666 2600 2751 2658 λα’
2793 2602 3005 2678 βιϐλίου
3036 2625 3161 2684 κεφ.
3221 2606 3375 2686 φησὶ,
3436 2608 3525 2663 καὶ
3574 2604 3667 2662 διὰ
3726 2612 3888 2662 τοῦτο

495 2714 617 2758 non
645 2704 839 2777 potest
862 2705 1034 2779 pater
1065 2696 1233 2758 illum
1264 2695 1598 2776 deposcere
1629 2706 1689 2757 ut
1722 2714 1919 2758 suum.
1956 2698 2094 2777 Atqi

2242 2692 2282 2748 ιθ
2309 2689 2530 2748 δύναται
2563 2692 2740 2771 πατὴρ
2783 2692 3169 2751 ἀνακαλεῖσθαι
3204 2696 3359 2759 αὖτὸς
3390 2698 3464 2761 ὡς
3521 2695 3884 2762 ὑπεξούσιον,

494 2794 881 2868 posteaquam
916 2787 1114 2849 editus
1136 2793 1248 2859 est,
1286 2787 1491 2863 [recte]
1525 2785 1722 2866 ipsum
1750 2785 2089 2866 deposcit,u

2242 2781 2372 2836 ιΙετὰ
2399 2780 2582 2856 μέντοι
2611 2783 2674 2838 τὸ
2704 2786 3025 2860 γεννηθῆναι
3056 2784 3409 2842 ἀνακαλεῖται
3456 2792 3644 2866 τοῦτο,
3692 2787 3771 2848 ὡς
3805 2786 3886 2859 μὴ

484 2885 633 2957 ’ροιθ
660 2878 762 2959 qui
793 2896 913 2940 non
946 2875 1267 2957 [amplius]
1303 2874 1512 2938 matris
1546 2877 1744 2956 portio
1801 2875 1897 2935 sit.
1936 2873 2007 2935 Et
2038 2895 2094 2955 qi

2242 2872 2282 2924 iv
2322 2869 2482 2947 μέρος
2526 2871 2623 2939 τῆς
2657 2873 2889 2951 μητρός.
2943 2875 3042 2932 Καὶ
3091 2876 3119 2930 ὁ
3148 2874 3292 2950 καλῇ
3323 2872 3380 2930 δὲ
3411 2876 3589 2932 πίστει
3622 2877 3883 2952 νεμηθεὶς

494 2967 653 3029 bona
684 2967 801 3029 lide
831 2976 1066 3047 partum
1099 2964 1331 3027 ancillae
1373 2964 1608 3025 furtivae
1641 2962 1931 3045 possidet,
1968 2964 2094 3027 illul

2242 2961 2282 3016 ιὸ
2317 2959 2507 3040 τεχθὲν
2563 2959 2669 3017 ἀπὸ
2713 2959 3044 3038 κλοπιμαίας
3103 2962 3299 3031 δούλης
3347 2963 3567 3036 δσπὸζει
3598 2967 3767 3022 αὐτοῦ
3806 2969 3882 3029 ὡς

494 3057 789 3137 usucapit,
825 3055 913 3116 uti
939 3055 1042 3136 qui
1094 3054 1348 3116 furtivus
1405 3072 1526 3116 non
1555 3053 1655 3117 sit.
1690 3052 1913 3116 Verum
1946 3073 2094 3115 cano

2242 3050 2300 3117 ιὴ
2351 3048 2502 3112 ὄντος
2561 3048 2907 3125 κλοπιμαίου.
2942 3052 3014 3110 Τὸ
3042 3053 3228 3128 μέντοι
3259 3075 3381 3132 κεφ,
3426 3052 3488 3134 ι’,
3536 3056 3669 3133 οὖχὶ
3700 3052 3790 3109 διὰ
3821 3058 3881 3113 τὸ

493 3164 614 3206 non
642 3152 960 3226 propterea
984 3144 1140 3225 quod
1159 3143 1317 3205 fetus
1340 3162 1461 3206 nou
1487 3146 1563 3206 sit
1582 3162 1718 3225 pars
1740 3146 2094 3224 praegnanti:

2242 3139 2299 3205 ιὴ
2330 3138 2475 3194 εἶναι
2535 3138 2693 3219 μέρος
2737 3140 2835 3208 τῆς
2892 3142 3260 3223 κυοφορούσης
3304 3146 3370 3202 τὰ
3412 3144 3881 3223 κυοφορούμεδον,

494 3234 768 3315 permisit
787 3234 1295 3297 illuminationem
1321 3233 1503 3313 hujus
1522 3238 1635 3310 (est
1656 3232 1815 3296 enim
1838 3234 2094 3312 [omnino

2242 3227 2480 3308 ιπέτρεψε
2528 3231 2590 3285 τὸ
2619 3230 2899 3306 βάπτισμα
2941 3233 3166 3309 ταύτης,
3228 3233 3391 3310 μέρος
3445 3234 3550 3313 γάρ
3581 3234 3734 3290 ἐστιν
3780 3235 3882 3291 αὖ-

495 3324 687 3405 ipsius
708 3342 848 3406 pars
865 3334 1007 3387 ante
1029 3324 1319 3406 partum),
1354 3323 1458 3385 sed
1483 3325 1621 3405 quia
1651 3341 1970 3405 praegnans
2000 3343 2094 3386 οιιι

2242 3322 2316 3387 ςῆς
2360 3320 2462 3397 πρὸ
2505 3328 2600 3378 τοῦ
2626 3321 2915 3400 τεχθῆναι,
2963 3322 3101 3379 ἀλλὰ
3150 3322 3240 3380 διὰ
3289 3325 3351 3381 τὸ
3380 3325 3460 3399 μὴ
3489 3324 3885 3381 ἐπικοινωνεῖν

490 3415 614 3480 fetu
640 3415 1127 3478 communionem
1160 3433 1282 3477 non
1314 3413 1651 3490 habet,sive
1676 3433 1795 3476 non
1815 3413 2094 3477 existima

2242 3408 2319 3475 τὴν
2377 3408 2662 3466 τίκτουσαν
2718 3415 2797 3485 τῷ
2855 3412 3178 3490 τικτομένῳ²
3211 3412 3378 3493 ἤγουν
3405 3414 3487 3489 μὴ
3544 3413 3881 3494 λογίζεσθαι,

487 3513 587 3569 tur
618 3525 737 3568 non
768 3505 1124 3582 illuminata,
1157 3523 1229 3568 eo
1260 3505 1419 3586 quod
1471 3504 1625 3567 fetus
1674 3504 1958 3586 baptismi
1991 3522 2094 3585 pro

2242 3500 2305 3556 ιαὶ
2331 3499 2532 3567 ταύτην
2564 3500 2867 3580 ἆφςοτιστον
2898 3502 2960 3561 ἐκ
2990 3510 3085 3559 τοῦ
3143 3502 3222 3578 μὴ
3281 3504 3528 3561 δύνασθαι
3571 3506 3636 3560 τὸ
3671 3528 3885 3586 mosso-

487 3596 816 3659 l'essionem
865 3599 1175 3678 suscipere
1223 3601 1512 3677 nequeat.
1546 3595 1840 3658 Caeterum
1891 3593 2091 3676 quand

2242 3589 2471 3666 νούμενον
2511 3590 2884 3668 βαπτίσματος
2938 3591 3234 3669 ὁμολογίαν
3285 3589 3679 3673 ἀναδέχεσθαι,
3744 3594 3881 3650 ποτὲ

486 3687 723 3749 ancillae
778 3676 1270 3767 furtivaavpartus
1324 3676 1732 3766 usucapiatur,
1788 3692 1848 3746 et
1893 3684 2091 3766 quand

2246 3679 2328 3735 ὲὸ
2376 3681 2597 3744 τοκετὸς
2656 3687 2758 3749 τῆς
2801 3682 3069 3758 κλοπίμου
3114 3680 3306 3750 δούλης
3365 3681 3717 3763 δεσπόζεται,
3778 3683 3879 3739 καί

488 3796 634 3859 non,
670 3776 923 3839 diversae
951 3784 1205 3839 tractant
1241 3776 1428 3855 leges.
1464 3774 1711 3847 Quaeras
1737 3782 1968 3849 autem,
1999 3792 2094 3855 qua

2242 3767 2345 3859 ποτὲ
2399 3770 2482 3859 ob,
2545 3772 2672 3849 φασὶ
2728 3771 2883 3848 νόμοι
2944 3769 3210 3853 διάφοροι.
3258 3773 3357 3830 Καὶ
3402 3773 3556 3842 ζήτει
3605 3772 3677 3828 τὲ
3731 3795 3878 3850 γραο

488 3856 713 3949 scripta
740 3876 881 3930 sunt
912 3884 983 3928 ex
1011 3864 1092 3930 26
1141 3884 1274 3947 cap.
1337 3865 1427 3928 tit.
1483 3866 1549 3940 2,
1585 3863 1697 3929 lib.
1732 3883 1773 3927 ιι
1804 3863 1988 3927 Basil.
2022 3883 2094 3926 su

2242 3856 2380 3914 ιὲντα
2428 3857 2617 3924 ἔξωθεν
2664 3868 2757 3918 τοῦ
2798 3859 2995 3919 ἄνωθεν
3040 3861 3510 3938 καταστρωθέντος
3558 3862 3678 3935 κξ¹
3742 3883 3873 3942 λιες.

486 3947 692 4040 ρει-ἱύε
716 3958 968 4021 inserto.

2248 3954 2305 4004 οὗ
2335 3947 2391 4025 β’
2419 3950 2524 4010 τίτ,
2558 3955 2651 4005 τοῦ
2673 3950 2725 4027 β’
2756 3949 2963 4027 βιϐλίου
2992 3953 3100 4008 τῶν
3132 3950 3432 4009 Βασιλικῶν

568 4046 730 4112 CAP.
766 4046 867 4111 Xl.
899 4080 976 4093 —
1006 4045 1188 4122 Quod
1209 4051 1345 4127 post
1386 4050 1847 4109 sacrosanctum
1889 4042 2092 4124 baptis

2294 4044 2548 4100 ΚΕΦΑΛ.
2607 4040 2725 4100 IA'.
2786 4072 2859 4087 -—
2941 4041 3075 4121 Περί
3143 4052 3237 4102 τοό
3297 4041 3528 4123 ὀφείλειν
3599 4044 3748 4119 μετὰ
3808 4046 3871 4101 τὸ

484 4155 586 4200 ma
616 4139 769 4217 ungi
797 4137 1139 4201 debeamus.

2242 4127 2363 4208 ῗγιον
2393 4129 2672 4217 βάπτισμα
2705 4132 2973 4211 χρίεσθαι.

562 4216 815 4290 Concilii
848 4225 1171 4288 Laodiceni
1199 4243 1394 4288 canon
1421 4225 1524 4289 48.

2288 4216 2515 4275 Συνόδου
2539 4217 2853 4286 Λαοδικείας
2882 4222 3058 4279 κᾰνὼν
3089 4221 3214 4299 μη’,

566 4314 729 4379 CAP.
763 4314 893 4381 XII.
923 4350 1005 4370 --
1035 4315 1127 4378 De
1169 4314 1541 4391 confectione
1569 4330 1759 4378 sacro:
1788 4313 2094 4377 unctionis

2288 4313 2541 4370 ΚΕΦΑΛ.
2590 4307 2704 4375 ΙΒ¹,
2749 4343 2828 4358 -
2860 4313 2987 4392 Περὶ
3043 4313 3317 4383 ποιήσεως
3374 4321 3469 4373 τοῦ
3527 4313 3686 4392 ἁγίου
3737 4316 3870 4394 χρία

2207 4418 2435 4464 σματος,

565 4494 816 4559 Concilii
844 4493 1332 4574 Carthaginensis
1356 4508 1548 4557 canon
1579 4495 1641 4558 6.

2286 4419 2382 4455 ατο
2419 4446 2435 4461 .

2242 4419 2514 4547 μ.Συν⁴ίί’δου
2546 4490 2919 4569 Καρθσγέννης
2950 4492 3126 4549 κανὼν
3154 4491 3259 4567 ς’.

564 4584 728 4650 CAP.
764 4583 922 4648 Xlll.
953 4618 1031 4632 —
1065 4585 1150 4646 De
1206 4584 1288 4646 iis
1323 4587 1429 4665 qui
1490 4585 1604 4661 bis,
1655 4591 1767 4647 aut
1820 4601 1945 4645 non
2001 4585 2094 4646 rit.

2288 4585 2539 4641 ΚΕΦΑΛ.
2605 4579 2711 4645 ll".
2775 4616 2851 4626 —
2918 4583 3047 4659 Περῖ
3099 4583 3207 4639 τῶν
3265 4581 3367 4660 δὶς,
3429 4583 3464 4652 ἢ
3510 4584 3594 4659 μὴ
3626 4580 3864 4648 δεόντως

480 4674 895 4758 baptizantur,
932 4681 985 4737 et
1011 4677 1121 4755 qui
1150 4674 1428 4753 inﬁrmos
1456 4692 1579 4738 non
1616 4673 1958 4755 baptizant.

2242 4667 2635 4749 απτιζομὲνων,
2690 4673 2780 4728 καὶ
2837 4678 2945 4728 τῶν
3002 4674 3124 4736 τοὺς
3195 4672 3441 4738 ἀσθενεῖς
3498 4673 3579 4750 μή
3652 4675 3866 4751 βαπτι-

2242 4757 2427 4813 ὄντων.

2203 4764 2427 4828 ζόντων.

556 4846 978 4928 Apostolorum
1006 4862 1199 4907 canon
1222 4845 1323 4919 47,
1347 4846 1450 4920 49,
1483 4844 1584 4907 50.
1988 4898 1995 4908 ,

2286 4846 2629 4907 ’Δποστόλων
2660 4851 2835 4909 κανὼν
2869 4850 2981 4927 μζ’,
3018 4852 3132 4932 μθ“,
3168 4851 3238 4912 ν’.

560 4936 809 5001 Textus.
840 4935 927 4999 De
958 4935 1032 4998 iis
1085 4934 1189 5016 qui
1237 4935 1612 5016 rebaptizant
1641 4945 1701 4997 et
1729 4932 2115 5015 rebaptizan-

479 5036 597 5103 tur,
630 5035 773 5102 etc.,
810 5043 999 5106 usque
1027 5026 1105 5088 ad
1135 5025 1334 5087 locum
1368 5024 1619 5099 habere,
1652 5029 1721 5088 ut
1746 5041 1896 5105 pag.
1929 5022 2073 5087 622.

2284 4938 2560 5014 Κτίμενον.
2631 4942 2757 5020 Περὶ
2831 4947 2937 4997 τῶν
3015 4940 3511 5021 ἀναϐαπτιζόντων,
3572 4946 3665 5000 καὶ
3722 4944 3865 4999 ἂνα-

2200 5025 2628 5110 ϐαπτιζομὲνων,
2661 5051 2714 5090 κ.
2750 5053 2803 5091 τ.
2838 5030 2893 5089 λ.
2944 5048 3137 5111 usque
3166 5029 3239 5092 ad
3274 5032 3582 5108 μεταμέλοι)
3636 5030 3698 5090 δὲ
3744 5034 3862 5114 χώο

2201 5139 2297 5185 ραν
2329 5116 2578 5198 ἔχουσιν.

553 5204 886 5268 δοήοιίιιηι.
921 5203 1126 5268 Const.
1189 5206 1215 5266 1
1283 5212 1342 5267 et
1393 5203 1432 5265 2
1489 5206 1581 5266 tit.
1616 5202 1788 5267 61ib.
1823 5220 1840 5265 ι
1873 5201 2020 5266 Cod.
2051 5202 2094 5264 ir

2279 5206 2534 5287 Σχόλιον.
2583 5207 2651 5266 Ἠ
2711 5207 2764 5263 α’
2823 5210 2912 5265 καὶ
2955 5208 3007 5285 β’
3052 5208 3193 5274 διάτ,
3240 5218 3332 5268 τοῦ
3375 5211 3454 5286 ς“’
3491 5213 3598 5277 τίτ,
3646 5221 3745 5272 τοῦ
3811 5216 3862 5273 α’

473 5292 658 5355 Basil.
717 5312 838 5356 non
889 5302 1029 5357 sunt
1086 5294 1316 5373 positae.
1350 5293 1485 5375 Dig.
1525 5294 1598 5357 14
1625 5295 1717 5356 tit.
1748 5294 1787 5355 5
1836 5293 1947 5356 lib.
1978 5311 2094 5356 χχιι

2242 5294 2402 5354 ιϐλίου
2462 5302 2556 5356 τόῦ
2598 5294 2835 5361 Κώδικος
2890 5297 2985 5355 οὒκ
3043 5299 3197 5367 ἐτέθη
3250 5302 3326 5365 εἷς
3358 5302 3425 5357 τὰ
3458 5302 3752 5368 Βασιλικά.
3787 5309 3862 5364 Τὸ

471 5380 702 5459 Digest.
736 5393 824 5445 est
854 5402 987 5462 cap.
1023 5385 1097 5447 14
1131 5383 1222 5447 tit.
1262 5387 1336 5448 16
1366 5384 1473 5447 lib.
1521 5400 1681 5448 xxxv
1709 5382 1917 5457 Basil.,
1953 5400 2094 5465 quoc

2242 5386 2269 5443 i’
2303 5385 2444 5447 διάτ.
2478 5396 2571 5446 τοῦ
2620 5385 2665 5442 ε’
2725 5388 2830 5452 τίτ,
2889 5395 2983 5446 τοῦ
3038 5389 3119 5446 κθ’
3169 5387 3376 5467 βιϐλίου
3403 5397 3509 5447 τῶν
3544 5402 3707 5455 Διατ.
3740 5394 3856 5451 ἐστι

471 5473 559 5535 sic
593 5473 772 5536 habet
801 5492 814 5538 :
864 5475 925 5537 Si
959 5473 1233 5555 impubes
1265 5474 1561 5552 pubertati
1594 5474 2088 5556 appropinquans

2242 5497 2321 5556 εφ,
2380 5474 2447 5532 ιδ’
2490 5478 2583 5533 τοῦ
2642 5476 2741 5550 ις’
2803 5477 2908 5539 τίτ,
2970 5484 3062 5535 τοῦ
3119 5477 3198 5535 λε’
3256 5478 3462 5556 βιϐλίου
3512 5488 3619 5537 τῶν
3690 5492 3856 5540 Βασι-

472 5582 662 5644 prOpe
673 5563 984 5625 dominum
1004 5563 1489 5643 dormierit,cum
1504 5564 2094 5645 occidereturmequi

2242 5566 2388 5640 ικῶν,
2435 5565 2604 5631 οὕτως
2644 5565 2775 5646 ἕχον
2808 5565 2935 5624 Ἐὰν
2996 5566 3307 5641 πλησιάζων
3360 5573 3428 5647 τῇ
3487 5568 3598 5648 ἥϐῃ
3646 5570 3853 5641 ἄνηϐος

471 5670 603 5718 eam
626 5670 756 5716 rem
774 5653 1089 5732 evulgarit,
1115 5652 1490 5732 punitur.His
1512 5652 1675 5715 enim
1692 5652 2094 5734 impuberibui

2242 5653 2606 5736 αρακαθεύδων
2654 5662 2732 5732 τῷ
2771 5654 3094 5737 ἀναιρεθέντι
3127 5656 3364 5736 δεσπότῃ
3394 5660 3473 5736 μὴ
3504 5658 3853 5743 δημοσιεύσςι
