3930 6218
212 378 341 448 1061

1093 374 1587 447 NOMOCANON.
1637 413 1708 422 --
1758 376 1910 442 TIT.
1957 379 2063 460 ιν,
2109 379 2273 445 CAP.
2322 377 2618 444 XI-XIII.

3393 378 3544 447 1062

202 518 257 572 τὸ
294 515 522 594 γεγονὸς,
557 520 878 591 τιμωρεῖται
908 533 920 547 ⁸
956 526 1074 580 τοῖς
1105 515 1204 593 γὰρ
1234 516 1337 571 ὑπὸ
1364 513 1465 582 τὴν
1496 513 1659 581 αὐτὴν
1691 534 1751 570 στ

1988 485 2355 595 c.duntaxat]
2389 517 2712 599 parcit,qui
2739 518 3012 599 [tantum]
3033 516 3143 580 sub
3168 517 3380 581 eodem
3408 526 3540 582 tec-

207 628 300 683 γην
344 601 557 673 ἀνήϐοις
601 616 908 683 συγχωρεῖ,
955 608 1015 663 οὒ
1058 605 1159 679 μὲν
1229 618 1348 666 τοῖς
1405 603 1722 682 ὑπηρέταις,
1785 604 1819 672 ἢ

203 694 448 773 μετόχοις
495 694 538 749 εἷ
596 690 842 750 δύνανται
889 708 1035 751 νοεῖν
1077 696 1140 750 τὸ
1197 695 1588 773 πραττόμενον,
1624 694 1687 751 Ol
1717 693 1818 773 γὰρ

205 786 413 841 τοιοῦτοι
474 780 590 839 οὖδὲ
639 782 722 863 ἐφ’
770 783 953 861 ἐτέρας
1012 786 1181 851 αἰτίας
1236 786 1578 861 βοηθοῦνται.
1644 785 1715 842 Τὸ
1771 784 1815 837 ε’

202 872 326 932 διάτ.
385 880 474 930 τοῦ
532 864 586 929 οιε
639 872 963 932 τίτλου’τοῦ
1004 872 1097 941 κη’
1149 872 1355 951 βιϐλίου
1415 874 1526 929 ἐστὶ
1566 873 1704 946 etp:
1732 892 1817 928 τε·

201 960 426 1017 λευτατον
483 968 578 1018 του
645 961 689 1017 ε’
742 983 864 1043 κεφ,
932 974 1026 1022 τοῦ
1084 966 1139 1019 α’
1179 964 1282 1023 τίτ.
1332 970 1426 1020 τοῦ
1480 962 1561 1018 λε’
1611 958 1817 1038 βιϐλίου

200 1050 322 1107 οὕτω
347 1048 533 1117 δεξιόν,
572 1042 630 1109 Ὀ
684 1050 850 1130 ἄῤῥην
905 1051 1198 1130 πληρώσας
1241 1054 1307 1110 τὰ
1357 1051 1423 1108 ιδ’
1455 1050 1550 1119 ἔτη
1580 1049 1814 1108 διατίθε-

196 1163 295 1213 ται,
328 1142 368 1197 εί
402 1138 457 1197 δὲ
485 1140 676 1212 θήλεια
706 1144 771 1199 τὰ
804 1143 900 1218 ιβ’,
936 1145 963 1199 ὁ
994 1141 1048 1199 δὲ
1081 1142 1359 1221 γεννηθεὶς
1390 1140 1681 1205 Καλένδαις
1711 1140 1815 1197 Ἰα-

195 1233 436 1307 νουαρίαις
484 1229 638 1288 δοκεῖ
683 1230 922 1311 πληροῦν
965 1234 1056 1289 τὸν
1100 1232 1339 1290 ἐνιαυτὸν
1394 1232 1499 1288 ἀπὸ
1540 1228 1619 1305 ς’
1674 1229 1815 1309 ὥρας

193 1325 281 1387 τῆς
320 1322 501 1386 νυκτὸς
547 1326 645 1397 τῇς
691 1323 792 1398 πρὸ
850 1328 978 1397 μιᾶς
1026 1317 1307 1380 Καλενδῶν
1343 1320 1678 1399 Ἰανουαρίων
1720 1318 1814 1377 τοῦ

200 1409 307 1477 ἑξῆς
349 1409 518 1475 ἔτους.
572 1402 634 1467 Ἠ
679 1409 732 1490 γ’
777 1411 917 1473 διάτ.
964 1419 1057 1470 τοῦ
1114 1412 1159 1477 ξ’
1200 1413 1305 1471 τίτ.
1354 1419 1447 1469 τοῦ
1507 1409 1550 1467 ε’
1610 1408 1812 1488 βιϐλίου

194 1506 277 1556 τοῦ
319 1496 554 1564 Κώδικός
586 1501 699 1557 ἔστι
729 1523 852 1581 κεφ.
888 1502 941 1578 γ’
970 1509 1063 1559 τοῦ
1093 1500 1158 1558 ιθ²
1188 1502 1294 1562 τίτ.
1336 1508 1429 1559 τοῦ
1471 1499 1562 1569 λη’
1604 1498 1813 1578 βιϐλίου

193 1594 284 1644 τῶν
339 1589 636 1648 Βασιλικῶν
697 1590 863 1657 οὕτως
923 1591 1079 1672 ἕχον,
1125 1593 1196 1650 Τὸ
1225 1593 1455 1650 παλαιὸδ
1485 1594 1519 1660 ἡ
1564 1593 1662 1667 μὲν
1704 1597 1811 1647 τῶν

192 1678 402 1747 θηλειῶν
431 1677 540 1748 ἥϐη
581 1680 687 1738 ἀπὸ
736 1681 917 1758 μόνων
954 1689 1060 1740 τῶν
1107 1680 1177 1759 ιβ’
1236 1682 1492 1739 ἐνιαυτῶν
1551 1681 1807 1761 ἐκρίνετο,

1906 611 1962 665 ιο
1994 604 2251 669 fuissent
2286 628 2299 669 :
2333 625 2456 668 non
2487 607 2663 669 etiam
2699 608 2993 671 ministris
3017 609 3112 670 vel
3146 607 3542 689 participibus

1902 692 2166 777 [caedis],
2200 696 2249 756 si
2280 696 2457 757 modo
2486 714 2614 757 rem
2660 697 3000 777 intelligere
3033 698 3357 778 potuerint.
3392 697 3542 760 Nam

1900 782 2121 847 talibus
2152 802 2346 865 neque
2378 787 2437 847 in
2469 784 2601 847 aliis
2625 786 2821 848 causis
2849 786 3471 866 subvenitur.Digest.
3505 788 3544 849 5

1901 872 1990 933 tit.
2033 880 2055 934 1
2093 872 2201 938 lib.
2235 890 2415 937 xxvm
2447 881 2539 937 est
2570 875 2773 937 thema
2808 876 2920 938 ult.
2953 895 3082 958 cap.
3120 878 3179 952 5,
3213 877 3301 940 tit.
3344 879 3397 957 l,
3432 875 3538 937 lib.

1897 977 2075 1044 xxxv,
2106 964 2265 1044 quod
2298 964 2385 1026 sic
2417 974 2618 1027 narrat
2653 985 2666 1024 :
2703 966 3004 1028 Masculus
3063 965 3164 1028 ubi
3219 966 3544 1046 complevit

1898 1053 2351 1133 quatuordecim
2382 1072 2597 1130 annos,
2632 1063 3054 1119 testamentum
3085 1057 3227 1119 facit
3261 1074 3275 1120 :
3310 1056 3538 1119 femina

1898 1142 2172 1223 vero,ubi
2204 1143 2671 1217 duodecim.Qui
2695 1153 2867 1208 natus
2893 1155 2986 1208 est
3011 1146 3239 1209 Kalend
3256 1195 3270 1210 .
3293 1146 3538 1210 Januar.

1901 1232 2136 1293 videtur
2166 1235 2471 1314 complere
2498 1252 2719 1297 annum
2743 1235 2817 1297 ab
2839 1235 2986 1298 hora
3008 1244 3174 1298 sexta
3211 1237 3404 1300 noctis
3427 1236 3543 1316 pri-

1893 1319 1993 1383 die
2023 1320 2277 1386 Kalend.
2309 1324 2554 1387 Januar.
2588 1324 3010 1406 subsequentis
3061 1327 3228 1387 anni.
3263 1326 3468 1389 Const.
3504 1330 3541 1387 3

1893 1411 1980 1472 tit.
2014 1411 2094 1475 60
2124 1410 2232 1475 lib.
2269 1430 2297 1471 v
2326 1412 2475 1478 Cod.
2522 1424 2614 1476 est
2672 1434 2806 1494 cap.
2862 1415 2900 1475 3
2932 1415 3029 1478 tit.
3069 1416 3139 1477 19
3173 1415 3281 1477 lib.
3318 1434 3539 1480 xxxvm

1893 1499 2104 1583 Basil.,
2140 1502 2297 1583 quod
2331 1504 2416 1566 sic
2448 1503 2627 1567 habet
2659 1522 2675 1567 ε
2707 1502 2864 1567 Olim
2885 1504 3239 1568 feminarum
3260 1505 3542 1586 pubertas

1894 1590 2087 1652 solum
2111 1610 2181 1655 ex
2197 1590 2518 1656 duodecim
2534 1593 2709 1657 annis
2724 1594 3540 1674 judicabatur.Masculorum

1892 1698 2033 1745 vero
2062 1698 2137 1743 ex
2166 1683 2467 1763 completo
2498 1702 2656 1747 anno
2711 1683 3193 1765 decimoquarto,
3245 1692 3310 1747 ut
3343 1694 3540 1749 tamen

192 1770 221 1836 ἡ
251 1767 299 1825 δὲ
325 1775 425 1828 τῶν
469 1769 703 1849 ἆῤῥένων
761 1771 821 1827 ἐκ
865 1777 960 1828 τοῦ
1011 1770 1363 1850 πληρωθῆναι
1406 1772 1497 1828 τὸν
1528 1768 1595 1827 ιδ’
1627 1771 1741 1828 ἔνια

1990 1780 2285 1834 tcurreret
2298 1774 2565 1853 corporis
2578 1773 3361 1854 babitus,quemadmodum
3380 1774 3542 1837 inlu-

190 1861 271 1915 τὸν
297 1860 427 1934 μετὰ
454 1867 552 1917 τοῦ
583 1860 894 1942 συντρέχειν
926 1860 1023 1918 καῖ
1066 1862 1165 1930 τὴν
1222 1868 1316 1919 τοῦ
1368 1862 1620 1937 σώματος
1677 1860 1809 1934 ἕξιν,

193 1949 258 2013 ὡς
288 1946 445 2028 ἔγνως
477 1950 571 2007 καὶ
600 1950 655 2006 ἒν
698 1964 816 2016 τοῖς
850 1949 1247 2016 Ἰντιστούτοις,
1296 1942 1359 2007 Ἠ
1407 1949 1547 2013 διάτ.
1594 1950 1682 2008 οὖν
1713 1973 1810 2007 κε-

191 2036 321 2096 λεύει
361 2044 456 2098 καὶ
504 2041 595 2098 ἐπὶ
653 2044 757 2097 τῶν
815 2040 1045 2120 ἀῤῥένων
1102 2041 1209 2098 ἀπὸ
1263 2047 1369 2099 τῶν
1433 2039 1498 2097 ιδ’
1557 2040 1809 2101 ἐνιαυτῶν

193 2129 435 2207 κρίνεσθαι
493 2132 576 2207 μὴ
620 2129 1019 2212 ἐπιζητούντων
1062 2133 1220 2206 ἡμῶν
1256 2133 1318 2188 τὸ
1350 2135 1545 2212 σχῆμα
1577 2133 1669 2188 τοῦ
1697 2131 1812 2187 σώ-

192 2240 367 2293 ματος,
428 2217 513 2276 διὰ
564 2220 825 2298 ἀπρεπές,
876 2211 935 2279 Ὀ
978 2218 1034 2277 δὲ
1078 2219 1163 2297 κβ’
1221 2222 1325 2279 τίτ.
1387 2211 1485 2289 τῆς
1544 2219 1596 2278 α’
1639 2222 1812 2277 ἰνστι-

188 2315 451 2368 τουτιῶνος
495 2309 597 2367 οὒκ
665 2310 819 2379 ἐτέθη
879 2312 952 2375 εἷς
1009 2312 1076 2370 τὰ
1137 2311 1427 2370 Βασιλιγά.
1490 2314 1550 2368 Ὀ
1594 2310 1646 2368 α’
1704 2313 1808 2373 τίτ.

188 2407 270 2457 τοῦ
317 2397 393 2455 λῪ
433 2397 648 2477 βιϐλίου
704 2403 813 2458 τῶν
875 2409 1027 2463 Διατ.
1063 2399 1216 2468 ἐτέθη
1247 2402 1323 2464 εἰς
1351 2399 1553 2477 βιϐλίον
1582 2398 1669 2475 μδ⁹
1705 2401 1808 2462 τίτ.

188 2485 266 2547 ιδ’,
302 2492 392 2547 Καὶ
417 2492 572 2561 ζήτει
604 2511 730 2570 κεφ.
763 2489 923 2550 αὐτοῦ
955 2488 1020 2546 ιδ’
1052 2490 1189 2547 οὕτω
1221 2489 1401 2568 λέγων
1433 2490 1560 2547 Ἐὰν
1588 2487 1811 2560 ἀνήϐοις

187 2575 483 2654 ληγατεύσω
512 2578 825 2660 διατροφὰς,
857 2581 1055 2656 καὶμὴ
1114 2578 1374 2637 δείκνυται
1433 2578 1533 2642 ἕως
1587 2579 1718 2637 πότε
1774 2582 1810 2648 ἡ

186 2664 381 2733 θέλησις
424 2665 722 2745 λαμϐάνειν
778 2670 964 2744 αὖτὰς,
1024 2668 1124 2731 ἕως
1174 2668 1235 2726 οὗ
1261 2669 1392 2740 ζῶσι
1424 2665 1805 2744 λαμϐανουσιν.

188 2756 238 2810 Εἰ
265 2752 314 2811 δὲ
343 2756 500 2815 εἶπον
537 2757 704 2839 μέχρι
749 2763 848 2825 τῆς
878 2756 1042 2838 ἥϐης,
1078 2761 1105 2815 ὁ
1137 2759 1235 2834 μὲν
1292 2757 1455 2837 ἅῤῥην
1508 2757 1675 2839 μέχρι
1716 2760 1812 2815 τοῦ

188 2842 252 2909 ιη’
288 2843 448 2925 ἔτους,
478 2850 515 2916 ἠ
551 2846 608 2903 δὲ
638 2846 826 2919 θήλεια
857 2855 951 2905 τοῦ
982 2846 1046 2904 ιδ’
1082 2845 1463 2922 λαμϐάνουσιν,
1517 2848 1602 2905 ἐπὶ
1629 2848 1809 2924 μόνων

185 2930 352 2992 δὲτῶν
408 2936 713 3018 διατροφῶν
764 2936 1072 3018 φιλαγάθως
1131 2938 1296 3001 οὕτως
1344 2940 1379 3006 ἡ
1411 2936 1519 3006 ἥϐη
1555 2939 1804 3018 ὃρίζεται,

186 3024 248 3080 Τὸ
287 3023 365 3102 ιβ’
408 3025 552 3089 διάτ.
591 3035 687 3084 τοῦ
738 3027 771 3084 ι’
804 3027 908 3093 τίτ.
954 3034 1047 3084 τοῦ
1104 3029 1205 3103 μη⁹
1254 3025 1460 3105 βιϐλίου
1514 3027 1626 3085 ἐστὶ
1680 3050 1803 3108 κεφ,

182 3110 256 3188 ιβ’
305 3137 392 3173 του
447 3116 544 3195 μα’
610 3118 743 3198 τίτ.,
816 3127 910 3177 τοῦ
974 3118 1018 3185 ξ’
1077 3115 1284 3196 βιϐλίου
1341 3122 1448 3175 τῶν
1507 3117 1811 3175 Βασιλικῶν

185 3199 304 3259 οὕτω
341 3204 708 3283 διαλαμϐάνον
744 3226 758 3244 ·
800 3207 933 3266 Οὔτε
989 3212 1067 3284 τῷ
1113 3205 1374 3281 Λιϐανείῳ
1402 3205 1655 3286 δόγματι,
1688 3206 1808 3265 οὔτε

1894 1860 2019 1924 stit.
2052 1860 2342 1927 didicisti.
2411 1863 2618 1926 Const.
2675 1862 2880 1945 itaque
2925 1862 3121 1943 jubet,
3175 1870 3239 1925 ut
3271 1865 3445 1927 etiam
3478 1865 3543 1927 in

1895 1951 2180 2013 masculis
2210 1970 2282 2013 ex
2312 1952 2767 2033 quatuordecim
2810 1953 2985 2015 annis
3007 1952 3341 2033 judicetur,
3376 1953 3543 2015 nulla

1894 2038 1954 2100 in
1976 2042 2249 2121 corporis
2269 2041 2536 2104 habitum
2564 2050 2811 2124 propter
2836 2043 2979 2123 [rei]
3006 2043 3409 2105 indecentiam
3442 2043 3540 2105 in-

1897 2130 2223 2210 quisitione
2251 2130 2475 2193 habita.
2509 2130 2626 2196 Tit.
2689 2149 2829 2193 vero
2887 2133 2966 2193 29
2998 2130 3165 2212 [lib.]
3198 2149 3217 2197 ι
3248 2130 3446 2195 Instit.
3476 2133 3540 2193 in

1895 2219 2077 2281 Basil.
2112 2237 2230 2281 non
2263 2228 2355 2284 est
2384 2220 2635 2302 positus.
2666 2219 2785 2283 Tit.
2817 2222 2843 2281 1
2884 2221 2991 2284 lib.
3025 2235 3204 2283 χχχιι]
3247 2219 3379 2300 Dig.
3426 2238 3538 2302 po-

1895 2308 2045 2371 situs
2071 2317 2157 2370 est
2191 2309 2252 2370 in
2285 2308 2390 2373 lib.
2426 2326 2582 2386 xmv,
2617 2309 2710 2373 tit.
2750 2310 3026 2388 l4,cujus
3060 2310 3136 2371 14
3166 2327 3533 2390 cap.quaare,

1894 2397 2054 2479 quod
2085 2397 2173 2460 sic
2205 2398 2387 2461 habet
2420 2417 2435 2463 :
2495 2398 2559 2462 Si
2614 2398 3034 2481 impuberibus
3065 2398 3353 2462 alimenta
3377 2399 3543 2479 lega-

1891 2505 2057 2563 vero,
2088 2504 2286 2568 neque
2315 2494 2536 2569 pateat,
2568 2506 2745 2570 quam
2793 2487 2894 2550 diu
2953 2488 3167 2569 [ipsos]
3203 2487 3303 2549 illa
3338 2488 3541 2568 perci-

1894 2595 2038 2658 pere
2065 2577 2383 2653 voluerim,
2415 2578 2616 2641 donec
2637 2578 2868 2652 vivunt,
2906 2577 3269 2657 percipiunt.
3297 2577 3467 2651 Quod
3490 2578 3542 2640 si

1892 2684 2089 2743 usque
2121 2667 2193 2729 ad
2243 2666 2621 2747 pubertatem
2682 2667 2969 2742 dixerim,
3022 2666 3320 2728 masculus
3350 2685 3541 2747 usque

1890 2756 1964 2818 ad
1993 2755 2294 2819 decimum
2330 2765 2603 2820 octavum
2635 2776 2891 2831 annum,
2939 2756 3163 2818 femina
3194 2756 3414 2838 [usque
3440 2757 3537 2838 ad]

1892 2844 2198 2909 decimum
2222 2855 2499 2929 quartum
2526 2845 3116 2927 percipit.Verumin
3132 2847 3276 2908 solis
3289 2847 3541 2909 alimen-
3594 2886 3603 2891 ς

1892 2936 1968 2998 tis
2000 2936 2240 3017 pietatis
2272 2937 2493 3001 intuitu
2537 2937 2616 3000 ita
2648 2936 2932 3018 pubertas
2963 2936 3269 2998 definitur.
3307 2936 3536 3015 Digest.

1891 3026 1968 3090 22
2003 3026 2092 3089 tit.
2133 3028 2209 3089 10
2239 3027 2348 3089 lib.
2381 3043 2557 3091 ιινιιι
2577 3036 2669 3089 est
2700 3026 2920 3108 (περ.ἓὲ
2950 3026 3041 3088 tit.
3076 3026 3144 3089 41
3185 3024 3289 3088 lib.
3324 3042 3400 3089 ιι
3421 3025 3537 3088 Ba-

1891 3116 2020 3194 sil.,
2052 3115 2209 3197 quod
2243 3118 2330 3180 sic
2368 3117 2551 3180 tradit
2586 3138 2599 3176 :
2635 3118 2843 3198 Neque
2874 3115 2937 3177 in
2962 3113 3362 3178 Libonianum
3392 3134 3444 3177 s.
3477 3136 3534 3181 c.

1891 3224 2089 3286 neque
2121 3206 2181 3267 in
2213 3206 2343 3268 falsi
2375 3207 2604 3268 crimen
2655 3205 2938 3288 impubes
2965 3205 3181 3269 incidit
3215 3255 3229 3271 .
3261 3206 3398 3286 Dig.
3433 3205 3532 3282 36,

182 3300 247 3366 τῷ
285 3294 590 3373 ἐγκλήματι
646 3306 742 3356 τοῦ
796 3297 1035 3355 πλαστοῦ
1110 3296 1307 3365 ἄνηϐος
1364 3299 1677 3358 ὑποπίπτει.

1980 3274 2056 3357 .’5
2087 3294 2189 3356 lib.
2227 3312 2413 3359 xnvm
2468 3304 2556 3358 est
2618 3274 2762 3376 cap:
2804 3297 2883 3358 40
2934 3294 3029 3358 tit.
3059 3298 3134 3359 37
3168 3295 3276 3357 lib.
3310 3274 3382 3357 va
3416 3274 3532 3358 Ba;

183 3382 280 3456 λς’
319 3384 456 3449 dicit.
504 3396 605 3445 τοῦ
660 3387 702 3442 ε’
762 3388 867 3449 τίτ.
941 3395 1034 3444 τοῦ
1090 3386 1191 3463 μη⁹
1248 3384 1454 3464 βιϐλίου
1512 3387 1623 3444 ἐστὶ
1679 3408 1804 3467 usq).

181 3470 229 3547 μ’
258 3481 344 3531 τοῦ
370 3474 448 3547 λζ’
480 3476 589 3537 τίτ.
622 3485 715 3535 τοῦ
746 3475 787 3541 ξ’
821 3473 1026 3553 βιϐλίου
1058 3482 1165 3533 τῶν
1196 3474 1516 3551 Βασιλικῶν,
1592 3475 1751 3554 λέγον
1787 3495 1803 3512 ⁶

183 3564 310 3619 Μετὰ
338 3565 432 3633 την
462 3564 608 3634 ἥϐην
643 3564 966 3646 πλημμελεῖ
1015 3569 1041 3623 ὁ
1090 3565 1208 3630 νέος
1243 3567 1518 3646 μοιχείαν,
1549 3567 1637 3623 καὶ
1666 3566 1806 3623 ὑπό-

178 3673 331 3710 κειται
360 3662 436 3717 τῶ
466 3656 648 3729 νόμῳ.
683 3645 746 3712 Ἠ
807 3654 862 3712 δὲ
905 3654 985 3727 λζ’
1038 3657 1198 3735 νεαρὰ
1255 3645 1408 3722 ἐτέθη
1464 3657 1538 3719 εἰς
1597 3654 1804 3732 βιϐλίον

179 3740 224 3794 α’
249 3743 416 3800 τίτλον
448 3744 527 3821 α’,
553 3743 848 3824 κεφάλαιον
879 3744 992 3821 με’,
1025 3741 1190 3809 οὕτως
1222 3744 1353 3826 ἕχον
1379 3764 1393 3779 ⁸
1420 3747 1694 3823 Αἱρετικὸς
1725 3747 1803 3822 μὴ

177 3829 481 3910 βαπτιζέτω,
541 3836 685 3911 μήτε
736 3834 1116 3909 πολιτευέσθω,
1154 3836 1292 3910 μήτε
1325 3833 1626 3912 μετελθὲτω
1656 3838 1804 3892 οἱον-ι

177 3917 355 3990 δήποτε
406 3925 700 3983 πολιτικὸν
760 3925 1019 4004 ὁφρίκιον.
1069 3914 1128 3983 Ὀ
1173 3922 1579 3992 ἂναϐᾱπτισθεὶς
1633 3947 1799 4005 στρα-

180 4010 298 4076 τείας
341 4014 514 4089 μόνης
560 4012 851 4087 κωλύεται,
900 4011 1161 4077 Ἰουδαῖος
1235 4015 1550 4092 Χριστιανὸν
1607 4012 1801 4092 ἀνδρά-

175 4098 318 4157 ποδον
373 4106 451 4179 μὴ
525 4103 731 4183 ἐχέτω,
794 4104 880 4159 καὶ
951 4103 1017 4158 τὰ
1085 4101 1232 4172 ἑξῆς.
1296 4105 1404 4162 Καὶ
1461 4110 1625 4160 ταῦτα
1698 4104 1800 4179 μὲν

176 4186 472 4251 διδάσκουσα
556 4193 623 4249 τὰ
690 4213 814 4271 καφ.
890 4193 1009 4271 περὶ
1071 4198 1179 4249 τῶν
1247 4189 1463 4262 ἀνήϐων
1535 4194 1624 4250 καὶ
1694 4198 1801 4249 τῶν

174 4278 694 4359 ἆναϐαπτιζομὲνων,
772 4282 808 4349 ἢ
886 4281 1062 4348 ἄλλως
1138 4281 1578 4361 ἁμαρτανόντων,
1668 4281 1798 4338 πότε

174 4373 577 4449 συγγινώκονται
629 4373 718 4428 καὶ
802 4372 932 4429 πότε
1010 4375 1070 4430 οὐ
1142 4371 1621 4450 συγγινώσκονται,
1712 4374 1798 4428 καὶ

171 4472 309 4527 ποῖος
336 4465 536 4542 χρόνος
570 4464 600 4517 ὁ
629 4463 766 4536 μετὰ
795 4461 895 4529 τὴν
925 4458 1065 4527 ἥϐην
1094 4460 1228 4523 ἐστὶ.
1277 4461 1351 4517 Σὺ
1380 4458 1436 4517 δὲ
1480 4482 1543 4517 συ
1559 4462 1798 4540 ιαγαγὼν

1892 3384 2184 3465 sil.,quod
2210 3384 2356 3447 dicit
2382 3407 2396 3450 :
2423 3384 2560 3448 Post
2585 3387 2962 3469 pubertatem
2987 3386 3307 3447 committit
3340 3385 3538 3447 minor

1889 3473 2064 3535 annis
2089 3474 2477 3554 adulterium,
2515 3475 2752 3556 legique
2784 3483 2874 3537 est
2923 3474 3243 3538 obnoxius.
3290 3474 3535 3539 Novella

1890 3563 2194 3643 37,posita
2217 3572 2306 3625 est
2329 3564 2390 3624 in
2417 3563 3157 3644 lib.t,tit.1,cap,45,quod
3181 3565 3270 3626 sic
3299 3563 3482 3627 habet
3517 3583 3530 3626 :

1888 3652 2221 3716 Haereticus
2238 3673 2314 3717 ne
2330 3654 2854 3735 baptizato,neque
2866 3650 3298 3735 rempublicam
3319 3653 3534 3732 guber-

1888 3752 2048 3824 nato,
2084 3762 2281 3824 neque
2306 3746 2731 3825 qualecunque
2786 3742 2959 3805 civile
3012 3742 3274 3806 officium
3307 3740 3529 3807 subito.

1886 3832 2311 3913 Rebaptizatus
2343 3833 2473 3895 sola
2503 3833 2713 3896 militia
2754 3839 3015 3896 arcetor.
3048 3831 3291 3896 Judaeus
3322 3830 3531 3895 Chris-

1888 3923 2111 3984 tianum
2174 3922 2540 4004 mancipium
2601 3940 2677 3985 ne
2736 3920 2979 3993 habeto,
3031 3928 3145 3983 etc.
3180 3921 3371 4002 Atque
3404 3922 3532 3984 baac

1886 4011 2127 4093 quidem
2189 4012 2410 4074 docent
2469 4011 2662 4092 capita
2711 4010 2863 4091 [illa]
2918 4011 2992 4073 de
3026 4009 3440 4092 impuberibus
3472 4021 3533 4076 et

1884 4101 2290 4183 rebaptizatis,
2321 4102 2567 4164 aliterve
2596 4099 3006 4182 peccantibus,
3033 4100 3331 4162 interdum
3364 4101 3533 4182 igno-

1882 4192 2134 4266 scentia,
2169 4192 2471 4254 interdum
2503 4210 2624 4253 non
2653 4191 3048 4269 ignoscentia,
3083 4198 3141 4253 et
3186 4190 3529 4271 cujusmodi

1882 4284 1963 4344 sit
1990 4290 2128 4363 post
2161 4280 2533 4361 pubertatem
2568 4289 2825 4361 tempus.
2853 4279 2940 4342 Tu
2973 4299 3111 4341 vero
3143 4280 3324 4342 altius
3351 4299 3526 4362 repe-

1884 4370 1988 4433 tito
2021 4389 2324 4447 sermone,
2360 4370 2737 4451 impuberem
2783 4378 3016 4432 aetatem
3051 4369 3341 4431 trifariam
3371 4370 3525 4433 divi-

1881 4460 1942 4523 di
1972 4460 2138 4523 dicas
2171 4480 2185 4521 :
2224 4461 2283 4521 in
2336 4460 2677 4537 infantiam,
2717 4460 2900 4541 [cum]
2951 4458 3229 4540 impubes
3275 4460 3521 4541 [articu-

173 4548 295 4623 εξπὲ,
324 4551 470 4620 ὅτιῆ
518 4549 792 4618 ἆνηϐότης
836 4552 908 4613 εἰς
967 4551 1083 4630 τρία
1129 4548 1415 4627 διαιρεῖται
1447 4552 1519 4617 εἰς
1552 4549 1722 4631 ἔμφαν

1967 4550 2013 4631 a]
2036 4569 2180 4614 voce
2201 4551 2468 4631 privatus
2491 4561 2607 4628 est,
2641 4558 2699 4613 et
2712 4551 2836 4631 jam
2861 4549 3185 4612 triennium
3220 4568 3348 4612 com
3360 4550 3481 4629 plet
3506 4570 3519 4613 :

168 4635 348 4705 Ξνηϐον
399 4641 494 4699 τὸν
547 4640 919 4720 ἐστηρημένον
982 4646 1186 4720 φωνῆς,
1238 4642 1326 4699 καὶ
1382 4640 1485 4710 ἤδη
1532 4642 1720 4718 συμπλί

1972 4642 2294 4731 proximam
2322 4639 2611 4721 infantiae,
2639 4640 2837 4723 [cum]
2865 4640 2992 4702 voci
3021 4638 3403 4731 [art_iculatae]_
3422 4657 3524 4731 ap-

169 4734 339 4803 ροῦντα
366 4731 470 4797 τὴν
499 4730 755 4811 τριετίαν,
803 4733 877 4796 εἷς
907 4730 1169 4810 πράξιμον
1200 4730 1441 4811 ἴμφαντα
1492 4732 1584 4789 τὸν
1644 4731 1721 4789 πλη

1967 4729 2330 4811 >pinquat,et
2358 4731 2680 4811 septimum
2704 4747 2927 4792 annum
2954 4729 3253 4808 complet:
3279 4746 3346 4788 ac
3377 4727 3519 4806 [de-

166 4816 399 4890 σιάζοντα
436 4819 507 4895 τῇ
561 4819 736 4901 φωνῇ,
782 4822 871 4877 καὶ
915 4820 1330 4901 συμπληροῦντα
1372 4826 1477 4879 τῶν
1520 4820 1567 4893 ζ’
1611 4821 1718 4878 ἐνια

2044 4821 2087 4901 ε]
2121 4820 2182 4881 in
2243 4820 2574 4902 proximam
2630 4819 2951 4899 pubertati,
2987 4818 3144 4899 [cum
3179 4816 3520 4897 maturiori]
3588 4886 3596 4891 .

165 4907 265 4981 τὸν,
297 4911 382 4965 καὶ
426 4912 501 4975 είς
559 4911 821 4989 πραξιμον
865 4908 1224 4990 πουϐἐρτατον
1281 4912 1371 4969 τὸν
1428 4910 1717 4982 πλησιάζον

1966 4910 2039 4973 ati
2070 4910 2533 4991 appropinquat,
2569 4917 2746 4990 atque
2795 4906 2917 4969 doli
2949 4926 3131 4987 capax
3163 4914 3252 4968 est
3280 4923 3293 4968 :
3329 4905 3518 4987 [quod

164 5001 223 5071 τῇ
251 4996 450 5076 ἡλικίᾳ,
484 5000 582 5057 καῖ
635 5000 876 5058 δεκτικὸν
925 5000 1050 5058 ὄντα
1096 5000 1277 5075 δόλου,
1330 5000 1479 5065 ὅστις
1536 5002 1642 5057 ἀπὸ
1698 5024 1716 5058 1

1982 5018 2055 5063 eo
2084 4996 2463 5082 intelligiturI
2495 4998 2597 5079 qui
2645 5015 2679 5060 a
2722 4997 2978 5079 septimo
3013 5013 3170 5057 anno
3217 4994 3289 5055 ad
3323 5013 3516 5075 ipsum

164 5084 204 5153 ζ’
258 5087 495 5147 ἐνιαυτοῦ
543 5089 640 5146 mi
695 5091 860 5171 μέχρι
906 5093 1003 5148 τοῦ
1044 5088 1109 5148 ιδ’
1148 5092 1233 5148 καὶ
1282 5090 1442 5148 αὒτοῦ
1490 5088 1716 5168 προϐαίνη

1967 5089 2176 5151 :imum
2198 5096 2471 5171 quartum
2499 5086 2992 5168 procedit.Atque
3017 5084 3363 5165 impuberes
3382 5084 3519 5166 qui-

165 5176 241 5233 nl
267 5180 313 5234 οἱ
342 5179 442 5253 μὲν
474 5180 557 5256 μὴ
590 5179 826 5238 δεκτικοί
857 5180 1015 5239 δόλου
1044 5178 1231 5249 ἄνηϐοι
1262 5181 1369 5239 ἀπὸ
1395 5180 1717 5258 ἂμαρτήματ

1970 5198 2009 5240 n
2041 5178 2164 5241 doli
2221 5197 2339 5239 non
2375 5195 2626 5258 capaces
2670 5175 2747 5238 ob
2780 5174 3065 5237 delictum
3098 5193 3217 5236 non
3258 5172 3522 5238 subeunt

165 5265 249 5321 οὒκ
299 5270 619 5351 εὖθύνονται,
654 5272 701 5326 οῖ
754 5268 809 5327 δὲ
851 5273 998 5352 παρὰ
1038 5272 1257 5336 τούτους
1302 5269 1467 5349 ἤγουν
1524 5271 1571 5326 οἱ
1638 5270 1711 5327 πλ

1963 5267 2426 5334 licium.Pmter
2447 5267 2555 5329 bos
2586 5283 2719 5327 vero
2746 5263 3049 5345 [alii],sive
3072 5264 3174 5345 qui
3196 5266 3515 5346 septimum

164 5353 412 5429 ρῶσαντες
460 5360 554 5417 τὸν
612 5360 661 5433 ζ’
719 5362 980 5436 ἐνιαυτὸν,
1052 5364 1139 5419 καὶ
1176 5360 1655 5436 ἆναϐαπτιζόμενοι
1698 5384 1716 5417 ε

1966 5375 2096 5420 num
2119 5357 2654 5438 complevere,tum
2679 5355 3029 5437 rebaptizati
3045 5355 3346 5434 judicium
3369 5355 3518 5419 sub-

163 5444 411 5524 θύνονται,
500 5451 592 5507 καὶ
677 5450 854 5516 ἄλλως
947 5453 1357 5533 ἁμαρτήσαντες
1429 5460 1715 5531 τιμωροῦντ

1969 5457 2039 5530 it,
2077 5458 2197 5509 tum
2229 5446 2863 5529 aliterdelinquentes
2885 5445 3224 5527 puniuntur
3258 5464 3272 5507 :
3308 5465 3521 5509 secun-

165 5536 284 5592 κατὰ
323 5541 383 5594 τὸ
446 5537 517 5596 ιδ’
563 5563 681 5622 ne.
727 5553 821 5602 τοῦ
871 5542 969 5616 ις’
1018 5545 1121 5602 τίτ.
1157 5550 1251 5600 τοῦ
1279 5541 1359 5598 λε’
1392 5539 1621 5618 βιϐλίου,
1658 5540 1717 5598 ὅτι

1968 5558 2010 5598 π]
2055 5541 2125 5600 14
2148 5556 2278 5610 cap.
2320 5537 2409 5603 tit.
2448 5537 2521 5601 16
2553 5537 2660 5601 lib.
2694 5554 2867 5611 xxxv,
2902 5536 3061 5618 quod
3093 5536 3190 5598 hic
3225 5537 3400 5598 etiam
3436 5537 3520 5597 in-

163 5624 246 5679 καί
299 5627 519 5688 ἐνταῦθα
578 5633 945 5710 κατεστρώθη,
999 5631 1117 5691 καθ’
1147 5631 1204 5689 ὅν
1236 5631 1299 5702 δὴ
1349 5654 1471 5713 κεφ.
1518 5632 1715 5709 ἑρμηνε

1964 5638 2095 5691 ἰυηι
2126 5635 2242 5694 est.
2278 5628 2624 5691 Secundum
2659 5628 2818 5710 quod
2844 5644 2990 5689 sane
3015 5634 3193 5710 caput
3222 5628 3516 5705 interpre-

162 5714 239 5769 oa't
269 5716 497 5803 ὀφείλεις
534 5722 622 5780 καὶ
678 5724 739 5781 τὸ
798 5721 886 5802 κβ⁹
934 5744 1060 5806 καφ,
1096 5725 1188 5782 τοῦ
1218 5722 1315 5802 μα’
1346 5724 1451 5785 τίτ.
1483 5721 1577 5780 τοῦ
1605 5719 1651 5790 ξ’
1693 5723 1714 5803 β

1963 5719 1985 5783 i
2015 5720 2200 5786 etiam
2231 5719 2424 5786 debes
2454 5718 2531 5785 22
2566 5738 2697 5805 cap.
2732 5719 2823 5785 tit.
2859 5717 2928 5783 41
2971 5717 3077 5783 lib.
3111 5734 3210 5798 ιχ,
3246 5734 3312 5780 ac
3343 5715 3514 5778 illum
