4052 6222
382 308 385 315 ’
484 305 639 373 1063

1676 306 1945 378 PHOTII
1986 306 2515 381 PATRIARCHIE
2552 319 2668 383 GP.
2716 375 2723 379 _

3680 330 3802 400 1064

479 446 861 528 impuberem
884 449 942 508 in
961 440 1091 507 t‘alsi
1114 443 1348 508 crimen
1373 445 1780 509 uouincidere
1801 447 1991 529 dicas,
2016 467 2090 530 qu

2211 446 2369 514 ἳλίου.
2432 451 2532 509 Καὶ
2591 452 2708 507 εἰπὲ
2750 453 2962 509 ἒκιϊνον
3021 457 3114 513 τὸν
3158 456 3359 526 ἅνηϐον
3407 461 3485 537 μὴ
3531 466 3806 524 δποπίπτιιν

480 539 681 601 minor
710 545 939 618 septem
971 553 1267 598 annorum
1316 544 1431 600 est.
1485 534 1828 608 Quinetiam
1876 556 2009 618 cap.
2043 539 2121 601 40

484 628 574 691 tit.
590 629 669 689 37
692 623 798 688 lib.
824 642 904 687 ιχ
920 624 1082 688 hunc
1104 624 1177 686 ad
1197 625 1443 686 modum
1493 625 1918 706 interpretare.
1950 626 2121 700 Quod

478 717 638 781 enim
670 722 802 795 post
832 713 1206 795 pubertatem
1242 717 1441 777 minor
1486 714 1661 776 annis
1690 715 1971 778 adulterii
1999 718 2120 778 cri-

477 807 626 869 mini
656 804 956 867 obnoxius
985 803 1283 878 redditur,
1317 804 1434 866 tale
1482 811 1594 885 est,
1651 805 1811 883 quod
1844 805 2122 868 videlicet

474 903 753 959 teneatur
780 894 884 957 ille
915 895 1015 974 qui
1048 893 1346 971 delinquit
1377 912 1495 956 non
1520 894 1698 957 modo
1720 894 1783 955 in
1805 893 2119 976 impubere

474 994 886 1059 mtate,verum
906 983 1084 1046 etiam
1109 982 1679 1064 postmodumlllud
1705 1002 1880 1064 porro
1901 984 1978 1047 de
1999 985 2115 1048 ali-

475 1074 695 1138 mentis
726 1082 820 1136 est
846 1091 881 1136 a
910 1073 1041 1153 lege
1068 1080 1317 1153 propter
1364 1090 1659 1134 summam
1693 1073 2112 1136 alimentorum

473 1163 894 1227 necessitatem
915 1161 1370 1243 [introductum]
1385 1162 1913 1241 .quemadmodum
1936 1163 2113 1227 etiam

470 1255 670 1335 ipsum
738 1253 808 1314 t4
863 1270 997 1333 cap.
1063 1252 1137 1313 14
1188 1251 1281 1316 tit.
1329 1267 1467 1313 κων
1524 1250 1629 1312 lib.
1683 1251 1829 1314 dicit
1877 1272 1891 1315 :
1955 1251 2113 1332 quod

469 1347 648 1409 etiam
682 1344 821 1406 huic
855 1343 942 1404 tit.
980 1342 1275 1403 insertum
1313 1348 1427 1403 est.
1463 1338 1897 1403 Verumtamen
1929 1341 2107 1417 scias,

469 1435 631 1517 quod
656 1433 802 1496 tales
827 1431 1174 1513 impuberes
1199 1450 1318 1493 non
1342 1439 1404 1492 ut
1433 1429 1767 1503 adulti,sed
1802 1431 2112 1495 moderate

470 1530 823 1608 puniuntur.
859 1523 1106 1595 Quaeras
1159 1539 1300 1584 vero
1353 1519 1458 1584 lib.
1494 1537 1676 1597 xxxv,
1715 1522 1804 1584 tit.
1837 1521 1940 1598 46,
1974 1539 2106 1603 cap.

470 1619 533 1690 l,
566 1615 772 1676 thema
798 1612 889 1675 ult
922 1657 937 1686 ,
974 1620 1032 1675 et
1063 1610 1173 1673 lib.
1204 1627 1305 1682 XL,
1340 1609 1430 1671 tit.
1464 1610 1566 1688 50,
1606 1628 1738 1691 cap.
1771 1610 1870 1686 15,
1907 1611 2111 1674 thema

470 1704 531 1781 2,
566 1712 626 1766 et
654 1703 758 1765 lib.
793 1717 861 1776 Il,
891 1701 982 1761 tit.
1018 1699 1077 1775 3,
1111 1717 1244 1780 cap.
1273 1700 1416 1763 t08.

546 1792 707 1856 CAP.
744 1789 898 1852 XIV.
929 1823 972 1837 -
1041 1788 1304 1864 Quinam
1335 1788 1759 1853 haereticorum
1791 1790 1872 1854 ad
1898 1790 2110 1853 ortho-

2203 545 2280 613 τῷ
2309 539 2613 618 ἐγκλήματι
2643 550 2736 600 τοῦ
2760 539 3002 601 πλαστοῦ
3031 547 3123 603 τὸν
3153 545 3353 615 ἥττονα
3385 559 3477 608 τοῦ
3504 551 3547 624 ζ’
3578 555 3803 614 ὲνιαυτουο

2202 626 2371 720 ’τιλλὰ
2416 627 2508 720 καί
2542 629 2615 720 ab
2674 627 2733 705 μ’
2777 652 2902 711 κεφ,
2948 633 3044 690 τοῦ
3100 632 3184 707 λζ’
3244 638 3353 701 τίτ,
3408 643 3498 696 τοῦ
3552 640 3594 707 ξ’
3634 642 3810 720 βιϐλίου

2203 716 2369 783 οὕτως
2402 718 2745 809 ,ἑρμήνευσον
2777 736 2792 751 ⁶
2841 722 2903 777 τὸ
2948 723 3049 802 γὰρ
3080 726 3220 798 μετὰ
3266 728 3367 793 τὴν
3419 729 3563 809 ὕϐριν
3608 716 3809 791 {tuenst-

2204 810 2322 898 σθει
2365 808 2456 898 τον
2489 806 2606 864 νέον
2641 813 2719 898 τῷ
2749 811 2881 898 ,περὶ
2912 819 3168 892 μοιχείας
3228 806 3559 898 ἐγκλήματι,
3603 824 3814 880 τοιοῦτόν

2202 892 2345 952 ἔστιν
2402 894 2565 973 ἤγουν
2617 897 2681 953 τὸ
2743 896 3027 977 ἐνέχεσθαι
3091 892 3721 982 κῦτὸννπλήμμτλουντα
3766 913 3816 968 οὗ

2201 985 2365 1059 μόνον
2426 984 2480 1040 ἐν
2524 982 2845 1063 ἆνηϐότητι,
2900 987 3040 1046 ἄλλα
3089 993 3186 1050 καί
3245 994 3387 1068 μιτά
3448 1003 3629 1061 ταῦτα.
3672 1001 3736 1056 Τὸ
3773 999 3816 1055 δὲ

2198 1075 2318 1152 περὶ
2379 1079 2486 1130 τῶν
2544 1072 2867 1155 διατροφῶν,
2901 1078 2977 1135 ἔτι
3010 1082 3155 1157 παρὰ
3185 1085 3413 1148 κανόνας
3456 1083 3542 1141 διὰ
3571 1088 3629 1144 τὸ
3670 1087 3816 1164 ἀναγ-

2196 1163 2482 1219 καιότατον
2526 1169 2631 1220 τῶν
2663 1161 2986 1243 διατροφῶν,
3024 1171 3201 1233 καθὼς
3233 1172 3327 1227 καὶ
3369 1172 3497 1228 αὖτὸ
3530 1174 3591 1228 τὸ
3622 1170 3682 1229 ιδ’
3711 1161 3814 1253 acip.

2198 1258 2288 1310 τοῦ
2318 1249 2383 1307 ιδ’
2424 1254 2519 1313 τίτ.
2552 1258 2646 1309 τοῦ
2676 1251 2763 1328 μδ’
2807 1253 3017 1331 βιϐλίου
3077 1260 3258 1338 φησὶν,
3325 1258 3457 1338 ὅπερ
3501 1249 3815 1339 κατεστρώθη

2193 1341 2436 1401 ἐνταῦθα.
2492 1339 2639 1410 Πλὴν
2702 1343 2930 1421 γίνωσκε
2993 1346 3073 1403 ὅτι
3134 1350 3181 1404 oI
3240 1358 3475 1408 τοιοῦτοι
3534 1348 3719 1418 ἄνηϐοι
3765 1356 3816 1410 οὗ

2191 1429 2509 1502 κολάζονται
2580 1433 2652 1496 ὡς
2699 1435 2742 1487 οἳ
2793 1433 3015 1511 τέλειοι,
3060 1436 3201 1493 ἀλλὰ
3252 1440 3481 1517 μετρίως
3534 1440 3811 1517 τιμωροῦν-

2190 1542 2301 1583 ται.
2346 1521 2444 1579 Καὶ
2494 1522 2644 1592 ζήτει
2697 1519 2902 1598 βιϐλίον
2946 1523 3051 1599 λε’,
3105 1525 3211 1585 τίτ.
3247 1525 3370 1607 ις’,
3408 1548 3536 1608 κεφ,
3580 1528 3654 1601 α’,
3696 1528 3814 1604 θέμα

2192 1609 2527 1690 τελευταῖον,
2572 1612 2659 1698 καὶ
2701 1610 2904 1689 βιϐλίον
2937 1612 3008 1694 ξ’,
3061 1615 3166 1679 τίτ,
3202 1615 3272 1690 ν’,
3307 1638 3434 1698 κεφ.
3470 1617 3566 1693 ιε’,
3594 1617 3723 1693 θέμα
3748 1618 3812 1695 β’,

2192 1701 2279 1757 καὶ
2307 1698 2511 1777 βιϐλίον
2540 1697 2617 1776 β’,
2650 1702 2754 1761 τίτ.
2791 1702 2870 1783 γ’,
2902 1725 3026 1784 κεφ.
3062 1703 3177 1783 ρη’.

2273 1795 2525 1852 ΚΕΦΑΔ.
2560 1789 2678 1849 IA'.
2714 1825 2789 1836 —
2821 1793 2969 1857 Τίνες
3030 1792 3081 1859 ἐξ
3142 1796 3419 1873 αἱρετικῶν
3478 1798 3557 1859 εἰς
3611 1797 3707 1864 τὴν
3733 1800 3813 1876 ὁρ-

461 1882 687 1946 doxam
716 1881 890 1961 ﬁdem
916 1858 1308 1943 transeuntes
1334 1879 1743 1959 baptizentur,
1775 1885 1831 1942 et
1852 1881 2090 1960 quinam

2211 1876 2424 1945 loSoEluv
2491 1880 2765 1957 μετιόντες
2832 1858 3209 1962 βαπτίζονται,
3283 1887 3373 1943 καὶ
3450 1886 3595 1950 τίνες
3672 1858 3812 1962 μόνθς

463 1969 878 2035 tantummodo
905 1974 1245 2049 uagantur.

540 2059 797 2126 Concilii
846 2057 1069 2120 Nicmni
1125 2075 1320 2120 canon
1358 2055 1468 2138 19;
1506 2055 1750 2120 concilii
1778 2055 2103 2122 Laodiceni

2189 1968 2458 2049 χρίονται.

2266 2056 2494 2117 Συνόδου
2539 2060 2760 2123 Νικαίας
2832 2062 3009 2119 κανὼν
3069 2063 3134 2119 ιϐ’
3173 2079 3187 2094 ·
3254 2064 3480 2125 συνόδου
3527 2064 3813 2130 Λαοδικείας

458 2168 651 2215 canon
677 2151 741 2225 7,
773 2149 813 2212 8
839 2168 855 2227 ;
886 2145 1128 2210 concilii
1158 2146 1803 2226 Constantinopolitani
1828 2164 2021 2209 canon
2043 2149 2076 2209 7
2085 2171 2090 2224 ς

2211 2149 2361 2205 ια-ιὼν
2399 2147 2471 2221 ζ’,
2516 2146 2571 2216 η’
2608 2164 2623 2179 ⁸
2699 2148 2919 2207 συνόδου
2984 2154 3609 2219 Κωνσταντινουτιόλιως
3660 2156 3816 2213 κανὼν

458 2238 701 2303 concilii
726 2235 880 2301 sexti
910 2255 1107 2299 canon
1151 2235 1266 2312 95;
1319 2235 1564 2298 concilii
1594 2234 1823 2298 Nicaeni
1848 2236 2090 2299 secundi

2214 2235 2229 2261 ²
2265 2256 2279 2272 °
2337 2235 2552 2298 συνόδου
2596 2237 2675 2313 ς’
2719 2240 2900 2297 κανὼν
2946 2239 3036 2318 4ἐ’
3069 2258 3083 2273 ⁸
3133 2243 3351 2302 συνόδου
3395 2248 3626 2309 Νικαίας
3666 2246 3722 2301 τὸ
3770 2245 3813 2321 β’

454 2347 651 2393 canon
689 2328 801 2405 18;
837 2326 1045 2391 Basilii
1075 2343 1269 2390 canon
1298 2325 1402 2390 47.

531 2418 699 2483 CAP.
734 2416 861 2481 XV.
894 2452 974 2464 --
1005 2415 1315 2491 Quomodo
1344 2416 1622 2478 daemone
1660 2415 1955 2491 obsessus,
1987 2424 2095 2481 aut

342 2512 347 2517 “
452 2511 521 2571 in
550 2507 763 2571 morbo
793 2514 986 2570 mente
1015 2513 1253 2587 captus,
1290 2504 1651 2586 baptizatur.

530 2596 832 2660 Timothei
863 2614 1053 2659 canon
1082 2596 1144 2670 2,
1177 2598 1240 2656 4.

528 2688 702 2752 CAP.
735 2685 892 2752 XVI.
925 2719 1006 2732 —
1036 2685 1211 2760 Quod
1269 2701 1392 2748 non
1419 2685 1742 2749 conveniat
1771 2686 2091 2749 mulierem

450 2785 720 2861 tempore
749 2776 1143 2860 purgationis
1172 2793 1299 2838 suae
1326 2774 1666 2856 baptizari.

526 2955 833 3020 Timothei
863 2973 1056 3018 canon
1083 2958 1147 3020 6.

525 3046 689 3111 CAP.
720 3045 883 3109 XVII
912 3078 985 3091 -—
1015 3045 1091 3110 Si
1142 3045 1252 3125 qui
1298 3045 1366 3107 in
1423 3041 1543 3123 ﬁde
1573 3043 1921 3106 instituitur
1946 3049 2087 3109 ante

444 3134 816 3218 baptismum
846 3134 1415 3197 communicave-rit.

522 3224 829 3290 Timothei
860 3240 1051 3288 canon
1088 3227 1146 3289 t.

2179 2328 2356 2384 κανὼν
2390 2327 2469 2394 ιη’
2504 2370 2521 2388 .
2554 2327 2837 2387 Βασιλείου
2864 2331 3042 2388 κανὼν
3075 2331 3166 2408 μζ⁹

2260 2423 2511 2479 ΚΕΦΑΛ.
2561 2416 2679 2483 ΙΕ¹.
2753 2449 2829 2463 -—
2892 2422 3014 2485 Πῶς
3074 2422 3102 2476 ὁ
3155 2419 3629 2501 δαιμονιζόμενος,
3693 2423 3808 2491 ἢόν

2177 2507 2318 2581 νόσῳ
2346 2512 2726 2586 παραφρονῶν,
2761 2508 3097 2584 βαπτίζεται.

2262 2594 2517 2671 Τιμοθέου
2549 2597 2726 2654 κανὼν
2752 2594 2831 2673 β’,
2866 2595 2940 2658 δ’.

2256 2686 2508 2745 ΚΕΦΛΛ.
2556 2683 2682 2758 ις’,
2730 2716 2809 2729 -
2862 2687 2986 2765 Περὶ
3043 2694 3136 2745 τοῦ
3194 2690 3274 2765 μὴ
3313 2696 3521 2770 χρῆναι
3567 2708 3805 2771 γυναῖκας

2173 2773 2227 2831 ἓν
2283 2785 2407 2836 ταῖς
2494 2773 2719 2852 ἡμέραις
2788 2780 2886 2843 τῆς
2961 2778 3272 2858 καθάρσεως
3362 2782 3544 2838 αὐτῶν
3621 2784 3802 2859 βαπτι-

2170 2869 2380 2933 σθῆναι.

2250 2952 2508 3029 Τιμοθέου
2538 2955 2711 3012 κανὼν
2743 2955 2848 3029 ς’,

2255 3046 2504 3103 ΚΕΦΑΛ.
2557 3040 2664 3105 ΙΖ’.
2710 3077 2791 3089 —-
2834 3044 2961 3104 Ἐὰν
3022 3048 3049 3102 ὁ
3106 3049 3530 3128 κατηχούμενος
3573 3053 3674 3131 πρὸ
3724 3057 3803 3107 τοῦ

2098 3148 2143 3202 c
2164 3132 2533 3212 βαπτίσματος
2564 3135 2894 3213 κοινωνήσῃ,

2250 3220 2506 3300 Τιμοθέου
2538 3223 2712 3281 κανὼν
2743 3222 2820 3287 α’.

441 3494 2957 3535 M

1809 3685 2211 3775 ΤΙΤΛΟΣ
2282 3688 2349 3775 Ε

2355 3654 2373 3683 I

546 3923 698 3976 ΠΕΡΙ
742 3924 876 3977 ΤΩΝ
925 3908 1559 3972 ΚΑΤᾹΦΡΟΝΟΥΝΤΩΝ
1605 3919 1739 3969 ΤΩΝ
1787 3913 2185 3968 ΕΚΚΑΗΣΙΩΝ
2232 3907 2348 3971 ΚΑΙ
2400 3913 2799 3992 ΣΥΝΑΞΕΩΝ,
2850 3918 2963 3971 ΚΑΙ
3008 3918 3328 3992 ΜΝΠΜΩΝ,
3379 3926 3495 3976 ΚΑἷ
3550 3928 3683 3978 ΤΩΝ

1277 4002 1792 4081 ΕΣΘῐΟΝΤΩΝέΕΝ
1838 4002 2254 4058 ΕΚΚΑΗΣΙΑΙΣ
2302 4004 2415 4058 ΚΑΙ
2465 4005 2618 4058 ΠΕΡΙ
2662 4007 2960 4065 ΑΓΑΠΩΝ.

1667 4319 2053 4395 TITULUS
2127 4320 2544 4408 QUINTUS-

422 4516 522 4582 DE
566 4516 662 4582 IIS
707 4513 835 4591 QUI
875 4511 1302 4589 ECCLESIAS,
1351 4508 1610 4577 C(ETUS
1652 4507 1901 4585 ATQUE
1945 4506 2343 4573 MEMORIAS
2387 4505 2920 4593 CONTEMNUNT,
2972 4509 3067 4577 ET
3122 4512 3251 4587 QUI
3302 4513 3382 4579 IN
3440 4512 3788 4581 ECGLESIA

1022 4602 1446 4680 COMEDUNT,
1492 4603 1586 4666 ET
1628 4602 1729 4666 DE
1774 4596 2150 4665 CONVIVIIS
2191 4597 2665 4665 PAUPERIBUS
2706 4598 3185 4669 EXHIBENDIS.

504 4785 753 4853 CAPUT
786 4783 1098 4852 PRIMUM.
1132 4816 1198 4833 —-
1219 4783 1305 4846 De
1333 4781 1429 4845 his
1448 4781 1557 4861 qui
1582 4779 1797 4843 docent
1823 4779 2066 4843 domum

2235 4784 2486 4838 ΚΕΦΑΛ.
2537 4779 2624 4842 Λ’.
2670 4807 2747 4824 ·-
2796 4783 2919 4861 Περὶ
2963 4786 3068 4840 τῶν
3111 4781 3473 4842 διδασκόντων
3519 4787 3617 4843 τὸν
3647 4787 3791 4845 οἶκον

424 4877 558 4955 Dei,
594 4888 797 4960 catus,
830 4884 888 4941 et
919 4874 1241 4939 memorias
1275 4869 1426 4941 [res]
1450 4865 1923 4950 contemptibiles
1954 4867 2068 4942 [es-

2211 4875 2244 4925 t‘i
2289 4868 2443 4950 Θεοῦ,
2517 4870 2606 4926 καὶ
2676 4870 2771 4935 τὰς
2844 4870 3108 4948 συνάξεις,
3156 4875 3378 4940 καὶτὰς
3421 4877 3653 4953 μνήμας
3707 4880 3790 4935 εὖ·

400 4971 540 5041 ⁷δε.]
2006 5032 2012 5038 .

502 5056 756 5120 Coucilii
785 5055 1152 5137 Gangrensis
1183 5070 1375 5116 canon
1407 5050 1463 5127 5,
1488 5050 1605 5122 l9;
1641 5046 1881 5111 concilii
1911 5047 2063 5109 sexti

422 5163 621 5209 canon
650 5146 757 5222 76,
782 5147 885 5224 88,
918 5147 1023 5212 97.

499 5233 662 5298 CAP.
701 5233 774 5299 II.
810 5270 884 5281 —
915 5235 1008 5299 Ne
1032 5232 1401 5316 pauperibus
1433 5237 1499 5296 in
1544 5228 1818 5297 ecclesiis
1848 5229 2062 5291 convi-

416 5325 519 5388 via
547 5323 980 5401 emhibeantur,
1016 5342 1209 5405 neque
1234 5325 1302 5387 in
1329 5324 1408 5386 iis
1437 5322 1809 5387 concedatur.

498 5412 750 5477 Concilii
771 5413 1095 5478 Laodiceni
1126 5433 1317 5477 canon
1346 5413 1449 5491 Q8;
1480 5410 1718 5476 concilii
1743 5407 2052 5488 Carthagi-

2149 4958 2610 5040 καταφρονῆτους,

2229 5045 2457 5105 Συνόδου
2500 5053 2759 5128 Γαγγρῶν
2802 5052 2981 5108 κανὼν
3012 5050 3080 5125 τ’,
3118 5051 3186 5109 ιθ⁹
3225 5071 3237 5085 ’
3293 5051 3513 5110 συνόδου
3555 5055 3642 5129 ς’
3693 5077 3789 5112 κα-

2147 5137 2249 5195 νὼν
2280 5134 2417 5213 ος,
2449 5134 2575 5211 πη⁹,
2610 5136 2727 5216 4ζ’.

2228 5232 2480 5289 ΚΕΦΑΛ.
2530 5227 2621 5290 Β’.
2669 5261 2741 5275 -—
2798 5232 2927 5309 Περὶ
2983 5240 3077 5290 τοῦ
3135 5232 3215 5308 μὴ
3264 5245 3440 5291 ποιεῖν
3499 5232 3553 5290 ἦν
3586 5231 3788 5299 ἐκκλη-

2147 5321 2234 5393 σίᾳ
2267 5317 2505 5397 ἀγάπας,
2538 5320 2629 5376 καὶ
2659 5318 2712 5378 ὲν
2746 5319 2880 5394 αὒτῇ
2914 5320 3132 5383 ἐσθίειν.

2217 5404 2449 5464 Συνόδου
2480 5405 2796 5474 Λαοδικείας
2852 5411 3030 5468 κανὼν
3059 5410 3151 5478 κη’
3187 5430 3202 5444 ’
3237 5410 3454 5470 συνόδου
3507 5414 3783 5492 Καρθατὲ-

413 5504 620 5568 nensis
646 5522 839 5567 canon
861 5503 965 5584 42;
1000 5504 1240 5567 concilii
1269 5503 1421 5566 sexti
1454 5521 1644 5566 canon
1675 5502 1776 5581 '14,
1817 5497 1915 5575 76,
1947 5498 2049 5563 97.

2211 5521 2234 5564 ς
2263 5497 2440 5555 κανὼν
2473 5495 2568 5575 μβ’
2604 5515 2618 5530 ·
2653 5496 2871 5558 συνόδου
2899 5496 2980 5574 ς”
3004 5500 3181 5557 κανὼν
3212 5499 3315 5575 οδ’,
3351 5500 3486 5577 OQ",
3521 5502 3642 5577 ιζ’.

496 5596 740 5659 Textus.
774 5593 851 5658 Et
885 5600 1075 5657 const.
1130 5595 1167 5656 3
1212 5596 1303 5654 tit.
1360 5593 1435 5653 12
1480 5592 1589 5655 lib.
1633 5589 1832 5654 ICod.
1869 5594 2047 5666 vetat,

408 5691 557 5766 otc.,
589 5701 783 5765 usque
812 5682 895 5747 ad
925 5691 986 5746 et
1010 5680 1206 5744 hostis
1237 5680 1481 5761 degant,
1514 5686 1582 5743 ut
1614 5696 1757 5760 pag.
1805 5677 1948 5743 63!.

2218 5590 2495 5664 Κείμενον.
2547 5589 2646 5647 Καὶ
2689 5591 2722 5657 ἡ
2775 5587 2827 5669 γ’
2881 5586 3025 5651 διάτ.
3058 5598 3152 5647 τοῦ
3183 5589 3254 5669 ιβ’
3284 5594 3418 5667 τίτ.,
3450 5601 3541 5650 τοῦ
3590 5590 3646 5649 α’
3689 5595 3776 5671 βι-

2133 5676 2284 5739 ϐλίου
2311 5682 2407 5735 τοῦ
2439 5674 2765 5758 Κώδικος,κ.
2795 5701 2851 5747 τ,
2875 5677 2958 5762 λ.,
2983 5682 3176 5763 usque
3205 5680 3280 5744 ad
3304 5683 3392 5741 καὶ
3421 5694 3639 5759 στοαῖς,
3687 5685 3774 5740 καὶ

2135 5767 2404 5849 λούτροις,
2437 5768 2527 5829 καὶ
2555 5769 2779 5843 κήποις.
