4052 6222
503 345 648 416 1071

499 587 790 646 stolorum
825 583 988 645 Petri
1023 591 1082 644 et
1104 582 1270 644 Pauli
1306 584 1803 646 celebrationem.

574 673 722 736 Item
758 671 1128 748 tricesimus,
1164 685 1414 753 propter
1445 673 1768 736 duodecim
1801 671 2142 752 [Apostolo-

495 781 627 823 rum
661 761 1193 832 celebrationem]

577 849 722 913 Item
757 853 1078 913 vicesimus
1110 853 1356 932 quintus
1402 850 1570 923 Julii,
1631 861 1878 934 propter
1921 859 2143 913 sancta:

492 942 709 1015 Annua,
743 940 948 1003 Matris
980 940 1087 1002 Dei
1139 940 1485 1013 Genitricis,
1522 940 2058 1004 obdormitionem.

573 1031 717 1092 Item
749 1038 953 1092 sextus
983 1031 1264 1112 Augusti,
1314 1040 1560 1111 propter
1588 1031 1919 1094 Servatoris
1955 1033 2142 1092 nostri

491 1123 524 1184 J
530 1139 636 1183 esu
670 1119 891 1183 Christi
920 1118 1566 1182 Transformationem.

574 1209 721 1272 Item
755 1228 972 1286 nonus,
1006 1219 1253 1291 propter
1272 1209 1633 1273 memoriam
1656 1211 1847 1272 sancti
1878 1210 2140 1275 Matthite

491 1300 771 1382 apostoli.

570 1390 719 1452 Item
748 1390 1019 1452 decimus
1049 1389 1322 1467 quintus,
1356 1397 1606 1471 propter
1635 1390 1960 1470 gloriosam
1995 1408 2138 1452 san-

491 1489 600 1542 cla;
623 1479 733 1542 Dei
762 1479 1082 1544 Genitricis
1112 1479 1596 1559 emigrationem.

567 1570 716 1633 Item
799 1569 1125 1631 vicesimus
1179 1578 1425 1650 propter
1508 1568 1863 1631 memoriam
1947 1570 2137 1630 sancti

489 1659 780 1724 Thaddaai
812 1660 1089 1741 apostoli.

570 1752 722 1814 Item
757 1750 1079 1813 vicesimus
1111 1757 1383 1830 quartus,
1438 1757 1682 1831 prOpter
1724 1749 2140 1812 Bartholomaei

491 1840 745 1921 apostoli
781 1840 1200 1918 [memoriam].

567 1931 718 1993 Item
751 1929 1283 2005 undetricesimus,
1320 1937 1565 2010 propter
1593 1927 1955 1990 venerabilis
1981 1927 2138 1992 Prae-

489 2020 759 2082 cursoris
787 2018 1292 2082 Decollationem.

569 2109 747 2172 Hisce
779 2108 1026 2170 omnino
1061 2107 1289 2170 feriatis
1325 2107 1587 2182 [diebus]
1613 2107 2138 2168 connumerabun-

487 2207 583 2261 tur
619 2199 970 2261 medietates
997 2197 1534 2279 quadragesimalis
1571 2196 1792 2276 jejuuii
1825 2210 1885 2258 et
1912 2200 2134 2260 Pente-

485 2298 686 2361 costaa,
724 2287 892 2371 [tum]
930 2290 1105 2350 etiam
1139 2286 1473 2350 Servatoris
1503 2285 1881 2366 Assumptio,
1919 2295 1978 2347 et
2008 2306 2132 2348 om-

483 2396 592 2440 nes
626 2380 803 2440 totius
862 2378 1008 2440 anni
1065 2377 1366 2439 Dominici
1400 2377 1555 2457 dies,
1595 2384 1658 2437 ut
1689 2376 1750 2436 in
1783 2375 1906 2436 illis
1936 2377 2134 2438 omnis

479 2468 542 2529 in
568 2467 865 2546 judicium
899 2468 1098 2528 aditus
1157 2466 1584 2546 praecludatur,
1631 2483 1700 2526 ac
1755 2483 1933 2526 nemo
1959 2465 2135 2544 judi-

485 2557 646 2619 cium
696 2557 988 2634 judiciale
1047 2555 1329 2635 quiddam
1387 2555 1586 2618 faciat.
1644 2556 1803 2616 Sane
1854 2571 1998 2615 vero
2027 2554 2130 2635 qui

487 2645 670 2727 [dies]
699 2663 772 2707 ex
817 2654 982 2726 parte
1031 2644 1328 2724 judicium
1380 2643 1617 2718 sistent,
1657 2661 1852 2724 neque
1882 2643 1984 2704 toti
2022 2643 2129 2724 (uti

480 2744 656 2798 antea
677 2735 963 2817 diximus)
993 2734 1188 2797 feriati
1220 2741 1420 2808 erunt,
1454 2734 1513 2794 hi
1551 2741 1754 2795 sunto.

565 3004 790 3068 Mensis
821 3001 1199 3082 Septembris
1232 3008 1461 3080 sextus,
1514 2999 1800 3081 quoniam
1857 3009 1997 3062 tunc
2026 3019 2134 3082 per

483 3095 869 3156 infundibula
924 3093 1144 3154 summi
1204 3092 1374 3154 ducis
1424 3090 1741 3154 Michaelis
1777 3089 2131 3152 miraculum

490 3185 830 3264 prodigiose
864 3182 1189 3263 peragitur.

569 3275 714 3336 Item
742 3272 1060 3334 vicesimus
1093 3271 1301 3332 tertius
1332 3267 1630 3345 Octobris,
1683 3268 1965 3350 quoniam
1998 3287 2132 3331 me-

490 3362 740 3423 moriam
775 3362 978 3424 fratris
1006 3361 1110 3424 Dei
1148 3359 1359 3423 Jacobi
1392 3357 1791 3423 celebramus.

570 3454 718 3514 Item
784 3451 1100 3513 vicesimus
1158 3460 1384 3529 sextus,
1447 3454 1585 3528 quia
1635 3467 1909 3528 magnum
1963 3448 2131 3510 illum

489 3550 809 3621 martyrem
843 3552 902 3603 et
925 3549 1229 3619 unguento
1255 3544 1686 3601 scaturientem
1721 3537 2009 3600 festiviter
2036 3557 2132 3601 ve-

487 3649 773 3693 neramur
807 3630 1196 3692 Demetrium.

566 3717 712 3779 Item
749 3718 977 3799 primus
1013 3715 1394 3790 Novembris,
1451 3715 1607 3794 quod
1661 3713 2008 3778 miraculosi
2041 3715 2127 3778 illi

487 3826 807 3888 pauperes,
842 3810 1089 3871 Cosmas
1121 3817 1178 3868 et
1209 3804 1535 3868 Damianus
1585 3805 1795 3866 festive
1825 3806 2122 3866 colantur.

565 3897 711 3958 Item
739 3905 1005 3971 octavus,
1039 3895 1197 3976 quod
1229 3903 1560 3956 conventus
1583 3893 2005 3955 defunctorum
2033 3913 2129 3957 ce-

479 3985 775 4048 lebretur.

565 4077 712 4137 Item
747 4071 1483 4154 duodetricesimus,quod
1513 4078 1754 4134 sanctus
1787 4071 2130 4154 Stephanus

485 4174 709 4246 martyr
731 4164 940 4244 junior
970 4165 1337 4226 celebretur.

564 4253 710 4315 Item
745 4262 993 4334 quartus
1042 4252 1416 4329 Decembris,
1455 4253 1515 4315 in
1550 4253 1842 4315 honorem
1875 4254 2130 4333 egregias

485 4348 766 4422 martyris
798 4342 1097 4406 Barbarae.

563 4430 708 4492 Item
767 4440 992 4510 sextus,
1044 4434 1105 4494 in
1169 4433 1460 4496 honorem
1523 4431 1826 4494 miraculis
1865 4430 2126 4496 celebris

483 4530 911 4604 unguentoque
943 4522 1328 4584 scaturientis
1359 4523 1616 4585 Nicolai.

561 4610 707 4672 Item
743 4613 1015 4674 decimus
1043 4611 1336 4688 Januarii,
1366 4613 1424 4673 in
1452 4614 1738 4674 honorem
1773 4611 1958 4673 divini
1981 4610 2124 4676 Gre.

479 4699 630 4780 gorii
661 4698 935 4782 Nysseni.

560 4790 704 4852 Item
726 4791 1001 4853 decimus
1015 4797 1494 4870 sextus,pr0pter
1507 4788 1932 4852 Adorationem
1948 4807 2124 4854 vene-

1679 333 1942 411 PHOTII
1987 334 2503 412 PATRIARCHE
2545 339 2660 413 GP.

579 497 727 558 Item
757 491 1286 568 undetricesimus,
1323 499 1566 574 prOpter
1624 493 1968 574 principum
2003 511 2142 574 apo-
2166 501 2202 551 Α

3717 336 3870 413 1072

2309 495 2374 553 Ἠ
2407 495 2490 554 κθ’
2519 496 2606 554 διὰ
2636 497 2737 566 τὴν
2767 498 2854 553 ἱεπῖ
2883 509 3004 562 τοῖς
3055 499 3361 581 κορυφαίοις
3414 507 3518 557 τῶν
3551 499 3870 557 ἀποστόλων

2227 584 2427 663 Πέτρου
2458 587 2544 642 καὶ
2577 585 2783 642 Παύλου
2814 587 3136 666 πανήγυριν.

2310 671 2407 732 Καὶ
2438 677 2472 743 ἡ
2504 674 2554 730 λ’
2584 674 2670 736 διά
2704 677 2801 743 τὴν
2830 675 2918 733 ἐπὶ
2946 689 3065 743 τοῖς
3097 675 3194 754 ιβ’.

2306 849 2372 908 Ἠ
2417 850 2524 926 κε’,
2561 858 2654 910 τού
2684 850 2908 910 ⁹ὶουλίοι»
2937 851 3023 911 διὰ
3049 856 3152 924 τὴν
3187 861 3287 927 τῆς
3330 856 3486 936 ἆγίας
3534 857 3738 926 Ἀννης
3767 862 3866 924 τῆς

2225 943 2432 1018 μητρὸς
2461 946 2561 1009 τῆς
2593 943 2936 1018 Θεομήτορος
2967 945 3246 1020 κοίμησιν.

2304 1029 2370 1086 Ἠ
2415 1030 2492 1104 ς
2535 1037 2629 1086 τοῦ
2674 1030 2976 1109 Αὐγούστου
3018 1031 3104 1091 διὰ
3131 1035 3231 1102 τὴν
3273 1041 3367 1092 τοῦ
3409 1034 3666 1114 Σωτῆρος
3709 1035 3867 1109 ἡμῶν

2226 1117 2405 1186 Ἰησοῦ
2433 1119 2661 1192 Χριστοῦ
2693 1121 3132 1201 μεταμόρφωσιν.

2304 1207 2369 1265 Ἦ
2412 1208 2460 1266 θ’
2502 1207 2588 1265 διὰ
2628 1211 2730 1277 τὴν
2773 1210 2998 1286 μνήμην
3040 1221 3135 1272 τοῦ
3171 1213 3326 1293 ἁγίου
3357 1211 3662 1271 ἀποστόλου
3709 1218 3868 1268 Πατ-

2219 1298 2392 1359 θαίυυ.

2302 1385 2367 1443 Ἦ
2413 1386 2479 1443 ιε’
2513 1385 2600 1443 διὰ
2668 1387 2767 1455 τὴν
2836 1388 3182 1468 ὑπιρένδοξον
3240 1397 3340 1460 τῆς
3383 1392 3540 1471 ἁγίας
3600 1391 3871 1448 Osculum

2222 1477 2575 1552 μετάστασιν.

2300 1565 2368 1623 Ἠ
2397 1565 2451 1622 κ’
2483 1565 2568 1624 διὰ
2596 1567 2694 1635 τὴν
2735 1568 2961 1643 μνήμην
3018 1575 3110 1626 τοῦ
3161 1569 3312 1648 ἁγίου
3370 1567 3677 1628 ἀποστόλου
3737 1568 3871 1627 Θαδ-

2220 1653 2390 1719 δαίου.

2302 1745 2368 1802 Ἥ
2399 1743 2479 1801 κδ’
2511 1743 2598 1802 διὰ
2625 1745 2723 1814 τὴν
2755 1755 2847 1806 τοῦ
2871 1745 3175 1805 ἀποστόλου
3205 1747 3629 1828 Βαρθολομαίου.

2302 1925 2400 1983 Καὶ
2427 1926 2464 1994 ἦ
2495 1922 2577 1982 κθ’
2609 1923 2693 1981 διὰ
2722 1924 2820 1993 τὴν
2863 1934 2958 1985 τοῦ
3000 1928 3181 2003 τιμίου
3211 1925 3519 2007 Προδρόμου
3548 1927 3871 2003 ἀποτομήν,

2299 2105 2527 2166 Ταύταις
2571 2105 2644 2167 ὡς
2702 2103 2886 2161 τέλεον
2957 2105 3249 2183 ἀπράκτοις
3313 2102 3868 2175 συνεξετασθήσονται

2218 2195 2306 2251 καὶ
2350 2197 2399 2250 αἱ
2457 2195 2754 2267 μεσότητες
2823 2199 2920 2261 τῆς
2976 2193 3549 2274 τεσσαρακονθημέρου
3607 2198 3870 2262 νηστείας

2214 2285 2302 2341 καὶ
2359 2289 2458 2351 τῆς
2490 2288 2896 2358 Πεντηκοστῆς,
2947 2283 3040 2339 καί
3083 2285 3117 2352 ἡ
3147 2292 3242 2342 τοῦ
3274 2285 3528 2362 Σωτῆρος
3562 2285 3874 2366 ἀνάληψις³

2214 2374 2301 2430 καὶ
2348 2376 2399 2429 αἱ
2457 2379 2624 2429 πᾶσαι
2669 2379 2776 2429 τῶν
2819 2373 2875 2430 ἰν
2916 2380 2992 2447 τῷ
3051 2373 3276 2448 ἐνιαυτῷ
3329 2375 3549 2452 ἡμερῶν
3599 2377 3871 2452 κυριὼνυ-

2214 2487 2337 2544 μαι,
2368 2466 2440 2529 ὡς
2471 2462 2524 2520 ἒν
2556 2463 2746 2527 αὒτατς
2799 2463 3217 2523 ἀποκεκλεῖσθαι
3263 2471 3440 2522 πᾶσαν
3499 2464 3737 2544 πὶροδον
3796 2468 3876 2528 εἷς

2214 2556 2274 2611 τὸ
2332 2553 2698 2634 δικαστήριον³
2757 2553 2856 2611 καί
2915 2553 3084 2629 μηδὲν
3135 2577 3186 2612 τι
3236 2553 3443 2628 μηδένα
3488 2558 3598 2611 τῶν
3627 2553 3874 2628 δικάζειν

2215 2641 2498 2722 λαχόντων
2556 2641 2864 2700 δικαστικὸν
2916 2641 3351 2721 διαπράττεσθαι,
3385 2643 3443 2700 αἲ
3474 2666 3538 2722 γε
3584 2645 3702 2719 μὴν
3763 2649 3874 2701 τῶν

2215 2731 2568 2810 δικαστηρίων
2627 2731 2734 2788 ἀπὸ
2787 2731 2982 2808 μέρους
3040 2733 3402 2813 σχολάζουσαι
3471 2733 3564 2790 καὶ
3611 2735 3697 2808 μὴ
3747 2736 3872 2790 καθ’

2214 2820 2514 2900 ὁλόκληρον
2568 2823 2641 2888 ὡς
2683 2821 3091 2902 προειλήφαμεν
3139 2822 3584 2902 ἀπρακτήσουσαι
3627 2826 3744 2879 εἷεν
3809 2824 3876 2879 ἂν

2216 2911 2391 2970 αὗταί.

2297 2999 2360 3058 Ἦ
2388 2997 2468 3074 ς’*
2510 3006 2603 3057 τοῦ
2646 2997 3011 3079 Σεπτεμϐρίου
3055 3000 3226 3077 μηνὸς
3271 2998 3350 3057 ὅτι
3401 2999 3458 3056 ἐν
3518 3002 3658 3078 αὐτῇ
3718 3003 3784 3058 τὸ
3817 3002 3873 3058 ἰν

2217 3090 2420 3152 Χώνοις
2476 3095 2570 3146 τοῦ
2628 3089 3071 3170 ἀρχιστρατήγου
3137 3089 3364 3171 Μιχαὴλ
3407 3092 3588 3166 θαῦμα
3633 3111 3872 3172 τετερα-

2150 3209 2193 3264 α
2213 3183 2526 3260 τούργηται.

2294 3270 2359 3328 Ἦ
2389 3269 2476 3349 κγ’
2507 3277 2603 3328 τοῦ
2633 3267 2982 3349 Ὀκτωὸρίου,
3016 3269 3099 3329 ὅτι
3129 3271 3230 3339 τὴν
3277 3271 3505 3348 μνήμην
3559 3276 3657 3328 τοῦ
3701 3269 3872 3328 ἀδελ-

2214 3360 2401 3440 φοθέου
2432 3357 2690 3417 Ἰακώϐοο
2717 3361 2999 3438 τελοῦμεν.

2293 3446 2358 3505 Ἦ
2420 3446 2532 3523 κς”’
2575 3448 2656 3506 ὅτι
2707 3449 2800 3506 τόν
2843 3449 3296 3529 μεγαλομάρτυρα
3353 3450 3442 3507 καὶ
3517 3446 3875 3529 μυρόϐλητον

2217 3539 2529 3615 Δημήτριον
2559 3539 2883 3616 ἑορτάζομεν
2896 3585 2912 3607 ,

2293 3713 2358 3774 Ἦ
2391 3713 2442 3773 α’
2472 3719 2565 3774 τοῦ
2621 3714 2916 3794 Νοεμϐρίου
2973 3715 3059 3776 διὰ
3105 3719 3168 3775 τὸ
3237 3716 3360 3781 τοὺς
3417 3718 3875 3796 θαυματουργοὺς

2211 3809 2300 3864 καὶ
2329 3807 2650 3885 ὰναργύρους
2686 3813 2928 3884 Κοσμᾶν,
2961 3806 3060 3864 καί
3094 3807 3366 3883 Δαμιανὸν
3397 3807 3778 3883 ἑορτάζεσθαι,

2289 3893 2354 3952 Ἦ
2383 3897 2418 3963 ἠ
2447 3894 2532 3952 διὰ
2560 3896 2655 3964 τὴν
2686 3896 2897 3962 σύναξιο
2925 3901 3032 3954 τῶν
3065 3895 3372 3972 ἀσωμάτων
3400 3895 3708 3958 τελεῖσθαι.

2293 3983 2399 4043 Καί
2433 3986 2466 4052 ἡ
2510 3984 2602 4052 κη’
2646 3981 2728 4040 διὰ
2767 3985 2828 4041 τὸ
2873 3985 2962 4042 τὸν
3021 3983 3387 4064 δσιομάρτυρα
3444 3983 3727 4064 Στᾶφανον
3775 3988 3876 4041 τὸν

2210 4073 2325 4131 νέον
2357 4072 2830 4152 πανηγυρίζεσθαι.

2292 4252 2356 4310 Ἦ
2383 4249 2428 4309 δ’
2458 4260 2552 4312 τοῦ
2585 4249 2909 4331 Δεκεμϐρίου
2963 4249 3048 4308 διὰ
3104 4252 3204 4318 τὴν
3258 4249 3669 4332 καλλιμάρτυρα
3714 4260 3876 4333 Βαρ-

2209 4340 2401 4490 ϐαῗέὶ.
2420 4433 2454 4500 ἡ
2482 4432 2546 4506 ς·
2547 4433 2564 4457 ⁸
2592 4430 2676 4491 διὰ
2703 4435 2795 4489 τὸν
2826 4431 2882 4489 ἐν
2910 4431 3142 4508 θαύμασι
3174 4432 3511 4512 περιώνυμον
3562 4434 3656 4490 καὶ
3685 4454 3871 4512 μυρο-

2145 4566 2192 4620 D
2207 4519 2422 4620 ϐλιξτην.
2437 4520 2726 4620 Νικόλαον,

2287 4608 2352 4668 Ἠ
2386 4609 2422 4668 ι’
2453 4618 2544 4668 τοῦ
2595 4609 2916 4690 Ἰανουαρίου
2960 4608 3043 4668 διὰ
3087 4612 3181 4669 τὸν
3223 4611 3439 4680 Νύσσης
3497 4611 3650 4668 οιῖον
3711 4617 3869 4688 Γρη-

2204 4701 2408 4778 γόριον,

2281 4789 2349 4847 Ἦ
2382 4787 2479 4865 ις’
2524 4787 2608 4846 διὰ
2637 4789 2735 4857 τὴν
2766 4786 3128 4868 προσκύνησιν
3171 4787 3272 4857 τῆς
3321 4787 3505 4864 τιμίας
3549 4797 3648 4848 τοῦ
3689 4811 3869 4868 aopo-

475 4878 754 4942 rabilium
782 4880 1073 4961 principis
1103 4880 1510 4960 apostolorum
1532 4878 1690 4940 Petri
1723 4878 2118 4942 vinculorum.

2265 4880 2356 4936 ιίου
2381 4884 2487 4936 τῶν
2515 4877 2831 4936 ἀποστόλων
2867 4877 3066 4956 Πέτρου
3097 4876 3360 4940 ἁλύσεως,

557 4967 703 5031 [tem
741 4969 1012 5032 decimus
1037 4988 1255 5042 nonus,
1293 4976 1536 5050 propter
1576 4967 2116 5049 Becuperatiouem

475 5059 846 5122 venerabilis
879 5059 1146 5122 defuncti
1177 5058 1446 5138 Gregorii
1481 5058 1795 5138 Theologi.

553 5145 700 5207 Item
753 5149 1074 5209 vicesimus
1132 5147 1448 5227 septimus,
1483 5155 1730 5228 propter
1767 5146 2118 5228 Recupera-

471 5234 696 5296 tionem
731 5239 1204 5298 venerandarum
1240 5237 1627 5317 reliquiarum
1678 5237 2112 5316 Chrysostomi.

551 5323 698 5384 Item
731 5328 1020 5406 septimus
1054 5327 1392 5401 Februarii,
1429 5326 1488 5386 in
1549 5327 1839 5389 honorem
1877 5327 2110 5406 magni-

468 5412 567 5474 fici
603 5416 897 5495 martyris,
934 5416 1105 5478 ducis
1136 5418 1456 5486 exercitus,
1485 5415 1812 5478 Theodori.

549 5504 692 5564 ltem
724 5504 997 5566 decimus
1045 5507 1360 5585 septimus,
1413 5507 1474 5567 in
1521 5507 1812 5568 honorem
1847 5505 2114 5590 praemiis

461 5589 733 5659 decorati
763 5593 1068 5658 Theodori
1101 5595 1337 5660 tironis.

2285 4967 2349 5027 Ἠ
2393 4967 2458 5026 ιϐ’
2517 4966 2602 5025 διὰ
2665 4969 2764 5037 τὴν
2835 4965 3162 5045 ἀνακομιδὴν
3207 4973 3303 5024 τοῦ
3329 4967 3511 5043 τιμίου
3539 4975 3733 5048 νεκροῦ
3764 4976 3866 5028 τοῦ

2206 5057 2493 5137 Θεολόγου.

2287 5149 2383 5206 Καὶ
2410 5149 2444 5216 ἡ
2476 5145 2558 5218 κζ’
2591 5145 2674 5204 διὰ
2703 5146 2803 5216 τῆν
2851 5143 3186 5223 ἀνακομιδὴν
3236 5149 3330 5201 τοῦ
3373 5141 3673 5224 σεϐασμίου
3732 5145 3864 5205 λιι-

2201 5237 2368 5314 ψάνον
2401 5259 2493 5294 του
2523 5236 2924 5314 Χρυσοστόμου.

2276 5325 2340 5382 ’11
2385 5323 2432 5397 ζ’
2491 5327 2586 5382 τοῦ
2649 5327 2998 5406 Φεῦρουαρίου
3072 5322 3154 5384 διὰ
3226 5323 3316 5380 τὸν
3387 5324 3863 5407 μεγαλομᾶρτυρα

2194 5415 2574 5494 στρατηλάτην
2606 5413 2878 5496 Θεόδωρον
2891 5461 2903 5474 .

2279 5507 2374 5564 Καὶ
2403 5507 2436 5574 ἡ
2469 5506 2536 5578 ιζ’
2567 5504 2651 5562 διὰ
2681 5507 2772 5563 τὸν
2804 5504 3108 5587 ἀθληφόρον
3135 5505 3408 5587 Θεόδωρον
3462 5507 3560 5564 τὸν
3589 5509 3859 5588 τήρωνα,
