4052 6222
229 315 381 388 1073

1144 327 1638 396 NOMOCANON.
1705 359 1781 376 -—
1848 325 2008 392 TIT.
2057 329 2192 407 VII,
2243 332 2408 397 CAP.
2456 330 2666 398 II-III.

3439 332 3591 403 1074

303 465 369 525 Ἦ
393 466 441 526 θ’
482 475 575 527 τοῦ
607 472 866 551 Μαρτίου,
898 473 970 538 ὡς
1002 471 1100 540 τῆς
1130 474 1354 551 μνήμης
1388 472 1716 551 τελουμένης
1749 478 1856 529 τῶν

2020 474 2171 535 Item
2206 493 2399 538 nonus
2428 474 2646 551 Martii,
2681 493 2900 558 nempe
2939 475 3097 558 quod
3131 475 3310 559 [tum]
3342 483 3586 540 sancto-

219 557 387 638 ἁγίων
413 558 696 640 μαρτύρων
729 568 823 619 τοῦ
853 568 1082 640 Χριστοῦ
1113 560 1200 639 μ’.

300 735 364 795 Ἦ
409 735 498 817 κγ’
554 744 649 797 τοῦ
707 711 1018 820 Ἀπριλλίου
1087 742 1159 806 ὡς
1213 747 1306 798 τοῦ
1378 737 1858 819 μεγαλομάρτυρος

215 829 482 906 Γειυργίου
514 831 845 906 τιμωμένου.

298 916 360 978 Ἠ
390 915 442 996 β’
476 927 568 975 τοῦ
602 923 780 978 Μαΐου
810 919 894 978 διὰ
924 921 1016 978 τὸν
1046 919 1217 1000 μέγαν
1249 919 1588 978 Ἀθανάσιον.

296 1097 361 1156 Ἠ
406 1099 462 1169 η’
516 1110 611 1161 τοῦ
658 1101 876 1159 Ἰουνίου
919 1098 1006 1157 διά
1048 1100 1139 1157 τὸν
1185 1097 1637 1178 μεγαλομάρτυρα
1690 1117 1857 1176 στρα-

215 1188 463 1257 τηλάτην
495 1190 792 1267 Θεόδωρον.

301 1280 368 1335 Ἢ
400 1279 447 1337 θ’
479 1279 561 1338 διὰ
591 1281 684 1338 τὸν
741 1276 885 1336 ὅσιον
949 1279 1155 1359 Πατέρα
1185 1279 1342 1354 ἡμῶν
1376 1274 1635 1354 Κύριλλον
1694 1273 1856 1332 Ἀλεο

216 1366 512 1447 ξανδρείας.

303 1461 409 1517 Καὶ
433 1461 468 1528 ἡ
501 1459 579 1531 κζ’
610 1457 696 1515 διὰ
725 1459 815 1516 τὸν
859 1455 1011 1513 ὅσιον
1041 1457 1129 1513 καὶ
1159 1458 1557 1536 θαυματουργὸν
1588 1456 1853 1531 Σαμψών,

300 1637 364 1696 Ἠ
397 1635 448 1693 α’
493 1645 584 1694 τοῦ
626 1634 884 1694 ἰουλλίου
911 1635 994 1692 ὅτι
1027 1635 1083 1691 ἐν
1115 1639 1252 1712 αὖτῇ
1281 1639 1389 1691 τῶν
1421 1634 1587 1711 ἁγίων
1614 1634 1703 1690 καὶ
1733 1636 1856 1690 θαυ-

211 1735 532 1806 ματουργῶν
564 1729 649 1784 καὶ
682 1727 988 1804 ἆναργύρων
1021 1725 1126 1792 τὴν
1157 1726 1379 1800 μνήμην
1411 1724 1692 1798 τελοῦμεν.

1940 581 2073 624 rum
2107 563 2501 646 quadraginta
2532 565 2756 630 Christi
2792 575 3112 649 martyrum
3149 567 3442 630 memoria
3477 586 3585 629 ce-

1945 652 2235 717 lebretur.

2020 741 2169 804 Item
2231 746 2560 808 vicesimus.
2609 749 2819 810 tertius
2869 746 3121 828 Aprilis,
3185 746 3413 827 quippe
3445 750 3587 828 quia

1947 831 2118 908 [tum]
2149 834 2494 912 magnificus
2519 845 2734 917 martyr
2757 835 3047 915 Georgius
3072 835 3422 899 houorelur.

2023 920 2165 984 Item
2200 923 2502 986 secundus
2536 922 2693 1002 Maii,
2730 926 2789 986 in
2834 926 3127 988 honorem
3165 924 3362 1005 magni
3395 925 3585 989 Atha-

1943 1028 2118 1075 nasu.

2022 1101 2163 1162 Item
2195 1110 2437 1164 octavus
2457 1101 2646 1184 Junii,
2679 1108 2737 1163 in
2766 1103 3054 1164 honorem
3093 1104 3393 1183 magnifici
3429 1124 3586 1167 mar.

1941 1191 2083 1269 tyris
2113 1191 2437 1266 Theodori,
2473 1192 2774 1255 exercitus
2807 1193 2997 1255 ducis.

2019 1279 2167 1342 Item
2201 1302 2420 1359 nonus,
2453 1284 2513 1344 in
2572 1285 2861 1345 honorem
2919 1284 3108 1345 sancti
3159 1283 3346 1346 Patris
3394 1287 3584 1347 nostri

1936 1367 2132 1451 Cyrilli
2164 1370 2572 1436 Alexandrini.

2021 1457 2168 1520 Item
2202 1461 2520 1523 vicesimus
2551 1464 2862 1544 septimus,
2884 1468 2942 1524 in
2972 1464 3265 1525 honorem
3299 1464 3492 1526 sancti
3524 1472 3582 1527 et

1941 1548 2282 1610 miraculosi
2317 1553 2644 1614 Samsonis.

2019 1638 2162 1700 Item
2191 1640 2748 1723 primusJulii,quia
2782 1651 2902 1704 tum
2937 1650 3279 1704 sanctorum
3312 1651 3369 1705 et
3394 1644 3579 1704 mira-

1937 1728 2282 1790 culosorum
2307 1749 2629 1812 pauperum
2658 1732 2896 1792 illorum
2923 1732 3276 1795 memoriam
3300 1733 3577 1795 colimus.

299 1817 360 1874 Ἦ
417 1817 469 1894 β’
517 1816 598 1873 ὅτι
630 1815 726 1884 τῆς
755 1816 1093 1877 καταθέσεως
1129 1819 1224 1882 τῆς
1273 1814 1453 1891 τιμίας
1487 1812 1707 1882 ἐσθῆτος
1753 1817 1874 1880 τῆς,

2018 1816 2158 1880 Item
2221 1821 2547 1895 secundus,
2600 1821 2742 1898 quia
2801 1823 3241 1902 depositiouem
3303 1822 3580 1901 pretiosae

211 1909 556 1984 Θεομήιορος
589 1907 1024 1983 μνημονεύομεν,

295 1996 349 2052 ’Ζ
380 1995 436 2064 η’
465 1997 546 2054 ὅτι
603 1999 694 2054 τὸν
751 1994 1202 2075 μεγαλομάρτυρα
1255 1995 1555 2074 Προκόπιον
1595 1991 1849 2071 ἑορτάζο-

257 2108 334 2143 εν.

288 2111 334 2143 ν.

207 2109 355 2232 μεἪ
387 2176 461 2232 ια’
523 2175 604 2232 ὅτι
664 2175 762 2243 τὴν
792 2173 1198 2254 καλλιμάρτυρπ
1237 2174 1516 2254 Eadm?!”
1545 2173 1848 2252 “gmw‘DL-

238 2286 392 2326 ομεν.

238 2289 266 2322 ο
313 2286 392 2326 εν.

203 2272 234 2337 ζ
270 2289 352 2412 ξεί
378 2355 428 2410 κ’
459 2355 539 2411 ὃτι
576 2357 857 2434 προφήτην
889 2355 1074 2411 Ἠλίαν
1105 2355 1371 2431 “Pi-‘39“-

287 2533 352 2592 Ἥ
382 2532 461 2605 κζ’
492 2533 576 2590 ὅτι
605 2535 698 2590 τὸν
735 2532 1028 2614 ἀθλοφόρον
1088 2536 1176 2592 καὶ
1231 2535 1633 2612 θαυματουργὸν
1663 2541 1845 2590 Παντ-

206 2621 474 2700 ελεήμονα
501 2624 844 2704 ἑορτάζομεν,

293 2804 390 2863 Καὶ
420 2806 454 2872 ἡ
486 2809 579 2860 τοῦ
637 2804 936 2883 Αὐγούστου
983 2802 1069 2859 λα’
1123 2801 1211 2860 διά
1257 2803 1353 2871 τὴν
1383 2807 1482 2870 τῆς
1511 2802 1692 2880 τιμίας
1733 2803 1844 2874 ζώ-

209 2915 303 2959 νης
336 2898 434 2960 τῆς
465 2893 734 2973 ἀχρᾶντου
765 2891 1028 2952 Θεοτόκου
1056 2895 1402 2951 κατάστασιν.

292 3070 454 3128 Αὖται
508 3069 574 3139 δὴ
633 3074 685 3128 αἱ
730 3078 844 3136 πῶς
898 3072 999 3144 μὲν
1056 3068 1345 3148 ἄπρακτοι,
1379 3077 1493 3132 πῶς
1545 3069 1599 3126 δὲ
1630 3070 1842 3147 ἔμπρα-

206 3183 346 3222 κτοι.
382 3160 485 3224 Τὰς
511 3159 691 3234 μέντοι
721 3159 807 3218 διὰ
863 3159 1150 3237 βασιλικὴν
1206 3160 1242 3228 ἢ
1285 3159 1561 3238 γέννησιν,
1619 3160 1654 3228 ἢ
1709 3158 1905 3235 ἄνα-ο

202 3250 450 3329 γόρευσιν
480 3248 850 3330 σχολαζοῦσάς
905 3255 1014 3306 τῶν
1071 3251 1310 3328 ἡμερῶν,
1342 3249 1428 3305 καὶ
1483 3249 1676 3314 ταότας
1717 3260 1842 3312 ταῖς

200 3339 526 3417 ἐμπράκτοις
584 3338 812 3417 ἐγκρίνει
860 3340 895 3408 ἡ
943 3336 1188 3416 βασιλεία
1221 3339 1346 3417 μόυ,
1381 3334 1471 3417 ἀφ’
1502 3337 1698 3404 ἑαυτῆς
1740 3337 1843 3414 ἀρ-

202 3427 418 3509 χομένη
477 3433 570 3485 τοῦ
621 3429 884 3507 παρόντος
941 3428 1436 3506 θεσμοθετήματος,
1481 3427 1569 3483 καὶ
1636 3429 1693 3482 ὲν
1752 3426 1842 3488 οἷς

202 3521 338 3592 αὖτῇ
367 3514 712 3594 διαπράξαιτο
750 3515 1068 3574 διδάσκουσα
1126 3517 1248 3582 τοὺς
1297 3515 1544 3579 λοιπούς.
1598 3516 1718 3596 Οὖχ
1747 3513 1842 3572 οἷ’)-

202 3629 282 3663 τω
308 3606 408 3685 γὰρ
439 3608 467 3662 ὁ
496 3611 596 3673 τῆς
627 3607 902 3683 παρούσης
951 3603 1240 3672 διατάξεως
1283 3604 1446 3685 λόγος
1494 3607 1661 3664 πείσει
1719 3606 1841 3670 τοὺς

203 3699 346 3766 αὖτῷ
379 3693 838 3774 προσανέχοντας,
868 3697 942 3761 ὡς
991 3696 1026 3764 ἡ
1079 3696 1220 3772 παρὰ
1255 3701 1356 3760 τῆς
1400 3695 1678 3773 βασιλείας
1737 3718 1843 3771 μου

204 3782 388 3863 πράξις
424 3801 439 3814 ⁸
475 3783 636 3848 αὗτὰς
665 3785 764 3864 γὰρ
809 3784 905 3848 τὰς
935 3783 1137 3864 ὴμέρας
1169 3784 1226 3840 ἐν
1250 3786 1346 3849 αἶς
1375 3787 1410 3853 ἡ
1445 3783 1692 3863 βασιλεία
1737 3807 1841 3860 μου

203 3875 294 3930 καὶ
347 3875 419 3939 εἷς
461 3875 555 3929 τὸν
594 3872 719 3950 τῇδε
774 3875 887 3950 βίον
930 3873 1301 3952 προεισῆκται,
1349 3878 1438 3932 καὶ
1481 3876 1558 3939 είς
1615 3874 1841 3953 βασιλέα

205 3963 426 4039 προνοίᾳ
485 3969 618 4020 Θεοῦ
672 3963 1058 4042 ἀνηγόρευται,
1105 3963 1442 4042 ἒμπράκτους
1473 3965 1618 4022 εἶναι
1650 3965 1840 4021 θεσπί-

200 4059 305 4127 ζει,
336 4052 425 4110 καὶ
475 4051 747 4128 μηδεμίαν
797 4053 1098 4132 ὶκεχειρίαν
1167 4052 1222 4108 ἐν
1295 4055 1512 4119 ταύταις
1570 4054 1723 4132 ἄγειν
1776 4055 1842 4114 τὰ

197 4139 545 4220 δικαστήρια,
599 4147 772 4198 Πᾶσαι
832 4146 1014 4217 μέντοι
1073 4145 1126 4198 αἱ
1169 4142 1312 4220 παρὰ
1366 4145 1462 4207 τὰς
1512 4143 1624 4200 ἄνω
1681 4165 1843 4200 κατα-

1932 1908 2114 1968 vestis
2147 1909 2250 1970 Dei
2284 1907 2607 1974 Genitricis
2638 1911 2988 1975 recolimus.

2012 1996 2159 2058 Item
2197 2007 2455 2073 octavus,
2490 2001 2631 2080 quia
2663 2002 3040 2081 magniﬁcum
3075 2011 3393 2082 martyrem
3426 2000 3576 2064 Pro-

1932 2086 2172 2166 c0pium
2205 2086 2488 2150 festiviter
2517 2090 2906 2152 honoramus.

2014 2175 2156 2238 Item
2185 2179 2567 2254 undecimus,
2590 2181 2728 2260 quia
2773 2181 3051 2242 eximiam
3100 2188 3417 2261 martyrem
3450 2179 3573 2242 Eu-

1931 2265 2229 2345 phemiam
2264 2268 2782 2331 concelebramus.

2010 2355 2152 2417 Item
2183 2357 2523 2433 vicesimus,
2555 2359 2655 2439 qui
2704 2361 3054 2441 prophetam
3087 2358 3275 2422 Eliam
3308 2361 3573 2422 honora-

1932 2462 2089 2508 mus.

2009 2533 2155 2597 Item
2193 2536 2510 2600 vicesimus
2540 2539 3148 2620 septimus,quoniam
3184 2540 3444 2619 praemiis
3472 2539 3572 2601 de~

1930 2636 2194 2686 curatum
2250 2636 2307 2688 et
2340 2627 2763 2692 miraculosum
2806 2629 3332 2692 Panteleemonem
3368 2629 3573 2691 festive

1929 2714 2202 2778 colimus.

2011 2807 2154 2868 Item
2185 2809 2520 2870 tricesimus
2573 2812 2802 2890 primus
2841 2811 3117 2888 Augusti,
3152 2815 3395 2890 propter
3428 2827 3570 2889 pre-

1931 2895 2066 2955 tiosi
2117 2896 2340 2976 cinguli
2393 2900 2788 2961 immaculata;
2834 2899 2942 2964 Dei
2973 2898 3291 2962 Genitricis
3323 2899 3570 2978 deposi-

1930 2983 2181 3048 tionem.

2007 3073 2201 3154 Atque
2223 3075 2281 3137 hi
2309 3077 2568 3157 [quidem
2595 3077 2722 3138 dies
2773 3081 2951 3156 sunt],
2988 3079 3085 3158 qui
3118 3077 3568 3155 quodammodo

1932 3162 2145 3233 feriati,
2183 3175 2238 3226 et
2279 3166 2719 3246 quodammodo
2755 3187 2870 3228 non
2905 3168 3096 3229 feriati
3129 3176 3289 3229 sunt.
3341 3167 3569 3240 Quibus

1930 3271 2070 3315 vero
2105 3255 2358 3337 [diebus]
2395 3266 2636 3338 propter
2664 3257 3040 3319 Nativitatem
3071 3266 3169 3320 aut
3199 3259 3564 3320 creationem

1930 3342 2216 3423 principis
2239 3345 2546 3426 feriamur,
2581 3347 2688 3408 bos
2711 3347 3096 3427 imperatoria
3131 3365 3262 3408 mea
3289 3348 3567 3426 majestas

1929 3429 2087 3491 inter
2105 3451 2221 3493 non
2249 3434 2491 3495 feriatos
2513 3435 2768 3497 collocat
2794 3456 2807 3496 :
2838 3455 2908 3497 ac
2933 3443 3284 3515 praesentem
3311 3436 3567 3498 sanctio-

1928 3538 2063 3580 ncm
2097 3523 2564 3603 aseinchoans,
2609 3524 2820 3586 iisdem
2881 3524 3136 3604 ipsamet
3192 3524 3444 3604 reliquis
3503 3525 3564 3586 in

1925 3611 2259 3690 exemplum
2291 3611 2648 3694 [quidpiam]
2675 3623 2987 3694 peractura
3015 3621 3124 3675 est.
3151 3613 3280 3676 Non
3314 3612 3565 3693 perinde

1926 3699 2084 3760 enim
2111 3701 2421 3778 praesentis
2445 3702 2884 3763 constitutionis
2908 3721 3106 3763 sermo
3131 3701 3559 3783 [quantumvis]

1924 3786 1984 3848 in
2003 3788 2167 3849 illum
2184 3792 2627 3872 attentis,atque
2641 3790 3042 3870 imperatoriae
3066 3791 3395 3870 majestatis
3413 3809 3564 3854 meae.

1924 3876 2076 3938 actio
2097 3880 2610 3956 persuadeatJlIea
2631 3881 2830 3960 itaque
2852 3881 3241 3960 imperatoria
3257 3880 3558 3959 majestas,

1925 3966 2141 4046 quibus
2169 3967 2383 4029 diebus
2417 3977 2540 4031 tum
2589 3968 2651 4030 in
2685 3969 2840 4031 hanc
2881 3969 3056 4030 vitam
3094 3970 3400 4049 producta,
3437 3979 3560 4030 tum

1923 4055 2120 4118 divina
2150 4059 2526 4120 Providentia
2555 4059 2616 4120 in
2649 4060 3075 4138 imperatorem
3108 4060 3414 4138 designata
3443 4067 3556 4135 est,

1925 4163 2000 4206 ne
2022 4145 2149 4226 [illi]
2179 4146 2368 4208 feriati
2394 4148 2512 4208 sint
2537 4167 2731 4228 neque
2756 4149 2906 4210 ullas
2930 4148 3204 4210 inducias
3227 4148 3288 4210 in
3312 4149 3430 4209 illis
3456 4153 3557 4227 ju-

191 4231 514 4311 στραφείσας
572 4229 775 4308 ἡμέρας
815 4238 909 4288 τοῦ
954 4229 1178 4310 χρόνου,
1214 4231 1300 4287 καὶ
1333 4230 1631 4310 ἱμπρακτοι
1681 4230 1839 4289 ἔσον-

1968 4235 2073 4295 icia
2095 4235 2764 4309 habeant,sancit.Sane
2781 4248 2996 4316 praeter
3025 4256 3204 4316 supra
3227 4237 3562 4317 descriptos

188 4341 302 4393 ται,
361 4322 448 4376 καὶ
508 4317 828 4396 δικαστήρια
869 4322 924 4376 ὶν
972 4320 1164 4384 αὑταῖς
1209 4321 1556 4399 γενήσονται,
1605 4323 1694 4378 καὶ
1736 4324 1832 4378 ὲκ-

1968 4326 2056 4384 uui
2081 4325 2232 4400 dies,
2266 4345 2475 4388 omnes
2498 4326 2641 4408 [alii]
2661 4327 2792 4388 fasti
2818 4337 3016 4400 erunt,
3054 4335 3111 4388 et
3161 4329 3220 4388 in
3245 4327 3364 4388 illis
3389 4327 3560 4405 judi-

187 4405 442 4482 ϐιϐασμοὶ
471 4408 775 4470 ἀκολούθως
819 4421 933 4472 ταῖς
971 4407 1314 4474 δικαστικατς
1362 4410 1690 4490 ἀποφάσεσι.
1721 4411 1835 4467 Πέ-

1968 4405 2842 4496 ηδ,1υάἱοίατὶἰειιυοδθιίιθηιίἰε
2865 4426 3288 4478 consentaneae
3311 4434 3562 4478 exsecu-

185 4519 414 4571 πεισμαι
473 4498 529 4553 δὲ
573 4497 655 4555 ὅτι
694 4500 783 4555 καὶ
815 4504 932 4572 Θεῷ
985 4499 1136 4578 φίλον
1194 4498 1344 4556 ἕσται
1401 4501 1462 4556 τὸ
1506 4501 1676 4573 παρὸν
1732 4507 1874 4595 τῆς,

1968 4521 2108 4564 ones
2143 4505 2610 4567 exercebuutur.
2646 4508 3000 4568 Persuasum
3032 4513 3229 4568 autem
3273 4504 3562 4566 habemus

185 4584 464 4663 βασιλείας
521 4610 625 4664 μου
687 4588 1087 4664 θεσμοθέτημα.
1161 4587 1464 4660 Ταλανίζων
1552 4590 1652 4670 γὰρ
1709 4584 1874 4655 τοὺς·

1971 4611 2040 4653 eo
2073 4592 2250 4654 etiam
2285 4593 2436 4654 hanc
2466 4594 2868 4673 imperatoriae
2900 4612 3049 4654 mea;
3083 4595 3408 4674 majestatis
3430 4612 3562 4654 san-

187 4677 511 4749 Φαρισαίους
556 4678 584 4733 ὸ
618 4676 830 4755 Κύριος,
866 4678 951 4735 καὶ
1010 4678 1168 4736 αὐτοῦ
1213 4699 1307 4737 του
1350 4676 1502 4735 ἐλέου
1527 4678 1629 4745 τὴν
1659 4681 1830 4758 κρίσιν

1968 4683 2184 4750 .ionem
2209 4683 2336 4744 fore
2364 4690 2616 4761 gratam.
2653 4682 2798 4746 Cum
2833 4683 2993 4744 enim
3023 4682 3352 4744 Phariszeos
3386 4701 3561 4742 exse-

186 4763 510 4844 προαέτκξι.
1915 4780 2184 4833 oraretur
2242 4770 2554 4845 Dominus,
2617 4773 2976 4851 [neglectum
3011 4771 3085 4832 ab
3119 4772 3286 4848 ipsis]
3320 4769 3562 4830 miseri-

1915 4860 2134 4922 cordia:
2155 4861 2450 4940 judicium
2486 4875 2624 4922 ante
2657 4861 2858 4922 omnia
2881 4867 3155 4922 causatus
3185 4868 3295 4921 est.

278 4947 528 5005 ΚΕΦΑΛ.
565 4943 650 5008 Β’,
699 4977 778 4990 --
825 4943 948 5020 Περὶ
990 4949 1085 5000 τοῦ
1137 4945 1276 5019 μήτε
1334 4947 1432 5015 τὴν
1487 4945 1666 5027 λεχὼ,
1695 4950 1835 5023 μήτε

189 5035 281 5089 τὸν
345 5032 404 5090 ἱκ
459 5033 620 5092 νόσου
679 5034 758 5110 μὴ
801 5031 1088 5110 δινάμενον
1127 5033 1512 5114 ἀναγκάζεσθαι
1555 5041 1616 5095 τὸ
1647 5038 1838 5118 πάσχα

192 5125 496 5190 νηστεύειν,

275 5211 534 5286 Τιμοθέου
565 5213 743 5271 κανὼν
773 5215 857 5286 η’,
893 5236 937 5274 ι.

274 5307 524 5362 ΚΕΦΛΛ.
561 5291 644 5364 1³⁸.
677 5303 800 5380 Περὶ
831 5302 928 5371 τῆς
982 5301 1189 5382 ἡμέρας
1241 5305 1326 5361 καὶ
1386 5309 1483 5375 τῆς
1540 5307 1681 5384 ὥρας
1734 5310 1832 5375 τῆς

185 5390 530 5471 Πασχαλίου,
563 5392 652 5448 καὶ
683 5398 788 5448 τῶν
819 5392 1148 5470 Θεοφανίων.

265 5479 616 5538 Ἀποστόλων
675 5482 851 5538 κανὼν
922 5480 966 5551 ζ’
1003 5501 1020 5518 ο
1093 5481 1310 5545 συνόδου
1354 5484 1697 5566 Ἀντιοχείας
1730 5508 1834 5542 κα-

187 5571 292 5629 νὼν
324 5569 374 5626 α’
411 5589 424 5603 ’
471 5567 691 5629 συνόδου
714 5567 1060 5650 Καρθαγίνης
1102 5573 1279 5632 κανὼν
1310 5575 1395 5655 ογ’
1431 5591 1444 5606 ⁸
1483 5574 1699 5634 συνόδου
1729 5575 1832 5651 ς’,

2003 4949 2166 5013 CAP.
2206 4951 2278 5013 II.
2311 4984 2388 4993 —
2419 4949 2508 5011 Ne
2536 4967 2855 5030 puerpera,
2890 4966 3088 5029 neque
3133 4951 3240 5028 qui
3269 4966 3376 5026 per
3405 4964 3565 5010 mor-

1925 5039 2061 5102 bum
2095 5057 2217 5101 non
2247 5040 2456 5119 possit,
2495 5037 2732 5102 Pascha
2755 5041 3046 5119 jejuna"
3075 5045 3349 5117 rogatur.

2003 5217 2299 5279 Timothei
2327 5235 2516 5278 canon
2545 5217 2606 5289 8,
2647 5215 2740 5280 IO.

2011 5308 2175 5369 CAP.
2213 5305 2313 5371 Ill.
2344 5341 2423 5352 -—
2456 5308 2538 5369 De
2566 5306 2665 5368 die
2713 5312 2897 5384 atque
2950 5309 3212 5384 tempore
3242 5302 3560 5385 Paschali,

1919 5403 1975 5458 et
2014 5394 2442 5474 Theophant'is.

1999 5485 2424 5564 Apostolorum
2459 5503 2651 5546 canon
2681 5485 2718 5548 7
2748 5505 2764 5559 ;
2795 5483 3036 5546 concilii
3070 5483 3430 5547 Antiocheni
3459 5503 3563 5546 ca-

1920 5593 2038 5636 non
2070 5576 2091 5635 1
2127 5595 2141 5646 ;
2175 5574 2414 5636 concilii
2437 5573 2924 5654 Carthaginensis
2955 5591 3147 5638 canon
3172 5576 3249 5637 '73
3279 5594 3294 5650 ;
3328 5573 3566 5646 concilii
