3930 6218
126 330 293 401 10⁸77

1147 338 1640 405 NOMOCANON.
1687 372 1766 385 -
1812 338 1967 402 TIT.
2017 340 2183 415 VIII,
2232 339 2397 405 CAP.
2448 337 2501 405 Ῑ.

3362 331 3515 406 1078

115 483 332 560 γέννης
378 488 553 545 κανὼν
598 512 687 567 νγ,
730 490 846 569 νς,
889 511 946 547 οε
981 511 997 530 ο
1049 489 1266 549 συνόδου
1308 491 1412 571 ς’,
1459 492 1634 549 κανὼν
1677 490 1771 565 κε’,

1931 493 2139 554 nensis
2159 510 2349 555 canon
2380 494 2481 568 ὃς,
2533 491 2635 569 56,
2693 492 2807 569 7i;
2860 490 3105 554 concilii
3135 490 3284 555 sexti
3314 508 3509 556 canon

116 572 270 654 λς’,
307 576 413 651 λζ’,
449 577 567 656 λη’,
599 577 702 638 λον.

211 668 493 740 Κείμενον.
532 668 595 725 Ἢ
639 668 718 743 ς’
761 667 900 733 διάτ.
946 674 1040 727 τοῦ
1081 669 1132 748 β’
1177 672 1279 732 τίτ,
1333 677 1428 727 τοῦ
1483 669 1536 727 α’
1580 668 1783 747 βιϐλίου

1866 581 1965 652 es,
2001 584 2099 653 36,
2137 587 2235 656 57,
2271 583 2369 659 33,
2406 584 2505 646 39.

1950 670 2193 736 Textus.
2219 672 2420 735 Const.
2456 673 2517 749 6,
2555 673 2644 734 tit.
2672 673 2733 746 2,
2785 674 2891 738 lib.
2931 677 2957 735 1
2997 672 3132 737 cod.
3169 672 3252 734 ait
3288 692 3301 735 :
3336 671 3510 744 Quod

107 754 217 810 τοῦ
245 754 496 829 κώὸικος,
530 760 698 836 φησίν
722 759 803 817 ὅτι
823 761 945 835 τὰς,
971 783 1027 824 κ,
1052 782 1104 818 τ.
1132 760 1214 835 λ.,
1244 777 1433 841 usque
1460 759 1532 821 ad
1567 758 1771 836 'Ptbpm

1925 780 2017 836 iac,
2055 771 2195 836 etc.,
2225 779 2415 842 usque
2444 763 2525 825 ad
2556 764 2853 826 nominari
2881 764 3050 840 dicit,
3085 770 3152 825 ut
3181 780 3328 844 pag.
3363 763 3504 837 655,

110 845 294 912 αὐτὴν
325 847 671 921 ὀνομάζεσθαι
703 846 875 926 λέγει.

206 936 472 1014 Σχόλιον,
521 934 586 992 Ἦ
626 935 707 1010 ς·’
749 935 919 1019 διάτ,,
950 942 1046 995 τοὸ
1075 937 1128 995 α’
1166 939 1369 1013 βιϐλίου
1401 946 1495 998 τοῦ
1523 938 1776 1007 κώδικος,

109 1022 238 1079 ’ἐστι
271 1047 394 1102 κεφ.
426 1025 506 1099 ς’
548 1034 645 1083 τοῦ
686 1024 737 1083 α’
783 1029 915 1108 τίτ,,
948 1039 1041 1087 τοῦ
1082 1027 1125 1085 ε’
1157 1027 1363 1106 βιϐλίου
1404 1036 1511 1086 τῶν
1554 1029 1774 1085 Βασιλι-

108 1118 234 1169 κῶν
266 1114 438 1179 οὕτως
462 1114 593 1194 ἔχον
623 1117 697 1179 ὡς
730 1118 1101 1195 κατεστρώθη,
1136 1120 1208 1177 Τὸ
1248 1119 1303 1174 δὲ
1342 1118 1461 1199 ἔχει
1491 1120 1582 1175 τὸν
1618 1128 1773 1177 Κων-

108 1204 619 1268 σταντινουπόλεως
681 1206 744 1261 τὰ
789 1207 1053 1283 προνόμια
1096 1208 1193 1274 τῆς
1237 1206 1470 1271 παλαιᾶς
1532 1205 1769 1274 Ῥώμης.

110 1291 181 1348 οὗ
227 1294 521 1369 προσετέθη
594 1295 667 1359 εἰς
738 1295 803 1350 τὰ
866 1296 1146 1353 Βασιλικά,
1198 1294 1492 1375 ’Λνάγνωθι
1536 1298 1623 1353 καὶ
1680 1298 1771 1352 τὸν

110 1381 217 1446 κη’
265 1382 465 1438 κανόνα
494 1386 592 1451 τῆς
622 1382 668 1438 δ’
711 1382 952 1462 συνόδου,
993 1387 1086 1440 καί
1121 1385 1184 1441 τὰ
1214 1388 1271 1441 ἓν
1302 1390 1446 1458 αὔτῷ
1474 1386 1765 1465 γραφέντα.

113 1468 186 1528 ’Β
239 1469 343 1545 ις’
386 1470 524 1532 διάτ.
572 1480 666 1529 τοῦ
707 1471 759 1549 β’
802 1474 905 1535 τίτ.
938 1481 1034 1531 τοό
1075 1472 1126 1530 α’
1156 1472 1360 1550 βιϐλίου
1403 1485 1498 1534 τοῦ
1540 1473 1765 1539 κώδικος

111 1562 220 1618 οὒκ
255 1558 411 1626 ἐτέθη
444 1562 515 1621 είς
545 1562 612 1617 τὰ
644 1561 930 1625 Βασιλικά,
978 1560 1046 1618 Ἢ
1088 1561 1167 1618 λε’
1207 1561 1375 1638 διάτ,,
1406 1565 1501 1620 τοῦ
1553 1560 1603 1640 γ’
1662 1565 1765 1622 τίτ.

110 1658 214 1705 τοῦ
260 1647 316 1707 α’
360 1648 564 1725 βιϐλίου
609 1661 700 1709 τοῦ
737 1650 986 1721 κωδικος,
1036 1652 1148 1708 ἔστι
1192 1675 1319 1733 κεφ.
1362 1651 1413 1731 γ’
1446 1660 1537 1710 τοῦ
1581 1651 1633 1710 α’
1664 1654 1767 1716 τίτ,

108 1741 215 1795 τοῦ
257 1736 313 1815 γ’
370 1737 574 1814 βιϐλίου
617 1746 751 1796 τῶν»
782 1741 1082 1796 Βασιλικῶν
1115 1740 1282 1803 οὕτως
1315 1740 1446 1820 ἕχον
1476 1745 1550 1804 ὡς
1594 1744 1669 1806 είς
1710 1744 1771 1799 τὸ

1867 852 2008 915 658.

1946 941 2284 1004 Scholium.
2319 946 2526 1005 Const.
2562 944 2620 1017 6,
2662 942 2748 1003 tit.
2780 947 2841 1016 2,
2876 942 2983 1007 lib.
3018 961 3055 1017 ι,
3089 942 3223 1006 cod.
3252 949 3342 1005 est
3371 959 3505 1021 cap.

1862 1032 1920 1106 6,
1960 1032 2050 1095 tit.
2088 1032 2144 1103 1,
2180 1031 2281 1091 lib.
2317 1048 2333 1092 ι
2370 1032 2550 1093 Basil.
2583 1035 2743 1109 quod
2796 1031 3001 1105 habet,
3036 1041 3101 1093 ut
3137 1030 3506 1111 propositum

1860 1120 2157 1192 est.Quod
2196 1138 2334 1181 vero
2366 1119 3057 1199 Coustantinopolitanus
3091 1118 3508 1200 prmrogativas

1858 1212 2075 1270 veteris
2113 1212 2321 1271 llomze
2350 1208 2586 1281 habeat,
2622 1210 2681 1270 in
2735 1209 2888 1270 Basil
2933 1229 3052 1271 non
3087 1219 3176 1271 est
3207 1209 3504 1272 additum.

1854 1301 2056 1361 Const.
2104 1300 2193 1368 ιϐ,
2229 1299 2296 1359 tit
2351 1301 2412 1372 2,
2440 1298 2544 1359 lib.
2574 1316 2616 1372 ι,
2643 1298 2754 1359 cod
2781 1298 2840 1359 in
2864 1298 3178 1361 Basil.nou
3201 1306 3288 1359 est
3316 1299 3507 1378 posita

1852 1388 2106 1451 Constit.
2142 1390 2239 1459 35,
2280 1391 2367 1449 tit.
2404 1388 2461 1457 3.
2514 1388 2618 1448 lib.
2683 1406 2722 1460 l,
2782 1388 2910 1448 cod.
2954 1397 3203 1463 estcap.
3238 1391 3298 1460 3,
3336 1386 3425 1447 lit.
3459 1403 3511 1459 1,

1851 1474 1959 1541 lib.
1990 1496 2049 1540 m
2076 1478 2252 1540 Basil.
2279 1478 2435 1558 quod
2476 1476 2674 1557 habet,
2705 1486 2766 1537 ut
2790 1478 2846 1538 in
2879 1485 3043 1538 textu
3071 1476 3505 1556 compendiose

1855 1568 2109 1647 positum
2134 1577 2223 1627 est
2251 1584 2264 1626 :
2294 1576 2685 1646 praeterquam
2714 1566 2895 1647 [quod
2927 1585 3043 1627 non
3074 1564 3503 1642 habeat],Con-

1853 1656 2445 1734 stautinopolitanum
2476 1654 2894 1733 praerogativas
2919 1654 3138 1716 veteris
3170 1654 3373 1715 Romae
3405 1655 3511 1731 ha-

1857 1745 2023 1807 bere.
2056 1745 2301 1808 Constit.
2338 1748 2399 1824 1,
2437 1745 2528 1807 tit.
2566 1745 2667 1823 2|,
2697 1744 2805 1806 lib.
2841 1760 2904 1816 ιι,
2930 1743 3070 1804 cod.
3094 1751 3183 1804 est
3204 1744 3299 1807 tit.
3331 1743 3499 1815 l,lib.

111 1829 370 1901 κείμενον
415 1829 719 1903 συνωψίσθη
764 1828 889 1889 ἄνευ
930 1836 1025 1886 τοῦ
1078 1830 1231 1910 ἔχειδ
1284 1833 1375 1887 τὸν
1428 1841 1770 1889 Κωνσταντιο

1925 1835 2119 1905 3asil.,
2154 1853 2285 1915 cap.
2319 1836 2380 1907 6,
2403 1832 2562 1914 quod
2595 1832 2682 1896 sic
2713 1833 2794 1892 ait
2836 1849 2850 1895 :
2886 1830 3041 1895 Urbs
3074 1831 3505 1894 Constantino—

106 1920 428 1981 νουπὶλεως
486 1919 550 1973 τὰ
607 1917 871 1995 προνόμια
931 1923 1032 1983 τῆς
1108 1919 1341 1998 ἀρχαίας
1398 1918 1636 1995 Ῥώμης.
1707 1920 1770 1978 Ἦ

102 2005 159 2063 α’
194 2004 317 2067 διά,
358 2014 453 2063 τοῦ
481 2004 570 2062 κα’
600 2010 703 2069 τίτ.
736 2015 832 2065 τοῦ
861 2007 934 2063 ια’
967 2006 1174 2085 βιϐλίου
1215 2016 1308 2065 τοῦ
1348 2008 1607 2089 ’κώδικος,
1657 2011 1768 2068 ’ἐστι

100 2118 233 2175 κεφ.
285 2095 368 2170 g”
421 2103 515 2153 τοῦ
570 2097 623 2152 α’
683 2097 787 2159 τίτ,
834 2098 929 2153 τοῦ
985 2094 1029 2152 ε’
1087 2096 1294 2173 βιϐλίου
1321 2100 1430 2154 τῶν
1474 2100 1767 2157 Βαειλικῶν

96 2187 282 2249 οὕτως
343 2185 477 2264 ἔχον
511 2204 525 2219 ·
589 2183 655 2241 Ἠ
700 2182 1265 2248 Κωνσταντινούπολις
1318 2188 1396 2260 μὴ
1444 2189 1606 2263 μόνον
1663 2194 1761 2255 τῆς

96 2273 374 2351 Ἰταλίας,
435 2273 573 2331 ἀλλὰ
629 2276 715 2330 καὶ
770 2273 936 2340 αὐτῆς
992 2273 1088 2341 τῆς
1162 2271 1376 2348 Ῥώμης
1451 2278 1759 2352 προνομίοις

94 2364 432 2443 κεχρήσθω.
472 2361 535 2419 Ἠ
566 2361 623 2419 δὲ
665 2360 719 2418 α’
747 2361 885 2421 διάτ.
935 2370 1028 2420 τοῦ
1061 2361 1128 2433 ιζ’
1177 2364 1280 2424 τίτ.
1324 2371 1418 2421 τοῦ
1460 2362 1513 2421 α’
1555 2364 1761 2441 βιϐλίου

91 2456 199 2509 τοῦ
228 2450 488 2526 κώὲικος,
521 2452 637 2509 ἔστι
670 2474 791 2531 κεφ.
829 2451 881 2507 γ’
919 2460 1012 2509 τοῦ
1040 2450 1121 2526 ς’
1148 2456 1251 2512 τίτ.
1284 2461 1378 2510 τοῦ
1418 2452 1624 2530 βιϐλίου
1653 2462 1760 2511 τῶν

96 2541 417 2601 Βασιλιιιῶν
478 2541 619 2598 οὕτω
673 2540 831 2617 λέγον
866 2556 879 2571 ⁸
950 2548 1027 2619 Τῇ
1072 2543 1323 2615 συνηθείᾳ
1380 2546 1480 2611 τῆς
1539 2541 1755 2619 Ῥώμης

96 2631 429 2688 ἀκολουθεῖν
459 2629 683 2709 ὀφείλει.
721 2632 831 2689 Οἷα
889 2629 945 2687 δέ
994 2632 1093 2688 είσι
1142 2632 1208 2687 τὰ
1259 2633 1526 2710 προνόμια
1554 2637 1652 2702 τῆς
1705 2635 1761 2691 ἐν

100 2728 175 2796 τῇ
237 2718 451 2792 παλαιᾷ
507 2718 690 2799 Ῥώμη
772 2721 925 2798 ἁγίας
1005 2718 1357 2793 Ἐκκλησίας,
1438 2722 1756 2800 παρίστησιν

1859 1926 2116 2003 politana
2153 1943 2271 1985 non
2302 1923 2491 1984 solum
2519 1921 2676 2002 juris
2708 1921 2927 1995 Italici,
2964 1920 3071 1983 sed
3103 1921 3282 1982 etiam
3318 1920 3507 2001 ipsius
3583 1934 3587 1943 λ

1854 2012 2057 2075 Roma)
2089 2012 2472 2092 praerogativa
2504 2012 2744 2073 fruitor.
2779 2011 2983 2073 Const.
3018 2027 3157 2072 vero
3197 2012 3250 2081 1,
3285 2009 3374 2073 tit.
3402 2012 3502 2084 17,

1850 2103 1954 2163 lib.
1990 2120 2009 2163 ι
2041 2104 2176 2163 cod.
2216 2112 2306 2163 est
2350 2121 2481 2181 cap.
2518 2102 2622 2180 90,
2680 2102 2767 2161 tit.
2806 2102 2863 2173 6,
2895 2099 3002 2162 lib.
3036 2117 3099 2168 ιι,
3131 2098 3312 2162 Basil.
3345 2100 3505 2178 quod

1849 2193 1934 2252 sic
1952 2192 2038 2251 ait
2067 2190 2312 2253 :Omnis
2339 2190 2546 2251 civitas
2569 2188 3065 2251 consuetudinem
3092 2188 3300 2249 Romae
3329 2187 3503 2267 sequi

1844 2279 2044 2342 debet.
2082 2278 2372 2341 Caeterum
2409 2276 2745 2356 cujusmodi
2780 2276 2899 2336 sint
2941 2275 3245 2356 privilegia
3277 2284 3504 2336 sancta:

1844 2369 2129 2429 Ecclesiae
2150 2371 2366 2429 veteris
2388 2365 2934 2445 Romae,evidenter
2961 2365 3141 2426 tradit
3159 2363 3331 2425 nobis
3356 2362 3502 2424 scri-

1844 2467 2005 2537 ptum
2040 2456 2184 2518 illud
2247 2456 2551 2517 oraculum
2610 2454 2685 2515 ab
2720 2453 3005 2532 apostolis
3035 2452 3249 2534 mquali
3282 2462 3493 2514 sancto

1841 2546 2231 2608 Constantino
2287 2547 2499 2623 Magno
2561 2543 2634 2605 ad
2694 2551 2970 2606 sanctum
3024 2542 3388 2623 Sylveslrum
3426 2561 3496 2603 eo

1843 2644 2113 2716 tempore
2168 2654 2376 2715 papam
2442 2636 2779 2697 Romanum
2840 2631 3153 2709 emissum,
3215 2632 3373 2712 quod
3432 2632 3498 2692 in

1844 2725 2002 2786 hunc
2038 2724 2215 2786 habet
2250 2724 2517 2787 modum.

97 2812 244 2881 ἡμῖν
296 2811 364 2865 τὸ
407 2810 549 2885 παρᾶ
606 2820 699 2867 τοῦ
734 2809 1091 2867 ίσαποστόλου
1141 2811 1293 2888 ἁγίου
1343 2812 1584 2889 μεγάλου
1643 2818 2042 2872 Κωνσταντὲνου
2099 2818 2323 2892 φεγονὸς
2384 2815 2651 2895 ἔγγραφοι
2706 2814 2974 2887 θέσπισμα
3019 2814 3149 2889 πρὸς
3203 2814 3293 2868 τὸν
3345 2811 3500 2889 ἆίγιον

98 2898 431 2976 Σίλϐεστρον
474 2903 565 2956 τὸν
608 2899 729 2956 τότε
771 2902 955 2956 πάπαν
983 2905 1082 2967 τῆς
1112 2900 1356 2975 Ῥώμης,
1390 2902 1419 2957 ὃ
1451 2902 1545 2958 καί
1579 2902 1696 2983 ἔχει
1727 2905 1918 2968 οὕτως.

186 2989 327 3047 Δέον
360 2988 637 3064 ἐκρίναμεν
669 2991 805 3065 μετὰ
851 2990 1060 3045 πάντων
1106 2996 1212 3046 τῶν
1273 2992 1558 3069 σατραπῶν
1599 2994 1755 3066 ἡμῶν

1880 2996 2022 3057 Cum
2040 2994 2320 3055 omnibus
2333 2994 2583 3074 satrapis
2602 2994 2844 3065 nostris,
2862 3010 2997 3054 cum
3015 2992 3293 3053 universo
3309 3008 3456 3052 sena
3470 3024 3494 3040 ο

94 3079 191 3136 καὶ
255 3079 440 3144 πάσης
498 3084 598 3145 τῆς
656 3077 981 3156 συγκλήτου,
1048 3079 1138 3135 καὶ
1189 3085 1295 3135 τῶν
1347 3082 1646 3161 ἀρχόντων,
1675 3081 1763 3138 καὶ

1925 3104 2064 3145 cum
2085 3083 2658 3164 prml'ectis,d(-nique
2674 3103 2805 3145 cum
2823 3082 2988 3145 omni
3008 3081 3224 3161 populo
3241 3088 3500 3161 potesta-

96 3169 250 3238 μετᾶ
310 3170 512 3227 παντὸς
567 3178 659 3227 τοῦ
715 3167 847 3224 λαοῦ
906 3175 997 3224 τοῦ
1047 3168 1149 3224 ὑπὸ
1205 3169 1304 3235 τὴν
1363 3168 1599 3233 ἐξουσίαν
1665 3173 1765 3238 τῆς

100 3256 437 3331 ’ωμαϊκῆς
464 3255 647 3332 δόξης,
674 3258 769 3314 ἶνα
797 3260 872 3322 ὡς
906 3260 931 3314 ὃ
966 3258 1120 3333 ἅγιος
1156 3256 1357 3336 Πέτρος
1388 3260 1449 3315 ὲκ
1484 3260 1768 3336 προσώπου

92 3357 194 3406 τοῦ
233 3349 360 3403 Γἱοῦ
401 3346 494 3403 τοῦ
538 3355 671 3406 Θεοῦ
727 3346 871 3404 ἐστιν
930 3349 1004 3410 εἰς
1047 3348 1148 3414 τὴν
1191 3352 1322 3426 γῆν,
1384 3348 1521 3404 οὕτω
1575 3352 1661 3407 καὶ
1718 3347 1767 3405 οἱ

94 3437 395 3493 ἐπίσκοποι
426 3439 476 3493 οἱ
534 3434 777 3516 διάδοχοι
826 3447 918 3495 τοῦ
962 3439 1249 3516 κορυφαίου
1280 3437 1386 3493 τῶν
1417 3437 1755 3519 ἀποστόλων,

94 3525 353 3605 ἀρχικὰν
383 3523 618 3591 ἓξουσίαν
680 3528 750 3592 εἰς
808 3526 907 3594 τὴν
965 3531 1069 3603 γῆν
1100 3527 1294 3606 ἔχωσι,
1333 3524 1499 3583 Πλέον
1530 3528 1757 3607 παρέχει

102 3617 135 3682 ἦ
180 3614 442 3692 βασιλεία
473 3620 571 3683 τῆς
627 3615 783 3683 δόξης
825 3618 1006 3691 ἡμῶν,
1058 3619 1146 3673 καὶ
1189 3626 1347 3674 τοῦτο
1390 3619 1756 3696 παρεχωρήθη

96 3706 196 3785 ἀφ’
228 3707 420 3783 ἡμῶν,
453 3709 539 3761 καὶ
568 3705 672 3761 ἆπὸ
710 3710 807 3771 τῆς
861 3705 1134 3782 βασιλείας
1176 3707 1357 3781 ἡμῶν,
1403 3707 1493 3761 καὶ
1535 3705 1759 3781 θέλομεν

98 3798 276 3870 ἡμεῖς
308 3796 471 3850 αὐτὸν
503 3796 590 3849 τὸν
622 3807 916 3874 κορυφαῖον
946 3801 1051 3851 τῶν
1093 3793 1433 3873 ἀποστόλων,
1486 3797 1575 3852 καὶ
1632 3797 1754 3858 τοὺς

98 3882 403 3963 διαδόχους
461 3883 621 3941 αὐτοῦ
678 3884 739 3939 ἐκ
795 3882 1084 3960 προσώπου
1143 3885 1300 3943 αὐτοῦ
1341 3884 1582 3963 πρώτους
1625 3886 1757 3963 πρὸς

97 3975 198 4029 τὸν
245 3974 382 4029 Θεὸν
414 3973 646 4049 πατέρας
695 3973 838 4030 εἶναι
878 3975 969 4029 καὶ
1026 3972 1377 4052 δεφένσωρας.
1416 3972 1523 4035 Καὶ
1577 3974 1758 4049 ὥσπερ

98 4066 136 4131 ἦ
168 4060 434 4139 βασιλικὴ
489 4060 694 4127 ἱξουσία
735 4064 891 4136 ἡμῶν
946 4064 1019 4124 είς
1076 4063 1175 4130 τὴν
1219 4068 1322 4140 γῆν
1376 4061 1611 4143 σέϐεται,
1670 4066 1757 4121 καὶ

90 4151 355 4227 τιμᾶται,
389 4149 528 4206 οὕτω
556 4150 871 4225 θεσπίζομεν
901 4149 1144 4207 σέϐεσθαι
1199 4154 1282 4208 καὶ
1344 4156 1596 4227 τιμᾶσθαι
1658 4155 1755 4221 τὴν

90 4241 261 4319 ἁγίαν
320 4240 426 4297 τῶν
486 4236 765 4316 Ῥωμαίων
828 4238 1178 4320 Ἐκκλησίαν,
1238 4245 1335 4298 καὶ
1388 4240 1552 4299 πλέον
1613 4243 1756 4321 παρὰ

1852 3183 1889 3235 ιι
1906 3173 2185 3235 Romamn
2203 3174 2466 3253 majestat
2479 3174 2526 3234 is
2540 3173 2928 3247 subdito,con
2939 3172 3181 3232 veniens
3193 3170 3494 3250 essejudi-

1849 3264 2191 3329 cavimus,ul
2209 3263 2713 3343 quemadmodum
2729 3260 3269 3324 sanctusPetrusex
3285 3278 3493 3341 perso-

1850 3371 1922 3411 na
1940 3352 2068 3413 Filii
2084 3350 2492 3431 Dei[ecclesi:e
2504 3370 2568 3413 ca
2580 3351 2798 3431 put]est
2812 3353 2867 3412 in
2886 3350 3358 3414 terriszitaetiam
3374 3349 3496 3429 epi-

1845 3441 2144 3520 scopi,qui
2176 3458 2558 3502 successores
2580 3449 2717 3501 sunt
2743 3440 3036 3518 Principis
3059 3438 3489 3518 apostolorum,

1842 3530 2187 3607 primariam
2204 3531 2260 3590 in
2279 3531 2448 3591 terris
2463 3538 2810 3608 potestatem
2827 3528 3103 3590 habeant:
3129 3526 3488 3604 [etquidem]

1840 3619 2094 3697 amplius
2119 3637 2290 3699 quam
2315 3618 2914 3697 nostraimperatoria
2941 3616 3220 3695 majestas
3242 3616 3486 3678 habeat.

1840 3709 2100 3787 Atqueid
2132 3707 2415 3787 [quidem]
2445 3724 2797 3767 concessum
2816 3716 2949 3768 esta
2966 3704 3160 3785 nobis,
3190 3707 3491 3781 Augusta-

1839 3816 1953 3877 que
1970 3810 2167 3858 nostra
2184 3798 2318 3875 conj
2329 3813 2537 3876 ugezac
2551 3796 2899 3857 volumusut
2915 3795 3334 3875 ipsePrinccps
3351 3811 3492 3872 apo-

1839 3886 2885 3967 stolorum.ejusquesuccessores.ex
2902 3885 3087 3964 ipsius
3102 3900 3356 3963 persona
3376 3882 3494 3961 prio

1844 3976 1919 4036 mi
1953 3978 2104 4055 apud
2138 3975 2322 4038 Deum
2380 3984 2578 4055 patres
2629 3975 2748 4035 sint
2777 3984 2954 4054 atque
2983 3973 3360 4033 defensores.
3405 3971 3492 4033 Et

1843 4065 2342 4145 quemadmodum
2367 4063 2767 4144 imperatoriae
2783 4073 2999 4126 nostrae
3016 4062 3340 4142 majestatis
3367 4080 3477 4141 po-

1840 4163 2020 4215 testas
2052 4156 2264 4216 colitur
2322 4163 2380 4216 et
2434 4156 2758 4217 honoratur
2793 4173 2807 4217 :
2862 4153 2943 4214 ita
2972 4152 3295 4231 sancimus,
3331 4159 3394 4211 ut
3427 4160 3489 4212 et

1838 4254 2043 4307 sancta
2068 4244 2469 4306 Romanorum
2498 4243 2766 4307 Ecclesia
2796 4244 3027 4306 colatur
3044 4252 3102 4303 et
3124 4242 3478 4313 honoratur;

90 4332 201 4399 τὴν
265 4329 542 4404 βασιλείαν
603 4332 783 4404 ἡμῶν,
828 4332 924 4387 καί
970 4333 1063 4387 τὸν
1106 4333 1303 4409 γήϊνον
1356 4333 1540 4409 θρόνον
1598 4334 1753 4409 ἁγίαν

1925 4352 2010 4414 [ue
2038 4353 2221 4412 supra
2272 4353 2447 4414 quam
2499 4333 2885 4413 imperatoria
2944 4339 3144 4393 nostra
3176 4330 3484 4410 maiestas,

90 4416 364 4496 καθέδραν
421 4426 515 4475 τοῦ
570 4420 721 4496 ἁγίου
781 4420 980 4498 Πέτρου
1054 4419 1382 4493 δοξάζεσθαι,
1441 4423 1529 4478 καὶ
1584 4423 1751 4497 ὑψοῦ-

1933 4441 2263 4504 renumque
2283 4426 2741 4497 solium,sancta
2765 4423 2943 4484 sedes
2966 4422 3159 4482 sancti
3180 4419 3343 4481 Petri
3369 4420 3493 4480 lau-

91 4514 251 4581 σθαι,
301 4506 537 4574 διδόντες
580 4508 712 4583 αὒτῇ
753 4506 974 4584 δύναμιν
1029 4512 1114 4565 καὶ
1162 4508 1318 4575 δόξης
1382 4508 1611 4585 ἀξίωμα,
1674 4521 1761 4573 καὶ

89 4599 463 4675 διακρίνοντες
519 4599 840 4673 θεσπίζομεν
898 4598 993 4654 ’ίνα
1044 4596 1283 4665 ἒξουσίαν
1340 4599 1447 4678 ἔχῃ
1498 4599 1755 4679 ἀρχικήν,

89 4690 187 4744 καὶ
251 4686 403 4744 εἶναι
474 4687 675 4753 ταύτην
730 4687 973 4767 κεφαλὴν
1032 4693 1138 4744 τῶν
1196 4690 1465 4767 τεσσάρων
1533 4690 1756 4766 θρόνων,

94 4777 221 4845 ἦτοι
256 4783 354 4833 τοῦ
394 4775 583 4853 θρόνου
636 4776 733 4843 τῆς
787 4775 1206 4857 Ἀλεξανδρείας,
1258 4781 1358 4843 τῆς
1387 4775 1752 4856 Ἀντιοχείας,

92 4873 209 4923 τῶν
305 4863 714 4944 Ἱεροσολύμων,
790 4866 878 4921 καὶ
935 4872 1032 4933 τῆς
1111 4865 1751 4940 Κωνσταντινουπόλεως,

92 4956 189 5011 καὶ
263 4955 451 5015 ἁπλῶς
514 4955 591 5016 εἷς
646 4953 774 5019 ὅλας
850 4956 943 5020 τὰς
1004 4954 1329 5022 Ἐκκλησίας
1389 4955 1604 5021 ἀπάσης
1657 4956 1755 5021 τῆς

96 5042 452 5118 οἰκουμένης.
488 5045 591 5103 Καὶ
655 5047 683 5101 ὁ
735 5044 1022 5110 ἐπίσκοπος
1053 5047 1080 5101 ὃ
1111 5044 1322 5121 μέλλων
1360 5045 1501 5100 εἶναι
1554 5048 1627 5107 εἷς
1659 5045 1758 5111 τὴν

98 5135 263 5213 ἁγίαν
308 5139 418 5189 τῶν
464 5132 743 5207 Ῥωμαίων
790 5130 1116 5200 Ἐκκλησίαν
1148 5131 1346 5211 ὀφείλει
1379 5132 1522 5188 εἶναι
1554 5131 1758 5197 ἔνδοξος

97 5226 197 5280 καὶ
232 5221 574 5297 ὑψηλότερος
603 5224 745 5300 παρᾶ
777 5223 978 5285 πάντας
1010 5224 1131 5287 τοὺς
1182 5225 1347 5302 ἱερεῖς
1396 5230 1486 5279 τοῦ
1527 5222 1754 5296 κόσμου,

97 5316 191 5368 καὶ
244 5312 354 5368 εἴτι
407 5311 529 5369 ἐστί
601 5313 731 5391 πρὸς
779 5315 1062 5391 θεραπείαν
1120 5320 1213 5369 τοῦ
1267 5316 1423 5392 Θεοῦ,
1467 5313 1557 5368 καὶ
1626 5314 1758 5391 πρὸς

98 5400 387 5479 διόρθωσιν
429 5404 522 5459 καὶ
564 5401 850 5479 στερέωσιν
891 5403 989 5470 τῆς
1043 5404 1277 5464 πίστεως
1334 5403 1443 5458 τῶν
1500 5408 1759 5479 Χριστια-

98 5498 209 5547 ἰὦν
246 5489 342 5547 ’ίνα
400 5492 648 5567 κρίνηται
705 5489 833 5566 παρ’
890 5492 1049 5548 αὒτοῦ
1084 5508 1097 5522 ⁶

99 5585 288 5636 cura:
344 5582 375 5635 '0
429 5581 586 5659 ἅγιος
646 5580 808 5655 νόμος
849 5579 958 5660 ἔχη
1009 5582 1108 5650 τὴν
1140 5580 1404 5659 κεφαλὴν,
1438 5582 1527 5637 καὶ
1558 5580 1758 5661 ἀρχὴν,

100 5669 245 5728 ὅπου
274 5672 303 5726 ὁ
335 5670 489 5749 ἅγιος
518 5670 813 5745 νομοθέτης
845 5674 873 5728 ὁ
920 5670 1113 5751 Σωτὴρ
1166 5672 1321 5749 ἡμῶν
1379 5669 1584 5739 Ἰησοῦς
1633 5678 1761 5753 Χριο

1161 5491 1364 5548 δίκαιον
1395 5493 1494 5569 γάρ
1526 5491 1637 5546 ἐστι
1671 5490 1762 5548 ἵνα

1844 4511 2043 4585 dibus,
2081 4514 2421 4573 cumuletur
2442 4521 2617 4592 atque
2643 4514 2952 4573 exaltetur.
2981 4510 3128 4590 [Ac]
3159 4509 3295 4569 data
3326 4509 3491 4589 [jam]

1844 4599 1957 4677 ipsi
1994 4610 2307 4681 potestate,
2344 4601 2794 4682 majestatisque
2817 4598 3495 4677 dignitate,conlirmato

1843 4689 2090 4768 [deinde
2113 4690 2343 4769 judicio
2374 4692 2678 4752 sancimus
2709 4700 2770 4751 ut
2808 4689 3151 4770 primariam
3189 4687 3347 4746 illam
3385 4685 3488 4744 ha-

1840 4778 1976 4840 beat
2006 4788 2570 4859 potestatem,alque
2602 4789 2781 4858 caput
2810 4778 2887 4838 sit
2918 4785 3174 4855 quatuor
3203 4773 3491 4834 soliorum

1838 4868 2227 4930 Alexandrini
2251 4860 3487 4942 videlicet,Autiocheni,Hierosolymitani

1841 4974 1899 5019 et
1932 4959 2594 5038 Constantinopolitani:
2621 4975 2689 5018 ac
2713 4954 2917 5035 [vero]
2945 4953 3201 5013 breviter
3224 4949 3495 5038 omnium

1841 5046 2246 5108 Ecclesiarum
2268 5035 2525 5108 universi
2546 5056 2836 5106 terrarum
2858 5038 3178 5120 orbis.[Ut]
3196 5038 3375 5100 etiam
3397 5035 3501 5117 qui

1840 5146 2058 5197 sancta;
2092 5138 2494 5198 Romanorum
2556 5134 2839 5195 Ecclesiae
2898 5131 3216 5212 cpiscopus
3251 5127 3489 5189 futurus

1840 5235 1952 5299 est,
1986 5226 2283 5303 gloriosus
2305 5244 2438 5286 esse
2461 5223 2768 5293 debeat,et
2795 5239 2980 5298 supra
3009 5235 3223 5281 omnes
3256 5217 3496 5296 [totius]

1844 5315 2045 5375 mundi
2071 5314 2420 5375 sacerdotes
2444 5312 2745 5374 excelsus.
2778 5309 2853 5373 Ut
2886 5307 3249 5390 [postremo]
3275 5306 3321 5366 si
3350 5303 3500 5385 quid

1843 5401 1911 5462 ad
1931 5403 2152 5462 cultum
2171 5401 2835 5477 Dei,Christiauamque
2850 5399 3026 5459 fidem
3045 5392 3497 5457 instauraudam

1842 5510 1908 5553 ac
1933 5492 2466 5552 constabilieudam
2496 5491 2811 5570 pertineat.
2849 5486 2953 5570 [id]
2981 5486 3055 5547 ab
3088 5487 3216 5566 ipso
3264 5483 3499 5563 dijudi-

1845 5590 2016 5642 cetur
2048 5582 2307 5661 XEquum
2335 5579 2495 5641 enim
2521 5589 2631 5652 est,
2667 5589 2730 5639 ut
2754 5578 2875 5638 illic
2893 5595 3066 5638 sacra
3087 5575 3179 5636 les
3206 5574 3502 5651 originem

1849 5670 2160 5741 etinitium
2188 5678 2407 5754 sumat,
2437 5669 2541 5733 ubi
2579 5676 2994 5733 sacrosanctus
3024 5662 3329 5744 legislator
3358 5661 3504 5723 δεῖ*
