  <div class='ocr_page' id='page_1' title='image "/cluster/home/n/w/nwhite01/storage/ocr_20150623/104/hvd.32044073502163/559.png"; bbox 0 0 4052 6222; ppageno 0'>
   <div class='ocr_carea' id='block_1_1' title="bbox 480 273 2080 350">
    <p class='ocr_par' dir='ltr' id='par_1_1' title="bbox 480 273 2080 346">
     <span class='ocr_line' id='line_1_1' title="bbox 480 273 2080 346; baseline 0.001 -2"><span class='ocrx_word' id='word_1_1' title='bbox 480 273 634 344; x_wconf 86' lang='grc'><strong>1079</strong></span> <span class='ocrx_word' id='word_1_2' title='bbox 1656 274 1926 346; x_wconf 84' lang='lat' dir='ltr'><strong>PHOTII</strong></span> <span class='ocrx_word' id='word_1_3' title='bbox 1977 283 2080 345; x_wconf 79' lang='lat' dir='ltr'><strong>PA&#39;</strong></span> 
     </span>
    </p>
   </div>
   <div class='ocr_carea' id='block_1_2' title="bbox 2300 273 3900 350">
    <p class='ocr_par' dir='ltr' id='par_1_2' title="bbox 2300 277 3900 350">
     <span class='ocr_line' id='line_1_2' title="bbox 2300 277 3900 350; baseline 0.003 -6"><span class='ocrx_word' id='word_1_4' title='bbox 2300 281 2496 346; x_wconf 64' lang='lat' dir='ltr'><strong>tCHIE</strong></span> <span class='ocrx_word' id='word_1_5' title='bbox 2536 279 2652 348; x_wconf 91' lang='lat' dir='ltr'><strong>CP.</strong></span> <span class='ocrx_word' id='word_1_6' title='bbox 3728 277 3900 350; x_wconf 77' lang='lat'><strong>1080</strong></span> 
     </span>
    </p>
   </div>
   <div class='ocr_carea' id='block_1_3' title="bbox 479 414 2079 506">
    <p class='ocr_par' dir='ltr' id='par_1_3' title="bbox 479 414 2079 501">
     <span class='ocr_line' id='line_1_3' title="bbox 479 414 2079 501; baseline 0.003 -21"><span class='ocrx_word' id='word_1_7' title='bbox 479 428 649 483; x_wconf 78' lang='lat' dir='ltr'><strong>vator</strong></span> <span class='ocrx_word' id='word_1_8' title='bbox 669 421 874 480; x_wconf 82' lang='lat' dir='ltr'><strong>noster</strong></span> <span class='ocrx_word' id='word_1_9' title='bbox 892 417 1065 480; x_wconf 81' lang='lat' dir='ltr'><strong>Jeeus</strong></span> <span class='ocrx_word' id='word_1_10' title='bbox 1086 414 1356 482; x_wconf 76' lang='lat' dir='ltr'><strong>Christus</strong></span> <span class='ocrx_word' id='word_1_11' title='bbox 1379 419 1621 484; x_wconf 91' lang='lat' dir='ltr'><strong>beatum</strong></span> <span class='ocrx_word' id='word_1_12' title='bbox 1645 426 1979 501; x_wconf 76' lang='lat' dir='ltr'><strong>apostolum</strong></span> <span class='ocrx_word' id='word_1_13' title='bbox 2005 425 2079 485; x_wconf 88' lang='lat' dir='ltr'><strong>Pe</strong></span> 
     </span>
    </p>
   </div>
   <div class='ocr_carea' id='block_1_4' title="bbox 2298 414 3898 506">
    <p class='ocr_par' dir='ltr' id='par_1_4' title="bbox 2298 424 3898 506">
     <span class='ocr_line' id='line_1_4' title="bbox 2298 424 3898 506; baseline 0.003 -26"><span class='ocrx_word' id='word_1_14' title='bbox 2298 447 2329 488; x_wconf 58' lang='grc' dir='ltr'>νς</span> <span class='ocrx_word' id='word_1_15' title='bbox 2359 426 2451 480; x_wconf 84' lang='grc' dir='ltr'>τὸν</span> <span class='ocrx_word' id='word_1_16' title='bbox 2504 426 2770 503; x_wconf 80' lang='grc' dir='ltr'>μακάριον</span> <span class='ocrx_word' id='word_1_17' title='bbox 2827 424 3132 483; x_wconf 76' lang='grc' dir='ltr'><strong>ἀπόστολον</strong></span> <span class='ocrx_word' id='word_1_18' title='bbox 3188 426 3393 501; x_wconf 82' lang='grc' dir='ltr'>Πέτρον</span> <span class='ocrx_word' id='word_1_19' title='bbox 3444 425 3714 484; x_wconf 73' lang='grc' dir='ltr'>ἐκέλευσε</span> <span class='ocrx_word' id='word_1_20' title='bbox 3749 451 3898 506; x_wconf 80' lang='grc' dir='ltr'>κρα-</span> 
     </span>
    </p>
   </div>
   <div class='ocr_carea' id='block_1_5' title="bbox 482 508 2082 595">
    <p class='ocr_par' dir='ltr' id='par_1_5' title="bbox 482 508 2082 589">
     <span class='ocr_line' id='line_1_5' title="bbox 482 508 2082 589; baseline 0.001 -17"><span class='ocrx_word' id='word_1_21' title='bbox 482 519 640 572; x_wconf 91' lang='lat' dir='ltr'><strong>trum</strong></span> <span class='ocrx_word' id='word_1_22' title='bbox 667 508 870 570; x_wconf 86' lang='lat' dir='ltr'><strong>sedem</strong></span> <span class='ocrx_word' id='word_1_23' title='bbox 895 508 1581 589; x_wconf 83' lang='lat' dir='ltr'><strong>obtinerejussit,crucis</strong></span> <span class='ocrx_word' id='word_1_24' title='bbox 1603 512 2082 575; x_wconf 77' lang='lat' dir='ltr'><strong>atilictionemsu:</strong></span> 
     </span>
    </p>
   </div>
   <div class='ocr_carea' id='block_1_6' title="bbox 2295 508 3895 595">
    <p class='ocr_par' dir='ltr' id='par_1_6' title="bbox 2299 513 3895 595">
     <span class='ocr_line' id='line_1_6' title="bbox 2299 513 3895 595; baseline 0.004 -27"><span class='ocrx_word' id='word_1_25' title='bbox 2299 538 2325 568; x_wconf 92' lang='grc' dir='ltr'><strong>ν</strong></span> <span class='ocrx_word' id='word_1_26' title='bbox 2345 515 2444 581; x_wconf 80' lang='grc' dir='ltr'>τὴν</span> <span class='ocrx_word' id='word_1_27' title='bbox 2463 513 2834 593; x_wconf 86' lang='grc' dir='ltr'>καθέδραν,καὶ</span> <span class='ocrx_word' id='word_1_28' title='bbox 2858 516 2995 572; x_wconf 79' lang='grc' dir='ltr'>’ὃπου</span> <span class='ocrx_word' id='word_1_29' title='bbox 3018 518 3081 573; x_wconf 81' lang='grc' dir='ltr'><strong>τὸ</strong></span> <span class='ocrx_word' id='word_1_30' title='bbox 3104 517 3270 582; x_wconf 80' lang='grc' dir='ltr'>πάθος</span> <span class='ocrx_word' id='word_1_31' title='bbox 3292 523 3386 574; x_wconf 78' lang='grc' dir='ltr'><strong>τοῦ</strong></span> <span class='ocrx_word' id='word_1_32' title='bbox 3416 539 3660 595; x_wconf 84' lang='grc' dir='ltr'>σταυρου</span> <span class='ocrx_word' id='word_1_33' title='bbox 3690 517 3895 593; x_wconf 75' lang='grc' dir='ltr'>ἔπαθε,</span> 
     </span>
    </p>
   </div>
   <div class='ocr_carea' id='block_1_7' title="bbox 485 597 2085 683">
    <p class='ocr_par' dir='ltr' id='par_1_7' title="bbox 485 597 2085 680">
     <span class='ocr_line' id='line_1_7' title="bbox 485 597 2085 680; baseline 0.001 -17"><span class='ocrx_word' id='word_1_34' title='bbox 485 601 665 663; x_wconf 91' lang='lat' dir='ltr'><strong>tinuit</strong></span> <span class='ocrx_word' id='word_1_35' title='bbox 687 597 988 678; x_wconf 58' lang='lat' dir='ltr'><strong>beataeque</strong></span> <span class='ocrx_word' id='word_1_36' title='bbox 1020 602 1227 660; x_wconf 90' lang='lat' dir='ltr'><strong>mortis</strong></span> <span class='ocrx_word' id='word_1_37' title='bbox 1257 599 1508 663; x_wconf 88' lang='lat' dir='ltr'><strong>calicem</strong></span> <span class='ocrx_word' id='word_1_38' title='bbox 1531 599 1719 664; x_wconf 89' lang='lat' dir='ltr'><strong>bibit:</strong></span> <span class='ocrx_word' id='word_1_39' title='bbox 1754 612 1813 663; x_wconf 88' lang='lat' dir='ltr'><strong>et</strong></span> <span class='ocrx_word' id='word_1_40' title='bbox 1842 603 1940 663; x_wconf 92' lang='lat' dir='ltr'><strong>ubi</strong></span> <span class='ocrx_word' id='word_1_41' title='bbox 1973 602 2085 680; x_wconf 87' lang='lat' dir='ltr'><strong>[ille</strong></span> 
     </span>
    </p>
   </div>
   <div class='ocr_carea' id='block_1_8' title="bbox 2299 597 3899 683">
    <p class='ocr_par' dir='ltr' id='par_1_8' title="bbox 2353 605 3899 683">
     <span class='ocr_line' id='line_1_8' title="bbox 2353 605 3899 683; baseline 0.004 -25"><span class='ocrx_word' id='word_1_42' title='bbox 2353 605 2619 680; x_wconf 87' lang='grc' dir='ltr'>μακαρίου</span> <span class='ocrx_word' id='word_1_43' title='bbox 2687 605 2918 662; x_wconf 84' lang='grc' dir='ltr'>θανάτου</span> <span class='ocrx_word' id='word_1_44' title='bbox 2989 605 3248 683; x_wconf 60' lang='grc' dir='ltr'>ποτηριον</span> <span class='ocrx_word' id='word_1_45' title='bbox 3315 606 3461 679; x_wconf 77' lang='grc' dir='ltr'>ἔπιε,</span> <span class='ocrx_word' id='word_1_46' title='bbox 3525 610 3621 662; x_wconf 81' lang='grc' dir='ltr'>καὶ</span> <span class='ocrx_word' id='word_1_47' title='bbox 3669 607 3899 683; x_wconf 72' lang='grc' dir='ltr'>ἐγένετο</span> 
     </span>
    </p>
   </div>
   <div class='ocr_carea' id='block_1_9' title="bbox 485 689 2085 772">
    <p class='ocr_par' dir='ltr' id='par_1_9' title="bbox 485 689 2085 772">
     <span class='ocr_line' id='line_1_9' title="bbox 485 689 2085 772; baseline 0.001 -19"><span class='ocrx_word' id='word_1_48' title='bbox 485 692 663 754; x_wconf 89' lang='lat' dir='ltr'><strong>etiam</strong></span> <span class='ocrx_word' id='word_1_49' title='bbox 716 689 977 751; x_wconf 74' lang='lat' dir='ltr'><strong>imitator</strong></span> <span class='ocrx_word' id='word_1_50' title='bbox 1034 689 1290 768; x_wconf 77' lang='lat' dir='ltr'><strong>Magistri</strong></span> <span class='ocrx_word' id='word_1_51' title='bbox 1341 701 1518 772; x_wconf 89' lang='lat' dir='ltr'><strong>atque</strong></span> <span class='ocrx_word' id='word_1_52' title='bbox 1548 692 1790 755; x_wconf 92' lang='lat' dir='ltr'><strong>Domini</strong></span> <span class='ocrx_word' id='word_1_53' title='bbox 1818 695 1907 755; x_wconf 89' lang='lat' dir='ltr'><strong>sui</strong></span> <span class='ocrx_word' id='word_1_54' title='bbox 1939 695 2085 756; x_wconf 76' lang='lat' dir='ltr'><strong>factu</strong></span> 
     </span>
    </p>
   </div>
   <div class='ocr_carea' id='block_1_10' title="bbox 2299 689 3899 772">
    <p class='ocr_par' dir='ltr' id='par_1_10' title="bbox 2330 693 3899 772">
     <span class='ocr_line' id='line_1_10' title="bbox 2330 693 3899 772; baseline 0.004 -25"><span class='ocrx_word' id='word_1_55' title='bbox 2330 699 2634 770; x_wconf 78' lang='grc' dir='ltr'>Μαϊστορος</span> <span class='ocrx_word' id='word_1_56' title='bbox 2693 693 2986 757; x_wconf 70' lang='grc' dir='ltr'>ἀκόλουθος</span> <span class='ocrx_word' id='word_1_57' title='bbox 3041 697 3132 752; x_wconf 85' lang='grc' dir='ltr'><strong>καὶ</strong></span> <span class='ocrx_word' id='word_1_58' title='bbox 3183 697 3373 772; x_wconf 79' lang='grc' dir='ltr'>Κυρίου</span> <span class='ocrx_word' id='word_1_59' title='bbox 3404 696 3597 770; x_wconf 75' lang='grc' dir='ltr'>αὒτοῦ,</span> <span class='ocrx_word' id='word_1_60' title='bbox 3633 697 3736 752; x_wconf 74' lang='grc' dir='ltr'>καί</span> <span class='ocrx_word' id='word_1_61' title='bbox 3776 697 3899 753; x_wconf 76' lang='grc' dir='ltr'>ἐκεῖ</span> 
     </span>
    </p>
   </div>
   <div class='ocr_carea' id='block_1_11' title="bbox 486 777 2086 864">
    <p class='ocr_par' dir='ltr' id='par_1_11' title="bbox 486 777 2085 862">
     <span class='ocr_line' id='line_1_11' title="bbox 486 777 2085 862; baseline 0.001 -19"><span class='ocrx_word' id='word_1_62' title='bbox 486 777 677 843; x_wconf 92' lang='lat' dir='ltr'><strong>est.Ut</strong></span> <span class='ocrx_word' id='word_1_63' title='bbox 699 778 900 860; x_wconf 88' lang='lat' dir='ltr'>[item]</span> <span class='ocrx_word' id='word_1_64' title='bbox 926 779 1047 840; x_wconf 91' lang='lat' dir='ltr'><strong>illic</strong></span> <span class='ocrx_word' id='word_1_65' title='bbox 1069 779 1586 859; x_wconf 83' lang='lat' dir='ltr'><strong>inclinentgentes</strong></span> <span class='ocrx_word' id='word_1_66' title='bbox 1623 782 1816 862; x_wconf 84' lang='lat' dir='ltr'><strong>capita</strong></span> <span class='ocrx_word' id='word_1_67' title='bbox 1841 801 1946 844; x_wconf 91' lang='lat' dir='ltr'><strong>sua</strong></span> <span class='ocrx_word' id='word_1_68' title='bbox 1981 801 2085 862; x_wconf 81' lang='lat' dir='ltr'><strong>pro</strong></span> 
     </span>
    </p>
   </div>
   <div class='ocr_carea' id='block_1_12' title="bbox 2299 777 3899 864">
    <p class='ocr_par' dir='ltr' id='par_1_12' title="bbox 2333 781 3899 864">
     <span class='ocr_line' id='line_1_12' title="bbox 2333 781 3899 864; baseline 0.003 -28"><span class='ocrx_word' id='word_1_69' title='bbox 2333 781 2455 848; x_wconf 79' lang='grc' dir='ltr'>ἔθνη</span> <span class='ocrx_word' id='word_1_70' title='bbox 2498 781 2592 838; x_wconf 72' lang='grc' dir='ltr'><strong>ἵνα</strong></span> <span class='ocrx_word' id='word_1_71' title='bbox 2633 781 2857 839; x_wconf 79' lang='grc' dir='ltr'>κλίνωσι</span> <span class='ocrx_word' id='word_1_72' title='bbox 2930 785 3026 846; x_wconf 72' lang='grc' dir='ltr'><strong>τας</strong></span> <span class='ocrx_word' id='word_1_73' title='bbox 3087 784 3326 864; x_wconf 72' lang='grc' dir='ltr'>κεφαλὰς</span> <span class='ocrx_word' id='word_1_74' title='bbox 3388 788 3570 844; x_wconf 72' lang='grc' dir='ltr'>αὒτῶν</span> <span class='ocrx_word' id='word_1_75' title='bbox 3637 785 3732 843; x_wconf 77' lang='grc' dir='ltr'><strong>διὰ</strong></span> <span class='ocrx_word' id='word_1_76' title='bbox 3793 789 3899 854; x_wconf 71' lang='grc' dir='ltr'>τὴν</span> 
     </span>
    </p>
   </div>
   <div class='ocr_carea' id='block_1_13' title="bbox 486 867 2086 951">
    <p class='ocr_par' dir='ltr' id='par_1_13' title="bbox 486 867 2086 951">
     <span class='ocr_line' id='line_1_13' title="bbox 486 867 2086 951; baseline 0 -19"><span class='ocrx_word' id='word_1_77' title='bbox 486 878 619 951; x_wconf 86' lang='lat' dir='ltr'><strong>pter</strong></span> <span class='ocrx_word' id='word_1_78' title='bbox 650 867 1088 930; x_wconf 78' lang='lat' dir='ltr'><strong>confessionem</strong></span> <span class='ocrx_word' id='word_1_79' title='bbox 1128 870 1390 932; x_wconf 88' lang='lat' dir='ltr'><strong>nominis</strong></span> <span class='ocrx_word' id='word_1_80' title='bbox 1445 870 1693 946; x_wconf 92' lang='lat' dir='ltr'><strong>Christi,</strong></span> <span class='ocrx_word' id='word_1_81' title='bbox 1756 871 1858 933; x_wconf 90' lang='lat' dir='ltr'><strong>ubi</strong></span> <span class='ocrx_word' id='word_1_82' title='bbox 1889 872 2086 934; x_wconf 78' lang='lat' dir='ltr'><strong>illarui</strong></span> 
     </span>
    </p>
   </div>
   <div class='ocr_carea' id='block_1_14' title="bbox 2298 867 3898 951">
    <p class='ocr_par' dir='ltr' id='par_1_14' title="bbox 2298 869 3898 950">
     <span class='ocr_line' id='line_1_14' title="bbox 2298 869 3898 950; baseline 0.001 -22"><span class='ocrx_word' id='word_1_83' title='bbox 2298 869 2604 948; x_wconf 87' lang='grc' dir='ltr'>μολόγησιν</span> <span class='ocrx_word' id='word_1_84' title='bbox 2654 879 2744 927; x_wconf 75' lang='grc' dir='ltr'>τοῦ</span> <span class='ocrx_word' id='word_1_85' title='bbox 2802 873 3068 948; x_wconf 79' lang='grc' dir='ltr'>ὀνόματος</span> <span class='ocrx_word' id='word_1_86' title='bbox 3126 884 3220 934; x_wconf 83' lang='grc' dir='ltr'>τοῦ</span> <span class='ocrx_word' id='word_1_87' title='bbox 3265 877 3527 950; x_wconf 80' lang='grc' dir='ltr'>Χριστεῦ,</span> <span class='ocrx_word' id='word_1_88' title='bbox 3560 875 3707 931; x_wconf 82' lang='grc' dir='ltr'>ὅπου</span> <span class='ocrx_word' id='word_1_89' title='bbox 3744 877 3776 930; x_wconf 81' lang='grc' dir='ltr'><strong>ὃ</strong></span> <span class='ocrx_word' id='word_1_90' title='bbox 3813 874 3898 930; x_wconf 79' lang='grc' dir='ltr'><strong>διο</strong></span> 
     </span>
    </p>
   </div>
   <div class='ocr_carea' id='block_1_15' title="bbox 485 957 2085 1041">
    <p class='ocr_par' dir='ltr' id='par_1_15' title="bbox 485 958 2085 1041">
     <span class='ocr_line' id='line_1_15' title="bbox 485 958 2085 1041; baseline 0.001 -20"><span class='ocrx_word' id='word_1_91' title='bbox 485 963 696 1022; x_wconf 89' lang='lat' dir='ltr'><strong>doctor</strong></span> <span class='ocrx_word' id='word_1_92' title='bbox 725 958 934 1020; x_wconf 90' lang='lat' dir='ltr'><strong>beatus</strong></span> <span class='ocrx_word' id='word_1_93' title='bbox 964 959 1273 1039; x_wconf 86' lang='lat' dir='ltr'><strong>apostolus</strong></span> <span class='ocrx_word' id='word_1_94' title='bbox 1321 959 1540 1022; x_wconf 87' lang='lat' dir='ltr'><strong>Paulus</strong></span> <span class='ocrx_word' id='word_1_95' title='bbox 1595 969 1847 1024; x_wconf 82' lang='lat' dir='ltr'><strong>extenso</strong></span> <span class='ocrx_word' id='word_1_96' title='bbox 1889 972 2085 1041; x_wconf 77' lang='lat' dir='ltr'><strong>propte</strong></span> 
     </span>
    </p>
   </div>
   <div class='ocr_carea' id='block_1_16' title="bbox 2297 957 3897 1041">
    <p class='ocr_par' dir='ltr' id='par_1_16' title="bbox 2297 959 3897 1040">
     <span class='ocr_line' id='line_1_16' title="bbox 2297 959 3897 1040; baseline 0.005 -28"><span class='ocrx_word' id='word_1_97' title='bbox 2297 959 2473 1026; x_wconf 65' lang='grc' dir='ltr'>τκαλος</span> <span class='ocrx_word' id='word_1_98' title='bbox 2538 963 2712 1018; x_wconf 73' lang='grc' dir='ltr'>αὐτῶν</span> <span class='ocrx_word' id='word_1_99' title='bbox 2769 963 2798 1018; x_wconf 82' lang='grc' dir='ltr'>ὁ</span> <span class='ocrx_word' id='word_1_100' title='bbox 2848 963 3113 1040; x_wconf 85' lang='grc' dir='ltr'>μακάριος</span> <span class='ocrx_word' id='word_1_101' title='bbox 3158 962 3461 1026; x_wconf 77' lang='grc' dir='ltr'><strong>ἀπόστολος</strong></span> <span class='ocrx_word' id='word_1_102' title='bbox 3525 963 3753 1025; x_wconf 76' lang='grc' dir='ltr'>Παῦλος</span> <span class='ocrx_word' id='word_1_103' title='bbox 3808 963 3897 1020; x_wconf 71' lang='grc' dir='ltr'>διὰ</span> 
     </span>
    </p>
   </div>
   <div class='ocr_carea' id='block_1_17' title="bbox 488 1047 2088 1132">
    <p class='ocr_par' dir='ltr' id='par_1_17' title="bbox 488 1047 2088 1132">
     <span class='ocr_line' id='line_1_17' title="bbox 488 1047 2088 1132; baseline -0.001 -20"><span class='ocrx_word' id='word_1_104' title='bbox 488 1047 794 1112; x_wconf 87' lang='lat' dir='ltr'><strong>Christum</strong></span> <span class='ocrx_word' id='word_1_105' title='bbox 822 1047 975 1110; x_wconf 91' lang='lat' dir='ltr'><strong>collo</strong></span> <span class='ocrx_word' id='word_1_106' title='bbox 1008 1049 1274 1129; x_wconf 82' lang='lat' dir='ltr'><strong>martyrii</strong></span> <span class='ocrx_word' id='word_1_107' title='bbox 1304 1068 1586 1112; x_wconf 88' lang='lat' dir='ltr'><strong>coronam</strong></span> <span class='ocrx_word' id='word_1_108' title='bbox 1613 1051 1846 1132; x_wconf 86' lang='lat' dir='ltr'><strong>accepit</strong></span> <span class='ocrx_word' id='word_1_109' title='bbox 1874 1068 1888 1113; x_wconf 93' lang='lat'>:</span> <span class='ocrx_word' id='word_1_110' title='bbox 1924 1061 1984 1111; x_wconf 92' lang='lat' dir='ltr'><strong>ut</strong></span> <span class='ocrx_word' id='word_1_111' title='bbox 2011 1051 2088 1130; x_wconf 81' lang='lat' dir='ltr'><strong>[in</strong></span> 
     </span>
    </p>
   </div>
   <div class='ocr_carea' id='block_1_18' title="bbox 2300 1047 3900 1132">
    <p class='ocr_par' dir='ltr' id='par_1_18' title="bbox 2351 1051 3900 1132">
     <span class='ocr_line' id='line_1_18' title="bbox 2351 1051 3900 1132; baseline 0.004 -27"><span class='ocrx_word' id='word_1_112' title='bbox 2351 1051 2578 1126; x_wconf 80' lang='grc' dir='ltr'>Χριστὸν</span> <span class='ocrx_word' id='word_1_113' title='bbox 2649 1051 2889 1111; x_wconf 77' lang='grc' dir='ltr'>ἐκτείνας</span> <span class='ocrx_word' id='word_1_114' title='bbox 2959 1054 3052 1109; x_wconf 83' lang='grc' dir='ltr'>τὸν</span> <span class='ocrx_word' id='word_1_115' title='bbox 3113 1051 3395 1132; x_wconf 81' lang='grc' dir='ltr'><strong>τράχηλον</strong></span> <span class='ocrx_word' id='word_1_116' title='bbox 3456 1053 3739 1132; x_wconf 62' lang='grc' dir='ltr'>στέρανον</span> <span class='ocrx_word' id='word_1_117' title='bbox 3801 1062 3900 1111; x_wconf 76' lang='grc' dir='ltr'><strong>τοῦ</strong></span> 
     </span>
    </p>
   </div>
   <div class='ocr_carea' id='block_1_19' title="bbox 487 1137 2087 1220">
    <p class='ocr_par' dir='ltr' id='par_1_19' title="bbox 487 1137 2087 1220">
     <span class='ocr_line' id='line_1_19' title="bbox 487 1137 2087 1220; baseline 0.002 -21"><span class='ocrx_word' id='word_1_118' title='bbox 487 1139 697 1218; x_wconf 86' lang='lat' dir='ltr'><strong>super]</strong></span> <span class='ocrx_word' id='word_1_119' title='bbox 718 1156 904 1218; x_wconf 89' lang='lat' dir='ltr'><strong>usque</strong></span> <span class='ocrx_word' id='word_1_120' title='bbox 921 1137 994 1199; x_wconf 91' lang='lat' dir='ltr'><strong>ad</strong></span> <span class='ocrx_word' id='word_1_121' title='bbox 1019 1139 1197 1200; x_wconf 84' lang='lat' dir='ltr'><strong>ﬁnem</strong></span> <span class='ocrx_word' id='word_1_122' title='bbox 1224 1140 1430 1201; x_wconf 91' lang='lat' dir='ltr'><strong>mundi</strong></span> <span class='ocrx_word' id='word_1_123' title='bbox 1455 1139 1618 1218; x_wconf 68' lang='lat' dir='ltr'><strong>[illae]</strong></span> <span class='ocrx_word' id='word_1_124' title='bbox 1643 1140 1948 1202; x_wconf 89' lang='lat' dir='ltr'><strong>doctorem</strong></span> <span class='ocrx_word' id='word_1_125' title='bbox 1973 1159 2087 1220; x_wconf 87' lang='lat' dir='ltr'><strong>qua</strong></span> 
     </span>
    </p>
   </div>
   <div class='ocr_carea' id='block_1_20' title="bbox 2299 1137 3899 1220">
    <p class='ocr_par' dir='ltr' id='par_1_20' title="bbox 2299 1139 3899 1217">
     <span class='ocr_line' id='line_1_20' title="bbox 2299 1139 3899 1217; baseline 0.003 -23"><span class='ocrx_word' id='word_1_126' title='bbox 2299 1141 2496 1216; x_wconf 69' lang='grc' dir='ltr'>ρτυρίου</span> <span class='ocrx_word' id='word_1_127' title='bbox 2556 1139 2791 1213; x_wconf 75' lang='grc' dir='ltr'><strong>ἐδέξατο,</strong></span> <span class='ocrx_word' id='word_1_128' title='bbox 2837 1142 2926 1196; x_wconf 80' lang='grc' dir='ltr'><strong>καὶ</strong></span> <span class='ocrx_word' id='word_1_129' title='bbox 2983 1141 3085 1205; x_wconf 81' lang='grc' dir='ltr'>ἕως</span> <span class='ocrx_word' id='word_1_130' title='bbox 3129 1149 3224 1198; x_wconf 79' lang='grc' dir='ltr'>τοῦ</span> <span class='ocrx_word' id='word_1_131' title='bbox 3280 1141 3466 1206; x_wconf 70' lang='grc' dir='ltr'>τίλους</span> <span class='ocrx_word' id='word_1_132' title='bbox 3521 1150 3624 1200; x_wconf 79' lang='grc' dir='ltr'>τοῦ</span> <span class='ocrx_word' id='word_1_133' title='bbox 3673 1145 3899 1217; x_wconf 87' lang='grc' dir='ltr'>κόσμου</span> 
     </span>
    </p>
   </div>
   <div class='ocr_carea' id='block_1_21' title="bbox 486 1227 2086 1309">
    <p class='ocr_par' dir='ltr' id='par_1_21' title="bbox 486 1227 2086 1309">
     <span class='ocr_line' id='line_1_21' title="bbox 486 1227 2086 1309; baseline 0 -19"><span class='ocrx_word' id='word_1_134' title='bbox 486 1235 648 1303; x_wconf 89' lang='lat' dir='ltr'><strong>rant,</strong></span> <span class='ocrx_word' id='word_1_135' title='bbox 681 1227 781 1289; x_wconf 89' lang='lat' dir='ltr'><strong>ubi</strong></span> <span class='ocrx_word' id='word_1_136' title='bbox 805 1235 1144 1289; x_wconf 88' lang='lat' dir='ltr'><strong>sanctorum</strong></span> <span class='ocrx_word' id='word_1_137' title='bbox 1172 1229 1302 1308; x_wconf 84' lang='lat' dir='ltr'><strong>ejus</strong></span> <span class='ocrx_word' id='word_1_138' title='bbox 1345 1229 1618 1306; x_wconf 71' lang='lat' dir='ltr'><strong>reliquiae</strong></span> <span class='ocrx_word' id='word_1_139' title='bbox 1638 1232 1972 1309; x_wconf 90' lang='lat' dir='ltr'><strong>quiescunt.</strong></span> <span class='ocrx_word' id='word_1_140' title='bbox 2007 1230 2086 1309; x_wconf 87' lang='lat' dir='ltr'><strong>[A</strong></span> 
     </span>
    </p>
   </div>
   <div class='ocr_carea' id='block_1_22' title="bbox 2298 1227 3898 1309">
    <p class='ocr_par' dir='ltr' id='par_1_22' title="bbox 2298 1229 3898 1308">
     <span class='ocr_line' id='line_1_22' title="bbox 2298 1229 3898 1308; baseline 0.003 -24"><span class='ocrx_word' id='word_1_141' title='bbox 2298 1251 2303 1284; x_wconf 72' lang='grc' dir='ltr'><strong>ι</strong></span> <span class='ocrx_word' id='word_1_142' title='bbox 2345 1229 2681 1299; x_wconf 78' lang='grc' dir='ltr'>ἁναζητῶσιν</span> <span class='ocrx_word' id='word_1_143' title='bbox 2724 1229 2860 1286; x_wconf 81' lang='grc' dir='ltr'>ὅπου</span> <span class='ocrx_word' id='word_1_144' title='bbox 2907 1230 2974 1287; x_wconf 74' lang='grc' dir='ltr'><strong>τὰ</strong></span> <span class='ocrx_word' id='word_1_145' title='bbox 3015 1253 3122 1302; x_wconf 66' lang='grc' dir='ltr'>τῳν</span> <span class='ocrx_word' id='word_1_146' title='bbox 3194 1229 3361 1308; x_wconf 78' lang='grc' dir='ltr'>ἁγίων</span> <span class='ocrx_word' id='word_1_147' title='bbox 3417 1231 3589 1289; x_wconf 75' lang='grc' dir='ltr'><strong>αὖτοῦ</strong></span> <span class='ocrx_word' id='word_1_148' title='bbox 3650 1231 3898 1307; x_wconf 73' lang='grc' dir='ltr'>λείψανα</span> 
     </span>
    </p>
   </div>
   <div class='ocr_carea' id='block_1_23' title="bbox 489 1317 2089 1398">
    <p class='ocr_par' dir='ltr' id='par_1_23' title="bbox 489 1317 2089 1398">
     <span class='ocr_line' id='line_1_23' title="bbox 489 1317 2089 1398; baseline 0 -18"><span class='ocrx_word' id='word_1_149' title='bbox 489 1327 826 1380; x_wconf 85' lang='lat' dir='ltr'><strong>extremum</strong></span> <span class='ocrx_word' id='word_1_150' title='bbox 859 1335 997 1380; x_wconf 86' lang='lat' dir='ltr'><strong>vero</strong></span> <span class='ocrx_word' id='word_1_151' title='bbox 1027 1321 1138 1395; x_wconf 88' lang='lat' dir='ltr'><strong>ut,|</strong></span> <span class='ocrx_word' id='word_1_152' title='bbox 1165 1337 1282 1398; x_wconf 91' lang='lat' dir='ltr'><strong>quo</strong></span> <span class='ocrx_word' id='word_1_153' title='bbox 1306 1317 1436 1380; x_wconf 93' lang='lat' dir='ltr'><strong>loco</strong></span> <span class='ocrx_word' id='word_1_154' title='bbox 1458 1318 1723 1397; x_wconf 92' lang='lat' dir='ltr'><strong>superbo</strong></span> <span class='ocrx_word' id='word_1_155' title='bbox 1748 1319 1833 1379; x_wconf 91' lang='lat' dir='ltr'><strong>illi</strong></span> <span class='ocrx_word' id='word_1_156' title='bbox 1855 1325 1982 1398; x_wconf 80' lang='lat' dir='ltr'><strong>regi</strong></span> <span class='ocrx_word' id='word_1_157' title='bbox 2006 1337 2089 1380; x_wconf 80' lang='lat' dir='ltr'><strong>sei</strong></span> 
     </span>
    </p>
   </div>
   <div class='ocr_carea' id='block_1_24' title="bbox 2297 1317 3897 1398">
    <p class='ocr_par' dir='ltr' id='par_1_24' title="bbox 2297 1318 3897 1398">
     <span class='ocr_line' id='line_1_24' title="bbox 2297 1318 3897 1398; baseline 0.003 -25"><span class='ocrx_word' id='word_1_158' title='bbox 2297 1318 2598 1396; x_wconf 86' lang='grc' dir='ltr'>ιπαύονται,</span> <span class='ocrx_word' id='word_1_159' title='bbox 2630 1319 2723 1374; x_wconf 84' lang='grc' dir='ltr'><strong>καί</strong></span> <span class='ocrx_word' id='word_1_160' title='bbox 2759 1319 2878 1375; x_wconf 68' lang='grc' dir='ltr'><strong>ἐκεῖ</strong></span> <span class='ocrx_word' id='word_1_161' title='bbox 2905 1318 3118 1390; x_wconf 74' lang='grc' dir='ltr'>ὕπτιοι,</span> <span class='ocrx_word' id='word_1_162' title='bbox 3176 1321 3265 1376; x_wconf 87' lang='grc' dir='ltr'><strong>καὶ</strong></span> <span class='ocrx_word' id='word_1_163' title='bbox 3298 1321 3372 1382; x_wconf 75' lang='grc' dir='ltr'>εἷς</span> <span class='ocrx_word' id='word_1_164' title='bbox 3402 1324 3506 1386; x_wconf 69' lang='grc' dir='ltr'>τὴν</span> <span class='ocrx_word' id='word_1_165' title='bbox 3534 1325 3647 1398; x_wconf 89' lang='grc' dir='ltr'><strong>γῆν</strong></span> <span class='ocrx_word' id='word_1_166' title='bbox 3682 1321 3897 1388; x_wconf 64' lang='grc' dir='ltr'>ἡπλωυ</span> 
     </span>
    </p>
   </div>
   <div class='ocr_carea' id='block_1_25' title="bbox 488 1405 2088 1488">
    <p class='ocr_par' dir='ltr' id='par_1_25' title="bbox 488 1405 2088 1488">
     <span class='ocr_line' id='line_1_25' title="bbox 488 1405 2088 1488; baseline 0.002 -21"><span class='ocrx_word' id='word_1_167' title='bbox 488 1405 981 1480; x_wconf 83' lang='lat' dir='ltr'><strong>vivimus,eodem</strong></span> <span class='ocrx_word' id='word_1_168' title='bbox 1004 1407 1200 1488; x_wconf 92' lang='lat' dir='ltr'><strong>supini</strong></span> <span class='ocrx_word' id='word_1_169' title='bbox 1223 1425 1290 1468; x_wconf 92' lang='lat' dir='ltr'><strong>ac</strong></span> <span class='ocrx_word' id='word_1_170' title='bbox 1315 1408 1374 1468; x_wconf 91' lang='lat' dir='ltr'><strong>in</strong></span> <span class='ocrx_word' id='word_1_171' title='bbox 1399 1416 1616 1469; x_wconf 90' lang='lat' dir='ltr'><strong>terram</strong></span> <span class='ocrx_word' id='word_1_172' title='bbox 1643 1408 1889 1487; x_wconf 84' lang='lat' dir='ltr'><strong>expansi</strong></span> <span class='ocrx_word' id='word_1_173' title='bbox 1913 1409 2088 1470; x_wconf 73' lang='lat' dir='ltr'><strong>cceles</strong></span> 
     </span>
    </p>
   </div>
   <div class='ocr_carea' id='block_1_26' title="bbox 2296 1405 3896 1488">
    <p class='ocr_par' dir='ltr' id='par_1_26' title="bbox 2296 1407 3896 1485">
     <span class='ocr_line' id='line_1_26' title="bbox 2296 1407 3896 1485; baseline 0.003 -23"><span class='ocrx_word' id='word_1_174' title='bbox 2296 1429 2362 1462; x_wconf 76' lang='grc' dir='ltr'><strong>νοι</strong></span> <span class='ocrx_word' id='word_1_175' title='bbox 2423 1415 2514 1464; x_wconf 74' lang='grc' dir='ltr'><strong>τοῦ</strong></span> <span class='ocrx_word' id='word_1_176' title='bbox 2584 1409 2849 1485; x_wconf 69' lang='grc' dir='ltr'>οὖρανίου,</span> <span class='ocrx_word' id='word_1_177' title='bbox 2919 1411 3008 1466; x_wconf 86' lang='grc' dir='ltr'>καὶ</span> <span class='ocrx_word' id='word_1_178' title='bbox 3069 1407 3360 1484; x_wconf 86' lang='grc' dir='ltr'>βασιλέως,</span> <span class='ocrx_word' id='word_1_179' title='bbox 3413 1411 3504 1466; x_wconf 85' lang='grc' dir='ltr'><strong>καὶ</strong></span> <span class='ocrx_word' id='word_1_180' title='bbox 3565 1417 3740 1482; x_wconf 80' lang='grc' dir='ltr'>Θεοῦ,</span> <span class='ocrx_word' id='word_1_181' title='bbox 3807 1413 3896 1467; x_wconf 79' lang='grc' dir='ltr'><strong>καὶ</strong></span> 
     </span>
    </p>
   </div>
   <div class='ocr_carea' id='block_1_27' title="bbox 496 1494 2096 1576">
    <p class='ocr_par' dir='ltr' id='par_1_27' title="bbox 496 1494 2096 1576">
     <span class='ocr_line' id='line_1_27' title="bbox 496 1494 2096 1576; baseline 0.001 -19"><span class='ocrx_word' id='word_1_182' title='bbox 496 1495 572 1558; x_wconf 92' lang='lat' dir='ltr'>tis</span> <span class='ocrx_word' id='word_1_183' title='bbox 594 1494 773 1576; x_wconf 77' lang='lat' dir='ltr'><strong>Regis</strong></span> <span class='ocrx_word' id='word_1_184' title='bbox 797 1505 852 1557; x_wconf 89' lang='lat' dir='ltr'><strong>et</strong></span> <span class='ocrx_word' id='word_1_185' title='bbox 868 1497 974 1559; x_wconf 91' lang='lat' dir='ltr'><strong>Dei</strong></span> <span class='ocrx_word' id='word_1_186' title='bbox 990 1505 1048 1559; x_wconf 91' lang='lat' dir='ltr'><strong>et</strong></span> <span class='ocrx_word' id='word_1_187' title='bbox 1063 1497 1396 1560; x_wconf 85' lang='lat' dir='ltr'><strong>Servatoris</strong></span> <span class='ocrx_word' id='word_1_188' title='bbox 1412 1497 1752 1561; x_wconf 81' lang='lat' dir='ltr'><strong>nostriJesu</strong></span> <span class='ocrx_word' id='word_1_189' title='bbox 1770 1497 1990 1560; x_wconf 82' lang='lat' dir='ltr'><strong>Christi</strong></span> <span class='ocrx_word' id='word_1_190' title='bbox 2005 1499 2096 1559; x_wconf 80' lang='lat' dir='ltr'><strong>ofﬁ</strong></span> 
     </span>
    </p>
   </div>
   <div class='ocr_carea' id='block_1_28' title="bbox 2297 1494 3897 1576">
    <p class='ocr_par' dir='ltr' id='par_1_28' title="bbox 2297 1496 3897 1576">
     <span class='ocr_line' id='line_1_28' title="bbox 2297 1496 3897 1576; baseline 0.005 -27"><span class='ocrx_word' id='word_1_191' title='bbox 2297 1501 2467 1573; x_wconf 68' lang='grc' dir='ltr'>ιτῆρος</span> <span class='ocrx_word' id='word_1_192' title='bbox 2526 1496 2710 1564; x_wconf 78' lang='grc' dir='ltr'>Ἰησοῦ</span> <span class='ocrx_word' id='word_1_193' title='bbox 2782 1505 3016 1575; x_wconf 78' lang='grc' dir='ltr'>Χριστοῦ</span> <span class='ocrx_word' id='word_1_194' title='bbox 3086 1496 3408 1574; x_wconf 75' lang='grc' dir='ltr'><strong>δουλεύομεν</strong></span> <span class='ocrx_word' id='word_1_195' title='bbox 3467 1499 3696 1576; x_wconf 73' lang='grc' dir='ltr'>όφρίκια</span> <span class='ocrx_word' id='word_1_196' title='bbox 3759 1500 3897 1557; x_wconf 77' lang='grc' dir='ltr'>ὅπου</span> 
     </span>
    </p>
   </div>
   <div class='ocr_carea' id='block_1_29' title="bbox 492 1583 2092 1667">
    <p class='ocr_par' dir='ltr' id='par_1_29' title="bbox 492 1584 2092 1667">
     <span class='ocr_line' id='line_1_29' title="bbox 492 1584 2092 1667; baseline 0.001 -20"><span class='ocrx_word' id='word_1_197' title='bbox 492 1585 570 1647; x_wconf 90' lang='lat' dir='ltr'><strong>cii</strong></span> <span class='ocrx_word' id='word_1_198' title='bbox 597 1584 1559 1666; x_wconf 88' lang='lat' dir='ltr'><strong>deserviamus.Tradimusitaque</strong></span> <span class='ocrx_word' id='word_1_199' title='bbox 1581 1586 1729 1667; x_wconf 86' lang='lat' dir='ltr'><strong>ipsis</strong></span> <span class='ocrx_word' id='word_1_200' title='bbox 1751 1587 1973 1648; x_wconf 84' lang='lat' dir='ltr'><strong>sanctis</strong></span> <span class='ocrx_word' id='word_1_201' title='bbox 1994 1605 2092 1666; x_wconf 81' lang='lat' dir='ltr'><strong>apc</strong></span> 
     </span>
    </p>
   </div>
   <div class='ocr_carea' id='block_1_30' title="bbox 2293 1583 3893 1667">
    <p class='ocr_par' dir='ltr' id='par_1_30' title="bbox 2293 1585 3893 1667">
     <span class='ocr_line' id='line_1_30' title="bbox 2293 1585 3893 1667; baseline 0.003 -26"><span class='ocrx_word' id='word_1_202' title='bbox 2293 1585 2595 1650; x_wconf 77' lang='grc' dir='ltr'>υλεύσαμεν</span> <span class='ocrx_word' id='word_1_203' title='bbox 2654 1591 2732 1660; x_wconf 82' lang='grc' dir='ltr'>τῷ</span> <span class='ocrx_word' id='word_1_204' title='bbox 2781 1587 3109 1666; x_wconf 62' lang='grc' dir='ltr'>ὑπερηράνῳ</span> <span class='ocrx_word' id='word_1_205' title='bbox 3152 1587 3341 1661; x_wconf 80' lang='grc' dir='ltr'>ἐκείνῳ</span> <span class='ocrx_word' id='word_1_206' title='bbox 3383 1587 3639 1663; x_wconf 77' lang='grc' dir='ltr'>βασιλεῖ.</span> <span class='ocrx_word' id='word_1_207' title='bbox 3693 1595 3893 1667; x_wconf 83' lang='grc' dir='ltr'>Παρα-</span> 
     </span>
    </p>
   </div>
   <div class='ocr_carea' id='block_1_31' title="bbox 493 1673 2093 1756">
    <p class='ocr_par' dir='ltr' id='par_1_31' title="bbox 493 1673 2093 1756">
     <span class='ocr_line' id='line_1_31' title="bbox 493 1673 2093 1756; baseline 0 -20"><span class='ocrx_word' id='word_1_208' title='bbox 493 1673 684 1748; x_wconf 89' lang='lat' dir='ltr'><strong>stolis,</strong></span> <span class='ocrx_word' id='word_1_209' title='bbox 717 1673 906 1737; x_wconf 89' lang='lat' dir='ltr'><strong>beatis</strong></span> <span class='ocrx_word' id='word_1_210' title='bbox 930 1674 1192 1736; x_wconf 88' lang='lat' dir='ltr'><strong>dominis</strong></span> <span class='ocrx_word' id='word_1_211' title='bbox 1218 1675 1366 1736; x_wconf 92' lang='lat' dir='ltr'><strong>meis</strong></span> <span class='ocrx_word' id='word_1_212' title='bbox 1391 1678 1563 1736; x_wconf 86' lang='lat' dir='ltr'><strong>Petro</strong></span> <span class='ocrx_word' id='word_1_213' title='bbox 1587 1685 1644 1737; x_wconf 91' lang='lat' dir='ltr'><strong>et</strong></span> <span class='ocrx_word' id='word_1_214' title='bbox 1666 1676 1874 1748; x_wconf 88' lang='lat' dir='ltr'><strong>Paulo,</strong></span> <span class='ocrx_word' id='word_1_215' title='bbox 1908 1694 1975 1737; x_wconf 90' lang='lat' dir='ltr'><strong>ac</strong></span> <span class='ocrx_word' id='word_1_216' title='bbox 2001 1694 2093 1756; x_wconf 75' lang='lat' dir='ltr'><strong>pos</strong></span> 
     </span>
    </p>
   </div>
   <div class='ocr_carea' id='block_1_32' title="bbox 2292 1673 3892 1756">
    <p class='ocr_par' dir='ltr' id='par_1_32' title="bbox 2293 1675 3892 1755">
     <span class='ocr_line' id='line_1_32' title="bbox 2293 1675 3892 1755; baseline 0.004 -25"><span class='ocrx_word' id='word_1_217' title='bbox 2293 1675 2458 1750; x_wconf 67' lang='grc' dir='ltr'>όαμεν</span> <span class='ocrx_word' id='word_1_218' title='bbox 2491 1675 2581 1732; x_wconf 71' lang='grc' dir='ltr'>οὖν</span> <span class='ocrx_word' id='word_1_219' title='bbox 2629 1676 2816 1741; x_wconf 73' lang='grc' dir='ltr'>αὖτοτς</span> <span class='ocrx_word' id='word_1_220' title='bbox 2867 1690 2988 1742; x_wconf 81' lang='grc' dir='ltr'>τοῖς</span> <span class='ocrx_word' id='word_1_221' title='bbox 3038 1677 3213 1755; x_wconf 79' lang='grc' dir='ltr'>ἁγίοις</span> <span class='ocrx_word' id='word_1_222' title='bbox 3243 1677 3574 1741; x_wconf 77' lang='grc' dir='ltr'>ἀποστόλοις</span> <span class='ocrx_word' id='word_1_223' title='bbox 3610 1692 3742 1744; x_wconf 74' lang='grc' dir='ltr'>τοῖς</span> <span class='ocrx_word' id='word_1_224' title='bbox 3778 1702 3892 1754; x_wconf 86' lang='grc' dir='ltr'>μα-</span> 
     </span>
    </p>
   </div>
   <div class='ocr_carea' id='block_1_33' title="bbox 494 1761 2094 1845">
    <p class='ocr_par' dir='ltr' id='par_1_33' title="bbox 494 1761 2094 1845">
     <span class='ocr_line' id='line_1_33' title="bbox 494 1761 2094 1845; baseline 0.002 -22"><span class='ocrx_word' id='word_1_225' title='bbox 494 1762 632 1823; x_wconf 92' lang='lat' dir='ltr'><strong>illos</strong></span> <span class='ocrx_word' id='word_1_226' title='bbox 655 1761 827 1824; x_wconf 91' lang='lat' dir='ltr'><strong>beato</strong></span> <span class='ocrx_word' id='word_1_227' title='bbox 839 1762 1328 1844; x_wconf 79' lang='lat' dir='ltr'><strong>Sylvestro,Patri</strong></span> <span class='ocrx_word' id='word_1_228' title='bbox 1351 1773 1801 1843; x_wconf 83' lang='lat' dir='ltr'><strong>nostro,magno</strong></span> <span class='ocrx_word' id='word_1_229' title='bbox 1823 1765 2094 1845; x_wconf 80' lang='lat' dir='ltr'><strong>episcopo</strong></span> 
     </span>
    </p>
   </div>
   <div class='ocr_carea' id='block_1_34' title="bbox 2293 1761 3893 1845">
    <p class='ocr_par' dir='ltr' id='par_1_34' title="bbox 2293 1765 3893 1843">
     <span class='ocr_line' id='line_1_34' title="bbox 2293 1765 3893 1843; baseline 0.004 -24"><span class='ocrx_word' id='word_1_230' title='bbox 2293 1771 2417 1840; x_wconf 79' lang='grc' dir='ltr'>ριοις</span> <span class='ocrx_word' id='word_1_231' title='bbox 2459 1765 2655 1843; x_wconf 90' lang='grc' dir='ltr'>κυρίοις</span> <span class='ocrx_word' id='word_1_232' title='bbox 2689 1788 2792 1839; x_wconf 83' lang='grc' dir='ltr'><strong>μου</strong></span> <span class='ocrx_word' id='word_1_233' title='bbox 2842 1769 2922 1840; x_wconf 82' lang='grc' dir='ltr'>τῷ</span> <span class='ocrx_word' id='word_1_234' title='bbox 2982 1766 3188 1842; x_wconf 79' lang='grc' dir='ltr'>Πέτρῳ,</span> <span class='ocrx_word' id='word_1_235' title='bbox 3250 1769 3339 1824; x_wconf 83' lang='grc' dir='ltr'><strong>καὶ</strong></span> <span class='ocrx_word' id='word_1_236' title='bbox 3385 1772 3462 1840; x_wconf 88' lang='grc' dir='ltr'>τῷ</span> <span class='ocrx_word' id='word_1_237' title='bbox 3517 1767 3756 1843; x_wconf 81' lang='grc' dir='ltr'>Παύλῳ,</span> <span class='ocrx_word' id='word_1_238' title='bbox 3797 1771 3893 1825; x_wconf 78' lang='grc' dir='ltr'><strong>καὶ</strong></span> 
     </span>
    </p>
   </div>
   <div class='ocr_carea' id='block_1_35' title="bbox 500 1851 2100 1936">
    <p class='ocr_par' dir='ltr' id='par_1_35' title="bbox 500 1851 2100 1933">
     <span class='ocr_line' id='line_1_35' title="bbox 500 1851 2100 1933; baseline 0.001 -20"><span class='ocrx_word' id='word_1_239' title='bbox 500 1861 562 1913; x_wconf 87' lang='lat' dir='ltr'><strong>et</strong></span> <span class='ocrx_word' id='word_1_240' title='bbox 584 1851 877 1913; x_wconf 85' lang='lat' dir='ltr'><strong>catholico</strong></span> <span class='ocrx_word' id='word_1_241' title='bbox 896 1870 1060 1933; x_wconf 74' lang='lat' dir='ltr'><strong>papae</strong></span> <span class='ocrx_word' id='word_1_242' title='bbox 1077 1851 1244 1913; x_wconf 86' lang='lat' dir='ltr'><strong>urbis</strong></span> <span class='ocrx_word' id='word_1_243' title='bbox 1259 1853 1886 1933; x_wconf 60' lang='lat' dir='ltr'><strong>Romammuibusque</strong></span> <span class='ocrx_word' id='word_1_244' title='bbox 1903 1871 2100 1915; x_wconf 77' lang='lat' dir='ltr'><strong>succes</strong></span> 
     </span>
    </p>
   </div>
   <div class='ocr_carea' id='block_1_36' title="bbox 2294 1851 3894 1936">
    <p class='ocr_par' dir='ltr' id='par_1_36' title="bbox 2294 1851 3894 1936">
     <span class='ocr_line' id='line_1_36' title="bbox 2294 1851 3894 1936; baseline 0.001 -27"><span class='ocrx_word' id='word_1_245' title='bbox 2294 1851 2339 1910; x_wconf 89' lang='grc' dir='ltr'>τ’</span> <span class='ocrx_word' id='word_1_246' title='bbox 2371 1855 2558 1920; x_wconf 73' lang='grc' dir='ltr'>αὖτοὺς</span> <span class='ocrx_word' id='word_1_247' title='bbox 2602 1855 2679 1930; x_wconf 77' lang='grc' dir='ltr'>τῷ</span> <span class='ocrx_word' id='word_1_248' title='bbox 2708 1855 2955 1932; x_wconf 85' lang='grc' dir='ltr'>μακαρίῳ</span> <span class='ocrx_word' id='word_1_249' title='bbox 3000 1853 3333 1934; x_wconf 81' lang='grc' dir='ltr'>Σιλϐἐστρῳ,</span> <span class='ocrx_word' id='word_1_250' title='bbox 3393 1857 3484 1913; x_wconf 83' lang='grc' dir='ltr'><strong>καὶ</strong></span> <span class='ocrx_word' id='word_1_251' title='bbox 3518 1859 3696 1936; x_wconf 78' lang='grc' dir='ltr'>Πατρὶ</span> <span class='ocrx_word' id='word_1_252' title='bbox 3729 1860 3894 1933; x_wconf 64' lang='grc' dir='ltr'>ἡμῶν</span> 
     </span>
    </p>
   </div>
   <div class='ocr_carea' id='block_1_37' title="bbox 496 1939 2096 2024">
    <p class='ocr_par' dir='ltr' id='par_1_37' title="bbox 496 1939 2096 2024">
     <span class='ocr_line' id='line_1_37' title="bbox 496 1939 2096 2024; baseline 0.001 -23"><span class='ocrx_word' id='word_1_253' title='bbox 496 1939 734 2004; x_wconf 84' lang='lat' dir='ltr'><strong>soribus</strong></span> <span class='ocrx_word' id='word_1_254' title='bbox 755 1941 908 2020; x_wconf 85' lang='lat' dir='ltr'><strong>ejus,</strong></span> <span class='ocrx_word' id='word_1_255' title='bbox 937 1942 1037 2023; x_wconf 90' lang='lat' dir='ltr'><strong>qui</strong></span> <span class='ocrx_word' id='word_1_256' title='bbox 1059 1942 1131 2004; x_wconf 89' lang='lat' dir='ltr'><strong>ab</strong></span> <span class='ocrx_word' id='word_1_257' title='bbox 1153 1941 1448 2004; x_wconf 91' lang='lat' dir='ltr'><strong>hodierno</strong></span> <span class='ocrx_word' id='word_1_258' title='bbox 1475 1942 1597 2022; x_wconf 91' lang='lat' dir='ltr'><strong>[die</strong></span> <span class='ocrx_word' id='word_1_259' title='bbox 1619 1961 1808 2024; x_wconf 90' lang='lat' dir='ltr'><strong>usque</strong></span> <span class='ocrx_word' id='word_1_260' title='bbox 1849 1942 1921 2004; x_wconf 92' lang='lat' dir='ltr'><strong>ad</strong></span> <span class='ocrx_word' id='word_1_261' title='bbox 1953 1943 2096 2006; x_wconf 83' lang='lat' dir='ltr'><strong>ﬁner</strong></span> 
     </span>
    </p>
   </div>
   <div class='ocr_carea' id='block_1_38' title="bbox 2294 1939 3894 2024">
    <p class='ocr_par' dir='ltr' id='par_1_38' title="bbox 2294 1943 3894 2021">
     <span class='ocr_line' id='line_1_38' title="bbox 2294 1943 3894 2021; baseline 0.003 -22"><span class='ocrx_word' id='word_1_262' title='bbox 2294 1975 2296 1988; x_wconf 71' lang='grc' dir='ltr'><strong>ι</strong></span> <span class='ocrx_word' id='word_1_263' title='bbox 2372 1943 2595 2021; x_wconf 75' lang='grc' dir='ltr'>μεγάλῳ</span> <span class='ocrx_word' id='word_1_264' title='bbox 2652 1944 2936 2018; x_wconf 81' lang='grc' dir='ltr'>ἐπισκόπῳ</span> <span class='ocrx_word' id='word_1_265' title='bbox 2987 1945 3260 2019; x_wconf 89' lang='grc' dir='ltr'>καθολικῷ</span> <span class='ocrx_word' id='word_1_266' title='bbox 3299 1946 3453 2016; x_wconf 81' lang='grc' dir='ltr'>πάπᾴ</span> <span class='ocrx_word' id='word_1_267' title='bbox 3502 1951 3608 2013; x_wconf 85' lang='grc' dir='ltr'><strong>τῆς</strong></span> <span class='ocrx_word' id='word_1_268' title='bbox 3668 1948 3894 2012; x_wconf 79' lang='grc' dir='ltr'>πόλεως</span> 
     </span>
    </p>
   </div>
   <div class='ocr_carea' id='block_1_39' title="bbox 499 2023 2099 2114">
    <p class='ocr_par' dir='ltr' id='par_1_39' title="bbox 499 2023 2094 2113">
     <span class='ocr_line' id='line_1_39' title="bbox 499 2023 2094 2113; baseline 0.001 -22"><span class='ocrx_word' id='word_1_269' title='bbox 499 2029 706 2092; x_wconf 91' lang='lat' dir='ltr'><strong>mundi</strong></span> <span class='ocrx_word' id='word_1_270' title='bbox 727 2030 786 2092; x_wconf 94' lang='lat' dir='ltr'><strong>in</strong></span> <span class='ocrx_word' id='word_1_271' title='bbox 812 2030 963 2092; x_wconf 91' lang='lat' dir='ltr'><strong>solio</strong></span> <span class='ocrx_word' id='word_1_272' title='bbox 989 2031 1143 2094; x_wconf 91' lang='lat' dir='ltr'><strong>beati</strong></span> <span class='ocrx_word' id='word_1_273' title='bbox 1169 2031 1330 2094; x_wconf 87' lang='lat' dir='ltr'><strong>Petri</strong></span> <span class='ocrx_word' id='word_1_274' title='bbox 1350 2023 1776 2112; x_wconf 56' lang='lat' dir='ltr'><strong>praesidebant,</strong></span> <span class='ocrx_word' id='word_1_275' title='bbox 1807 2033 2094 2113; x_wconf 88' lang='lat' dir='ltr'><strong>imperato</strong></span> 
     </span>
    </p>
   </div>
   <div class='ocr_carea' id='block_1_40' title="bbox 2291 2023 3891 2114">
    <p class='ocr_par' dir='ltr' id='par_1_40' title="bbox 2291 2032 3891 2114">
     <span class='ocr_line' id='line_1_40' title="bbox 2291 2032 3891 2114; baseline 0.003 -26"><span class='ocrx_word' id='word_1_276' title='bbox 2291 2032 2460 2112; x_wconf 71' lang='grc' dir='ltr'>ὁμης,</span> <span class='ocrx_word' id='word_1_277' title='bbox 2492 2035 2580 2090; x_wconf 88' lang='grc' dir='ltr'><strong>καὶ</strong></span> <span class='ocrx_word' id='word_1_278' title='bbox 2622 2040 2753 2091; x_wconf 82' lang='grc' dir='ltr'>πᾶσι</span> <span class='ocrx_word' id='word_1_279' title='bbox 2795 2047 2918 2099; x_wconf 80' lang='grc' dir='ltr'>τοῖς</span> <span class='ocrx_word' id='word_1_280' title='bbox 2965 2032 3240 2114; x_wconf 80' lang='grc' dir='ltr'>διαδόχοις</span> <span class='ocrx_word' id='word_1_281' title='bbox 3287 2037 3469 2107; x_wconf 68' lang='grc' dir='ltr'>αὐτοϋ,</span> <span class='ocrx_word' id='word_1_282' title='bbox 3507 2035 3729 2099; x_wconf 76' lang='grc' dir='ltr'>οἵτινες</span> <span class='ocrx_word' id='word_1_283' title='bbox 3783 2037 3891 2101; x_wconf 76' lang='grc' dir='ltr'>ἕως</span> 
     </span>
    </p>
   </div>
   <div class='ocr_carea' id='block_1_41' title="bbox 495 2120 2095 2203">
    <p class='ocr_par' dir='ltr' id='par_1_41' title="bbox 495 2120 2095 2202">
     <span class='ocr_line' id='line_1_41' title="bbox 495 2120 2095 2202; baseline 0 -20"><span class='ocrx_word' id='word_1_284' title='bbox 495 2125 652 2182; x_wconf 90' lang='lat' dir='ltr'><strong>rium</strong></span> <span class='ocrx_word' id='word_1_285' title='bbox 676 2130 944 2184; x_wconf 89' lang='lat' dir='ltr'><strong>nostrum</strong></span> <span class='ocrx_word' id='word_1_286' title='bbox 973 2121 1252 2202; x_wconf 88' lang='lat' dir='ltr'><strong>palatium</strong></span> <span class='ocrx_word' id='word_1_287' title='bbox 1283 2120 1874 2202; x_wconf 86' lang='lat' dir='ltr'><strong>Lateranense,quod</strong></span> <span class='ocrx_word' id='word_1_288' title='bbox 1895 2138 2095 2201; x_wconf 73' lang='lat' dir='ltr'><strong>supera</strong></span> 
     </span>
    </p>
   </div>
   <div class='ocr_carea' id='block_1_42' title="bbox 2292 2120 3892 2203">
    <p class='ocr_par' dir='ltr' id='par_1_42' title="bbox 2292 2121 3892 2203">
     <span class='ocr_line' id='line_1_42' title="bbox 2292 2121 3892 2203; baseline 0.003 -25"><span class='ocrx_word' id='word_1_289' title='bbox 2292 2121 2524 2186; x_wconf 67' lang='grc' dir='ltr'>ὂτέλους</span> <span class='ocrx_word' id='word_1_290' title='bbox 2553 2129 2645 2180; x_wconf 80' lang='grc' dir='ltr'>τοῦ</span> <span class='ocrx_word' id='word_1_291' title='bbox 2703 2125 2911 2198; x_wconf 83' lang='grc' dir='ltr'>κόσμου</span> <span class='ocrx_word' id='word_1_292' title='bbox 2968 2123 3226 2198; x_wconf 82' lang='grc' dir='ltr'>μέλλουσι</span> <span class='ocrx_word' id='word_1_293' title='bbox 3267 2129 3645 2203; x_wconf 77' lang='grc' dir='ltr'>προκαθῆσθαι</span> <span class='ocrx_word' id='word_1_294' title='bbox 3679 2127 3762 2189; x_wconf 79' lang='grc' dir='ltr'><strong>εἰς</strong></span> <span class='ocrx_word' id='word_1_295' title='bbox 3800 2128 3892 2184; x_wconf 79' lang='grc' dir='ltr'><strong>τὸν</strong></span> 
     </span>
    </p>
   </div>
   <div class='ocr_carea' id='block_1_43' title="bbox 498 2211 2098 2293">
    <p class='ocr_par' dir='ltr' id='par_1_43' title="bbox 498 2211 2098 2292">
     <span class='ocr_line' id='line_1_43' title="bbox 498 2211 2098 2292; baseline -0.001 -20"><span class='ocrx_word' id='word_1_296' title='bbox 498 2218 676 2288; x_wconf 90' lang='lat' dir='ltr'><strong>atque</strong></span> <span class='ocrx_word' id='word_1_297' title='bbox 697 2211 882 2274; x_wconf 88' lang='lat' dir='ltr'><strong>vincit</strong></span> <span class='ocrx_word' id='word_1_298' title='bbox 904 2212 1085 2274; x_wconf 89' lang='lat' dir='ltr'><strong>totius</strong></span> <span class='ocrx_word' id='word_1_299' title='bbox 1108 2211 1319 2275; x_wconf 86' lang='lat' dir='ltr'><strong>mundi</strong></span> <span class='ocrx_word' id='word_1_300' title='bbox 1341 2211 1558 2292; x_wconf 90' lang='lat' dir='ltr'>palatia</span> <span class='ocrx_word' id='word_1_301' title='bbox 1590 2233 1603 2272; x_wconf 93' lang='lat'>:</span> <span class='ocrx_word' id='word_1_302' title='bbox 1636 2218 1923 2290; x_wconf 87' lang='lat' dir='ltr'><strong>praeterea</strong></span> <span class='ocrx_word' id='word_1_303' title='bbox 1953 2212 2098 2272; x_wconf 81' lang='lat' dir='ltr'><strong>etiar</strong></span> 
     </span>
    </p>
   </div>
   <div class='ocr_carea' id='block_1_44' title="bbox 2288 2211 3888 2293">
    <p class='ocr_par' dir='ltr' id='par_1_44' title="bbox 2288 2211 3888 2293">
     <span class='ocr_line' id='line_1_44' title="bbox 2288 2211 3888 2293; baseline 0.003 -25"><span class='ocrx_word' id='word_1_304' title='bbox 2288 2211 2399 2268; x_wconf 68' lang='grc' dir='ltr'>ὄνον</span> <span class='ocrx_word' id='word_1_305' title='bbox 2455 2220 2548 2270; x_wconf 80' lang='grc' dir='ltr'>τοῦ</span> <span class='ocrx_word' id='word_1_306' title='bbox 2604 2215 2866 2291; x_wconf 79' lang='grc' dir='ltr'>μακαρίου</span> <span class='ocrx_word' id='word_1_307' title='bbox 2927 2213 3127 2292; x_wconf 79' lang='grc' dir='ltr'>Πέτρου</span> <span class='ocrx_word' id='word_1_308' title='bbox 3183 2213 3290 2271; x_wconf 74' lang='grc' dir='ltr'><strong>ἀπὸ</strong></span> <span class='ocrx_word' id='word_1_309' title='bbox 3345 2220 3446 2281; x_wconf 91' lang='grc' dir='ltr'><strong>τῆς</strong></span> <span class='ocrx_word' id='word_1_310' title='bbox 3502 2215 3762 2293; x_wconf 78' lang='grc' dir='ltr'>σήμερον</span> <span class='ocrx_word' id='word_1_311' title='bbox 3827 2219 3888 2273; x_wconf 68' lang='grc' dir='ltr'>τὸ</span> 
     </span>
    </p>
   </div>
   <div class='ocr_carea' id='block_1_45' title="bbox 497 2299 2097 2382">
    <p class='ocr_par' dir='ltr' id='par_1_45' title="bbox 497 2299 2097 2382">
     <span class='ocr_line' id='line_1_45' title="bbox 497 2299 2097 2382; baseline -0.002 -20"><span class='ocrx_word' id='word_1_312' title='bbox 497 2299 797 2380; x_wconf 87' lang='lat' dir='ltr'><strong>diadema,</strong></span> <span class='ocrx_word' id='word_1_313' title='bbox 820 2301 944 2366; x_wconf 84' lang='lat' dir='ltr'><strong>sive</strong></span> <span class='ocrx_word' id='word_1_314' title='bbox 965 2319 1251 2364; x_wconf 86' lang='lat' dir='ltr'><strong>coronam</strong></span> <span class='ocrx_word' id='word_1_315' title='bbox 1296 2300 1510 2382; x_wconf 84' lang='lat' dir='ltr'><strong>capitis</strong></span> <span class='ocrx_word' id='word_1_316' title='bbox 1535 2301 1724 2364; x_wconf 88' lang='lat' dir='ltr'><strong>nostri</strong></span> <span class='ocrx_word' id='word_1_317' title='bbox 1759 2322 1773 2358; x_wconf 89' lang='lat'><strong>:</strong></span> <span class='ocrx_word' id='word_1_318' title='bbox 1803 2309 1920 2361; x_wconf 92' lang='lat' dir='ltr'><strong>tum</strong></span> <span class='ocrx_word' id='word_1_319' title='bbox 1943 2301 2097 2361; x_wconf 81' lang='lat' dir='ltr'><strong>lorur</strong></span> 
     </span>
    </p>
   </div>
   <div class='ocr_carea' id='block_1_46' title="bbox 2294 2299 3894 2382">
    <p class='ocr_par' dir='ltr' id='par_1_46' title="bbox 2294 2300 3894 2381">
     <span class='ocr_line' id='line_1_46' title="bbox 2294 2300 3894 2381; baseline 0.003 -24"><span class='ocrx_word' id='word_1_320' title='bbox 2294 2300 2480 2380; x_wconf 72' lang='lat' dir='ltr'><strong>,étapov</strong></span> <span class='ocrx_word' id='word_1_321' title='bbox 2537 2303 2817 2378; x_wconf 84' lang='grc' dir='ltr'>βασιλικὸν</span> <span class='ocrx_word' id='word_1_322' title='bbox 2883 2301 3149 2360; x_wconf 86' lang='grc' dir='ltr'>παλάτιον</span> <span class='ocrx_word' id='word_1_323' title='bbox 3215 2305 3278 2361; x_wconf 77' lang='grc' dir='ltr'>το</span> <span class='ocrx_word' id='word_1_324' title='bbox 3352 2304 3760 2381; x_wconf 78' lang='grc' dir='ltr'>Λατερανέσιον</span> <span class='ocrx_word' id='word_1_325' title='bbox 3833 2309 3894 2362; x_wconf 72' lang='grc' dir='ltr'>τὸ</span> 
     </span>
    </p>
   </div>
   <div class='ocr_carea' id='block_1_47' title="bbox 498 2389 2098 2472">
    <p class='ocr_par' dir='ltr' id='par_1_47' title="bbox 498 2389 2098 2472">
     <span class='ocr_line' id='line_1_47' title="bbox 498 2389 2098 2472; baseline -0.002 -19"><span class='ocrx_word' id='word_1_326' title='bbox 498 2408 732 2472; x_wconf 89' lang='lat' dir='ltr'><strong>quoque</strong></span> <span class='ocrx_word' id='word_1_327' title='bbox 749 2399 806 2453; x_wconf 92' lang='lat' dir='ltr'><strong>et</strong></span> <span class='ocrx_word' id='word_1_328' title='bbox 831 2392 1164 2470; x_wconf 85' lang='lat' dir='ltr'><strong>humerale,</strong></span> <span class='ocrx_word' id='word_1_329' title='bbox 1197 2392 1354 2472; x_wconf 91' lang='lat' dir='ltr'><strong>quod</strong></span> <span class='ocrx_word' id='word_1_330' title='bbox 1385 2389 1788 2470; x_wconf 81' lang='lat' dir='ltr'><strong>imperatoriae</strong></span> <span class='ocrx_word' id='word_1_331' title='bbox 1810 2389 2098 2468; x_wconf 88' lang='lat' dir='ltr'><strong>majestati</strong></span> 
     </span>
    </p>
   </div>
   <div class='ocr_carea' id='block_1_48' title="bbox 2289 2389 3889 2472">
    <p class='ocr_par' dir='ltr' id='par_1_48' title="bbox 2292 2389 3889 2470">
     <span class='ocr_line' id='line_1_48' title="bbox 2292 2389 3889 2470; baseline 0.004 -23"><span class='ocrx_word' id='word_1_332' title='bbox 2292 2389 2538 2469; x_wconf 85' lang='grc' dir='ltr'>ερϐαϊνον</span> <span class='ocrx_word' id='word_1_333' title='bbox 2595 2393 2685 2448; x_wconf 87' lang='grc' dir='ltr'>καὶ</span> <span class='ocrx_word' id='word_1_334' title='bbox 2726 2393 3020 2470; x_wconf 77' lang='grc' dir='ltr'>ύπερνικῶν</span> <span class='ocrx_word' id='word_1_335' title='bbox 3076 2393 3144 2448; x_wconf 80' lang='grc' dir='ltr'><strong>τὰ</strong></span> <span class='ocrx_word' id='word_1_336' title='bbox 3207 2392 3307 2450; x_wconf 68' lang='grc' dir='ltr'><strong>ὅλα</strong></span> <span class='ocrx_word' id='word_1_337' title='bbox 3351 2401 3446 2450; x_wconf 82' lang='grc' dir='ltr'>τοῦ</span> <span class='ocrx_word' id='word_1_338' title='bbox 3489 2395 3709 2468; x_wconf 86' lang='grc' dir='ltr'>κόσμου</span> <span class='ocrx_word' id='word_1_339' title='bbox 3777 2418 3889 2453; x_wconf 89' lang='grc' dir='ltr'>πα-</span> 
     </span>
    </p>
   </div>
   <div class='ocr_carea' id='block_1_49' title="bbox 497 2478 2097 2561">
    <p class='ocr_par' dir='ltr' id='par_1_49' title="bbox 497 2478 2097 2561">
     <span class='ocr_line' id='line_1_49' title="bbox 497 2478 2097 2561; baseline -0.001 -21"><span class='ocrx_word' id='word_1_340' title='bbox 497 2479 719 2542; x_wconf 90' lang='lat' dir='ltr'><strong>collum</strong></span> <span class='ocrx_word' id='word_1_341' title='bbox 738 2480 944 2560; x_wconf 85' lang='lat' dir='ltr'><strong>cingit:</strong></span> <span class='ocrx_word' id='word_1_342' title='bbox 966 2481 1144 2542; x_wconf 87' lang='lat' dir='ltr'><strong>simul</strong></span> <span class='ocrx_word' id='word_1_343' title='bbox 1158 2481 1335 2542; x_wconf 91' lang='lat' dir='ltr'>etiam</span> <span class='ocrx_word' id='word_1_344' title='bbox 1353 2497 1710 2561; x_wconf 89' lang='lat' dir='ltr'><strong>purpuream</strong></span> <span class='ocrx_word' id='word_1_345' title='bbox 1733 2478 2097 2558; x_wconf 79' lang='lat' dir='ltr'><strong>chlamydem</strong></span> 
     </span>
    </p>
   </div>
   <div class='ocr_carea' id='block_1_50' title="bbox 2287 2478 3887 2561">
    <p class='ocr_par' dir='ltr' id='par_1_50' title="bbox 2289 2480 3887 2557">
     <span class='ocr_line' id='line_1_50' title="bbox 2289 2480 3887 2557; baseline 0.002 -21"><span class='ocrx_word' id='word_1_346' title='bbox 2289 2503 2400 2544; x_wconf 88' lang='grc' dir='ltr'>τια,</span> <span class='ocrx_word' id='word_1_347' title='bbox 2460 2481 2580 2538; x_wconf 82' lang='grc' dir='ltr'><strong>Ἐπ’</strong></span> <span class='ocrx_word' id='word_1_348' title='bbox 2624 2481 2808 2538; x_wconf 73' lang='grc' dir='ltr'>ἐκεῖνα</span> <span class='ocrx_word' id='word_1_349' title='bbox 2865 2480 2922 2538; x_wconf 76' lang='grc' dir='ltr'>δὲ</span> <span class='ocrx_word' id='word_1_350' title='bbox 2978 2483 3158 2538; x_wconf 80' lang='grc' dir='ltr'>καὶτὸ</span> <span class='ocrx_word' id='word_1_351' title='bbox 3190 2481 3427 2557; x_wconf 84' lang='grc' dir='ltr'>διάδημα</span> <span class='ocrx_word' id='word_1_352' title='bbox 3459 2482 3583 2549; x_wconf 71' lang='grc' dir='ltr'>ἤτοι</span> <span class='ocrx_word' id='word_1_353' title='bbox 3631 2485 3728 2539; x_wconf 81' lang='grc' dir='ltr'>τὸν</span> <span class='ocrx_word' id='word_1_354' title='bbox 3763 2486 3887 2540; x_wconf 86' lang='grc' dir='ltr'>στέ-</span> 
     </span>
    </p>
   </div>
   <div class='ocr_carea' id='block_1_51' title="bbox 499 2567 2099 2651">
    <p class='ocr_par' dir='ltr' id='par_1_51' title="bbox 499 2567 2099 2650">
     <span class='ocr_line' id='line_1_51' title="bbox 499 2567 2099 2650; baseline -0.001 -18"><span class='ocrx_word' id='word_1_355' title='bbox 499 2577 560 2632; x_wconf 88' lang='lat' dir='ltr'><strong>et</strong></span> <span class='ocrx_word' id='word_1_356' title='bbox 580 2569 839 2632; x_wconf 88' lang='lat' dir='ltr'><strong>tunicam</strong></span> <span class='ocrx_word' id='word_1_357' title='bbox 855 2569 1549 2650; x_wconf 85' lang='lat' dir='ltr'><strong>coccineam,omniaque</strong></span> <span class='ocrx_word' id='word_1_358' title='bbox 1564 2567 1945 2647; x_wconf 88' lang='lat' dir='ltr'><strong>imperatoria</strong></span> <span class='ocrx_word' id='word_1_359' title='bbox 1967 2568 2099 2630; x_wconf 70' lang='lat' dir='ltr'><strong>inde</strong></span> 
     </span>
    </p>
   </div>
   <div class='ocr_carea' id='block_1_52' title="bbox 2285 2567 3885 2651">
    <p class='ocr_par' dir='ltr' id='par_1_52' title="bbox 2285 2569 3885 2651">
     <span class='ocr_line' id='line_1_52' title="bbox 2285 2569 3885 2651; baseline 0.002 -26"><span class='ocrx_word' id='word_1_360' title='bbox 2285 2591 2382 2626; x_wconf 74' lang='lat' dir='ltr'><strong>:vov</strong></span> <span class='ocrx_word' id='word_1_361' title='bbox 2424 2571 2522 2638; x_wconf 85' lang='grc' dir='ltr'><strong>τῆς</strong></span> <span class='ocrx_word' id='word_1_362' title='bbox 2566 2569 2805 2650; x_wconf 61' lang='grc' dir='ltr'>κειραλῆς</span> <span class='ocrx_word' id='word_1_363' title='bbox 2855 2570 3031 2651; x_wconf 72' lang='grc' dir='ltr'>ἣμῶν,</span> <span class='ocrx_word' id='word_1_364' title='bbox 3079 2571 3193 2645; x_wconf 73' lang='grc' dir='ltr'><strong>ἅμα</strong></span> <span class='ocrx_word' id='word_1_365' title='bbox 3235 2573 3331 2628; x_wconf 81' lang='grc' dir='ltr'>καί</span> <span class='ocrx_word' id='word_1_366' title='bbox 3393 2573 3482 2628; x_wconf 83' lang='grc' dir='ltr'>τὸν</span> <span class='ocrx_word' id='word_1_367' title='bbox 3543 2571 3728 2650; x_wconf 81' lang='grc' dir='ltr'>λῶρον</span> <span class='ocrx_word' id='word_1_368' title='bbox 3801 2577 3885 2628; x_wconf 81' lang='grc' dir='ltr'>καὶ</span> 
     </span>
    </p>
   </div>
   <div class='ocr_carea' id='block_1_53' title="bbox 502 2657 2102 2739">
    <p class='ocr_par' dir='ltr' id='par_1_53' title="bbox 502 2657 2100 2739">
     <span class='ocr_line' id='line_1_53' title="bbox 502 2657 2100 2739; baseline -0.001 -20"><span class='ocrx_word' id='word_1_369' title='bbox 502 2665 724 2732; x_wconf 87' lang='lat' dir='ltr'><strong>menta,</strong></span> <span class='ocrx_word' id='word_1_370' title='bbox 756 2677 989 2721; x_wconf 91' lang='lat' dir='ltr'><strong>necnon</strong></span> <span class='ocrx_word' id='word_1_371' title='bbox 1013 2658 1533 2739; x_wconf 84' lang='lat' dir='ltr'><strong>imperatoriorum</strong></span> <span class='ocrx_word' id='word_1_372' title='bbox 1547 2659 1956 2738; x_wconf 89' lang='lat' dir='ltr'><strong>jumentorum</strong></span> <span class='ocrx_word' id='word_1_373' title='bbox 1982 2657 2100 2718; x_wconf 90' lang='lat' dir='ltr'><strong>insi</strong></span> 
     </span>
    </p>
   </div>
   <div class='ocr_carea' id='block_1_54' title="bbox 2287 2657 3887 2739">
    <p class='ocr_par' dir='ltr' id='par_1_54' title="bbox 2324 2658 3887 2738">
     <span class='ocr_line' id='line_1_54' title="bbox 2324 2658 3887 2738; baseline 0.001 -22"><span class='ocrx_word' id='word_1_374' title='bbox 2324 2659 2629 2738; x_wconf 73' lang='grc' dir='ltr'>ὤμοφόριον</span> <span class='ocrx_word' id='word_1_375' title='bbox 2675 2659 2807 2736; x_wconf 80' lang='grc' dir='ltr'>ὅπερ</span> <span class='ocrx_word' id='word_1_376' title='bbox 2878 2658 3201 2738; x_wconf 76' lang='grc' dir='ltr'>περικυκλοϊ</span> <span class='ocrx_word' id='word_1_377' title='bbox 3252 2661 3346 2716; x_wconf 85' lang='grc' dir='ltr'>τὸν</span> <span class='ocrx_word' id='word_1_378' title='bbox 3407 2660 3698 2735; x_wconf 75' lang='grc' dir='ltr'>βασιλικὸν</span> <span class='ocrx_word' id='word_1_379' title='bbox 3750 2663 3887 2737; x_wconf 78' lang='grc' dir='ltr'>τρά-</span> 
     </span>
    </p>
   </div>
   <div class='ocr_carea' id='block_1_55' title="bbox 443 2745 2043 2830">
    <p class='ocr_par' dir='ltr' id='par_1_55' title="bbox 443 2745 2043 2829">
     <span class='ocr_line' id='line_1_55' title="bbox 443 2745 2043 2829; baseline -0.001 -23"><span class='ocrx_word' id='word_1_380' title='bbox 443 2777 447 2784; x_wconf 87' lang='grc'>·</span> <span class='ocrx_word' id='word_1_381' title='bbox 501 2745 643 2826; x_wconf 78' lang='lat' dir='ltr'><strong>gnia</strong></span> <span class='ocrx_word' id='word_1_382' title='bbox 676 2747 998 2811; x_wconf 87' lang='lat' dir='ltr'><strong>:similiter</strong></span> <span class='ocrx_word' id='word_1_383' title='bbox 1021 2748 1199 2810; x_wconf 92' lang='lat' dir='ltr'><strong>etiam</strong></span> <span class='ocrx_word' id='word_1_384' title='bbox 1222 2747 1609 2829; x_wconf 89' lang='lat' dir='ltr'><strong>imperatoria</strong></span> <span class='ocrx_word' id='word_1_385' title='bbox 1649 2755 1904 2826; x_wconf 91' lang='lat' dir='ltr'><strong>sceptra,</strong></span> <span class='ocrx_word' id='word_1_386' title='bbox 1935 2765 2043 2808; x_wconf 68' lang='lat' dir='ltr'><strong>oml</strong></span> 
     </span>
    </p>
   </div>
   <div class='ocr_carea' id='block_1_56' title="bbox 2277 2745 3877 2830">
    <p class='ocr_par' dir='ltr' id='par_1_56' title="bbox 2277 2747 3877 2830">
     <span class='ocr_line' id='line_1_56' title="bbox 2277 2747 3877 2830; baseline 0.002 -27"><span class='ocrx_word' id='word_1_387' title='bbox 2277 2748 2420 2822; x_wconf 79' lang='grc' dir='ltr'>ηλον,</span> <span class='ocrx_word' id='word_1_388' title='bbox 2464 2747 2578 2823; x_wconf 76' lang='grc' dir='ltr'>ἅμα</span> <span class='ocrx_word' id='word_1_389' title='bbox 2620 2747 2675 2804; x_wconf 80' lang='grc' dir='ltr'>δὲ</span> <span class='ocrx_word' id='word_1_390' title='bbox 2718 2753 2818 2806; x_wconf 71' lang='grc' dir='ltr'>καὶ</span> <span class='ocrx_word' id='word_1_391' title='bbox 2877 2749 3151 2828; x_wconf 73' lang='grc' dir='ltr'>πορφυρᾶν</span> <span class='ocrx_word' id='word_1_392' title='bbox 3203 2748 3486 2829; x_wconf 80' lang='grc' dir='ltr'>χλαμύδα,</span> <span class='ocrx_word' id='word_1_393' title='bbox 3533 2751 3624 2806; x_wconf 80' lang='grc' dir='ltr'><strong>καὶ</strong></span> <span class='ocrx_word' id='word_1_394' title='bbox 3657 2758 3877 2830; x_wconf 75' lang='grc' dir='ltr'>χιτῶνα</span> 
     </span>
    </p>
   </div>
   <div class='ocr_carea' id='block_1_57' title="bbox 497 2834 2097 2918">
    <p class='ocr_par' dir='ltr' id='par_1_57' title="bbox 497 2834 2097 2918">
     <span class='ocr_line' id='line_1_57' title="bbox 497 2834 2097 2918; baseline 0 -20"><span class='ocrx_word' id='word_1_395' title='bbox 497 2835 1260 2918; x_wconf 83' lang='lat' dir='ltr'><strong>signa,banta,reliquaque</strong></span> <span class='ocrx_word' id='word_1_396' title='bbox 1278 2834 1683 2918; x_wconf 64' lang='lat' dir='ltr'><strong>imperatoriae</strong></span> <span class='ocrx_word' id='word_1_397' title='bbox 1702 2835 2025 2914; x_wconf 88' lang='lat' dir='ltr'><strong>majestatis</strong></span> <span class='ocrx_word' id='word_1_398' title='bbox 2045 2855 2097 2898; x_wconf 85' lang='grc' dir='ltr'><strong>οι</strong></span> 
     </span>
    </p>
   </div>
   <div class='ocr_carea' id='block_1_58' title="bbox 2281 2834 3881 2918">
    <p class='ocr_par' dir='ltr' id='par_1_58' title="bbox 2287 2837 3881 2917">
     <span class='ocr_line' id='line_1_58' title="bbox 2287 2837 3881 2917; baseline 0.001 -23"><span class='ocrx_word' id='word_1_399' title='bbox 2287 2860 2493 2917; x_wconf 89' lang='grc' dir='ltr'>κκινον,</span> <span class='ocrx_word' id='word_1_400' title='bbox 2527 2841 2613 2895; x_wconf 78' lang='grc' dir='ltr'><strong>καὶ</strong></span> <span class='ocrx_word' id='word_1_401' title='bbox 2661 2838 2835 2895; x_wconf 75' lang='grc' dir='ltr'>πάντα</span> <span class='ocrx_word' id='word_1_402' title='bbox 2894 2840 2958 2894; x_wconf 72' lang='grc' dir='ltr'><strong>τα</strong></span> <span class='ocrx_word' id='word_1_403' title='bbox 2990 2837 3247 2914; x_wconf 80' lang='grc' dir='ltr'>βασιλικὰ</span> <span class='ocrx_word' id='word_1_404' title='bbox 3279 2839 3547 2912; x_wconf 80' lang='grc' dir='ltr'>ἐνδύματα</span> <span class='ocrx_word' id='word_1_405' title='bbox 3578 2841 3675 2896; x_wconf 78' lang='grc' dir='ltr'><strong>καὶ</strong></span> <span class='ocrx_word' id='word_1_406' title='bbox 3707 2840 3881 2905; x_wconf 70' lang='grc' dir='ltr'><strong>ἀξιώ-</strong></span> 
     </span>
    </p>
   </div>
   <div class='ocr_carea' id='block_1_59' title="bbox 502 2923 2102 3008">
    <p class='ocr_par' dir='ltr' id='par_1_59' title="bbox 502 2923 2099 3008">
     <span class='ocr_line' id='line_1_59' title="bbox 502 2923 2099 3008; baseline -0.001 -20"><span class='ocrx_word' id='word_1_407' title='bbox 502 2936 869 3008; x_wconf 87' lang='lat' dir='ltr'><strong>namenta,et</strong></span> <span class='ocrx_word' id='word_1_408' title='bbox 891 2927 1171 3008; x_wconf 62' lang='lat' dir='ltr'><strong>potentiae</strong></span> <span class='ocrx_word' id='word_1_409' title='bbox 1192 2933 1408 2988; x_wconf 74' lang='lat' dir='ltr'><strong>nostrae</strong></span> <span class='ocrx_word' id='word_1_410' title='bbox 1430 2924 1704 3004; x_wconf 77' lang='lat' dir='ltr'><strong>gloriam.</strong></span> <span class='ocrx_word' id='word_1_411' title='bbox 1721 2923 1974 3006; x_wconf 86' lang='lat' dir='ltr'><strong>Insuper</strong></span> <span class='ocrx_word' id='word_1_412' title='bbox 1994 2944 2099 2986; x_wconf 90' lang='lat' dir='ltr'><strong>san</strong></span> 
     </span>
    </p>
   </div>
   <div class='ocr_carea' id='block_1_60' title="bbox 2283 2923 3883 3008">
    <p class='ocr_par' dir='ltr' id='par_1_60' title="bbox 2283 2925 3883 3005">
     <span class='ocr_line' id='line_1_60' title="bbox 2283 2925 3883 3005; baseline 0 -21"><span class='ocrx_word' id='word_1_413' title='bbox 2283 2948 2365 2984; x_wconf 89' lang='grc' dir='ltr'><strong>ιτα</strong></span> <span class='ocrx_word' id='word_1_414' title='bbox 2406 2927 2513 2982; x_wconf 76' lang='grc' dir='ltr'><strong>τῶν</strong></span> <span class='ocrx_word' id='word_1_415' title='bbox 2571 2925 2866 3003; x_wconf 74' lang='grc' dir='ltr'>βασιλικῶν</span> <span class='ocrx_word' id='word_1_416' title='bbox 2897 2925 3137 3005; x_wconf 82' lang='grc' dir='ltr'><strong>ἀλόγων,</strong></span> <span class='ocrx_word' id='word_1_417' title='bbox 3172 2929 3372 3002; x_wconf 80' lang='grc' dir='ltr'>ὁμοίως</span> <span class='ocrx_word' id='word_1_418' title='bbox 3403 2929 3493 2984; x_wconf 86' lang='grc' dir='ltr'><strong>καὶ</strong></span> <span class='ocrx_word' id='word_1_419' title='bbox 3525 2928 3591 2983; x_wconf 75' lang='grc' dir='ltr'><strong>τὰ</strong></span> <span class='ocrx_word' id='word_1_420' title='bbox 3619 2929 3883 3004; x_wconf 77' lang='grc' dir='ltr'>βασιλικὰ</span> 
     </span>
    </p>
   </div>
   <div class='ocr_carea' id='block_1_61' title="bbox 501 3013 2101 3095">
    <p class='ocr_par' dir='ltr' id='par_1_61' title="bbox 501 3013 2100 3095">
     <span class='ocr_line' id='line_1_61' title="bbox 501 3013 2100 3095; baseline -0.003 -18"><span class='ocrx_word' id='word_1_421' title='bbox 501 3015 694 3077; x_wconf 89' lang='lat' dir='ltr'><strong>cimus</strong></span> <span class='ocrx_word' id='word_1_422' title='bbox 710 3023 773 3077; x_wconf 92' lang='lat' dir='ltr'><strong>ut</strong></span> <span class='ocrx_word' id='word_1_423' title='bbox 793 3015 905 3077; x_wconf 90' lang='lat' dir='ltr'><strong>viri</strong></span> <span class='ocrx_word' id='word_1_424' title='bbox 927 3014 1360 3095; x_wconf 84' lang='lat' dir='ltr'><strong>religiosissimi</strong></span> <span class='ocrx_word' id='word_1_425' title='bbox 1385 3013 1589 3076; x_wconf 86' lang='lat' dir='ltr'><strong>clerici</strong></span> <span class='ocrx_word' id='word_1_426' title='bbox 1623 3015 1945 3076; x_wconf 88' lang='lat' dir='ltr'><strong>multorum</strong></span> <span class='ocrx_word' id='word_1_427' title='bbox 1970 3013 2100 3076; x_wconf 92' lang='lat' dir='ltr'><strong>ordi</strong></span> 
     </span>
    </p>
   </div>
   <div class='ocr_carea' id='block_1_62' title="bbox 2287 3013 3887 3095">
    <p class='ocr_par' dir='ltr' id='par_1_62' title="bbox 2289 3016 3887 3094">
     <span class='ocr_line' id='line_1_62' title="bbox 2289 3016 3887 3094; baseline 0.002 -22"><span class='ocrx_word' id='word_1_428' title='bbox 2289 3021 2491 3094; x_wconf 88' lang='grc' dir='ltr'>ῆπτρα,</span> <span class='ocrx_word' id='word_1_429' title='bbox 2536 3017 2625 3073; x_wconf 84' lang='grc' dir='ltr'>καὶ</span> <span class='ocrx_word' id='word_1_430' title='bbox 2668 3016 2842 3075; x_wconf 84' lang='grc' dir='ltr'>πάντα</span> <span class='ocrx_word' id='word_1_431' title='bbox 2905 3017 2970 3073; x_wconf 81' lang='grc' dir='ltr'>τὰ</span> <span class='ocrx_word' id='word_1_432' title='bbox 3034 3017 3218 3093; x_wconf 86' lang='grc' dir='ltr'>σίγνα,</span> <span class='ocrx_word' id='word_1_433' title='bbox 3279 3019 3367 3072; x_wconf 80' lang='grc' dir='ltr'><strong>καὶ</strong></span> <span class='ocrx_word' id='word_1_434' title='bbox 3426 3017 3490 3073; x_wconf 78' lang='grc' dir='ltr'><strong>τὰ</strong></span> <span class='ocrx_word' id='word_1_435' title='bbox 3533 3017 3735 3092; x_wconf 76' lang='grc' dir='ltr'>βάντα,</span> <span class='ocrx_word' id='word_1_436' title='bbox 3801 3023 3887 3075; x_wconf 81' lang='grc' dir='ltr'><strong>καὶ</strong></span> 
     </span>
    </p>
   </div>
   <div class='ocr_carea' id='block_1_63' title="bbox 500 3101 2100 3190">
    <p class='ocr_par' dir='ltr' id='par_1_63' title="bbox 500 3101 2100 3186">
     <span class='ocr_line' id='line_1_63' title="bbox 500 3101 2100 3186; baseline -0.001 -20"><span class='ocrx_word' id='word_1_437' title='bbox 500 3123 670 3186; x_wconf 85' lang='lat' dir='ltr'><strong>num,</strong></span> <span class='ocrx_word' id='word_1_438' title='bbox 704 3104 805 3185; x_wconf 89' lang='lat' dir='ltr'><strong>qui</strong></span> <span class='ocrx_word' id='word_1_439' title='bbox 828 3105 1021 3168; x_wconf 92' lang='lat' dir='ltr'><strong>eidem</strong></span> <span class='ocrx_word' id='word_1_440' title='bbox 1046 3112 1264 3167; x_wconf 68' lang='lat' dir='ltr'><strong>sanctae</strong></span> <span class='ocrx_word' id='word_1_441' title='bbox 1285 3103 1568 3166; x_wconf 64' lang='lat' dir='ltr'><strong>Romana;</strong></span> <span class='ocrx_word' id='word_1_442' title='bbox 1603 3101 1888 3165; x_wconf 73' lang='lat' dir='ltr'><strong>Ecclesiae</strong></span> <span class='ocrx_word' id='word_1_443' title='bbox 1926 3103 2100 3165; x_wconf 89' lang='lat' dir='ltr'><strong>deser</strong></span> 
     </span>
    </p>
   </div>
   <div class='ocr_carea' id='block_1_64' title="bbox 2280 3101 3880 3190">
    <p class='ocr_par' dir='ltr' id='par_1_64' title="bbox 2280 3105 3880 3184">
     <span class='ocr_line' id='line_1_64' title="bbox 2280 3105 3880 3184; baseline 0.002 -22"><span class='ocrx_word' id='word_1_444' title='bbox 2280 3105 2480 3162; x_wconf 74' lang='grc' dir='ltr'>ιλοιπὰ</span> <span class='ocrx_word' id='word_1_445' title='bbox 2522 3108 2853 3182; x_wconf 76' lang='grc' dir='ltr'>κοσμήματα</span> <span class='ocrx_word' id='word_1_446' title='bbox 2904 3111 3003 3173; x_wconf 89' lang='grc' dir='ltr'><strong>τῆς</strong></span> <span class='ocrx_word' id='word_1_447' title='bbox 3063 3106 3351 3181; x_wconf 82' lang='grc' dir='ltr'>βασιλικῆς</span> <span class='ocrx_word' id='word_1_448' title='bbox 3411 3107 3880 3184; x_wconf 75' lang='grc' dir='ltr'>μεγαλειότητος,</span> 
     </span>
    </p>
   </div>
   <div class='ocr_carea' id='block_1_65' title="bbox 500 3191 2100 3275">
    <p class='ocr_par' dir='ltr' id='par_1_65' title="bbox 500 3191 2100 3269">
     <span class='ocr_line' id='line_1_65' title="bbox 500 3191 2100 3269; baseline 0.001 -15"><span class='ocrx_word' id='word_1_449' title='bbox 500 3193 974 3269; x_wconf 84' lang='lat' dir='ltr'><strong>viunt,ornentur</strong></span> <span class='ocrx_word' id='word_1_450' title='bbox 985 3203 1042 3257; x_wconf 90' lang='lat' dir='ltr'><strong>et</strong></span> <span class='ocrx_word' id='word_1_451' title='bbox 1061 3193 1316 3256; x_wconf 87' lang='lat' dir='ltr'><strong>habeant</strong></span> <span class='ocrx_word' id='word_1_452' title='bbox 1333 3191 1494 3254; x_wconf 89' lang='lat' dir='ltr'>illam</span> <span class='ocrx_word' id='word_1_453' title='bbox 1508 3192 1929 3254; x_wconf 84' lang='lat' dir='ltr'><strong>sublimitatem</strong></span> <span class='ocrx_word' id='word_1_454' title='bbox 1949 3202 2006 3254; x_wconf 92' lang='lat' dir='ltr'><strong>et</strong></span> <span class='ocrx_word' id='word_1_455' title='bbox 2021 3211 2100 3255; x_wconf 75' lang='lat' dir='ltr'><strong>ma</strong></span> 
     </span>
    </p>
   </div>
   <div class='ocr_carea' id='block_1_66' title="bbox 2287 3191 3887 3275">
    <p class='ocr_par' dir='ltr' id='par_1_66' title="bbox 2291 3193 3887 3275">
     <span class='ocr_line' id='line_1_66' title="bbox 2291 3193 3887 3275; baseline 0.002 -23"><span class='ocrx_word' id='word_1_456' title='bbox 2291 3198 2436 3262; x_wconf 77' lang='grc' dir='ltr'>ὶτὴν</span> <span class='ocrx_word' id='word_1_457' title='bbox 2481 3193 2636 3260; x_wconf 77' lang='grc' dir='ltr'>δόξαν</span> <span class='ocrx_word' id='word_1_458' title='bbox 2691 3201 2792 3263; x_wconf 83' lang='grc' dir='ltr'><strong>τῆς</strong></span> <span class='ocrx_word' id='word_1_459' title='bbox 2833 3197 2995 3271; x_wconf 78' lang='grc' dir='ltr'>ἡμῶν</span> <span class='ocrx_word' id='word_1_460' title='bbox 3045 3194 3280 3262; x_wconf 71' lang='grc' dir='ltr'>ἔξουσίας</span> <span class='ocrx_word' id='word_1_461' title='bbox 3331 3195 3522 3275; x_wconf 84' lang='grc' dir='ltr'>ἄνδρας</span> <span class='ocrx_word' id='word_1_462' title='bbox 3557 3219 3615 3253; x_wconf 91' lang='grc' dir='ltr'><strong>τε</strong></span> <span class='ocrx_word' id='word_1_463' title='bbox 3661 3197 3887 3258; x_wconf 66' lang='grc' dir='ltr'>εὐσεϐε-</span> 
     </span>
    </p>
   </div>
   <div class='ocr_carea' id='block_1_67' title="bbox 499 3281 2099 3364">
    <p class='ocr_par' dir='ltr' id='par_1_67' title="bbox 499 3281 2099 3364">
     <span class='ocr_line' id='line_1_67' title="bbox 499 3281 2099 3364; baseline 0 -21"><span class='ocrx_word' id='word_1_464' title='bbox 499 3281 902 3363; x_wconf 74' lang='lat' dir='ltr'><strong>gniﬁcentiam</strong></span> <span class='ocrx_word' id='word_1_465' title='bbox 928 3300 1042 3364; x_wconf 91' lang='lat' dir='ltr'><strong>qua</strong></span> <span class='ocrx_word' id='word_1_466' title='bbox 1069 3291 1313 3345; x_wconf 90' lang='lat' dir='ltr'><strong>ornatus</strong></span> <span class='ocrx_word' id='word_1_467' title='bbox 1337 3289 1429 3344; x_wconf 91' lang='lat' dir='ltr'><strong>est</strong></span> <span class='ocrx_word' id='word_1_468' title='bbox 1453 3300 1700 3361; x_wconf 78' lang='lat' dir='ltr'><strong>magnus</strong></span> <span class='ocrx_word' id='word_1_469' title='bbox 1727 3290 1932 3343; x_wconf 90' lang='lat' dir='ltr'><strong>noster</strong></span> <span class='ocrx_word' id='word_1_470' title='bbox 1955 3299 2099 3344; x_wconf 86' lang='lat' dir='ltr'><strong>sena</strong></span> 
     </span>
    </p>
   </div>
   <div class='ocr_carea' id='block_1_68' title="bbox 2288 3281 3888 3364">
    <p class='ocr_par' dir='ltr' id='par_1_68' title="bbox 2288 3283 3888 3364">
     <span class='ocr_line' id='line_1_68' title="bbox 2288 3283 3888 3364; baseline 0.001 -24"><span class='ocrx_word' id='word_1_471' title='bbox 2288 3285 2444 3350; x_wconf 84' lang='grc' dir='ltr'>άτους</span> <span class='ocrx_word' id='word_1_472' title='bbox 2517 3283 2806 3361; x_wconf 76' lang='grc' dir='ltr'>κληρικοὺς</span> <span class='ocrx_word' id='word_1_473' title='bbox 2884 3283 3103 3342; x_wconf 84' lang='grc' dir='ltr'>πολλῶν</span> <span class='ocrx_word' id='word_1_474' title='bbox 3163 3284 3364 3350; x_wconf 77' lang='grc' dir='ltr'>τάξεων</span> <span class='ocrx_word' id='word_1_475' title='bbox 3423 3290 3493 3363; x_wconf 75' lang='grc' dir='ltr'><strong>τῇ</strong></span> <span class='ocrx_word' id='word_1_476' title='bbox 3551 3288 3694 3362; x_wconf 80' lang='grc' dir='ltr'>αὖτῇ</span> <span class='ocrx_word' id='word_1_477' title='bbox 3757 3291 3888 3364; x_wconf 70' lang='grc' dir='ltr'><strong>ἡγίᾳ</strong></span> 
     </span>
    </p>
   </div>
   <div class='ocr_carea' id='block_1_69' title="bbox 500 3371 2100 3454">
    <p class='ocr_par' dir='ltr' id='par_1_69' title="bbox 500 3371 2100 3454">
     <span class='ocr_line' id='line_1_69' title="bbox 500 3371 2100 3454; baseline -0.001 -19"><span class='ocrx_word' id='word_1_478' title='bbox 500 3373 863 3453; x_wconf 88' lang='lat' dir='ltr'><strong>tus,patricii</strong></span> <span class='ocrx_word' id='word_1_479' title='bbox 889 3380 1196 3454; x_wconf 90' lang='lat' dir='ltr'><strong>nempe,et</strong></span> <span class='ocrx_word' id='word_1_480' title='bbox 1217 3373 1586 3446; x_wconf 90' lang='lat' dir='ltr'><strong>consules,et</strong></span> <span class='ocrx_word' id='word_1_481' title='bbox 1609 3373 1854 3453; x_wconf 72' lang='lat' dir='ltr'><strong>reliquae</strong></span> <span class='ocrx_word' id='word_1_482' title='bbox 1876 3371 2100 3452; x_wconf 84' lang='lat' dir='ltr'><strong>dignita</strong></span> 
     </span>
    </p>
   </div>
   <div class='ocr_carea' id='block_1_70' title="bbox 2284 3371 3884 3454">
    <p class='ocr_par' dir='ltr' id='par_1_70' title="bbox 2284 3373 3884 3451">
     <span class='ocr_line' id='line_1_70' title="bbox 2284 3373 3884 3451; baseline 0.002 -20"><span class='ocrx_word' id='word_1_483' title='bbox 2284 3374 2503 3450; x_wconf 74' lang='grc' dir='ltr'>ωιιαϊκῇ</span> <span class='ocrx_word' id='word_1_484' title='bbox 2640 3373 2655 3398; x_wconf 89' lang='grc'><strong><em>’</em></strong></span> <span class='ocrx_word' id='word_1_485' title='bbox 2665 3374 2940 3447; x_wconf 80' lang='grc' dir='ltr'>Εκκλησίᾳ</span> <span class='ocrx_word' id='word_1_486' title='bbox 3067 3373 3414 3438; x_wconf 87' lang='grc' dir='ltr'>δουλεύοντας</span> <span class='ocrx_word' id='word_1_487' title='bbox 3550 3378 3884 3451; x_wconf 80' lang='grc' dir='ltr'>θεσπίζομεν</span> 
     </span>
    </p>
   </div>
   <div class='ocr_carea' id='block_1_71' title="bbox 498 3461 2098 3544">
    <p class='ocr_par' dir='ltr' id='par_1_71' title="bbox 498 3461 2098 3544">
     <span class='ocr_line' id='line_1_71' title="bbox 498 3461 2098 3544; baseline -0.001 -20"><span class='ocrx_word' id='word_1_488' title='bbox 498 3461 690 3526; x_wconf 88' lang='lat' dir='ltr'><strong>te3.Et</strong></span> <span class='ocrx_word' id='word_1_489' title='bbox 713 3463 1279 3544; x_wconf 89' lang='lat' dir='ltr'><strong>[quemadmodum]</strong></span> <span class='ocrx_word' id='word_1_490' title='bbox 1298 3461 1624 3543; x_wconf 89' lang='lat' dir='ltr'><strong>imperialis</strong></span> <span class='ocrx_word' id='word_1_491' title='bbox 1646 3461 1943 3523; x_wconf 83' lang='lat' dir='ltr'><strong>exercitus</strong></span> <span class='ocrx_word' id='word_1_492' title='bbox 1964 3480 2098 3523; x_wconf 74' lang='lat' dir='ltr'><strong>orna</strong></span> 
     </span>
    </p>
   </div>
   <div class='ocr_carea' id='block_1_72' title="bbox 2289 3461 3889 3544">
    <p class='ocr_par' dir='ltr' id='par_1_72' title="bbox 2289 3462 3889 3543">
     <span class='ocr_line' id='line_1_72' title="bbox 2289 3462 3889 3543; baseline 0.003 -25"><span class='ocrx_word' id='word_1_493' title='bbox 2289 3462 2566 3536; x_wconf 77' lang='grc' dir='ltr'>σμεϊσθαι,</span> <span class='ocrx_word' id='word_1_494' title='bbox 2626 3464 2712 3519; x_wconf 81' lang='grc' dir='ltr'><strong>καὶ</strong></span> <span class='ocrx_word' id='word_1_495' title='bbox 2768 3463 2920 3543; x_wconf 76' lang='grc' dir='ltr'>ἔχειν</span> <span class='ocrx_word' id='word_1_496' title='bbox 2987 3463 3196 3532; x_wconf 69' lang='grc' dir='ltr'>ἐκείνην</span> <span class='ocrx_word' id='word_1_497' title='bbox 3256 3463 3356 3531; x_wconf 82' lang='grc' dir='ltr'><strong>την</strong></span> <span class='ocrx_word' id='word_1_498' title='bbox 3412 3463 3746 3539; x_wconf 79' lang='grc' dir='ltr'>ὑψηλότητα</span> <span class='ocrx_word' id='word_1_499' title='bbox 3803 3471 3889 3523; x_wconf 78' lang='grc' dir='ltr'><strong>καὶ</strong></span> 
     </span>
    </p>
   </div>
   <div class='ocr_carea' id='block_1_73' title="bbox 500 3550 2100 3632">
    <p class='ocr_par' dir='ltr' id='par_1_73' title="bbox 500 3550 2097 3616">
     <span class='ocr_line' id='line_1_73' title="bbox 500 3550 2097 3616; baseline -0.001 -2"><span class='ocrx_word' id='word_1_500' title='bbox 500 3561 592 3615; x_wconf 91' lang='lat' dir='ltr'><strong>tus</strong></span> <span class='ocrx_word' id='word_1_501' title='bbox 617 3563 728 3614; x_wconf 89' lang='lat' dir='ltr'><strong>est:</strong></span> <span class='ocrx_word' id='word_1_502' title='bbox 756 3553 836 3614; x_wconf 91' lang='lat' dir='ltr'><strong>ita</strong></span> <span class='ocrx_word' id='word_1_503' title='bbox 859 3552 1162 3615; x_wconf 88' lang='lat' dir='ltr'><strong>sancimus</strong></span> <span class='ocrx_word' id='word_1_504' title='bbox 1185 3561 1248 3616; x_wconf 89' lang='lat' dir='ltr'><strong>ut</strong></span> <span class='ocrx_word' id='word_1_505' title='bbox 1281 3561 1340 3614; x_wconf 94' lang='lat' dir='ltr'><strong>et</strong></span> <span class='ocrx_word' id='word_1_506' title='bbox 1378 3559 1598 3614; x_wconf 78' lang='lat' dir='ltr'><strong>sanctae</strong></span> <span class='ocrx_word' id='word_1_507' title='bbox 1619 3551 1902 3613; x_wconf 64' lang='lat' dir='ltr'><strong>Romanae</strong></span> <span class='ocrx_word' id='word_1_508' title='bbox 1922 3550 2097 3613; x_wconf 91' lang='lat' dir='ltr'><strong>Eccle</strong></span> 
     </span>
    </p>
   </div>
   <div class='ocr_carea' id='block_1_74' title="bbox 2281 3550 3881 3632">
    <p class='ocr_par' dir='ltr' id='par_1_74' title="bbox 2281 3551 3881 3632">
     <span class='ocr_line' id='line_1_74' title="bbox 2281 3551 3881 3632; baseline 0.006 -28"><span class='ocrx_word' id='word_1_509' title='bbox 2281 3551 2625 3632; x_wconf 85' lang='grc' dir='ltr'>;γαλωσύνην,</span> <span class='ocrx_word' id='word_1_510' title='bbox 2684 3553 2750 3620; x_wconf 76' lang='grc' dir='ltr'>ἢν</span> <span class='ocrx_word' id='word_1_511' title='bbox 2804 3555 3148 3628; x_wconf 74' lang='grc' dir='ltr'>κεκόσμηται</span> <span class='ocrx_word' id='word_1_512' title='bbox 3191 3555 3225 3621; x_wconf 80' lang='grc' dir='ltr'>ἡ</span> <span class='ocrx_word' id='word_1_513' title='bbox 3272 3553 3488 3630; x_wconf 80' lang='grc' dir='ltr'>μεγάλη</span> <span class='ocrx_word' id='word_1_514' title='bbox 3562 3555 3881 3632; x_wconf 81' lang='grc' dir='ltr'>σύγκλητος</span> 
     </span>
    </p>
   </div>
   <div class='ocr_carea' id='block_1_75' title="bbox 498 3641 2098 3723">
    <p class='ocr_par' dir='ltr' id='par_1_75' title="bbox 498 3641 2098 3723">
     <span class='ocr_line' id='line_1_75' title="bbox 498 3641 2098 3723; baseline -0.001 -19"><span class='ocrx_word' id='word_1_515' title='bbox 498 3641 603 3704; x_wconf 69' lang='lat' dir='ltr'><strong>size</strong></span> <span class='ocrx_word' id='word_1_516' title='bbox 617 3643 815 3706; x_wconf 88' lang='lat' dir='ltr'><strong>clerus</strong></span> <span class='ocrx_word' id='word_1_517' title='bbox 838 3650 1106 3706; x_wconf 91' lang='lat' dir='ltr'><strong>ornetur.</strong></span> <span class='ocrx_word' id='word_1_518' title='bbox 1142 3642 1233 3706; x_wconf 84' lang='lat' dir='ltr'><strong>Ad</strong></span> <span class='ocrx_word' id='word_1_519' title='bbox 1261 3642 1386 3704; x_wconf 67' lang='lat' dir='ltr'><strong>haec</strong></span> <span class='ocrx_word' id='word_1_520' title='bbox 1417 3661 1533 3723; x_wconf 91' lang='lat' dir='ltr'><strong>quo</strong></span> <span class='ocrx_word' id='word_1_521' title='bbox 1557 3641 1735 3703; x_wconf 93' lang='lat' dir='ltr'><strong>modo</strong></span> <span class='ocrx_word' id='word_1_522' title='bbox 1757 3641 2098 3720; x_wconf 90' lang='lat' dir='ltr'><strong>imperatori</strong></span> 
     </span>
    </p>
   </div>
   <div class='ocr_carea' id='block_1_76' title="bbox 2288 3641 3888 3723">
    <p class='ocr_par' dir='ltr' id='par_1_76' title="bbox 2288 3641 3888 3722">
     <span class='ocr_line' id='line_1_76' title="bbox 2288 3641 3888 3722; baseline 0.002 -24"><span class='ocrx_word' id='word_1_523' title='bbox 2288 3649 2398 3716; x_wconf 84' lang='grc' dir='ltr'>.ὦν,</span> <span class='ocrx_word' id='word_1_524' title='bbox 2453 3641 2574 3710; x_wconf 74' lang='grc' dir='ltr'>ἤτοι</span> <span class='ocrx_word' id='word_1_525' title='bbox 2635 3643 2681 3699; x_wconf 81' lang='grc' dir='ltr'>οἰ</span> <span class='ocrx_word' id='word_1_526' title='bbox 2755 3643 3052 3722; x_wconf 78' lang='grc' dir='ltr'>πατρίκιοι,</span> <span class='ocrx_word' id='word_1_527' title='bbox 3130 3644 3217 3700; x_wconf 85' lang='grc' dir='ltr'><strong>καὶ</strong></span> <span class='ocrx_word' id='word_1_528' title='bbox 3269 3642 3578 3716; x_wconf 86' lang='grc' dir='ltr'>κόνσουλοι,</span> <span class='ocrx_word' id='word_1_529' title='bbox 3650 3643 3778 3712; x_wconf 83' lang='grc' dir='ltr'>ῆτοι</span> <span class='ocrx_word' id='word_1_530' title='bbox 3841 3650 3888 3703; x_wconf 70' lang='grc' dir='ltr'>οἱ</span> 
     </span>
    </p>
   </div>
   <div class='ocr_carea' id='block_1_77' title="bbox 495 3729 2095 3812">
    <p class='ocr_par' dir='ltr' id='par_1_77' title="bbox 495 3729 2095 3812">
     <span class='ocr_line' id='line_1_77' title="bbox 495 3729 2095 3812; baseline -0.001 -18"><span class='ocrx_word' id='word_1_531' title='bbox 495 3740 755 3812; x_wconf 88' lang='lat' dir='ltr'><strong>potestas</strong></span> <span class='ocrx_word' id='word_1_532' title='bbox 779 3733 980 3794; x_wconf 91' lang='lat' dir='ltr'><strong>multis</strong></span> <span class='ocrx_word' id='word_1_533' title='bbox 1001 3732 1214 3794; x_wconf 79' lang='lat' dir='ltr'><strong>ofﬁciis</strong></span> <span class='ocrx_word' id='word_1_534' title='bbox 1233 3729 2007 3812; x_wconf 80' lang='lat' dir='ltr'><strong>exornatur,cubiculariis,</strong></span> <span class='ocrx_word' id='word_1_535' title='bbox 2031 3749 2095 3792; x_wconf 89' lang='lat' dir='ltr'><strong>os</strong></span> 
     </span>
    </p>
   </div>
   <div class='ocr_carea' id='block_1_78' title="bbox 2287 3729 3887 3812">
    <p class='ocr_par' dir='ltr' id='par_1_78' title="bbox 2291 3730 3887 3812">
     <span class='ocr_line' id='line_1_78' title="bbox 2291 3730 3887 3812; baseline 0.003 -24"><span class='ocrx_word' id='word_1_536' title='bbox 2291 3753 2430 3812; x_wconf 87' lang='grc' dir='ltr'>ατοι,</span> <span class='ocrx_word' id='word_1_537' title='bbox 2495 3731 2678 3794; x_wconf 75' lang='grc' dir='ltr'>καὶτὰ</span> <span class='ocrx_word' id='word_1_538' title='bbox 2708 3730 2873 3790; x_wconf 87' lang='grc' dir='ltr'>λοιπὰ</span> <span class='ocrx_word' id='word_1_539' title='bbox 2915 3731 3218 3808; x_wconf 77' lang='grc' dir='ltr'>ἀξιώματα,</span> <span class='ocrx_word' id='word_1_540' title='bbox 3285 3753 3376 3808; x_wconf 55' lang='grc' dir='ltr'>καὶ</span> <span class='ocrx_word' id='word_1_541' title='bbox 3419 3735 3494 3798; x_wconf 81' lang='grc' dir='ltr'>ὡς</span> <span class='ocrx_word' id='word_1_542' title='bbox 3539 3735 3576 3801; x_wconf 80' lang='grc' dir='ltr'>ἡ</span> <span class='ocrx_word' id='word_1_543' title='bbox 3618 3734 3887 3809; x_wconf 78' lang='grc' dir='ltr'>βασιλικὴ</span> 
     </span>
    </p>
   </div>
   <div class='ocr_carea' id='block_1_79' title="bbox 493 3818 2093 3901">
    <p class='ocr_par' dir='ltr' id='par_1_79' title="bbox 493 3818 2093 3885">
     <span class='ocr_line' id='line_1_79' title="bbox 493 3818 2093 3885; baseline -0.003 -1"><span class='ocrx_word' id='word_1_544' title='bbox 493 3822 684 3885; x_wconf 91' lang='lat' dir='ltr'><strong>tiariis</strong></span> <span class='ocrx_word' id='word_1_545' title='bbox 699 3831 756 3885; x_wconf 92' lang='lat' dir='ltr'><strong>et</strong></span> <span class='ocrx_word' id='word_1_546' title='bbox 776 3821 1220 3884; x_wconf 83' lang='lat' dir='ltr'><strong>excubitoribus</strong></span> <span class='ocrx_word' id='word_1_547' title='bbox 1241 3821 1329 3882; x_wconf 90' lang='lat' dir='ltr'><strong>sic</strong></span> <span class='ocrx_word' id='word_1_548' title='bbox 1351 3828 1527 3884; x_wconf 86' lang='lat' dir='ltr'><strong>etiam</strong></span> <span class='ocrx_word' id='word_1_549' title='bbox 1547 3827 1814 3882; x_wconf 89' lang='lat' dir='ltr'><strong>sanctam</strong></span> <span class='ocrx_word' id='word_1_550' title='bbox 1841 3818 2093 3881; x_wconf 80' lang='lat' dir='ltr'><strong>Romam</strong></span> 
     </span>
    </p>
   </div>
   <div class='ocr_carea' id='block_1_80' title="bbox 2286 3818 3886 3901">
    <p class='ocr_par' dir='ltr' id='par_1_80' title="bbox 2286 3819 3886 3901">
     <span class='ocr_line' id='line_1_80' title="bbox 2286 3819 3886 3901; baseline 0.001 -23"><span class='ocrx_word' id='word_1_551' title='bbox 2286 3821 2442 3899; x_wconf 83' lang='grc' dir='ltr'>ρατιὰ</span> <span class='ocrx_word' id='word_1_552' title='bbox 2511 3819 2874 3901; x_wconf 82' lang='grc' dir='ltr'>κεκόσμηται,</span> <span class='ocrx_word' id='word_1_553' title='bbox 2956 3821 3096 3880; x_wconf 72' lang='grc' dir='ltr'>οὕτω</span> <span class='ocrx_word' id='word_1_554' title='bbox 3177 3823 3494 3896; x_wconf 83' lang='grc' dir='ltr'>θεσπίζομεν</span> <span class='ocrx_word' id='word_1_555' title='bbox 3553 3828 3886 3898; x_wconf 75' lang='grc' dir='ltr'>κοσμεῖσθαι</span> 
     </span>
    </p>
   </div>
   <div class='ocr_carea' id='block_1_81' title="bbox 494 3908 2094 3989">
    <p class='ocr_par' dir='ltr' id='par_1_81' title="bbox 494 3908 2094 3989">
     <span class='ocr_line' id='line_1_81' title="bbox 494 3908 2094 3989; baseline -0.004 -14"><span class='ocrx_word' id='word_1_556' title='bbox 494 3929 628 3975; x_wconf 84' lang='lat' dir='ltr'><strong>rum</strong></span> <span class='ocrx_word' id='word_1_557' title='bbox 651 3911 978 3975; x_wconf 84' lang='lat' dir='ltr'><strong>Ecclesiam</strong></span> <span class='ocrx_word' id='word_1_558' title='bbox 999 3911 1276 3976; x_wconf 88' lang='lat' dir='ltr'><strong>exornari</strong></span> <span class='ocrx_word' id='word_1_559' title='bbox 1297 3909 1675 3973; x_wconf 85' lang='lat' dir='ltr'><strong>volumus.At</strong></span> <span class='ocrx_word' id='word_1_560' title='bbox 1687 3909 1876 3988; x_wconf 79' lang='lat' dir='ltr'><strong>[vero]</strong></span> <span class='ocrx_word' id='word_1_561' title='bbox 1901 3918 1963 3970; x_wconf 89' lang='lat' dir='ltr'><strong>ut</strong></span> <span class='ocrx_word' id='word_1_562' title='bbox 1983 3908 2094 3989; x_wconf 76' lang='lat' dir='ltr'><strong>epit</strong></span> 
     </span>
    </p>
   </div>
   <div class='ocr_carea' id='block_1_82' title="bbox 2276 3908 3876 3989">
    <p class='ocr_par' dir='ltr' id='par_1_82' title="bbox 2276 3909 3876 3989">
     <span class='ocr_line' id='line_1_82' title="bbox 2276 3909 3876 3989; baseline 0.002 -23"><span class='ocrx_word' id='word_1_563' title='bbox 2276 3914 2304 3968; x_wconf 88' lang='grc' dir='ltr'><strong>ιὶ</strong></span> <span class='ocrx_word' id='word_1_564' title='bbox 2333 3911 2426 3967; x_wconf 82' lang='grc' dir='ltr'>τὸν</span> <span class='ocrx_word' id='word_1_565' title='bbox 2454 3909 2652 3988; x_wconf 80' lang='grc' dir='ltr'>κλῆρον</span> <span class='ocrx_word' id='word_1_566' title='bbox 2683 3916 2782 3978; x_wconf 88' lang='grc' dir='ltr'><strong>τῆς</strong></span> <span class='ocrx_word' id='word_1_567' title='bbox 2826 3911 2982 3989; x_wconf 90' lang='grc' dir='ltr'>ἁγίας</span> <span class='ocrx_word' id='word_1_568' title='bbox 3019 3909 3301 3984; x_wconf 85' lang='grc' dir='ltr'>Ῥωμαίων</span> <span class='ocrx_word' id='word_1_569' title='bbox 3359 3909 3721 3978; x_wconf 85' lang='grc' dir='ltr'>Ἐκκλησίας.</span> <span class='ocrx_word' id='word_1_570' title='bbox 3775 3916 3876 3972; x_wconf 70' lang='grc' dir='ltr'>Καὶ</span> 
     </span>
    </p>
   </div>
   <div class='ocr_carea' id='block_1_83' title="bbox 495 3997 2095 4081">
    <p class='ocr_par' dir='ltr' id='par_1_83' title="bbox 495 3997 2095 4081">
     <span class='ocr_line' id='line_1_83' title="bbox 495 3997 2095 4081; baseline -0.003 -19"><span class='ocrx_word' id='word_1_571' title='bbox 495 4000 718 4081; x_wconf 87' lang='lat' dir='ltr'><strong>copalis</strong></span> <span class='ocrx_word' id='word_1_572' title='bbox 739 4000 1026 4081; x_wconf 89' lang='lat' dir='ltr'><strong>splendor</strong></span> <span class='ocrx_word' id='word_1_573' title='bbox 1047 3999 1106 4062; x_wconf 91' lang='lat' dir='ltr'><strong>in</strong></span> <span class='ocrx_word' id='word_1_574' title='bbox 1132 3999 1412 4062; x_wconf 90' lang='lat' dir='ltr'><strong>omnibus</strong></span> <span class='ocrx_word' id='word_1_575' title='bbox 1437 3997 1784 4079; x_wconf 66' lang='lat' dir='ltr'><strong>praeluceat,</strong></span> <span class='ocrx_word' id='word_1_576' title='bbox 1819 3997 1997 4060; x_wconf 89' lang='lat' dir='ltr'><strong>etiam</strong></span> <span class='ocrx_word' id='word_1_577' title='bbox 2023 3999 2095 4059; x_wconf 91' lang='lat' dir='ltr'><strong>ho</strong></span> 
     </span>
    </p>
   </div>
   <div class='ocr_carea' id='block_1_84' title="bbox 2283 3997 3883 4081">
    <p class='ocr_par' dir='ltr' id='par_1_84' title="bbox 2283 3997 3883 4080">
     <span class='ocr_line' id='line_1_84' title="bbox 2283 3997 3883 4080; baseline 0.001 -24"><span class='ocrx_word' id='word_1_578' title='bbox 2283 4023 2340 4057; x_wconf 92' lang='grc' dir='ltr'><strong>ον</strong></span> <span class='ocrx_word' id='word_1_579' title='bbox 2400 4001 2597 4077; x_wconf 88' lang='grc' dir='ltr'>τρόπον</span> <span class='ocrx_word' id='word_1_580' title='bbox 2654 4001 2689 4067; x_wconf 79' lang='grc' dir='ltr'>ἠ</span> <span class='ocrx_word' id='word_1_581' title='bbox 2744 3999 3002 4076; x_wconf 74' lang='grc' dir='ltr'>βασιλικὴ</span> <span class='ocrx_word' id='word_1_582' title='bbox 3062 3997 3283 4076; x_wconf 84' lang='grc' dir='ltr'>δύναμις</span> <span class='ocrx_word' id='word_1_583' title='bbox 3344 3997 3432 4057; x_wconf 74' lang='grc' dir='ltr'><strong>διὰ</strong></span> <span class='ocrx_word' id='word_1_584' title='bbox 3477 3999 3701 4059; x_wconf 81' lang='grc' dir='ltr'>πολλῶν</span> <span class='ocrx_word' id='word_1_585' title='bbox 3731 4003 3883 4080; x_wconf 74' lang='grc' dir='ltr'>ὀφρι-</span> 
     </span>
    </p>
   </div>
   <div class='ocr_carea' id='block_1_85' title="bbox 490 4086 2090 4168">
    <p class='ocr_par' dir='ltr' id='par_1_85' title="bbox 490 4087 2090 4152">
     <span class='ocr_line' id='line_1_85' title="bbox 490 4087 2090 4152; baseline -0.002 0"><span class='ocrx_word' id='word_1_586' title='bbox 490 4090 796 4152; x_wconf 84' lang='lat' dir='ltr'><strong>sancimns</strong></span> <span class='ocrx_word' id='word_1_587' title='bbox 836 4098 902 4151; x_wconf 88' lang='lat' dir='ltr'><strong>ut</strong></span> <span class='ocrx_word' id='word_1_588' title='bbox 943 4090 1148 4152; x_wconf 91' lang='lat' dir='ltr'><strong>clerici</strong></span> <span class='ocrx_word' id='word_1_589' title='bbox 1174 4099 1398 4151; x_wconf 65' lang='lat' dir='ltr'><strong>sancta:</strong></span> <span class='ocrx_word' id='word_1_590' title='bbox 1420 4087 1822 4152; x_wconf 83' lang='lat' dir='ltr'><strong>Romanorum</strong></span> <span class='ocrx_word' id='word_1_591' title='bbox 1849 4087 2090 4150; x_wconf 73' lang='lat' dir='ltr'><strong>Ecclesia</strong></span> 
     </span>
    </p>
   </div>
   <div class='ocr_carea' id='block_1_86' title="bbox 2279 4086 3879 4168">
    <p class='ocr_par' dir='ltr' id='par_1_86' title="bbox 2279 4086 3879 4168">
     <span class='ocr_line' id='line_1_86' title="bbox 2279 4086 3879 4168; baseline 0.001 -23"><span class='ocrx_word' id='word_1_592' title='bbox 2279 4113 2347 4145; x_wconf 89' lang='grc' dir='ltr'><strong>ων</strong></span> <span class='ocrx_word' id='word_1_593' title='bbox 2404 4089 2763 4168; x_wconf 84' lang='grc' dir='ltr'>κεκόσμηται,</span> <span class='ocrx_word' id='word_1_594' title='bbox 2823 4087 2943 4156; x_wconf 73' lang='grc' dir='ltr'>ἤτοι</span> <span class='ocrx_word' id='word_1_595' title='bbox 3020 4086 3463 4168; x_wconf 74' lang='grc' dir='ltr'>κουϐικυλαρίων,</span> <span class='ocrx_word' id='word_1_596' title='bbox 3539 4093 3879 4167; x_wconf 78' lang='grc' dir='ltr'>πορταρίων,</span> 
     </span>
    </p>
   </div>
   <div class='ocr_carea' id='block_1_87' title="bbox 493 4175 2093 4258">
    <p class='ocr_par' dir='ltr' id='par_1_87' title="bbox 493 4177 2092 4258">
     <span class='ocr_line' id='line_1_87' title="bbox 493 4177 2092 4258; baseline -0.002 -17"><span class='ocrx_word' id='word_1_597' title='bbox 493 4178 756 4242; x_wconf 88' lang='lat' dir='ltr'><strong>caballos</strong></span> <span class='ocrx_word' id='word_1_598' title='bbox 790 4177 1062 4241; x_wconf 90' lang='lat' dir='ltr'><strong>candidis</strong></span> <span class='ocrx_word' id='word_1_599' title='bbox 1085 4178 1285 4240; x_wconf 89' lang='lat' dir='ltr'><strong>linteis</strong></span> <span class='ocrx_word' id='word_1_600' title='bbox 1309 4187 1550 4242; x_wconf 87' lang='lat' dir='ltr'><strong>ornatos</strong></span> <span class='ocrx_word' id='word_1_601' title='bbox 1575 4178 1864 4258; x_wconf 77' lang='lat' dir='ltr'><strong>equitant,</strong></span> <span class='ocrx_word' id='word_1_602' title='bbox 1899 4187 2092 4258; x_wconf 89' lang='lat' dir='ltr'><strong>etque</strong></span> 
     </span>
    </p>
   </div>
   <div class='ocr_carea' id='block_1_88' title="bbox 2279 4175 3879 4258">
    <p class='ocr_par' dir='ltr' id='par_1_88' title="bbox 2279 4175 3879 4258">
     <span class='ocr_line' id='line_1_88' title="bbox 2279 4175 3879 4258; baseline 0.001 -24"><span class='ocrx_word' id='word_1_603' title='bbox 2279 4175 2550 4258; x_wconf 77' lang='grc' dir='ltr'>ιιουϐίτων,</span> <span class='ocrx_word' id='word_1_604' title='bbox 2617 4179 2756 4234; x_wconf 79' lang='grc' dir='ltr'>οὕτω</span> <span class='ocrx_word' id='word_1_605' title='bbox 2827 4180 2915 4236; x_wconf 87' lang='grc' dir='ltr'><strong>καὶ</strong></span> <span class='ocrx_word' id='word_1_606' title='bbox 2997 4179 3100 4246; x_wconf 78' lang='grc' dir='ltr'>τὴν</span> <span class='ocrx_word' id='word_1_607' title='bbox 3177 4179 3332 4256; x_wconf 81' lang='grc' dir='ltr'>ἁγίαν</span> <span class='ocrx_word' id='word_1_608' title='bbox 3393 4185 3501 4235; x_wconf 82' lang='grc' dir='ltr'>τῶν</span> <span class='ocrx_word' id='word_1_609' title='bbox 3592 4177 3879 4255; x_wconf 73' lang='grc' dir='ltr'>Ῥωμαίων</span> 
     </span>
    </p>
   </div>
   <div class='ocr_carea' id='block_1_89' title="bbox 494 4265 2094 4342">
    <p class='ocr_par' dir='ltr' id='par_1_89' title="bbox 494 4265 2092 4329">
     <span class='ocr_line' id='line_1_89' title="bbox 494 4265 2092 4329; baseline -0.001 -1"><span class='ocrx_word' id='word_1_610' title='bbox 494 4266 878 4329; x_wconf 90' lang='lat' dir='ltr'><strong>madmodum</strong></span> <span class='ocrx_word' id='word_1_611' title='bbox 919 4275 1160 4328; x_wconf 89' lang='lat' dir='ltr'><strong>senatus</strong></span> <span class='ocrx_word' id='word_1_612' title='bbox 1199 4279 1404 4328; x_wconf 89' lang='lat' dir='ltr'><strong>noster</strong></span> <span class='ocrx_word' id='word_1_613' title='bbox 1433 4265 1823 4328; x_wconf 87' lang='lat' dir='ltr'><strong>calciamenta</strong></span> <span class='ocrx_word' id='word_1_614' title='bbox 1842 4265 1965 4327; x_wconf 85' lang='lat' dir='ltr'><strong>sive</strong></span> <span class='ocrx_word' id='word_1_615' title='bbox 1986 4284 2092 4327; x_wconf 88' lang='lat' dir='ltr'><strong>sau</strong></span> 
     </span>
    </p>
   </div>
   <div class='ocr_carea' id='block_1_90' title="bbox 2276 4265 3876 4342">
    <p class='ocr_par' dir='ltr' id='par_1_90' title="bbox 2277 4267 3876 4342">
     <span class='ocr_line' id='line_1_90' title="bbox 2277 4267 3876 4342; baseline -0.001 -16"><span class='ocrx_word' id='word_1_616' title='bbox 2277 4267 2540 4335; x_wconf 89' lang='grc' dir='ltr'>κκλησίαν</span> <span class='ocrx_word' id='word_1_617' title='bbox 2583 4271 2904 4342; x_wconf 72' lang='grc' dir='ltr'>κοσμεῖσθαι</span> <span class='ocrx_word' id='word_1_618' title='bbox 2948 4267 3198 4342; x_wconf 78' lang='grc' dir='ltr'>θέλομεν,</span> <span class='ocrx_word' id='word_1_619' title='bbox 3246 4269 3334 4324; x_wconf 80' lang='grc' dir='ltr'><strong>καὶ</strong></span> <span class='ocrx_word' id='word_1_620' title='bbox 3384 4267 3481 4324; x_wconf 84' lang='grc' dir='ltr'>’ίνα</span> <span class='ocrx_word' id='word_1_621' title='bbox 3526 4269 3666 4325; x_wconf 84' lang='grc' dir='ltr'><strong>κατὰ</strong></span> <span class='ocrx_word' id='word_1_622' title='bbox 3726 4269 3876 4326; x_wconf 74' lang='grc' dir='ltr'>πλά-</span> 
     </span>
    </p>
   </div>
   <div class='ocr_carea' id='block_1_91' title="bbox 491 4355 2091 4438">
    <p class='ocr_par' dir='ltr' id='par_1_91' title="bbox 491 4355 2091 4433">
     <span class='ocr_line' id='line_1_91' title="bbox 491 4355 2091 4433; baseline 0 -17"><span class='ocrx_word' id='word_1_623' title='bbox 491 4356 594 4428; x_wconf 90' lang='lat' dir='ltr'><strong>lia,</strong></span> <span class='ocrx_word' id='word_1_624' title='bbox 629 4374 698 4417; x_wconf 81' lang='lat' dir='ltr'><strong>ex</strong></span> <span class='ocrx_word' id='word_1_625' title='bbox 716 4355 913 4418; x_wconf 88' lang='lat' dir='ltr'><strong>linteis</strong></span> <span class='ocrx_word' id='word_1_626' title='bbox 933 4355 1186 4418; x_wconf 89' lang='lat' dir='ltr'><strong>candida</strong></span> <span class='ocrx_word' id='word_1_627' title='bbox 1205 4364 1413 4433; x_wconf 83' lang='lat' dir='ltr'><strong>gestat,</strong></span> <span class='ocrx_word' id='word_1_628' title='bbox 1444 4356 1544 4433; x_wconf 90' lang='lat' dir='ltr'><strong>[ita</strong></span> <span class='ocrx_word' id='word_1_629' title='bbox 1567 4355 1744 4418; x_wconf 91' lang='lat' dir='ltr'><strong>etiam</strong></span> <span class='ocrx_word' id='word_1_630' title='bbox 1770 4355 1878 4416; x_wconf 88' lang='lat' dir='ltr'>illi:</span> <span class='ocrx_word' id='word_1_631' title='bbox 1909 4358 1990 4433; x_wconf 82' lang='lat' dir='ltr'><strong>ut]</strong></span> <span class='ocrx_word' id='word_1_632' title='bbox 2020 4374 2091 4416; x_wconf 92' lang='lat' dir='ltr'><strong>eo</strong></span> 
     </span>
    </p>
   </div>
   <div class='ocr_carea' id='block_1_92' title="bbox 2274 4355 3874 4438">
    <p class='ocr_par' dir='ltr' id='par_1_92' title="bbox 2278 4357 3874 4438">
     <span class='ocr_line' id='line_1_92' title="bbox 2278 4357 3874 4438; baseline 0.001 -24"><span class='ocrx_word' id='word_1_633' title='bbox 2278 4380 2300 4422; x_wconf 88' lang='grc' dir='ltr'><strong>ς</strong></span> <span class='ocrx_word' id='word_1_634' title='bbox 2332 4359 2394 4414; x_wconf 81' lang='grc' dir='ltr'><strong>τὸ</strong></span> <span class='ocrx_word' id='word_1_635' title='bbox 2440 4357 2794 4414; x_wconf 77' lang='grc' dir='ltr'>ἑπισκοπικὸν</span> <span class='ocrx_word' id='word_1_636' title='bbox 2836 4364 2949 4438; x_wconf 69' lang='grc' dir='ltr'><strong>φῶς</strong></span> <span class='ocrx_word' id='word_1_637' title='bbox 3007 4358 3357 4434; x_wconf 69' lang='grc' dir='ltr'>ὑπερλάμπη,</span> <span class='ocrx_word' id='word_1_638' title='bbox 3409 4359 3737 4434; x_wconf 79' lang='grc' dir='ltr'>θεσπίζομεν</span> <span class='ocrx_word' id='word_1_639' title='bbox 3781 4364 3874 4416; x_wconf 78' lang='grc' dir='ltr'><strong>καὶ</strong></span> 
     </span>
    </p>
   </div>
   <div class='ocr_carea' id='block_1_93' title="bbox 491 4443 2091 4548">
    <p class='ocr_par' dir='ltr' id='par_1_93' title="bbox 491 4443 2091 4548">
     <span class='ocr_line' id='line_1_93' title="bbox 491 4443 2091 4548; baseline 0 -43"><span class='ocrx_word' id='word_1_640' title='bbox 491 4444 630 4506; x_wconf 89' lang='lat' dir='ltr'><strong>dem</strong></span> <span class='ocrx_word' id='word_1_641' title='bbox 652 4443 825 4506; x_wconf 89' lang='lat' dir='ltr'><strong>modo</strong></span> <span class='ocrx_word' id='word_1_642' title='bbox 851 4444 1267 4548; x_wconf 36' lang='lat' dir='ltr'><strong>caelestiaque</strong></span> <span class='ocrx_word' id='word_1_643' title='bbox 1286 4444 1612 4548; x_wconf 72' lang='lat' dir='ltr'><strong>terrestria,</strong></span> <span class='ocrx_word' id='word_1_644' title='bbox 1649 4444 1725 4506; x_wconf 91' lang='lat' dir='ltr'><strong>ad</strong></span> <span class='ocrx_word' id='word_1_645' title='bbox 1747 4444 1984 4548; x_wconf 66' lang='lat' dir='ltr'><strong>laudem</strong></span> <span class='ocrx_word' id='word_1_646' title='bbox 2023 4445 2091 4506; x_wconf 67' lang='lat' dir='ltr'><strong>De</strong></span> 
     </span>
    </p>
   </div>
   <div class='ocr_carea' id='block_1_94' title="bbox 2277 4443 3877 4548">
    <p class='ocr_par' dir='ltr' id='par_1_94' title="bbox 2279 4445 3877 4526">
     <span class='ocr_line' id='line_1_94' title="bbox 2279 4445 3877 4526; baseline 0.001 -23"><span class='ocrx_word' id='word_1_647' title='bbox 2279 4455 2391 4521; x_wconf 76' lang='grc' dir='ltr'>ὑτο,</span> <span class='ocrx_word' id='word_1_648' title='bbox 2424 4448 2516 4504; x_wconf 73' lang='grc' dir='ltr'>ἵνα</span> <span class='ocrx_word' id='word_1_649' title='bbox 2547 4447 2594 4502; x_wconf 76' lang='grc' dir='ltr'>οἱ</span> <span class='ocrx_word' id='word_1_650' title='bbox 2628 4445 2878 4526; x_wconf 84' lang='grc' dir='ltr'>κληρικοὶ</span> <span class='ocrx_word' id='word_1_651' title='bbox 2905 4448 3003 4516; x_wconf 82' lang='grc' dir='ltr'><strong>τῆς</strong></span> <span class='ocrx_word' id='word_1_652' title='bbox 3040 4448 3194 4524; x_wconf 87' lang='grc' dir='ltr'>ἁγίας</span> <span class='ocrx_word' id='word_1_653' title='bbox 3229 4445 3509 4519; x_wconf 87' lang='grc' dir='ltr'>Ῥωμαίων</span> <span class='ocrx_word' id='word_1_654' title='bbox 3541 4446 3877 4516; x_wconf 83' lang='grc' dir='ltr'>Ἐκκλησίας</span> 
     </span>
    </p>
   </div>
   <div class='ocr_carea' id='block_1_95' title="bbox 493 4533 2093 4616">
    <p class='ocr_par' dir='ltr' id='par_1_95' title="bbox 493 4533 2093 4615">
     <span class='ocr_line' id='line_1_95' title="bbox 493 4533 2093 4615; baseline -0.001 -19"><span class='ocrx_word' id='word_1_655' title='bbox 493 4535 848 4615; x_wconf 90' lang='lat' dir='ltr'><strong>[spectent.]</strong></span> <span class='ocrx_word' id='word_1_656' title='bbox 869 4533 1060 4614; x_wconf 91' lang='lat' dir='ltr'><strong>Supra</strong></span> <span class='ocrx_word' id='word_1_657' title='bbox 1108 4533 1310 4596; x_wconf 92' lang='lat' dir='ltr'><strong>omnia</strong></span> <span class='ocrx_word' id='word_1_658' title='bbox 1355 4533 1417 4595; x_wconf 91' lang='lat' dir='ltr'><strong>in</strong></span> <span class='ocrx_word' id='word_1_659' title='bbox 1468 4534 1758 4596; x_wconf 89' lang='lat' dir='ltr'><strong>honorem</strong></span> <span class='ocrx_word' id='word_1_660' title='bbox 1789 4542 1850 4596; x_wconf 93' lang='lat' dir='ltr'><strong>et</strong></span> <span class='ocrx_word' id='word_1_661' title='bbox 1878 4533 2093 4614; x_wconf 75' lang='lat' dir='ltr'><strong>gloriar</strong></span> 
     </span>
    </p>
   </div>
   <div class='ocr_carea' id='block_1_96' title="bbox 2275 4533 3875 4616">
    <p class='ocr_par' dir='ltr' id='par_1_96' title="bbox 2275 4533 3875 4616">
     <span class='ocr_line' id='line_1_96' title="bbox 2275 4533 3875 4616; baseline 0.001 -24"><span class='ocrx_word' id='word_1_662' title='bbox 2275 4533 2638 4594; x_wconf 76' lang='grc' dir='ltr'>ιόαλικεύωσιν</span> <span class='ocrx_word' id='word_1_663' title='bbox 2669 4535 2838 4616; x_wconf 70' lang='grc' dir='ltr'>ἄλογα</span> <span class='ocrx_word' id='word_1_664' title='bbox 2869 4536 3254 4612; x_wconf 77' lang='grc' dir='ltr'>κεκοσμημένα</span> <span class='ocrx_word' id='word_1_665' title='bbox 3309 4533 3396 4593; x_wconf 79' lang='grc' dir='ltr'><strong>διὰ</strong></span> <span class='ocrx_word' id='word_1_666' title='bbox 3460 4537 3683 4594; x_wconf 81' lang='grc' dir='ltr'>ὀθονίων</span> <span class='ocrx_word' id='word_1_667' title='bbox 3744 4537 3875 4593; x_wconf 81' lang='grc' dir='ltr'>λεο-</span> 
     </span>
    </p>
   </div>
   <div class='ocr_carea' id='block_1_97' title="bbox 487 4623 2087 4706">
    <p class='ocr_par' dir='ltr' id='par_1_97' title="bbox 487 4623 2082 4705">
     <span class='ocr_line' id='line_1_97' title="bbox 487 4623 2082 4705; baseline -0.002 -18"><span class='ocrx_word' id='word_1_668' title='bbox 487 4625 686 4705; x_wconf 90' lang='lat' dir='ltr'><strong>ipsius</strong></span> <span class='ocrx_word' id='word_1_669' title='bbox 714 4624 953 4686; x_wconf 91' lang='lat' dir='ltr'><strong>Domini</strong></span> <span class='ocrx_word' id='word_1_670' title='bbox 986 4633 1045 4687; x_wconf 90' lang='lat' dir='ltr'><strong>et</strong></span> <span class='ocrx_word' id='word_1_671' title='bbox 1098 4625 1434 4687; x_wconf 87' lang='lat' dir='ltr'><strong>Servatoris</strong></span> <span class='ocrx_word' id='word_1_672' title='bbox 1491 4625 1678 4685; x_wconf 85' lang='lat' dir='ltr'><strong>nostri</strong></span> <span class='ocrx_word' id='word_1_673' title='bbox 1711 4625 1853 4687; x_wconf 68' lang='lat' dir='ltr'><strong>Iesu</strong></span> <span class='ocrx_word' id='word_1_674' title='bbox 1887 4623 2082 4686; x_wconf 87' lang='lat' dir='ltr'><strong>Christ</strong></span> 
     </span>
    </p>
   </div>
   <div class='ocr_carea' id='block_1_98' title="bbox 2270 4623 3870 4706">
    <p class='ocr_par' dir='ltr' id='par_1_98' title="bbox 2270 4625 3870 4706">
     <span class='ocr_line' id='line_1_98' title="bbox 2270 4625 3870 4706; baseline 0.001 -24"><span class='ocrx_word' id='word_1_675' title='bbox 2270 4632 2346 4688; x_wconf 76' lang='lat' dir='ltr'><strong>iw.</strong></span> <span class='ocrx_word' id='word_1_676' title='bbox 2410 4627 2509 4683; x_wconf 83' lang='grc' dir='ltr'>Καὶ</span> <span class='ocrx_word' id='word_1_677' title='bbox 2553 4625 2627 4690; x_wconf 85' lang='grc' dir='ltr'><strong>ὡς</strong></span> <span class='ocrx_word' id='word_1_678' title='bbox 2685 4628 2719 4693; x_wconf 71' lang='grc' dir='ltr'><strong>ἡ</strong></span> <span class='ocrx_word' id='word_1_679' title='bbox 2764 4625 3004 4705; x_wconf 80' lang='grc' dir='ltr'>ἡμετέρα</span> <span class='ocrx_word' id='word_1_680' title='bbox 3055 4625 3358 4704; x_wconf 89' lang='grc' dir='ltr'>σύγκλητος</span> <span class='ocrx_word' id='word_1_681' title='bbox 3391 4641 3548 4706; x_wconf 75' lang='grc' dir='ltr'>φορεῖ</span> <span class='ocrx_word' id='word_1_682' title='bbox 3577 4625 3870 4701; x_wconf 73' lang='grc' dir='ltr'>ὑποδήμα-</span> 
     </span>
    </p>
   </div>
   <div class='ocr_carea' id='block_1_99' title="bbox 488 4711 2088 4796">
    <p class='ocr_par' dir='ltr' id='par_1_99' title="bbox 488 4711 2088 4796">
     <span class='ocr_line' id='line_1_99' title="bbox 488 4711 2088 4796; baseline -0.001 -21"><span class='ocrx_word' id='word_1_683' title='bbox 488 4714 599 4796; x_wconf 91' lang='lat' dir='ltr'><strong>ipsi</strong></span> <span class='ocrx_word' id='word_1_684' title='bbox 623 4733 686 4775; x_wconf 89' lang='lat' dir='ltr'><strong>sa</strong></span> <span class='ocrx_word' id='word_1_685' title='bbox 744 4713 1014 4776; x_wconf 87' lang='lat' dir='ltr'><strong>ctissime</strong></span> <span class='ocrx_word' id='word_1_686' title='bbox 1072 4711 1230 4775; x_wconf 88' lang='lat' dir='ltr'><strong>Patri</strong></span> <span class='ocrx_word' id='word_1_687' title='bbox 1285 4722 1487 4775; x_wconf 87' lang='lat' dir='ltr'><strong>nostro</strong></span> <span class='ocrx_word' id='word_1_688' title='bbox 1519 4713 1820 4794; x_wconf 85' lang='lat' dir='ltr'><strong>Sylvestro</strong></span> <span class='ocrx_word' id='word_1_689' title='bbox 1850 4713 2088 4795; x_wconf 90' lang='lat' dir='ltr'><strong>episcop</strong></span> 
     </span>
    </p>
   </div>
   <div class='ocr_carea' id='block_1_100' title="bbox 2275 4711 3875 4796">
    <p class='ocr_par' dir='ltr' id='par_1_100' title="bbox 2275 4713 3875 4796">
     <span class='ocr_line' id='line_1_100' title="bbox 2275 4713 3875 4796; baseline 0.003 -27"><span class='ocrx_word' id='word_1_690' title='bbox 2275 4738 2302 4793; x_wconf 77' lang='grc' dir='ltr'><strong>ι,</strong></span> <span class='ocrx_word' id='word_1_691' title='bbox 2336 4713 2456 4782; x_wconf 73' lang='grc' dir='ltr'>ἦτοι</span> <span class='ocrx_word' id='word_1_692' title='bbox 2509 4713 2767 4771; x_wconf 87' lang='grc' dir='ltr'>σανδάλια</span> <span class='ocrx_word' id='word_1_693' title='bbox 2825 4713 2990 4772; x_wconf 85' lang='grc' dir='ltr'>λευκὰ</span> <span class='ocrx_word' id='word_1_694' title='bbox 3043 4713 3129 4771; x_wconf 80' lang='grc' dir='ltr'><strong>διὰ</strong></span> <span class='ocrx_word' id='word_1_695' title='bbox 3172 4716 3412 4796; x_wconf 82' lang='grc' dir='ltr'>ὀθονίων,</span> <span class='ocrx_word' id='word_1_696' title='bbox 3470 4715 3609 4772; x_wconf 74' lang='grc' dir='ltr'>οὕτω</span> <span class='ocrx_word' id='word_1_697' title='bbox 3669 4718 3759 4772; x_wconf 79' lang='grc' dir='ltr'><strong>καὶ</strong></span> <span class='ocrx_word' id='word_1_698' title='bbox 3810 4719 3875 4773; x_wconf 72' lang='grc' dir='ltr'><strong>τὰ</strong></span> 
     </span>
    </p>
   </div>
   <div class='ocr_carea' id='block_1_101' title="bbox 487 4801 2087 4885">
    <p class='ocr_par' dir='ltr' id='par_1_101' title="bbox 487 4801 2087 4885">
     <span class='ocr_line' id='line_1_101' title="bbox 487 4801 2087 4885; baseline -0.003 -18"><span class='ocrx_word' id='word_1_699' title='bbox 487 4812 547 4867; x_wconf 88' lang='lat' dir='ltr'><strong>et</strong></span> <span class='ocrx_word' id='word_1_700' title='bbox 578 4821 747 4885; x_wconf 67' lang='lat' dir='ltr'><strong>papa)</strong></span> <span class='ocrx_word' id='word_1_701' title='bbox 775 4802 944 4864; x_wconf 89' lang='lat' dir='ltr'><strong>urbis</strong></span> <span class='ocrx_word' id='word_1_702' title='bbox 972 4801 1197 4877; x_wconf 63' lang='lat' dir='ltr'><strong>Romae,</strong></span> <span class='ocrx_word' id='word_1_703' title='bbox 1233 4802 1635 4883; x_wconf 91' lang='lat' dir='ltr'><strong>omnibusque</strong></span> <span class='ocrx_word' id='word_1_704' title='bbox 1675 4801 2087 4864; x_wconf 80' lang='lat' dir='ltr'><strong>successoribu</strong></span> 
     </span>
    </p>
   </div>
   <div class='ocr_carea' id='block_1_102' title="bbox 2270 4801 3870 4885">
    <p class='ocr_par' dir='ltr' id='par_1_102' title="bbox 2270 4805 3870 4883">
     <span class='ocr_line' id='line_1_102' title="bbox 2270 4805 3870 4883; baseline 0.003 -23"><span class='ocrx_word' id='word_1_705' title='bbox 2270 4805 2462 4883; x_wconf 70' lang='grc' dir='ltr'>ιράνια,</span> <span class='ocrx_word' id='word_1_706' title='bbox 2522 4806 2596 4870; x_wconf 83' lang='grc' dir='ltr'><strong>ὡς</strong></span> <span class='ocrx_word' id='word_1_707' title='bbox 2651 4805 2743 4860; x_wconf 81' lang='grc' dir='ltr'>καὶ</span> <span class='ocrx_word' id='word_1_708' title='bbox 2797 4805 2869 4860; x_wconf 82' lang='grc' dir='ltr'>τὰ</span> <span class='ocrx_word' id='word_1_709' title='bbox 2926 4805 3096 4882; x_wconf 77' lang='grc' dir='ltr'>γήϊνα</span> <span class='ocrx_word' id='word_1_710' title='bbox 3138 4807 3270 4883; x_wconf 80' lang='grc' dir='ltr'>πρὸς</span> <span class='ocrx_word' id='word_1_711' title='bbox 3319 4805 3526 4862; x_wconf 78' lang='grc' dir='ltr'>αἴνεσιν</span> <span class='ocrx_word' id='word_1_712' title='bbox 3583 4808 3680 4862; x_wconf 77' lang='grc' dir='ltr'>τοῦ</span> <span class='ocrx_word' id='word_1_713' title='bbox 3712 4814 3870 4869; x_wconf 85' lang='grc' dir='ltr'>Θεου.</span> 
     </span>
    </p>
   </div>
   <div class='ocr_carea' id='block_1_103' title="bbox 488 4890 2088 4975">
    <p class='ocr_par' dir='ltr' id='par_1_103' title="bbox 488 4892 2088 4974">
     <span class='ocr_line' id='line_1_103' title="bbox 488 4892 2088 4974; baseline -0.002 -18"><span class='ocrx_word' id='word_1_714' title='bbox 488 4896 618 4974; x_wconf 87' lang='lat' dir='ltr'><strong>ejus</strong></span> <span class='ocrx_word' id='word_1_715' title='bbox 649 4893 836 4957; x_wconf 85' lang='lat' dir='ltr'><strong>beatis</strong></span> <span class='ocrx_word' id='word_1_716' title='bbox 861 4893 1186 4974; x_wconf 87' lang='lat' dir='ltr'><strong>episcopis,</strong></span> <span class='ocrx_word' id='word_1_717' title='bbox 1213 4892 1274 4954; x_wconf 89' lang='lat' dir='ltr'><strong>in</strong></span> <span class='ocrx_word' id='word_1_718' title='bbox 1301 4893 1510 4955; x_wconf 86' lang='lat' dir='ltr'><strong>eadem</strong></span> <span class='ocrx_word' id='word_1_719' title='bbox 1535 4910 1746 4971; x_wconf 81' lang='lat' dir='ltr'><strong>magna</strong></span> <span class='ocrx_word' id='word_1_720' title='bbox 1773 4899 1954 4973; x_wconf 89' lang='lat' dir='ltr'><strong>atque</strong></span> <span class='ocrx_word' id='word_1_721' title='bbox 1983 4911 2088 4971; x_wconf 88' lang='lat' dir='ltr'><strong>apo</strong></span> 
     </span>
    </p>
   </div>
   <div class='ocr_carea' id='block_1_104' title="bbox 2270 4890 3870 4975">
    <p class='ocr_par' dir='ltr' id='par_1_104' title="bbox 2270 4890 3870 4975">
     <span class='ocr_line' id='line_1_104' title="bbox 2270 4890 3870 4975; baseline 0.001 -24"><span class='ocrx_word' id='word_1_722' title='bbox 2270 4893 2504 4951; x_wconf 75' lang='grc' dir='ltr'>ἰπιὶκεινα</span> <span class='ocrx_word' id='word_1_723' title='bbox 2545 4892 2602 4949; x_wconf 79' lang='grc' dir='ltr'>δὲ</span> <span class='ocrx_word' id='word_1_724' title='bbox 2634 4894 2850 4950; x_wconf 85' lang='grc' dir='ltr'>πάντων</span> <span class='ocrx_word' id='word_1_725' title='bbox 2881 4890 3130 4968; x_wconf 85' lang='grc' dir='ltr'>διδόαμεν</span> <span class='ocrx_word' id='word_1_726' title='bbox 3187 4891 3391 4970; x_wconf 76' lang='grc' dir='ltr'>ἄδειαν,</span> <span class='ocrx_word' id='word_1_727' title='bbox 3453 4896 3539 4950; x_wconf 88' lang='grc' dir='ltr'>καὶ</span> <span class='ocrx_word' id='word_1_728' title='bbox 3593 4917 3870 4975; x_wconf 79' lang='grc' dir='ltr'>παραχω-</span> 
     </span>
    </p>
   </div>
   <div class='ocr_carea' id='block_1_105' title="bbox 488 4981 2088 5063">
    <p class='ocr_par' dir='ltr' id='par_1_105' title="bbox 488 4981 2088 5063">
     <span class='ocr_line' id='line_1_105' title="bbox 488 4981 2088 5063; baseline -0.003 -17"><span class='ocrx_word' id='word_1_729' title='bbox 488 4983 702 5047; x_wconf 82' lang='lat' dir='ltr'><strong>stolica</strong></span> <span class='ocrx_word' id='word_1_730' title='bbox 757 4983 1029 5048; x_wconf 89' lang='lat' dir='ltr'><strong>Ecclesia</strong></span> <span class='ocrx_word' id='word_1_731' title='bbox 1086 4990 1440 5063; x_wconf 84' lang='lat' dir='ltr'><strong>potestatem</strong></span> <span class='ocrx_word' id='word_1_732' title='bbox 1501 4981 1714 5044; x_wconf 90' lang='lat' dir='ltr'><strong>damus</strong></span> <span class='ocrx_word' id='word_1_733' title='bbox 1743 4999 1811 5043; x_wconf 89' lang='lat' dir='ltr'><strong>ac</strong></span> <span class='ocrx_word' id='word_1_734' title='bbox 1843 4981 2088 5044; x_wconf 88' lang='lat' dir='ltr'><strong>concedi</strong></span> 
     </span>
    </p>
   </div>
   <div class='ocr_carea' id='block_1_106' title="bbox 2271 4981 3871 5063">
    <p class='ocr_par' dir='ltr' id='par_1_106' title="bbox 2271 4983 3871 5061">
     <span class='ocr_line' id='line_1_106' title="bbox 2271 4983 3871 5061; baseline 0.003 -23"><span class='ocrx_word' id='word_1_735' title='bbox 2271 4983 2408 5056; x_wconf 76' lang='grc' dir='ltr'>ιῦμεν</span> <span class='ocrx_word' id='word_1_736' title='bbox 2463 4983 2606 5058; x_wconf 81' lang='grc' dir='ltr'>αύτῷ</span> <span class='ocrx_word' id='word_1_737' title='bbox 2662 4990 2738 5058; x_wconf 80' lang='grc' dir='ltr'>τῷ</span> <span class='ocrx_word' id='word_1_738' title='bbox 2778 4983 3064 5061; x_wconf 83' lang='grc' dir='ltr'>ἁγιωτάτῳ</span> <span class='ocrx_word' id='word_1_739' title='bbox 3096 4983 3262 5059; x_wconf 82' lang='grc' dir='ltr'>Πατρὶ</span> <span class='ocrx_word' id='word_1_740' title='bbox 3319 4984 3474 5058; x_wconf 69' lang='grc' dir='ltr'>ἡμῶν</span> <span class='ocrx_word' id='word_1_741' title='bbox 3533 4987 3613 5058; x_wconf 84' lang='grc' dir='ltr'>τῷ</span> <span class='ocrx_word' id='word_1_742' title='bbox 3673 4984 3871 5042; x_wconf 79' lang='grc' dir='ltr'>Σιλϐἐ-</span> 
     </span>
    </p>
   </div>
   <div class='ocr_carea' id='block_1_107' title="bbox 490 5069 2090 5153">
    <p class='ocr_par' dir='ltr' id='par_1_107' title="bbox 490 5069 2090 5153">
     <span class='ocr_line' id='line_1_107' title="bbox 490 5069 2090 5153; baseline -0.001 -19"><span class='ocrx_word' id='word_1_743' title='bbox 490 5091 649 5152; x_wconf 87' lang='lat' dir='ltr'><strong>mus,</strong></span> <span class='ocrx_word' id='word_1_744' title='bbox 683 5080 746 5134; x_wconf 92' lang='lat' dir='ltr'><strong>ut</strong></span> <span class='ocrx_word' id='word_1_745' title='bbox 787 5073 836 5133; x_wconf 91' lang='lat' dir='ltr'><strong>si</strong></span> <span class='ocrx_word' id='word_1_746' title='bbox 855 5075 990 5153; x_wconf 86' lang='lat' dir='ltr'><strong>quis</strong></span> <span class='ocrx_word' id='word_1_747' title='bbox 1013 5090 1084 5134; x_wconf 85' lang='lat' dir='ltr'><strong>ex</strong></span> <span class='ocrx_word' id='word_1_748' title='bbox 1109 5079 1316 5134; x_wconf 84' lang='lat' dir='ltr'><strong>senatu</strong></span> <span class='ocrx_word' id='word_1_749' title='bbox 1345 5078 1556 5152; x_wconf 88' lang='lat' dir='ltr'><strong>suapte</strong></span> <span class='ocrx_word' id='word_1_750' title='bbox 1576 5080 1792 5152; x_wconf 87' lang='lat' dir='ltr'><strong>sponte</strong></span> <span class='ocrx_word' id='word_1_751' title='bbox 1817 5089 1884 5131; x_wconf 89' lang='lat' dir='ltr'><strong>ac</strong></span> <span class='ocrx_word' id='word_1_752' title='bbox 1909 5069 2090 5132; x_wconf 89' lang='lat' dir='ltr'><strong>libent</strong></span> 
     </span>
    </p>
   </div>
   <div class='ocr_carea' id='block_1_108' title="bbox 2271 5069 3871 5153">
    <p class='ocr_par' dir='ltr' id='par_1_108' title="bbox 2271 5071 3871 5151">
     <span class='ocr_line' id='line_1_108' title="bbox 2271 5071 3871 5151; baseline 0.002 -22"><span class='ocrx_word' id='word_1_753' title='bbox 2271 5095 2357 5151; x_wconf 75' lang='grc' dir='ltr'><strong>ςρῳ</strong></span> <span class='ocrx_word' id='word_1_754' title='bbox 2413 5071 2694 5146; x_wconf 73' lang='grc' dir='ltr'>ἐπισκόπῳ</span> <span class='ocrx_word' id='word_1_755' title='bbox 2755 5074 2843 5129; x_wconf 86' lang='grc' dir='ltr'><strong>καὶ</strong></span> <span class='ocrx_word' id='word_1_756' title='bbox 2887 5073 3040 5145; x_wconf 67' lang='grc' dir='ltr'>πὲπᾳ</span> <span class='ocrx_word' id='word_1_757' title='bbox 3081 5077 3180 5139; x_wconf 86' lang='grc' dir='ltr'><strong>τῆς</strong></span> <span class='ocrx_word' id='word_1_758' title='bbox 3229 5071 3440 5138; x_wconf 82' lang='grc' dir='ltr'>πόλεως</span> <span class='ocrx_word' id='word_1_759' title='bbox 3487 5071 3734 5148; x_wconf 82' lang='grc' dir='ltr'>Ῥώμης,</span> <span class='ocrx_word' id='word_1_760' title='bbox 3783 5078 3871 5132; x_wconf 76' lang='grc' dir='ltr'><strong>καὶ</strong></span> 
     </span>
    </p>
   </div>
   <div class='ocr_carea' id='block_1_109' title="bbox 488 5159 2088 5242">
    <p class='ocr_par' dir='ltr' id='par_1_109' title="bbox 488 5159 2088 5242">
     <span class='ocr_line' id='line_1_109' title="bbox 488 5159 2088 5242; baseline 0 -20"><span class='ocrx_word' id='word_1_761' title='bbox 488 5161 794 5223; x_wconf 74' lang='lat' dir='ltr'><strong>voluntate</strong></span> <span class='ocrx_word' id='word_1_762' title='bbox 816 5161 1072 5224; x_wconf 91' lang='lat' dir='ltr'><strong>clericus</strong></span> <span class='ocrx_word' id='word_1_763' title='bbox 1090 5161 1628 5242; x_wconf 80' lang='lat' dir='ltr'><strong>ﬁeri,numeroque</strong></span> <span class='ocrx_word' id='word_1_764' title='bbox 1645 5169 1989 5223; x_wconf 88' lang='lat' dir='ltr'><strong>sanctorum</strong></span> <span class='ocrx_word' id='word_1_765' title='bbox 2015 5159 2088 5222; x_wconf 67' lang='lat' dir='ltr'><strong>cli</strong></span> 
     </span>
    </p>
   </div>
   <div class='ocr_carea' id='block_1_110' title="bbox 2274 5159 3874 5242">
    <p class='ocr_par' dir='ltr' id='par_1_110' title="bbox 2274 5160 3874 5242">
     <span class='ocr_line' id='line_1_110' title="bbox 2274 5160 3874 5242; baseline 0.001 -24"><span class='ocrx_word' id='word_1_766' title='bbox 2274 5169 2344 5218; x_wconf 88' lang='grc' dir='ltr'><strong>ἱσι</strong></span> <span class='ocrx_word' id='word_1_767' title='bbox 2399 5175 2521 5227; x_wconf 80' lang='grc' dir='ltr'>τοῖς</span> <span class='ocrx_word' id='word_1_768' title='bbox 2578 5161 2856 5242; x_wconf 85' lang='grc' dir='ltr'>διαδόχοις</span> <span class='ocrx_word' id='word_1_769' title='bbox 2932 5161 3250 5227; x_wconf 80' lang='grc' dir='ltr'>ἐπισκόποις</span> <span class='ocrx_word' id='word_1_770' title='bbox 3329 5160 3626 5240; x_wconf 76' lang='grc' dir='ltr'>ὀρθοδόξοις</span> <span class='ocrx_word' id='word_1_771' title='bbox 3686 5186 3874 5236; x_wconf 82' lang='grc' dir='ltr'>μακα-</span> 
     </span>
    </p>
   </div>
   <div class='ocr_carea' id='block_1_111' title="bbox 487 5249 2087 5332">
    <p class='ocr_par' dir='ltr' id='par_1_111' title="bbox 487 5249 2087 5329">
     <span class='ocr_line' id='line_1_111' title="bbox 487 5249 2087 5329; baseline 0 -17"><span class='ocrx_word' id='word_1_772' title='bbox 487 5250 753 5312; x_wconf 91' lang='lat' dir='ltr'><strong>ricorum</strong></span> <span class='ocrx_word' id='word_1_773' title='bbox 783 5250 1088 5312; x_wconf 90' lang='lat' dir='ltr'><strong>numerari</strong></span> <span class='ocrx_word' id='word_1_774' title='bbox 1116 5250 1275 5326; x_wconf 86' lang='lat' dir='ltr'><strong>velit,</strong></span> <span class='ocrx_word' id='word_1_775' title='bbox 1304 5251 1502 5312; x_wconf 88' lang='lat' dir='ltr'><strong>nullus</strong></span> <span class='ocrx_word' id='word_1_776' title='bbox 1525 5251 1791 5312; x_wconf 92' lang='lat' dir='ltr'><strong>omnium</strong></span> <span class='ocrx_word' id='word_1_777' title='bbox 1827 5249 1912 5311; x_wconf 89' lang='lat' dir='ltr'>illi</span> <span class='ocrx_word' id='word_1_778' title='bbox 1942 5250 2087 5329; x_wconf 76' lang='lat' dir='ltr'><strong>impt</strong></span> 
     </span>
    </p>
   </div>
   <div class='ocr_carea' id='block_1_112' title="bbox 2272 5249 3872 5332">
    <p class='ocr_par' dir='ltr' id='par_1_112' title="bbox 2272 5249 3872 5332">
     <span class='ocr_line' id='line_1_112' title="bbox 2272 5249 3872 5332; baseline 0 -24"><span class='ocrx_word' id='word_1_779' title='bbox 2272 5273 2345 5315; x_wconf 80' lang='grc' dir='ltr'><strong>οις</strong></span> <span class='ocrx_word' id='word_1_780' title='bbox 2375 5253 2448 5317; x_wconf 80' lang='grc' dir='ltr'><strong>εἰς</strong></span> <span class='ocrx_word' id='word_1_781' title='bbox 2488 5252 2654 5327; x_wconf 77' lang='grc' dir='ltr'>τιμὴν</span> <span class='ocrx_word' id='word_1_782' title='bbox 2697 5254 2786 5308; x_wconf 86' lang='grc' dir='ltr'><strong>καὶ</strong></span> <span class='ocrx_word' id='word_1_783' title='bbox 2830 5249 2984 5317; x_wconf 80' lang='grc' dir='ltr'>δόξαν</span> <span class='ocrx_word' id='word_1_784' title='bbox 3027 5253 3122 5308; x_wconf 82' lang='grc' dir='ltr'>τοῦ</span> <span class='ocrx_word' id='word_1_785' title='bbox 3179 5251 3392 5330; x_wconf 88' lang='grc' dir='ltr'>Κυρίου,</span> <span class='ocrx_word' id='word_1_786' title='bbox 3452 5253 3547 5309; x_wconf 85' lang='grc' dir='ltr'><strong>καί</strong></span> <span class='ocrx_word' id='word_1_787' title='bbox 3614 5259 3872 5332; x_wconf 78' lang='grc' dir='ltr'>Σωτῆρος</span> 
     </span>
    </p>
   </div>
   <div class='ocr_carea' id='block_1_113' title="bbox 490 5337 2090 5420">
    <p class='ocr_par' dir='ltr' id='par_1_113' title="bbox 490 5337 2090 5403">
     <span class='ocr_line' id='line_1_113' title="bbox 490 5337 2090 5403; baseline 0.001 -3"><span class='ocrx_word' id='word_1_788' title='bbox 490 5337 758 5400; x_wconf 91' lang='lat' dir='ltr'><strong>dimento</strong></span> <span class='ocrx_word' id='word_1_789' title='bbox 803 5356 937 5400; x_wconf 92' lang='lat' dir='ltr'><strong>esse</strong></span> <span class='ocrx_word' id='word_1_790' title='bbox 984 5337 1224 5403; x_wconf 89' lang='lat' dir='ltr'><strong>audeat.</strong></span> <span class='ocrx_word' id='word_1_791' title='bbox 1287 5338 1659 5402; x_wconf 85' lang='lat' dir='ltr'><strong>Sancivimus</strong></span> <span class='ocrx_word' id='word_1_792' title='bbox 1707 5338 1780 5402; x_wconf 87' lang='lat' dir='ltr'><strong>ad</strong></span> <span class='ocrx_word' id='word_1_793' title='bbox 1826 5340 1951 5401; x_wconf 67' lang='lat' dir='ltr'><strong>ilth</strong></span> <span class='ocrx_word' id='word_1_794' title='bbox 1985 5348 2090 5401; x_wconf 63' lang='lat' dir='ltr'><strong>uti</strong></span> 
     </span>
    </p>
   </div>
   <div class='ocr_carea' id='block_1_114' title="bbox 2275 5337 3875 5420">
    <p class='ocr_par' dir='ltr' id='par_1_114' title="bbox 2275 5339 3875 5420">
     <span class='ocr_line' id='line_1_114' title="bbox 2275 5339 3875 5420; baseline 0.001 -23"><span class='ocrx_word' id='word_1_795' title='bbox 2275 5347 2373 5397; x_wconf 83' lang='grc' dir='ltr'><strong>ιῶν</strong></span> <span class='ocrx_word' id='word_1_796' title='bbox 2444 5339 2624 5408; x_wconf 76' lang='grc' dir='ltr'>Ἰησοῦ</span> <span class='ocrx_word' id='word_1_797' title='bbox 2676 5341 2904 5419; x_wconf 75' lang='grc' dir='ltr'>Χριστοῦ</span> <span class='ocrx_word' id='word_1_798' title='bbox 2966 5341 3040 5402; x_wconf 73' lang='grc' dir='ltr'>εἷς</span> <span class='ocrx_word' id='word_1_799' title='bbox 3095 5341 3193 5408; x_wconf 77' lang='grc' dir='ltr'>τὴν</span> <span class='ocrx_word' id='word_1_800' title='bbox 3255 5340 3425 5408; x_wconf 80' lang='grc' dir='ltr'>αὐτὴν</span> <span class='ocrx_word' id='word_1_801' title='bbox 3480 5339 3736 5420; x_wconf 74' lang='grc' dir='ltr'>μεγάλην</span> <span class='ocrx_word' id='word_1_802' title='bbox 3787 5345 3875 5399; x_wconf 70' lang='grc' dir='ltr'><strong>καὶ</strong></span> 
     </span>
    </p>
   </div>
   <div class='ocr_carea' id='block_1_115' title="bbox 490 5426 2090 5510">
    <p class='ocr_par' dir='ltr' id='par_1_115' title="bbox 490 5426 2090 5510">
     <span class='ocr_line' id='line_1_115' title="bbox 490 5426 2090 5510; baseline 0.001 -21"><span class='ocrx_word' id='word_1_803' title='bbox 490 5426 624 5509; x_wconf 89' lang='lat' dir='ltr'><strong>ipse</strong></span> <span class='ocrx_word' id='word_1_804' title='bbox 662 5426 792 5507; x_wconf 86' lang='lat' dir='ltr'><strong>pius</strong></span> <span class='ocrx_word' id='word_1_805' title='bbox 835 5430 1009 5490; x_wconf 82' lang='lat' dir='ltr'><strong>Pater</strong></span> <span class='ocrx_word' id='word_1_806' title='bbox 1040 5437 1243 5491; x_wconf 90' lang='lat' dir='ltr'><strong>noster</strong></span> <span class='ocrx_word' id='word_1_807' title='bbox 1289 5429 1584 5510; x_wconf 79' lang='lat' dir='ltr'><strong>Sylvester</strong></span> <span class='ocrx_word' id='word_1_808' title='bbox 1615 5448 1864 5508; x_wconf 79' lang='lat' dir='ltr'><strong>magnus</strong></span> <span class='ocrx_word' id='word_1_809' title='bbox 1895 5435 2090 5506; x_wconf 84' lang='lat' dir='ltr'><strong>episco</strong></span> 
     </span>
    </p>
   </div>
   <div class='ocr_carea' id='block_1_116' title="bbox 2275 5426 3875 5510">
    <p class='ocr_par' dir='ltr' id='par_1_116' title="bbox 2275 5427 3875 5509">
     <span class='ocr_line' id='line_1_116' title="bbox 2275 5427 3875 5509; baseline 0.002 -23"><span class='ocrx_word' id='word_1_810' title='bbox 2275 5428 2581 5497; x_wconf 74' lang='grc' dir='ltr'>τοστολικην</span> <span class='ocrx_word' id='word_1_811' title='bbox 2615 5427 2968 5504; x_wconf 84' lang='grc' dir='ltr'>Ἐκκλησίαν,</span> <span class='ocrx_word' id='word_1_812' title='bbox 3001 5429 3095 5485; x_wconf 72' lang='grc' dir='ltr'>’ἕνα</span> <span class='ocrx_word' id='word_1_813' title='bbox 3126 5429 3217 5490; x_wconf 65' lang='grc' dir='ltr'>ἐάν</span> <span class='ocrx_word' id='word_1_814' title='bbox 3276 5453 3356 5494; x_wconf 90' lang='grc' dir='ltr'><strong>τις</strong></span> <span class='ocrx_word' id='word_1_815' title='bbox 3418 5435 3519 5498; x_wconf 87' lang='grc' dir='ltr'><strong>τῆς</strong></span> <span class='ocrx_word' id='word_1_816' title='bbox 3565 5431 3875 5509; x_wconf 74' lang='grc' dir='ltr'>συγκλήτου</span> 
     </span>
    </p>
   </div>
   <div class='ocr_carea' id='block_1_117' title="bbox 491 5517 2091 5600">
    <p class='ocr_par' dir='ltr' id='par_1_117' title="bbox 491 5517 2091 5600">
     <span class='ocr_line' id='line_1_117' title="bbox 491 5517 2091 5600; baseline 0.001 -20"><span class='ocrx_word' id='word_1_817' title='bbox 491 5536 625 5598; x_wconf 89' lang='lat' dir='ltr'><strong>pus,</strong></span> <span class='ocrx_word' id='word_1_818' title='bbox 655 5527 721 5581; x_wconf 92' lang='lat' dir='ltr'><strong>et</strong></span> <span class='ocrx_word' id='word_1_819' title='bbox 741 5535 951 5582; x_wconf 89' lang='lat' dir='ltr'><strong>omnes</strong></span> <span class='ocrx_word' id='word_1_820' title='bbox 968 5517 1234 5600; x_wconf 87' lang='lat' dir='ltr'><strong>episcopi</strong></span> <span class='ocrx_word' id='word_1_821' title='bbox 1254 5535 1640 5583; x_wconf 87' lang='lat' dir='ltr'><strong>successores</strong></span> <span class='ocrx_word' id='word_1_822' title='bbox 1671 5520 2091 5599; x_wconf 77' lang='lat' dir='ltr'><strong>ejus,gestarer</strong></span> 
     </span>
    </p>
   </div>
   <div class='ocr_carea' id='block_1_118' title="bbox 2269 5517 3869 5600">
    <p class='ocr_par' dir='ltr' id='par_1_118' title="bbox 2269 5518 3869 5598">
     <span class='ocr_line' id='line_1_118' title="bbox 2269 5518 3869 5598; baseline 0.002 -20"><span class='ocrx_word' id='word_1_823' title='bbox 2269 5519 2454 5596; x_wconf 71' lang='grc' dir='ltr'>ωληθῇ</span> <span class='ocrx_word' id='word_1_824' title='bbox 2481 5520 2619 5595; x_wconf 86' lang='grc' dir='ltr'><strong>μετὰ</strong></span> <span class='ocrx_word' id='word_1_825' title='bbox 2647 5518 2778 5578; x_wconf 70' lang='grc' dir='ltr'>ἰδίου</span> <span class='ocrx_word' id='word_1_826' title='bbox 2834 5519 3165 5594; x_wconf 71' lang='grc' dir='ltr'>θελήματος,</span> <span class='ocrx_word' id='word_1_827' title='bbox 3224 5522 3312 5578; x_wconf 81' lang='grc' dir='ltr'>καὶ</span> <span class='ocrx_word' id='word_1_828' title='bbox 3373 5520 3662 5598; x_wconf 79' lang='grc' dir='ltr'>εύαρέστου</span> <span class='ocrx_word' id='word_1_829' title='bbox 3710 5526 3869 5598; x_wconf 71' lang='grc' dir='ltr'>γενέ-</span> 
     </span>
    </p>
   </div>
   <div class='ocr_carea' id='block_1_119' title="bbox 491 5605 2091 5694">
    <p class='ocr_par' dir='ltr' id='par_1_119' title="bbox 491 5605 2091 5690">
     <span class='ocr_line' id='line_1_119' title="bbox 491 5605 2091 5690; baseline 0.001 -20"><span class='ocrx_word' id='word_1_830' title='bbox 491 5605 768 5671; x_wconf 82' lang='lat' dir='ltr'><strong>diadema</strong></span> <span class='ocrx_word' id='word_1_831' title='bbox 821 5607 948 5669; x_wconf 83' lang='lat' dir='ltr'><strong>sive</strong></span> <span class='ocrx_word' id='word_1_832' title='bbox 1004 5625 1284 5672; x_wconf 92' lang='lat' dir='ltr'><strong>coronam</strong></span> <span class='ocrx_word' id='word_1_833' title='bbox 1344 5627 1414 5670; x_wconf 84' lang='lat' dir='ltr'><strong>ex</strong></span> <span class='ocrx_word' id='word_1_834' title='bbox 1470 5626 1619 5690; x_wconf 90' lang='lat' dir='ltr'><strong>puro</strong></span> <span class='ocrx_word' id='word_1_835' title='bbox 1673 5607 1866 5688; x_wconf 89' lang='lat' dir='ltr'><strong>[puto]</strong></span> <span class='ocrx_word' id='word_1_836' title='bbox 1899 5626 2091 5672; x_wconf 73' lang='lat' dir='ltr'><strong>aurai</strong></span> 
     </span>
    </p>
   </div>
   <div class='ocr_carea' id='block_1_120' title="bbox 2273 5605 3873 5694">
    <p class='ocr_par' dir='ltr' id='par_1_120' title="bbox 2273 5608 3873 5694">
     <span class='ocr_line' id='line_1_120' title="bbox 2273 5608 3873 5694; baseline 0.005 -32"><span class='ocrx_word' id='word_1_837' title='bbox 2273 5621 2335 5666; x_wconf 71' lang='lat' dir='ltr'><strong>lxi</strong></span> <span class='ocrx_word' id='word_1_838' title='bbox 2379 5608 2660 5690; x_wconf 83' lang='grc' dir='ltr'>κληρικὸς,</span> <span class='ocrx_word' id='word_1_839' title='bbox 2708 5631 2800 5667; x_wconf 85' lang='grc' dir='ltr'><strong>και</strong></span> <span class='ocrx_word' id='word_1_840' title='bbox 2834 5609 2889 5667; x_wconf 80' lang='grc' dir='ltr'>ἐν</span> <span class='ocrx_word' id='word_1_841' title='bbox 2921 5615 2998 5687; x_wconf 81' lang='grc' dir='ltr'><strong>τῷ</strong></span> <span class='ocrx_word' id='word_1_842' title='bbox 3041 5609 3249 5692; x_wconf 81' lang='grc' dir='ltr'>ἀριθμῷ</span> <span class='ocrx_word' id='word_1_843' title='bbox 3291 5614 3398 5668; x_wconf 83' lang='grc' dir='ltr'><strong>τῶν</strong></span> <span class='ocrx_word' id='word_1_844' title='bbox 3450 5611 3620 5690; x_wconf 86' lang='grc' dir='ltr'>ἁγίων</span> <span class='ocrx_word' id='word_1_845' title='bbox 3676 5611 3873 5694; x_wconf 87' lang='grc' dir='ltr'>κληρι-</span> 
     </span>
    </p>
   </div>
  </div>
