4052 6222
296 363 440 433 1081

1289 365 1781 432 NOMOCANON.
1828 398 1906 410 —
1960 363 2117 429 TIT.
2170 363 2330 446 VIII,
2373 362 2536 428 CAP.
2574 349 2637 470 't.

3497 354 3650 427 1082

287 506 396 558 κῶν
427 500 885 578 συναριθμεῖσθαι,
936 499 1012 576 μή
1045 521 1123 566 τις
1154 498 1331 578 τολμᾷ
1385 501 1491 560 ὰπὸ
1548 501 1763 560 πάντων
1820 498 1924 576 ἒμ-

2009 497 2523 562 inaestimabilibus
2557 493 2892 577 margaritis
2925 492 3328 579 [confectam],
3365 511 3542 576 quam
3579 513 3655 558 ex

289 589 520 663 ποδίζειν
579 591 768 665 τούτῳ.
833 589 1223 665 Ἐθεσπίσαμεν
1275 589 1329 649 δὲ
1383 596 1472 650 καὶ
1533 594 1665 671 πρὸς
1723 592 1927 658 τούτοις

285 679 380 738 ’ίνα
402 681 490 738 καὶ
521 683 550 738 b
579 682 735 745 αῦτὸς
767 679 1023 748 θεοσεϐὴς
1054 681 1230 752 πατὴρ
1261 683 1416 755 ἡμῶν
1466 681 1782 762 Σίλϐεστρος
1827 680 1928 756 μέ-

290 793 388 848 γας
427 769 738 844 ἐπίσκοπος,
773 768 868 826 καί
913 771 1107 834 πάντες
1159 773 1208 828 οἱ
1248 769 1510 848 ὃρθόδοξοι
1545 769 1785 851 διάδοχοι
1829 774 1929 829 αὐ·-

291 867 384 916 τοῦ
410 861 498 916 καὶ
526 859 808 918 ἐπίσκοποι
836 860 928 916 ’ίνα
988 866 1190 939 φορῶσι
1231 862 1292 917 τὸ
1349 858 1583 936 διάδημα
1641 860 1782 936 ἤτοι,
1830 864 1929 928 τὴν

293 949 581 1028 στεφάνην,
645 950 709 1018 ἢν
767 947 1150 1028 παρεδώκαμεν
1192 948 1336 1024 αὒτῷ
1377 949 1438 1006 ἐκ
1494 948 1729 1030 κεφαλῆς
1772 948 1928 1023 ἡμῶν

290 1037 352 1095 ἐκ
406 1040 628 1116 χρυσίου
679 1042 909 1117 καθαροῦ
983 1040 1071 1095 καὶ
1139 1040 1568 1119 μαργαριταρίων
1622 1039 1924 1114 ἀτιμήτων,

292 1128 379 1184 καὶ
405 1126 500 1184 ἵνα
528 1129 679 1187 αῦσοὶ
707 1128 1021 1207 χρήσωνται
1053 1129 1127 1191 εἰς
1180 1130 1274 1193 τὰς
1330 1127 1566 1209 κεφαλὰς
1623 1133 1796 1188 αὐτῶν
1853 1128 1926 1189 είς

287 1216 391 1284 τὴν
445 1217 653 1275 αἴνεσιν
707 1227 801 1277 τοῦ
860 1219 1014 1290 Θεοῦ,
1049 1219 1237 1280 καὶεῖς
1263 1218 1428 1292 τιμὴν
1482 1225 1574 1276 τοῦ
1629 1218 1781 1296 ἁγίου
1836 1217 1926 1273 καὶ

289 1306 575 1385 κορυφαίου
631 1313 737 1364 τῶν
780 1306 1120 1366 ἀποστόλων.
1179 1306 1347 1370 Αὐτὸς
1399 1308 1426 1364 δ
1457 1308 1714 1386 μακάριος
1747 1306 1926 1372 πάπὰς

293 1391 609 1475 Σίλὸεστρος
649 1395 779 1475 ὑπὲρ
809 1397 906 1464 τὴν
936 1396 1201 1475 στεφάνην
1261 1394 1378 1464 ἤτοι
1436 1397 1534 1464 τὴν
1592 1394 1926 1472 παπαλίθραν

289 1483 356 1553 ἢν
413 1484 543 1564 εἶχε
600 1486 733 1562 πρὸς
792 1483 944 1549 δόξαν
992 1492 1083 1544 τοῦ
1114 1492 1245 1544 Θεοῦ
1288 1484 1384 1542 καί
1411 1491 1506 1541 τοῦ
1547 1485 1698 1562 ἁγίου
1729 1483 1927 1561 Πέτρου

292 1574 386 1631 οῦκ
441 1572 586 1630 ἔθελε
657 1574 938 1651 βαστάζειν
983 1575 1250 1654 στεφάνην
1304 1573 1365 1630 ἐκ
1421 1576 1663 1653 χρυσίου,
1710 1572 1745 1642 ἢ
1785 1595 1927 1648 μαρ-

291 1663 634 1742 γαριταρίων,
693 1663 884 1739 ἡμεῖς,
947 1661 1079 1719 διότι
1130 1662 1226 1720 οὒκ
1254 1661 1429 1720 ἔθελεν
1464 1665 1491 1720 ὁ
1521 1664 1674 1740 ἅγιος
1733 1660 1928 1719 Σίλϐε-

290 1773 445 1831 στρος
476 1751 537 1809 ἐκ
578 1752 801 1832 χρυσίου
851 1753 1120 1832 στεφάνην
1163 1753 1255 1808 τὸν
1303 1749 1681 1830 ὑπέρλαμπρον
1733 1751 1928 1830 λῶρον,

2009 588 2202 668 capite
2232 596 2435 650 nostro
2467 587 2579 666 ipsi
2617 587 3006 649 tradidimus:
3037 594 3338 664 gestarent
3360 593 3563 648 autem
3594 586 3654 648 in

2010 676 2308 758 capitibus
2329 675 2455 740 suis
2477 676 2548 737 ad
2573 677 2808 739 laudem
2829 677 2957 757 Dei,
2991 683 3050 738 et
3073 676 3133 737 in
3159 676 3444 738 honorem
3465 675 3655 736 sancti

2013 768 2304 848 principis
2361 766 2792 846 apostolorum.
2827 766 3050 830 Verum
3110 765 3240 846 ipse
3271 764 3652 828 beatissimus

2014 876 2168 937 papa
2199 857 2500 938 Sylvester
2530 875 2712 936 super
2742 874 3026 919 coronam
3059 855 3186 917 sive
3216 855 3652 935 papaletbram,

2011 965 2186 1029 quam
2211 949 2281 1010 ad
2305 946 2558 1027 gloriam
2583 945 2691 1008 Dei
2715 955 2774 1008 et
2797 945 2987 1009 sancti
3010 944 3172 1008 Petri
3194 944 3654 1019 habebat,nole-

2012 1035 2112 1099 bat
2136 1047 2378 1118 portare
2397 1055 2681 1098 coronam
2702 1055 2896 1098 meam
2923 1036 3013 1098 vel
3037 1035 3492 1115 margaritarum
3521 1035 3650 1114 ple-

2012 1144 2170 1190 nam.
2205 1125 2324 1189 Nos
2357 1145 2521 1199 vero.
2551 1135 2868 1207 propterea
2896 1127 3053 1208 quod
3085 1134 3326 1186 sanctus
3356 1123 3655 1204 Sylvester

2008 1232 2249 1277 auream
2282 1234 2562 1278 coronam
2599 1215 2830 1296 respuit
2866 1234 2879 1280 :
2915 1223 3121 1276 sancto
3146 1213 3337 1294 ipsius
3360 1213 3540 1294 capiti
3562 1231 3654 1274 ra-

2006 1303 2447 1367 diantissimum
2460 1305 3125 1382 lorum,sacrosanctam
3142 1302 3649 1366 resurrectionem

2010 1392 2555 1470 denotans,nostris
2577 1394 2848 1457 manibus
2864 1395 3279 1476 imposuimus:
3308 1401 3364 1454 et
3385 1401 3647 1472 arrepto,

2009 1483 2372 1545 adorationis
2407 1485 2758 1566 timorisque
2781 1486 2970 1548 sancti
2993 1484 3151 1548 Petri
3175 1502 3348 1563 ergo,
3381 1483 3523 1563 equi
3554 1481 3650 1558 ip-

2012 1571 2138 1634 sius
2161 1572 2353 1647 l‘reno,
2387 1574 2660 1637 stratoris
2691 1575 2954 1637 officium
2985 1575 3241 1636 fecimus
3269 1589 3283 1632 :
3315 1573 3665 1634 sancientes‘

2011 1669 2078 1723 ut
2101 1681 2308 1724 omnes
2333 1682 2719 1726 successores
2750 1667 2879 1744 ejus
2902 1668 2976 1726 ad
3018 1662 3414 1725 imitationem
3449 1663 3650 1738 impe-

2011 1753 2248 1813 ratoriae
2279 1753 2606 1832 majestatis
2636 1753 2763 1814 loro
2790 1762 3026 1814 utantur
3046 1754 3108 1813 in
3141 1749 3646 1832 processionibus.

294 1840 624 1916 σημαίνοντα
682 1841 782 1909 τὴν
836 1841 988 1920 ἁγίαν
1065 1840 1348 1898 ἀνάστασιν
1421 1846 1490 1917 τῇ
1544 1842 1668 1919 ἁγίᾳ
1722 1839 1926 1921 κεφαλῇ

2012 1842 2098 1903 Ac
2123 1858 2259 1902 vero
2294 1841 2402 1920 [id]
2437 1843 2593 1917 ideo,
2630 1851 2694 1904 ut
2725 1861 2799 1904 ne
2830 1843 3086 1920 dignitas
3117 1840 3478 1921 episcopalis
3511 1855 3650 1899 con-

292 1930 450 1988 αὐτοῦ
499 1929 652 1992 ίδίαις
710 1931 894 2010 χερσὶν
921 1929 1284 2005 ἐπεθήκαμεν,
1341 1930 1428 1987 καὶ
1474 1930 1787 2007 κρατοῦντες
1835 1929 1926 1986 τοῦ

2011 1937 2333 1994 temnatur.
2367 1932 2706 2005 Quinetiam
2725 1934 2836 2013 [ut]
2863 1932 3360 2012 ampliore,quam
3382 1928 3649 2008 impera-

289 2018 532 2099 χαλινωῦ
563 2027 653 2078 τοῦ
679 2019 854 2076 ἵππου
884 2022 1040 2078 αὐτοῦ
1065 2017 1151 2075 διὰ
1179 2020 1277 2087 τὴν
1305 2020 1684 2098 προσκύνησιν,
1728 2020 1813 2077 καὶ
1837 2020 1926 2076 τὸν

2011 2020 2162 2080 toria
2195 2029 2400 2082 nostra
2443 2031 2684 2084 terrena
2731 2023 3040 2101 .Inajestas,
3105 2020 3384 2102 potentiae
3413 2034 3651 2098 quoque

289 2106 450 2187 φόϐον
508 2114 598 2166 τοῦ
642 2108 792 2186 ἁγίου
845 2108 1044 2184 Πέτρου
1090 2108 1390 2187 στράτωρος
1450 2108 1684 2186 όφρίκιον
1727 2107 1925 2178 ἐποιή-

2009 2109 2332 2188 splendore
2354 2110 2686 2172 adornetur
2719 2133 2731 2170 :
2784 2131 2926 2172 ecce
2953 2111 3230 2192 palatium
3264 2119 3533 2170 nostrum
3569 2110 3652 2183 (ut

291 2220 482 2274 σαμεν,
540 2198 872 2268 θεσπίζοντες
947 2197 1042 2253 ’ίνα
1110 2197 1301 2260 πάντες
1363 2200 1410 2254 οἱ
1467 2195 1708 2276 διάδοχοι
1767 2201 1926 2256 αὐτοῦ

2009 2198 2416 2280 praediximus)
2453 2207 2513 2261 et
2543 2200 2752 2263 urbem
2783 2199 3054 2274 Romam,
3091 2217 3326 2260 necnon
3358 2197 3653 2258 universas

292 2294 368 2361 τῷ
411 2287 566 2365 λώριιι
598 2287 912 2367 χρήσωνται
945 2288 1016 2350 εἷς
1063 2287 1156 2349 τὰς
1217 2285 1553 2365 προελεύσεις
1584 2308 1713 2362 πρςς
1744 2287 1923 2361 μίμη-

291 2397 382 2433 σιν
412 2382 510 2444 τῆς
559 2374 865 2452 βασιλείας.
916 2377 1013 2433 Διὰ
1056 2382 1210 2433 τοῦτο
1252 2375 1306 2432 δὲ
1356 2375 1450 2432 ἵνα
1496 2376 1574 2450 μὴ
1605 2376 1666 2432 τὸ
1725 2375 1930 2452 ἀξίωμα

291 2471 388 2534 τῆς
420 2465 720 2532 ἐπισκοπῆς
767 2470 1186 2546 καταφρονῆται,
1225 2464 1362 2521 ἀλλὰ
1413 2463 1574 2522 πλέον
1634 2465 1776 2544 παρὰ
1833 2466 1930 2532 τὴν

289 2555 562 2633 βασιλείαν
588 2558 745 2631 ἡμῶν
775 2556 873 2623 τὴν
920 2557 1148 2634 γηίνην,
1198 2557 1285 2612 καὶ
1337 2554 1558 2631 κράτους
1617 2551 1771 2620 δόξαν
1829 2577 1928 2611 κο-

289 2657 532 2720 σμεῖται,
565 2643 676 2700 ἰδοῦ
705 2644 765 2700 τό
796 2643 1056 2701 παλάτιον
1106 2645 1262 2720 ὴμῶν
1315 2644 1388 2707 ὡς
1448 2643 1794 2721 προείπομεθ,
1842 2643 1928 2698 καὶ

287 2735 384 2802 τὴν
428 2733 708 2810 Ῥωμαίων
766 2732 951 2812 πόλιν,
1011 2735 1098 2791 καὶ
1168 2733 1366 2800 ταύτης
1425 2738 1523 2799 τῆς
1574 2730 1829 2812 Ἰταλίας,
1891 2732 1926 2800 ἢ

280 2822 494 2899 δυσμῶν
552 2828 750 2903 χωρῶν
805 2822 1070 2902 ἐπαρχίας
1149 2823 1368 2895 τόπους,
1443 2823 1530 2878 καὶ
1595 2821 1797 2898 κάστρα
1851 2828 1927 2894 τῷ

279 2911 740 2992 προγεγραμμένῳ
798 2912 1198 2987 μακαριωτάτῳ
1259 2911 1539 2983 ἐπισκόπῳ
1598 2909 1780 2990 ἡμῶν,
1839 2910 1926 2967 καὶ

284 3003 445 3080 Πατρὶ
493 2998 799 3080 Σιλϐέστρῳ
857 2999 1122 3076 καθολικῷ
1178 2999 1330 3072 πάπᾳ
1388 2997 1782 3074 παραδιδόαμεν
1840 2999 1927 3055 καὶ

283 3091 568 3170 ἀφήκαμεν
626 3089 791 3165 αὐτῷ,
852 3091 939 3147 καὶ
998 3103 1117 3155 τοῖς
1177 3087 1450 3168 διαδόχοις
1483 3088 1641 3146 αὐτοῦ
1689 3087 1925 3154 ἐξουσίαν

289 3183 376 3238 καὶ
435 3179 652 3255 δύναμιν
728 3181 946 3258 στερεὰν
1015 3177 1295 3256 βασιλικοῦ
1363 3178 1776 3256 προστάγματος
1833 3175 1925 3234 διὰ

2012 2288 2196 2350 Italiae
2251 2289 2830 2370 occidentaliumque
2875 2290 3184 2368 regionum
3240 2286 3646 2367 praefecturas,

2012 2378 2143 2439 loca
2163 2386 2336 2458 atque
2359 2387 2550 2440 castra
2575 2380 2855 2459 praedicto
2879 2378 3224 2441 beatissimo
3242 2377 3549 2457 episcopo,
3586 2381 3650 2434 ut

2015 2467 2174 2528 Patri
2199 2463 2402 2530 nostro
2428 2468 2715 2531 Silvestre
2740 2487 2908 2549 papae
2931 2467 3246 2540 tradimus,
3281 2465 3466 2545 etipsi
3488 2466 3652 2540 ejus-

2013 2574 2129 2636 que
2148 2557 2601 2619 successoribus
2621 2559 3070 2638 imperatoriam
3092 2553 3428 2636 imperandi
3449 2560 3650 2615 aucto-

2012 2645 2246 2708 ritatem
2281 2664 2348 2708 ac
2400 2655 2753 2726 potestatem
2809 2647 3215 2728 permittimus
3254 2643 3456 2726 [atque
3487 2642 3648 2722 eam]

2010 2754 2123 2815 per
2151 2737 2305 2799 hanc
2329 2737 2585 2800 divinam
2606 2739 2939 2818 jussionem
2965 2755 3035 2798 ac
3058 2735 3482 2817 pragmaticam
3500 2750 3650 2792 con-

2011 2825 2381 2888 stitutionem
2405 2827 2633 2888 firmam
2661 2845 3018 2906 permanere
3038 2825 3364 2897 sancimus,
3390 2821 3650 2903 virisque

2009 2923 2229 2976 sanctae
2259 2915 2665 2978 Romanorum
2693 2916 2975 2978 Ecclesia:
3008 2915 3068 2977 in
3103 2925 3392 2977 internum
3423 2929 3646 2974 conce-

2010 3003 2230 3068 dimus.
2257 3004 2554 3077 Quorsum
2593 3005 2815 3083 [etiam]
2851 3005 2998 3068 utile
3030 3005 3200 3086 [fore]
3234 3000 3648 3066 consideravi-

2010 3110 2142 3154 mus
2161 3095 2210 3154 si
2231 3088 2679 3175 imperatoriam
2699 3104 2965 3158 nostram
3003 3095 3374 3173 maiestatem
3401 3091 3651 3172 ejusque

2009 3183 2332 3261 potentiam
2359 3185 2420 3244 in
2442 3183 2766 3246 orientales
2787 3183 3062 3264 regiones
3084 3183 3567 3252 transferremus,
3595 3186 3656 3242 et

288 3269 488 3336 ταύτην
534 3269 629 3336 τὴν
685 3269 826 3326 θείαν
875 3268 1140 3342 κέλευσιν,
1194 3269 1284 3324 καὶ
1316 3269 1689 3345 πραγματικὸν
1720 3270 1922 3333 σύστη-

2009 3270 2068 3330 in
2082 3271 2395 3352 Byzantico
2412 3292 2548 3351 agro
2564 3274 2697 3335 loco
2719 3274 3039 3336 commodo
3057 3272 3168 3335 sub
3184 3271 3427 3334 nomine
3445 3278 3652 3332 nostro

289 3380 366 3434 μα
423 3359 774 3434 ἒθεσπίσαμεν
850 3357 1117 3434 διαμένειν
1201 3357 1288 3413 καὶ
1370 3368 1491 3419 τοῖς
1551 3354 1765 3434 ἀνδράσι
1825 3357 1923 3422 τῆς

286 3448 438 3526 ἁγίας
521 3453 628 3504 τῶν
714 3445 994 3524 Ῥωμαίων
1069 3445 1392 3514 Ἐκκλησίας
1461 3447 1535 3506 εἷς
1605 3445 1696 3502 τὸν
1761 3447 1924 3502 αἰῶνα

289 3539 785 3618 παρεχωρήσαμεν.
850 3538 949 3596 Διὰ
1003 3543 1158 3593 τοῦτο
1202 3534 1254 3592 δὲ
1299 3536 1572 3615 χρήσιμον
1625 3533 1922 3609 ἐνοήσαμεν

287 3629 387 3695 τὴν
435 3627 706 3705 βασιλείαν
748 3629 926 3703 ἡμῶν,
982 3628 1076 3684 καί
1136 3627 1197 3682 τὸ
1252 3627 1440 3705 κράτος
1502 3625 1597 3692 τῆς
1654 3623 1940 3700 βασιλείας,

287 3718 360 3782 είς
415 3718 511 3780 τὰς
570 3717 889 3780 ἆνατολικὰς
948 3717 1133 3795 χώρας
1195 3715 1533 3794 μεταφέρειν,
1598 3715 1686 3770 καὶ
1738 3713 1793 3770 ἐν
1855 3718 1924 3788 τῇ

283 3806 550 3880 Βυζαντίῳ
596 3806 749 3885 χώρᾳ
815 3805 964 3880 τόπῳ
1022 3804 1280 3884 χρησίμῳ
1335 3805 1434 3870 τὴν
1494 3801 1648 3860 πόλιν
1706 3801 1791 3858 ἐπὶ
1851 3808 1926 3876 τῷ

2010 3360 2309 3421 civitatem
2336 3363 2915 3444 erigeremus,atque
2949 3363 3034 3424 ibi
3068 3371 3330 3425 nostram
3366 3362 3651 3440 majesta-

2009 3457 2124 3509 tem
2159 3450 2614 3513 collocaremus.
2651 3453 3146 3532 Quandoquidem
3173 3452 3270 3514 ubi
3299 3451 3650 3531 primarium

2006 3538 2900 3620 sacerdotium.Christianaeque
2913 3540 3222 3617 religionis
3235 3537 3655 3620 caputcoelitus

2007 3637 2097 3689 est
2120 3629 2602 3704 constitutum,ut
2619 3630 2845 3692 ibidem
2867 3640 3145 3691 terrenus
3166 3631 3445 3709 princeps
3467 3626 3658 3688 domi-

2010 3725 2212 3778 natum
2241 3717 2892 3799 habeat,haudjustum
2915 3718 3109 3780 fuerit.
3131 3718 3281 3800 [Qua
3306 3735 3450 3779 sane
3475 3716 3652 3778 etiam

2008 3805 2084 3868 de
2105 3809 2314 3888 causa]
2341 3808 2450 3870 hoc
2480 3808 2810 3890 [orationis]
2833 3808 3238 3891 imperatoria).
3277 3815 3494 3868 nostra;
3527 3824 3656 3867 ma-

286 3895 510 3967 ὀνόματι
556 3897 712 3968 ἡμῶι
785 3893 1079 3968 ίδιωθῆναι,
1136 3892 1232 3950 καῖ
1289 3893 1385 3960 τὴν
1439 3893 1591 3966 ἡμῶν
1650 3889 1926 3968 βασιλείαν

2009 3895 2233 3975 jestatis
2265 3907 2543 3960 contextu
2578 3889 2842 3979 prOpriis
2876 3889 3154 3961 manibus
3199 3899 3261 3959 in
3287 3894 3657 3958 venerandas

283 3984 402 4040 ἐκεῖ
447 3985 727 4052 συστῆναι.
794 3985 941 4040 Διότι
993 3981 1127 4041 ὅπου
1182 3983 1324 4039 ἐστὶν
1403 3981 1612 4061 ἀρχικὴ
1668 3981 1921 4059 ἱερατεία,

283 4075 440 4142 καὶὴ
496 4072 706 4154 κεφαλή
749 4079 848 4141 τῆς
903 4072 1278 4143 Χριστιανικῆς
1337 4074 1616 4151 θρησκείας
1666 4070 1773 4128 ἀπὸ
1831 4076 1923 4127 τοῦ

278 4163 550 4240 βασιλέως
595 4165 701 4219 τῶν
753 4164 1006 4238 οὐρανίων
1065 4161 1341 4241 διδομένη,
1408 4158 1589 4217 ἄδικόν
1635 4157 1778 4216 ἔστιν
1831 4159 1925 4216 ἵνα

278 4252 454 4310 ἐκεϊὸ
515 4254 706 4330 γήϊιος
756 4253 1007 4329 βασιλεὺς
1056 4251 1167 4332 ἔχῃ
1224 4249 1482 4317 ἐξουσίαν.
1539 4253 1704 4308 Τοῦτο
1761 4248 1818 4304 δὲ
1861 4252 1924 4307 τὸ

277 4339 405 4419 ὕφος
435 4340 534 4409 τῆς
576 4339 852 4416 βασιλειας
913 4342 1070 4416 ἡμῶν
1127 4337 1283 4402 ίδιαις
1315 4340 1470 4419 χερσὶ
1505 4338 1920 4414 καταστρώσαν-

279 4451 369 4492 τες
422 4431 497 4494 εἷς
555 4430 620 4485 τὰ
676 4451 828 4503 τιμια
885 4427 1117 4504 λειψανα
1159 4434 1252 4485 τοῦ
1280 4429 1441 4506 ἁγιου
1469 4425 1797 4507 ἀποστόλου,
1836 4428 1923 4484 καὶ

2005 3986 2194 4046 sancti
2215 3989 2469 4066 apostoli
2494 3996 2554 4050 et
2577 3989 2864 4070 principis
2878 3987 3037 4052 Petri
3054 3988 3336 4066 reliquias
3361 3993 3656 4066 prostrato

2005 4092 2076 4136 ac
2107 4077 2399 4155 reposito,
2437 4077 2563 4140 haec
2597 4097 2705 4140 nos
2751 4079 2951 4140 omnia
2983 4078 3169 4139 illaesa
3197 4082 3661 4138 conservaturos

2007 4162 2132 4224 illic
2144 4164 3038 4243 juravimus,etsuccessoribus
3053 4165 3662 4245 nostrisimperalori-

2007 4250 2124 4313 bus
2155 4253 2214 4312 in
2249 4256 2702 4318 commentariis
2735 4257 2960 4317 nostris
2983 4257 3192 4318 eadem
3221 4253 3653 4316 servandatra-

2006 4340 2291 4406 didimus.
2317 4345 2472 4406 Patri
2509 4344 2762 4426 [itaque]
2797 4354 3000 4408 nostro
3033 4354 3240 4408 sancto
3273 4352 3331 4405 et
3362 4341 3656 4404 catholico

2008 4431 2290 4514 episcopo
2305 4440 2362 4494 et
2379 4444 2745 4516 papae,atque
2764 4452 2871 4516 per
2894 4438 3084 4514 ipsum
3110 4432 3392 4496 omnibus
3412 4449 3658 4493 succes-

283 4541 567 4598 κορυφαιρυ
657 4518 855 4591 Πέτρου
932 4519 1199 4593 ἐθήκαμεν
1269 4519 1356 4574 καὶ
1430 4516 1548 4573 ἐκεῖ
1632 4516 1924 4593 ὠμόσαμεν

2010 4520 2248 4583 soribus
2272 4522 2406 4602 ejus
2435 4525 3068 4604 episcopis,annuenta
3094 4525 3349 4588 Domino
3377 4529 3577 4582 nostro
3600 4526 3659 4581 et

280 4614 445 4679 ταῦτα
489 4609 662 4667 πάντα
719 4608 1131 4686 ἀπαράθραυστα
1201 4605 1594 4686 διαφυλάττειν,
1653 4607 1740 4661 καὶ
1799 4608 1920 4669 τοὺς

280 4695 566 4778 διαδόχους
596 4699 751 4773 ἡμῶν
799 4707 962 4756 ταῦτα
1010 4696 1294 4776 φυλάττειν
1338 4693 1791 4775 παραδεδώκαμεν
1848 4703 1925 4770 τῷ

2006 4607 2324 4672 Servatore
2355 4610 2495 4673 Jesu
2527 4612 2786 4692 Christo,
2823 4613 3028 4675 omnia
3073 4622 3212 4674 ante
3243 4610 3460 4690 scripta
3493 4615 3659 4671 recte

2005 4697 2066 4758 in
2100 4707 2386 4760 zeternum
2421 4702 2831 4764 conservanda
2864 4702 3249 4764 tradidimus.

281 4788 450 4864 Πατρὶ
505 4789 766 4862 ἡμῶντῴ
819 4787 975 4865 ἂγίῴ,
1009 4787 1098 4842 καὶ
1153 4783 1424 4859 γαθολικῷ
1471 4785 1778 4862 ἑπισκόπῳ,
1828 4787 1923 4842 καί
1967 4791 2144 4863 πάπᾳ,
2180 4789 2274 4845 καί
2329 4789 2394 4846 δι’
2455 4792 2614 4848 αὐτοῦ
2674 4798 2804 4848 πᾶσι
2834 4806 2956 4856 τοϊς
3001 4790 3277 4870 διαδόχοις
3329 4792 3486 4846 αὖτοῦ
3530 4787 3654 4841 ἑπι-

279 4878 503 4938 σκόποις
550 4883 643 4933 τοῦ
692 4876 880 4953 Κυρίου
935 4878 1091 4949 ἡμῶν
1122 4877 1209 4931 καὶ
1254 4879 1507 4953 Σωτῆρος
1565 4872 1746 4942 Ἰησοῦ
1791 4880 2015 4954 Χριστοῦ
2059 4880 2444 4955 προσνεύοντος
2504 4878 2894 4960 παραδιδόαμεν
2955 4880 3054 4937 ὅλα
3097 4881 3162 4936 τὰ
3205 4875 3658 4956 προγεγραμμένα

277 4963 460 5030 καλῶς
492 4967 566 5030 εἰς
613 4966 704 5022 τὸν
734 4967 899 5022 αἰῶνα
931 4962 1401 5045 διαφυλάττεσθαι,

358 5056 669 5129 Σημείωσαι
719 5054 801 5112 ὅτι
834 5055 942 5111 ἀπὸ
985 5077 1076 5112 του
1120 5054 1382 5132 παρόντος
1413 5051 1640 5126 ἐδίκτου,
1676 5051 1795 5121 ἤτοι
1855 5054 2137 5131 βασιλικοῦ
2190 5059 2604 5136 προστάγματος
2638 5059 2730 5115 τοῦ
2783 5059 2938 5132 ἁγίου
2968 5055 3205 5136 μεγάλου
3262 5055 3656 5115 Κωνσταντίνου

275 5139 567 5201 δικαιοῦται
640 5146 669 5202 ὁ
728 5145 911 5207 πάπας
978 5135 1192 5218 Ῥώμης
1257 5143 1342 5199 διὰ
1385 5144 1601 5200 πάντων
1643 5146 1750 5200 τῶν
1800 5143 2093 5219 βασιλικῶν
2156 5149 2459 5222 προνομίων
2505 5147 2892 5226 μεγαλύνεσθαι
2936 5135 3062 5206 ἄνευ
3129 5148 3292 5220 μόνου
3333 5153 3426 5203 τοῦ
3483 5143 3654 5219 στέμ-

273 5249 468 5306 ματος⁶
529 5231 615 5290 διὰ
672 5232 772 5312 γάρ
828 5240 984 5290 τοῦτο
1026 5233 1115 5289 καὶ
1184 5234 1237 5289 ἂν
1304 5245 1428 5296 ταῖς
1489 5230 1826 5302 ὁπουδήποτε
1891 5236 2196 5311 γινομέναις
2273 5236 2648 5314 προελεύαεσιν
2704 5240 2882 5312 αὑτοῦ,
2932 5238 3020 5294 καὶ
3078 5249 3200 5299 ταῖς
3273 5237 3437 5300 θείαις
3495 5233 3656 5293 αὐτοῦ

273 5320 688 5398 ίεροτελεστίαις
746 5320 831 5379 διά
885 5321 1164 5400 βασιλικοῦ
1209 5321 1382 5402 λῶρου
1445 5321 1543 5390 τὴν
1616 5323 1856 5401 κεφαλὴν
1909 5323 2399 5400 κατακαλύπτεται,
2461 5326 2808 5406 ἀμφιέννυται
2880 5324 2934 5383 δὲ
3007 5327 3095 5383 καὶ
3164 5323 3389 5392 ἀληθινὰ
3444 5322 3653 5395 ὑποδή-

273 5433 443 5488 ματα,
489 5414 574 5469 καὶ
631 5411 970 5470 καϐαλικεύει
1015 5413 1151 5486 μετὰ
1209 5410 1464 5479 ἀληθινοῦ
1513 5409 1892 5491 σελοχαλίνου,
1939 5413 2076 5470 κατᾶ
2134 5415 2256 5480 τοὺς
2315 5415 2590 5492 βασιλεῖς,
2641 5421 2772 5490 τιμᾷ
2810 5415 2864 5472 δὲ
2918 5418 3006 5473 καὶ
3051 5416 3170 5477 τοὺς
3227 5415 3313 5472 ὐπ’
3359 5417 3518 5472 αὐτοῦ
3569 5413 3654 5471 διὰ

272 5499 589 5577 ἀξιωμάτων
658 5500 972 5576 βασιλικῶν.
1038 5502 1205 5560 ’Ὀταν
1281 5500 1334 5558 δὲ
1376 5503 1410 5568 ἡ
1487 5498 1700 5578 δευτέρα
1761 5500 1978 5567 σύνοδος
2036 5501 2229 5560 δέδωκε
2286 5513 2361 5579 τῷ
2418 5506 2833 5586 ἀρχιεπισκότιῳ
2875 5507 2972 5574 τῆς
3041 5503 3653 5568 Κωνσταντινουπόλεως

271 5591 339 5649 τὰ
367 5593 632 5670 προνόμια
676 5593 859 5649 πάνπα
899 5599 991 5650 τοῦ
1022 5593 1208 5650 πάνπα
1247 5582 1488 5670 Ῥώμης,
1533 5591 1895 5670 ἱπεχείρησάν
1928 5613 2068 5656 τινες
2127 5599 2234 5648 τῶν
2284 5582 2634 5675 πατριαρχῶν
2683 5597 2754 5660 ὡς
2802 5597 2829 5651 ὁ
2894 5593 3192 5673 Κύρουλλος
3223 5595 3430 5658 ἐκεῖνος
3478 5595 3651 5670 κύριος

275 5679 527 5765 Μιχαὴλ,
560 5682 646 5739 καὶ
703 5680 869 5764 ἕτεροι
903 5693 1020 5747 τοῖς
1073 5681 1260 5747 αὖτοϊς
1305 5680 1758 5757 ἀποσεμνύνεσθαι
1814 5683 2146 5763 προνομίοις,
2179 5683 2238 5740 οὐ
2293 5685 2478 5766 γέγονε
2533 5685 2587 5742 δὲ
2648 5688 2834 5750 αὐτοῖς
2893 5685 2964 5748 εἷς
3026 5683 3189 5741 καλὸν
3221 5686 3254 5752 ἡ
3313 5684 3646 5766 ἐγχείρησιςο
