4052 6222
433 297 581 368 1083
1618 311 1877 378 PHOTII
1929 311 2072 376 ΡΑΤ

2163 312 2440 378 ΑΒΟΗΑΞ
2489 315 2600 379 CP.
3662 321 3793 392 1084

427 455 690 525 ’τιμᾶσθαι
762 453 817 512 δὲ
887 453 968 515 διὰ
1039 455 1353 532 ἀξιωμάτων
1424 459 1544 523 τοὺς
1619 458 1905 538 κληρικοὺς
1974 464 2072 526 τῆς
2169 455 2766 525 Κονσταντινουπόλεως
2842 458 3158 524 κεκώλυται.
3238 462 3388 531 Πλὴν
3464 463 3562 521 καὶ
3651 474 3802 522 ταῦτα

427 543 840 620 κεκολοϐωμένα
912 548 1062 608 εἰσίν,
1139 538 1195 605 Ὀ
1267 545 1322 603 δὲ
1395 549 1530 605 κατὰ
1585 550 1800 626 καιροὺς
1866 547 2206 629 χαρτοφύλαξ
2282 549 2387 604 ἀπὸ
2456 557 2549 606 106
2608 548 2870 628 παρόντος
2938 548 3146 608 ἐδίκτου
3201 550 3506 610 δικαιοῦται
3577 552 3800 612 καὸαλι-

428 635 603 689 κεύειν
664 636 797 690 κατὰ
853 635 953 701 τὴν
1013 635 1166 703 λιτὴν
1228 643 1334 692 τῶν
1391 638 1555 715 ἁγίων
1611 639 1845 716 νοταρίον
1902 639 1964 693 τὸ
2004 639 2394 717 πατριαρχικὸν
2449 636 2644 714 ἄλογον
2700 640 2835 712 μετὰ
2893 640 3096 696 ὀθονίου
3153 641 3364 702 λευκοῦ.
3414 642 3574 700 Ἐδει
3607 643 3661 699 δὲ
3716 645 3804 710 τὴν

429 722 666 801 κεφαλὴν
724 722 882 780 αὐτοῦ
950 728 1023 788 ὡς
1097 724 1444 803 καδδηναρίου
1502 734 1896 807 πατριαρχικοῦ
1968 727 2253 782 σκέπεσθαι
2310 728 2446 802 μετᾶ
2503 732 2712 804 χρυσῆς
2765 730 2974 806 τιάρας,
3037 727 3154 797 ἥτις
3224 731 3320 788 καί
3390 731 3449 788 ὲν
3528 755 3801 811 lup-509?)-

428 811 596 898 λακίῳ
665 811 970 875 ἀπόκειται,
1047 812 1216 872 Ἀλλὰ
1273 817 1359 872 καὶ
1445 819 1471 872 ὁ
1529 818 1666 872 κατὰ
1735 817 1947 893 καιροὺς
2027 816 2366 894 πατριάρχης
2453 815 2852 894 Ἀλεξανδρείας
2910 817 3016 874 ἀπὸ
3100 827 3190 875 106
3248 823 3520 898 παρόντος
3615 821 3806 879 ἓδίκτου

428 897 721 957 δικαιουται
781 905 917 976 μετὰ
987 902 1144 977 λόρου
1214 903 1566 982 λειτουργεῖν,
1642 903 1796 961 ἔλαϐε
1866 906 1966 983 γὰρ
2023 905 2120 972 τὴν
2191 903 2424 970 ἐξουσίαν
2496 905 2696 971 ταύτην
2769 907 2796 962 ὁ
2861 907 3012 985 ἅγιος
3086 897 3344 986 Κύριλλος
3411 908 3807 989 Ἀλεξανδρείας

428 999 534 1055 ἀπὸ
577 1008 668 1056 106
728 1001 879 1058 πάπα
955 993 1169 1078 Ῥώμης
1218 1003 1528 1061 Κελεστίνου
1559 1004 1646 1059 ὅτε
1695 1005 1728 1071 ἡ
1783 1003 1836 1058 ἒν
1879 1000 2090 1078 Ἐφέσῳ
2133 1001 2320 1080 γέγονε
2376 1000 2592 1067 σύνοδος
2624 1005 2759 1059 κατὰ
2818 1005 3124 1084 Νεστορίου’
3187 1010 3280 1062 106
3331 1008 3433 1086 γὰρ
3497 1008 3809 1066 Κελεστίνου

431 1089 507 1164 μὴ
566 1087 853 1164 δυναμένου
912 1097 1262 1169 παρουσιᾶσαι
1317 1095 1391 1158 εἰς
1437 1093 1689 1172 Ἔφεσον,
1757 1093 1843 1148 καὶ
1888 1104 2065 1168 κρῖναι
2121 1095 2214 1147 τὸν
2270 1095 2577 1170 Νεστόριον,
2639 1091 2876 1159 συνέδοξε
2933 1097 3292 1172 ἒπιτραπῆναι
3338 1099 3433 1154 τὸν
3495 1098 3663 1175 ἅγιον
3707 1099 3809 1156 Κύ-

430 1177 610 1256 ριλλον
670 1181 772 1235 ὑπὸ
825 1190 917 1238 του
981 1181 1293 1240 Κελεστίνου
1349 1187 1679 1259 προκαθῆσαι
1737 1187 1834 1247 τῆς
1896 1178 2132 1252 συνόδου,
2178 1181 2292 1235 ἀντ’
2353 1181 2533 1240 αὐτοῦ.
2599 1183 2686 1246 Εἷς
2727 1189 2854 1258 γοῦν
2913 1185 3246 1262 παράστασιν
3298 1178 3385 1241 τοῦ
3436 1186 3603 1265 ’ἐχειν
3665 1189 3808 1244 αὺτὸν

427 1269 488 1323 τὸ
556 1267 759 1325 δίκαιον
829 1270 923 1327 106
991 1273 1143 1328 πάπα
1216 1262 1426 1345 (Ρώμης
1509 1270 1818 1329 Κελεστίνου
1891 1269 2118 1335 ἓκάθησε
2196 1271 2331 1341 μετὰ
2403 1270 2596 1347 λώρου,
2656 1272 2746 1328 καὶ
2814 1271 3128 1329 κατεδίκασε
3187 1275 3278 1330 τὸν
3332 1277 3666 1355 Νεστόριον,
3727 1277 3810 1332 Ἐκ

427 1358 550 1412 τότε
621 1360 709 1414 οὖν
768 1361 904 1433 μετὰ
975 1369 1066 1416 106
1121 1362 1279 1418 αὑτοῦ
1350 1360 1504 1438 λόρου
1565 1363 1914 1439 ἱερουργοῦσι,
1975 1361 2061 1414 καὶ
2110 1356 2474 1434 προοδεύουςιν
2551 1362 2598 1416 οἱ
2657 1361 2986 1440 πατριάρχαι
3047 1360 3451 1442 Ἀλεξανδρείας
3502 1368 3601 1421 καὶ
3647 1367 3811 1422 αἰτία-

431 1468 514 1527 σιν
572 1448 666 1503 οὒκ
719 1449 1124 1511 ὑποπτεύουσιν,
1185 1450 1479 1526 Ἀνάγνωθι
1567 1450 1660 1516 τὴν
1746 1451 1862 1527 περὶ
1946 1447 2131 1503 τούτου
2205 1445 2495 1514 ἐπιστολὴν
2578 1451 2670 1504 106
2754 1451 2904 1528 ἁγίου
2968 1451 3280 1508 Κελεστίτου
3357 1456 3811 1532 κατεστρωμένην

463 1535 487 1548 ..
650 1539 664 1548 .
793 1536 804 1548 .
1077 1540 1088 1548 .
1167 1544 1193 1548 μ
1309 1530 1318 1548 .
1473 1538 1513 1548 .-

429 1535 590 1592 οὖσαν
625 1539 696 1592 εἰ)
743 1536 807 1593 τά
839 1540 1102 1616 πρακτικὰ
1132 1544 1231 1606 τῆς
1263 1535 1318 1617 γ’
1359 1538 1599 1600 συνόδου,

512 1625 678 1687 CAP.
715 1624 787 1688 Il.
813 1661 892 1670 —
922 1627 1013 1689 Ne
1041 1631 1350 1708 episcopus
1381 1635 1596 1690 temere
1623 1631 2066 1707 peregrinetur,

2238 1632 2486 1686 ΚΕΦΑΛ.
2522 1627 2612 1690 Β¹,
2644 1660 2721 1672 -
2753 1632 2884 1704 [Ιερί
2941 1635 3033 1686 106
3086 1630 3164 1703 μὴ
3221 1631 3296 1692 ὡς
3359 1629 3529 1710 ἔτυχε
3586 1631 3804 1689 Erino-

427 1721 534 1778 aut
564 1715 824 1778 clericus
856 1716 920 1777 in
949 1715 1076 1778 alia
1098 1718 1427 1797 provincia
1457 1717 1657 1796 degat.

509 1893 930 1975 Apostolorum
964 1913 1156 1958 canon
1195 1896 1287 1970 14,
1329 1897 1443 1975 15;
1478 1893 1717 1956 concilii
1774 1892 2073 1973 Ancyrani

434 2001 628 2045 canon
662 1984 774 2063 18;
829 1985 1071 2045 concilii
1118 1985 1475 2046 Antiocheni
1510 2002 1700 2046 canon
1727 1985 1788 2062 3,
1827 1983 1920 2058 13,
1948 1982 2069 2059 2.9.;

431 2071 669 2134 concilii
704 2073 1019 2135 Laodiceni
1052 2094 1243 2136 canon
1277 2076 1374 2148 41,
1397 2074 1497 2147 42;
1523 2075 1764 2135 concilii
1788 2073 2074 2136 Constan-

431 2162 816 2244 tinopolitani
848 2182 1038 2225 canon
1073 2165 1135 2240 2;
1168 2165 1407 2227 concilii
1443 2163 1951 2226 Chalcedonensis
1971 2181 2072 2224 ca-

434 2272 552 2314 non
581 2253 682 2333 13,
715 2252 830 2326 93;
868 2254 1108 2316 concilii
1142 2254 1522 2317 Sartlicensis
1546 2272 1735 2315 canon
1759 2255 1818 2326 3,
1848 2255 1942 2328 11,
1972 2253 2068 2328 12,

432 2343 534 2418 16,
568 2343 659 2423 17;
686 2343 925 2404 concilii
950 2343 1437 2423 Carthaginensis
1456 2363 1647 2405 canon
1670 2343 1770 2419 23,
1793 2345 1827 2404 ’ἵ
1845 2345 1897 2423 1;
1922 2361 2072 2405 con-

432 2432 553 2494 cilii
586 2431 743 2492 sexti
771 2451 961 2503 canon
997 2435 1094 2509 17,
1157 2435 1250 2508 18,
1286 2433 1403 2508 20;
1440 2434 1678 2495 concilii
1710 2431 1934 2494 Nicznni
1966 2450 2068 2492 se-

432 2520 613 2582 cundi
645 2539 836 2583 canon
873 2525 946 2583 10
974 2543 990 2597 ;
1017 2523 1259 2584 concilii
1286 2523 1538 2602 primiet
1569 2522 1818 2585 secundi
1850 2522 1912 2583 in
1945 2520 2070 2583 aade

432 2612 788 2674 Sanctorum
825 2612 1250 2692 Apostolorum
1281 2612 1524 2692 [habiti]
1555 2630 1744 2673 canon
1782 2611 1876 2674 16.

525 2703 768 2763 Textus.
809 2700 1010 2764 Const.
1064 2703 1164 2782 492,
1199 2701 1285 2763 tit.
1323 2703 1359 2763 3
1392 2701 1494 2764 lib.
1549 2700 1595 2777 Ι,
1645 2701 1781 2764 cod.
1815 2701 1898 2760 ait
1934 2719 1947 2763 :
1980 2699 2068 2762 0b

434 2790 711 2864 multum,
748 2802 894 2865 etc.,
927 2810 1114 2873 usque
1136 2793 1214 2855 ad
1236 2794 1336 2855 ﬁat
1365 2791 1651 2872 erogatio,
1680 2797 1747 2854 ut
1773 2791 2067 2872 pagAQ'l,

432 2881 573 2956 198,
601 2881 740 2958 663,
775 2883 914 2946 666.

509 3059 819 3123 Scholium
879 3060 1081 3125 Const.
1116 3063 1217 3138 43,
1247 3061 1334 3123 tit.
1359 3065 1419 3136 3,
1447 3060 1596 3123 lib.t
1629 3059 1764 3123 cod.
1798 3059 1860 3121 in
1889 3057 2066 3120 Basil.
2093 3094 2134 3146 Β

433 3167 556 3209 non
591 3159 679 3210 est
708 3151 898 3231 posita
931 3170 944 3214 :
981 3171 1176 3231 neque
1225 3152 1466 3214 constit.
1503 3152 1558 3226 1,
1593 3150 1702 3212 lib.
1735 3169 1752 3213 ι
1789 3149 2070 3212 Novella-

431 3257 563 3301 rum
589 3258 720 3320 quae
745 3252 836 3302 est
859 3241 1104 3302 Novella
1131 3241 1446 3303 Justiniani
1471 3241 1737 3320 6,neqne
1758 3239 2000 3301 conslit.
2037 3241 2072 3297 '1

432 3330 750 3407 eiusdemi
790 3330 878 3392 tit.
903 3330 1312 3406 Novellarum,
1345 3350 1479 3412 quae
1501 3340 1592 3393 est
1623 3329 1856 3391 novella
1883 3327 2072 3389 Justi-

431 3419 594 3481 niani
629 3420 749 3494 67;
804 3424 1043 3485 conslit.
1099 3425 1134 3484 3
1167 3422 1436 3502 ejusdem
1475 3422 1534 3493 1,
1569 3421 1686 3493 tit.,
1723 3428 1811 3481 est
1839 3418 2072 3478 novella

427 3510 749 3573 Justiniani
781 3512 882 3585 86,
917 3513 1106 3592 posita
1138 3512 1276 3596 [que
1309 3513 1428 3593 est]
1455 3512 1516 3573 in
1552 3509 1656 3572 lib.
1692 3525 1754 3571 vt
1785 3508 2066 3571 Basil'tit.

431 3599 530 3670 22,
569 3600 670 3680 qui
719 3601 879 3662 circa
912 3602 1091 3663 linem
1125 3602 1210 3664 sic
1244 3601 1423 3663 habet
1457 3625 1470 3660 :
1524 3602 1642 3664 Sed
1692 3599 1979 3679 jubemus
2011 3605 2071 3658 ut

431 3707 626 3770 neque
652 3692 1207 3773 monachus,neqne
1230 3693 1509 3767 clericus,
1531 3709 1726 3770 neque
1751 3689 2071 3768 episcopus

431 3779 561 3841 sine
585 3781 1018 3861 religiosissimi
1049 3783 1404 3863 patriarchas
1426 3781 1517 3843 sui
1536 3779 1798 3862 [litteris]
1824 3779 1937 3838 huc
1969 3796 2068 3839 ac-

433 3870 605 3931 cedat
640 3890 655 3930 :
689 3881 787 3932 aut
814 3871 960 3933 certi
1012 3880 1188 3934 sunto
1239 3871 1396 3953 quod
1426 3867 1738 3948 religionis
1769 3867 1972 3929 habitu
2004 3885 2069 3929 se

430 3957 709 4036 indignos
739 3960 977 4023 facient.
1012 3965 1166 4025 Nota
1188 3980 1326 4023 vero
1357 3961 1511 4042 quod
1549 3961 1794 4036 integrae
1825 3956 2071 4018 novellae

431 4049 700 4130 episcopi
753 4051 1039 4112 duntaxat
1099 4050 1463 4112 mentionem
1526 4048 1780 4127 faciant;
1817 4046 2070 4110 Basilica

431 4156 570 4199 vero
605 4158 799 4221 neque
832 4141 1118 4202 clericum
1148 4159 1342 4221 neque
1361 4139 1712 4220 episcopum
1739 4136 2072 4198 Constanti-

432 4229 694 4308 nopolim
723 4229 914 4290 inscio
951 4231 1289 4311 patriarcha
1321 4229 1608 4291 recedere
1638 4228 2069 4290 sinant.Const.

429 4319 492 4390 2,
530 4318 618 4378 tit.
665 4326 681 4378 t
721 4317 1120 4391 Novellnrum,
1173 4328 1263 4381 est
1312 4319 1545 4380 novella
1575 4317 1895 4380 Justiniani
1934 4316 2069 4386 123,

435 4409 520 4484 [ac
551 4410 656 4485 est]
693 4407 881 4486 posita
934 4408 994 4470 in
1053 4408 1159 4473 lib.
1216 4427 1275 4470 ιιι
1307 4407 1489 4469 Basil.
1528 4408 1614 4468 tit.
1649 4409 1707 4484 1,
1741 4425 1874 4486 cap.
1915 4406 1985 4468 18
2015 4412 2072 4466 et

441 4498 533 4572 19,
569 4514 699 4578 quae
731 4497 972 4580 habent,
1009 4507 1071 4560 ut
1100 4499 1158 4559 in
1192 4497 1549 4575 compendio
1585 4497 1886 4578 proposita
1907 4503 2068 4557 sunt.

433 4586 519 4648 Tu
554 4605 692 4648 vero
749 4587 944 4668 potius
988 4590 1364 4651 adhazrescas
1417 4588 1487 4650 16
1536 4587 1749 4648 canoni
1784 4585 2070 4665 [concilii]

434 4677 609 4756 primi
627 4687 682 4739 et
697 4678 1026 4740 secundiin
1041 4679 1265 4760 templo
1281 4681 1638 4742 Sanctorum
1653 4675 2069 4756 Apostolorum

431 4768 695 4849 [habiti],
731 4771 788 4831 in
841 4789 943 4831 sex
1006 4788 1243 4830 menses
1305 4765 1808 4848 peregrinationis
1843 4774 2071 4845 tempus

429 4860 775 4923 coarctanti.
815 4857 1014 4923 Const.
1051 4859 1121 4922 12
1152 4859 1426 4940 ejusdem
1453 4856 1950 4927 tit.Novellarum,
1986 4862 2075 4914 est

433 4949 664 5010 novella
703 4947 1026 5012 Justiniani
1059 4950 1133 5012 57
1171 4949 1358 5029 posita
1388 4951 1544 5028 [qum
1575 4951 1688 5022 est]
1721 4946 1778 5005 in
1810 4944 1916 5008 lib.
1952 4943 2069 5005 Ba-

433 5038 763 5112 sil.3,tit.4,
790 5048 969 5120 atque
993 5040 1071 5100 ita
1095 5039 1220 5100 fere
1245 5039 1318 5100 de
1344 5042 1725 5118 perceptione
1758 5033 2070 5114 [annonae]

433 5127 632 5199 habet,
670 5138 730 5187 ut
762 5128 819 5188 in
856 5138 1014 5190 textu
1043 5130 1332 5210 scriptum
1361 5137 1470 5188 est.
1509 5126 1673 5188 Hanc
1705 5124 1885 5202 igitur
1915 5123 2068 5200 lege.

432 5215 820 5294 Legas[vero]
856 5218 1031 5279 etiam
1069 5218 1425 5280 sanctissimi
1453 5216 1614 5277 illius
1637 5233 1703 5276 ac
1721 5213 2073 5275 universalis

436 5304 788 5384 patriarchae
805 5306 1032 5368 domini
1056 5308 1282 5370 Nicolai
1308 5307 1653 5388 synodicum
1698 5312 2072 5365 commenta-

431 5395 584 5455 rium
606 5394 1055 5473 quartodecimo
1081 5399 1303 5460 mensis
1327 5395 1517 5458 Martii
1542 5394 1718 5474 [die,]
1745 5393 2073 5454 indictione

2155 1737 2254 1771 πον
2322 1715 2651 1792 ἀποδημεῖν,
2712 1717 2746 1784 ἢ
2797 1716 2894 1777 καῖ
2951 1717 3208 1796 κληρικὸν
3279 1719 3334 1777 ἒν
3381 1720 3545 1800 ἑτέρᾳ
3613 1719 3810 1802 διάγειν

2154 1804 2416 1885 ἐπαρχιᾳ.

2235 1893 2580 1954 Ἀποστόλων
2633 1896 2810 1953 κανὼν
2855 1893 2944 1972 ιδ’,
2993 1895 3056 1953 ιε’
3085 1911 3102 1930 ⁸
3137 1897 3354 1956 συνόδου
3411 1897 3688 1979 Ἀγκύρας
3712 1925 3808 1960 κα-

2156 1985 2258 2041 νὼν
2287 1983 2362 2053 ιη’
2399 2006 2414 2020 ·
2449 1985 2668 2044 συνόδου
2696 1985 3039 2066 Ἀντιοχειας
3074 1987 3248 2044 κανὼν
3282 1989 3358 2066 γ’,
3393 1987 3492 2064 ιγ’,
3531 1989 3655 2067 κβν.
3687 2015 3807 2049 συν-

2155 2075 2275 2131 όδου
2321 2075 2628 2138 Λαοδικείας
2670 2076 2846 2132 κανὼν
2889 2075 2982 2152 μα’
3033 2077 3127 2153 μβ’
3158 2094 3174 2110 “
3238 2077 3461 2134 συνόδου
3517 2089 3806 2138 Κωνσταν-

2153 2165 2508 2229 τινουπόλεως
2538 2167 2713 2221 κανὼν
2744 2165 2816 2240 β’·
2853 2165 3072 2224 συνόδου
3109 2165 3459 2235 Χαλκηδόνος
3492 2171 3684 2226 κανὼν
3711 2171 3802 2250 ιγ’,

2156 2253 2243 2334 κγ’
2277 2275 2292 2289 ⁶
2354 2254 2570 2312 συνόδου
2628 2252 2890 2332 Σαρδικῆς
2947 2257 3124 2312 κανὼν
3167 2256 3246 2336 γ’,
3297 2255 3394 2330 ια’,
3435 2256 3535 2331 ιβ’,
3577 2260 3707 2339 ις’,
3739 2269 3803 2332 ιζ·

2154 2345 2367 2401 συνόδου
2401 2345 2742 2423 Καρθαγένης
2773 2345 2949 2400 κανὼν
2999 2344 3110 2425 κγ’,
3141 2345 3226 2402 οα⁹
3263 2365 3276 2378 °
3320 2344 3546 2402 συνόδου
3579 2348 3688 2426 ς’,
3720 2372 3810 2406 κα-

2155 2436 2258 2489 νὼν
2293 2435 2380 2508 ιζ’,
2417 2434 2518 2507 ιη’,
2551 2431 2602 2489 κ’
2628 2450 2642 2464 '
2675 2431 2889 2490 συνόδου
2922 2436 3145 2499 Νικαίας
3175 2437 3237 2492 τὸ
3261 2435 3337 2511 β’,
3362 2435 3543 2492 κανὼν
3567 2436 3632 2494 ι’·
3658 2442 3807 2496 συνό-

2154 2523 2242 2581 δου
2273 2525 2326 2581 α’
2355 2525 2442 2582 καὶ
2472 2523 2550 2601 β’,
2584 2524 2638 2580 ἐν
2668 2526 2744 2598 τῷ
2794 2530 2904 2598 ναῷ
2947 2527 3050 2582 τῶν
3103 2526 3269 2604 ἁγίων
3311 2526 3646 2585 ἀποστόλων
3707 2552 3804 2586 κα-

2155 2615 2260 2670 νὼν
2292 2612 2416 2688 ις’.

2239 2705 2513 2777 Κείμενον.
2563 2703 2629 2759 Ἦ
2661 2702 2752 2779 μβ⁹
2785 2701 2951 2776 διάτ.,
2979 2708 3073 2759 106
3104 2703 3155 2780 γ’
3190 2707 3296 2770 τίτ,
3360 2712 3456 2762 τοῦ
3507 2706 3564 2764 α’
3609 2705 3808 2784 βιϐλίου

2154 2802 2246 2852 τοῦ
2289 2792 2537 2868 κώδικος,
2585 2793 2745 2872 φησὶν
2815 2792 2898 2850 ὅτι
2943 2791 3230 2866 ἐπίσκοπο,
3277 2819 3333 2860 κ,
3380 2818 3433 2858 τ,
3483 2794 3572 2872 λ.,
3623 2814 3807 2878 usque

2154 2885 2227 2947 ad
2271 2883 2408 2941 ὥστε
2452 2883 2552 2950 τὴν
2595 2883 2864 2962 χορηγίαν
2917 2881 3014 2950 τῆς
3077 2885 3342 2954 σιτήσεως
3398 2885 3618 2944 ἐκεῖθεν
3662 2889 3806 2966 γίνε-

2155 2978 2297 3033 σθαι.

2236 3062 2494 3144 Σχόλιον.
2541 3061 2607 3120 Ἠ
2641 3061 2734 3139 μγ’
2777 3061 2915 3121 διάτ.
2964 3069 3054 3119 τοῦ
3097 3061 3151 3141 γ’
3194 3063 3297 3121 τίτ.
3345 3071 3437 3121 τοῦ
3486 3064 3537 3122 α’
3600 3064 3804 3123 ϐιϐλίον

2155 3161 2245 3211 τοῦ
2305 3152 2530 3217 κώδικος
2576 3152 2670 3209 οὒκ
2725 3152 2880 3219 ὲτέθη
2932 3153 3006 3217 εἷς
3069 3153 3131 3209 τὰ
3193 3153 3478 3213 Βασιλικά.
3515 3153 3656 3213 Οὒδὲ
3689 3159 3723 3222 ἡ
3754 3156 3800 3212 α’

2154 3242 2289 3305 διάτ,
2337 3250 2429 3300 τοῦ
2486 3242 2537 3298 α’
2595 3243 2700 3301 τίτ.
2745 3249 2853 3298 τῶν
2898 3248 3116 3321 Neapch
3188 3244 3320 3300 οὖσα
3378 3243 3804 3310 Ἰουστινιάνειος

2153 3332 2224 3404 EC’
2269 3331 2408 3395 διάτ,
2450 3335 2544 3389 106
2586 3332 2746 3388 αύτοῦ
2797 3333 2899 3395 τίτ,
2967 3331 3078 3388 ἐστὶ
3139 3333 3315 3410 Νεαρὰ
3374 3331 3803 3397 Ἰουστινιάνειος

2153 3423 2272 3496 σις’
2318 3421 2537 3496 κειμένη
2583 3421 2636 3477 ἒν
2680 3419 2869 3497 βιϐλίῳ
2910 3420 2990 3495 ς’
3033 3421 3140 3478 τῶν
3187 3421 3486 3479 Βασιλικῶν
3531 3426 3642 3486 τίτ,
3695 3425 3800 3501 ιβ’.

2153 3513 2278 3586 Περὶ
2321 3513 2381 3568 τὸ
2424 3511 2578 3576 τέλος
2626 3509 2794 3574 οὕτως
2840 3509 3032 3590 ἔχοντι
3068 3525 3083 3540 ⁸
3147 3509 3265 3566 οὔτε
3296 3509 3346 3567 δὲ
3384 3514 3666 3593 μοναχὸν,
3693 3513 3804 3570 οὔτε

2152 3602 2432 3680 κληρικὸν,
2468 3601 2584 3658 οὔτε
2630 3602 2921 3658 ἐπίσκοπον
2973 3598 3262 3676 κελεύομεν
3296 3600 3550 3680 ἔρχεσθαι
3584 3605 3804 3658 ενταῦθα

2153 3690 2274 3746 ἄνευ
2306 3698 2398 3748 106
2436 3691 2728 3746 ὁσιωτάτου
2774 3693 2947 3749 αύτῶν
2991 3691 3330 3770 πατριάρχου
3365 3706 3380 3720 ⁸
3435 3693 3530 3748 καὶ
3587 3690 3803 3749 εἶδέτω·

2154 3803 2249 3837 σαν
2307 3783 2379 3845 ὡς
2437 3779 2676 3845 ἀναξίους
2735 3779 2955 3842 ἑαυτοὺς
3005 3788 3098 3838 106
3145 3781 3437 3858 σχήματος
3482 3781 3800 3851 ποιήσουσι.

2157 3869 2252 3926 Καὶ
2282 3868 2583 3943 σημείωσαι
2630 3867 2711 3923 ὅτι
2755 3870 2817 3923 τὸ
2849 3867 2947 3942 μὲν
2979 3866 3181 3931 πλάτος
3215 3875 3318 3923 τῶν
3371 3876 3595 3946 Νεαρῶν
3641 3871 3802 3946 μόνου

2153 3959 2446 4015 ἐπισκόπου
2479 3957 2744 4033 ἐμνήσθη,
2782 3957 2844 4016 τὰ
2903 3953 2958 4012 δὲ
3001 3956 3262 4014 Βασιλικὰ
3297 3956 3417 4013 οὔτε
3479 3958 3800 4033 ἐπίσκοπον,

2153 4047 2270 4106 οὔτε
2331 4047 2590 4125 κληρικὸν
2647 4055 3033 4126 παραχωροῦσι
3093 4049 3166 4110 εἰς
3231 4049 3803 4104 Κωνσταντινούπολιν

2153 4137 2441 4206 ὶπιδημεϊν
2484 4135 2604 4192 ἄνευ
2647 4138 2871 4214 γνώμης
2919 4142 3010 4192 106
3063 4135 3426 4216 πατριάρχου,
3461 4135 3528 4192 Ἥ
3567 4137 3620 4214 β’
3666 4135 3800 4198 διάτ.

2155 4231 2247 4285 τοῦ
2276 4227 2325 4282 α’
2360 4229 2461 4289 τίτ,
2497 4232 2602 4282 τῶν
2636 4226 2878 4304 Νεαρῶν,
2918 4224 3030 4282 ἔστι
3066 4225 3242 4304 Nastch
3275 4223 3658 4286 ἰουστινιανοῦ
3689 4227 3800 4306 ρκγ’

2153 4315 2378 4390 κειμένη
2409 4318 2463 4371 ἓν
2506 4313 2695 4392 βιϐλίῳ
2725 4314 2775 4393 γ’
2812 4321 2917 4371 τῶν
2946 4313 3389 4376 Βασιλιιιῶν-τιτ.
3424 4313 3500 4388 α’,
3536 4338 3665 4394 κειρ.
3705 4316 3799 4390 ιη’,

2155 4410 2243 4462 καὶ
2289 4405 2380 4485 ιθ’,
2426 4404 2459 4460 ἃ
2501 4407 2586 4461 καὶ
2631 4404 2849 4484 ἔχουσιν
2916 4404 3057 4461 οὕτω
3128 4405 3304 4468 καθὼς
3363 4407 3797 4480 συνωψίσθησαν.

2155 4497 2227 4551 Σὺ
2257 4494 2311 4551 δὲ
2345 4495 2584 4572 πρόσχες
2618 4493 2826 4569 μᾶλλον
2869 4499 2945 4566 τῷ
2989 4492 3089 4567 ις’
3119 4495 3303 4550 κανόνι
3333 4495 3432 4562 τῆς
3480 4494 3536 4550 ὲν
3575 4502 3654 4570 τῷ
3697 4498 3801 4567 ναῷ

2154 4585 2260 4642 τῶν
2302 4584 2466 4661 ᾇγίων
2523 4583 2842 4640 ἀποστόλων
2901 4582 2954 4638 α’
3013 4583 3100 4638 καὶ
3156 4582 3207 4658 β’
3272 4581 3491 4640 συνόδου
3537 4582 3800 4655 ἑξάμηνον

2155 4674 2635 4754 στενοχηιρῆσαντα
2685 4674 2776 4728 τὸν
2831 4677 2931 4739 τῆς
2989 4670 3293 4746 ἀποδημίας
3353 4672 3574 4752 χρόνον.
3619 4675 3687 4732 Ἦ
3733 4673 3802 4750 ιβ’

2155 4765 2294 4824 διάτ.
2354 4770 2446 4818 106
2488 4760 2538 4817 α’
2583 4764 2687 4824 τίτ.
2733 4767 2839 4817 τῶν
2897 4766 3140 4840 Νεαρῶν,
3201 4761 3312 4817 ἔστι
3374 4763 3553 4837 Νεαρᾶ
3584 4761 3800 4820 ’[ουστι·

2156 4854 2379 4918 νιάνειος
2413 4849 2490 4922 νζ’
2548 4852 2772 4926 κειμένη
2819 4851 2874 4906 ἐν
2923 4847 3114 4926 βιϐλίῳ
3144 4851 3192 4919 γ’
3226 4851 3329 4906 τῶν
3362 4850 3670 4907 Βασιλιοιῶν
3702 4853 3797 4912 τίτ.

2154 4942 2226 5022 δ’,
2273 4942 2368 5000 καί
2413 4941 2552 4998 οὕτω
2595 4938 2794 5019 σχεδὸν
2839 4941 2956 5014 περὶ
2999 4939 3222 5013 λήψεως
3272 4938 3500 5018 ἔχουσα,
3535 4943 3609 5002 ὡς
3644 4944 3720 5004 εἰς
3745 4942 3799 4995 τὸ

2155 5034 2394 5108 κείμενον
2444 5028 2714 5096 ἐδηλώθη.
2779 5029 3075 5106 Ἀνάγνωθι
3133 5032 3221 5085 οὖν
3275 5031 3503 5103 ταύτην,
3537 5030 3798 5108 ἀνάγνωθι

2154 5124 2240 5178 καὶ
2282 5122 2380 5188 τὴν
2427 5127 2518 5176 τοῦ
2562 5119 2860 5197 ἁγιωτάτου
2891 5118 3091 5174 ἐκείνου
3136 5118 3228 5174 καί
3275 5120 3647 5193 οἷκουμενιιιοῦ
3696 5142 3797 5176 πα-

2153 5212 2412 5290 τριάρχου
2483 5210 2658 5286 κυρίου
2748 5207 3034 5275 Νικολάου,
3115 5207 3398 5275 συνοδικὴδ
3477 5210 3796 5284 σημείωσιν,

2155 5305 2254 5371 τὴν
2287 5313 2572 5380 γεγονυῖαν
2603 5299 2740 5356 κατὰ
2769 5299 2866 5365 τὴν
2927 5296 3019 5378 ιδ’,
3080 5308 3175 5357 106
3235 5298 3467 5376 Μαρτίου
3502 5302 3676 5374 μηνὸς
3710 5304 3801 5361 τῆς

2156 5391 2206 5471 γ’
2238 5391 2570 5468 ἷνδικτιόνος,
2604 5389 2690 5444 καὶ
2733 5390 3102 5447 ὑποτυποῦσαν
3134 5388 3303 5445 πόσον
3334 5391 3520 5468 καιρὸν
3554 5389 3798 5468 ὀφείλου-

2555 5436 2570 5468 ³

435 5485 608 5545 tertia
632 5483 970 5546 coniectum
1008 5488 1146 5562 :qui
1181 5488 1510 5559 constituit,
1544 5495 1763 5564 quanto
1801 5490 2070 5563 tempore

2160 5507 2238 5540 σιν
2325 5479 2786 5555 ἀπολιμπάνεσθαι
2870 5477 3369 5556 ἆπροκριματίστως
3443 5481 3488 5533 οἱ
3555 5478 3800 5556 μεγάλης

433 5574 662 5651 Magna)
684 5573 952 5636 ecclesias
977 5547 1318 5637 sacerdotes
1343 5584 1400 5635 et
1424 5547 1662 5634 diaconi
1685 5577 1896 5634 abesse
1924 5547 2072 5634 citra

2160 5569 2478 5638 Ἐκκλησίας
2523 5571 2684 5646 ἱερεῖς
2730 5589 2786 5623 τε
2829 5570 2924 5624 καὶ
2966 5567 3227 5628 διάκονοι.
3276 5567 3502 5646 Λέγουσι
3556 5567 3607 5624 δέ
3667 5587 3800 5631 τινες

437 5662 851 5744 praajudicium
869 5664 1372 5728 debeant.Verum
1395 5663 1604 5724 dicunt
1627 5661 2072 5740 nonnulli,hinc

2160 5663 2216 5722 ἐκ
2253 5661 2449 5728 ταύτης
2507 5660 2584 5737 μὴ
2644 5658 2974 5738 ἀναιρεῖσθαι
3020 5659 3140 5723 τοὺς
3175 5658 3292 5737 περὶ
3353 5664 3459 5715 τῶν
3503 5655 3797 5727 ἆποδήιιων
