4052 6222
275 379 427 447 1085

1223 377 1721 447 NOMOCANON.
1773 413 1840 427 -
1894 378 2051 444 TIT.
2098 378 2267 459 VIII,
2314 379 2481 443 CAP.
2526 374 2697 443 II-V.

3498 357 3672 437 1086

270 518 545 601 κληρικῶν
596 515 844 596 κανόνας,
908 517 1045 597 μηδὲ
1101 520 1200 589 τήν
1248 520 1443 581 ἄνωθεν
1499 526 1894 604 καταστρωθεϊ·

1990 539 2256 585 canones
2283 519 2356 584 de
2392 519 2749 585 absentibus
2790 516 3052 596 clericis,
3087 533 3286 597 neque
3315 508 3634 582 Iustiniani

267 633 365 669 σαν
425 608 852 670 Ἰουστινιάνειον
906 610 1136 689 Νεαρὰν.
1170 613 1482 688 Σημείωσαι
1530 612 1610 671 ὅτι
1670 614 1774 671 ἀπὸ
1804 620 1912 671 τῶν

271 699 325 757 iv
383 704 460 773 τῷ
494 698 717 779 παρόντι
758 721 884 779 κεφ.
944 701 1396 779 κατεστρωμένων
1454 700 1543 761 δύο
1596 704 1911 763 Ἰουστινια-

271 790 424 847 νείων
457 794 694 868 Νεαρῶν,
733 787 890 867 ἤγουν
922 794 1019 856 τῆς
1050 790 1171 865 πς”’
1199 792 1287 849 καὶ
1315 796 1416 859 τῆς
1465 790 1586 870 ρκγ⁹
1630 791 1720 849 δύο
1748 801 1912 852 ταῦτα

269 878 661 956 ἐνομοθέτησαν
690 876 747 935 ἓν
790 879 890 955 μὲν
920 880 981 936 τὸ
1013 879 1091 953 μὴ
1134 876 1389 955 ἐνδημεῖν
1430 882 1504 944 εἰς
1533 882 1634 949 τὴν
1664 888 1769 938 τῶν
1801 882 1909 938 πό-

270 967 407 1026 λεων
460 965 845 1046 βασιλεύουσαν
902 968 1205 1050 ἀρχιερεῖς,
1267 968 1302 1038 ἢ
1334 970 1610 1050 μοναχοὺς
1641 969 1677 1039 ἢ
1709 969 1909 1049 κληρι-

269 1058 394 1121 κοὺς
439 1056 563 1117 ἄνευ
591 1057 921 1137 γραμμάτων
964 1065 1059 1115 τοῦ
1101 1058 1439 1139 πατριάρχου
1486 1062 1682 1140 αὐτῶν,
1730 1059 1908 1139 ἕτερον

269 1146 323 1203 δὲ
354 1148 416 1203 τὸ
447 1152 527 1223 μὴ
558 1144 838 1225 διατρίϐειν
880 1146 1137 1229 ἀρχιερέα
1189 1146 1275 1205 ἐπὶ
1331 1147 1468 1205 πολὺ
1524 1148 1580 1206 ἐν
1616 1159 1906 1207 Κωνσταν-

268 1234 593 1295 τινουπόλει.
628 1233 779 1293 Ἐπεὶ
837 1234 892 1292 δὲ
944 1237 1037 1294 καὶ
1067 1234 1229 1316 ἄμφω
1256 1236 1527 1313 βλέπομεν
1558 1238 1905 1315 ἄθετούμενα,

270 1324 388 1383 οὔτε
420 1325 521 1404 γὰρ
569 1327 616 1382 oi
667 1325 943 1405 ἀρχιερεῖς
1000 1323 1085 1383 διὰ
1140 1327 1472 1405 γραμμάτων
1504 1328 1910 1407 πατριαρχικῶν

267 1418 340 1479 εἷς
392 1415 491 1483 τὴν
561 1414 941 1492 βασιλεύουσαν
1001 1415 1320 1492 ἐνδημοῦσι,
1394 1414 1515 1473 ἀλλ’
1573 1418 1908 1483 οἷκειοθελῶς

268 1507 344 1570 εἷς
407 1505 506 1573 τὴν
576 1506 735 1584 θύραν
786 1508 885 1573 τῆς
937 1505 1559 1571 Κωνσταντινουπόλεως
1618 1506 1905 1587 ἐρχόμενοι

265 1592 500 1653 διδόασιν
542 1591 755 1663 εἴδησιν
797 1601 874 1668 τῷ
905 1596 1236 1676 πατριάρχῃ,
1283 1598 1371 1654 καὶ
1417 1595 1554 1653 οὕτω
1587 1601 1685 1664 τῆς
1731 1617 1908 1676 μεγα-

266 1683 543 1749 λοπόλεως
600 1682 886 1747 ἀκινδύνως
952 1682 1313 1762 ἐπιϐαίνουσι,
1359 1687 1447 1742 καὶ
1491 1685 1576 1743 ἐπὶ
1626 1685 1793 1743 πολὺν
1850 1684 1906 1743 δὲ

263 1771 463 1854 χρόνον
518 1772 572 1829 ἐν
615 1773 751 1850 αὖτῇ
794 1770 1147 1851 διατρίϐοντες
1190 1773 1437 1848 οὐδεμίαν
1485 1775 1721 1832 κάκωσιν
1766 1776 1905 1832 ὑπο-

1994 611 2288 674 novellam
2323 611 2602 692 superius
2634 613 2943 685 insertam,
2979 628 3099 672 non
3143 608 3451 687 abrogari.
3482 611 3639 673 Nota

1992 719 2134 763 vero
2157 702 2316 783 quod
2341 720 2411 763 ex
2438 700 2669 762 duabus
2694 700 2976 782 praesenti
3003 701 3183 779 capiti
3205 699 3635 763 insertisJusti-

1993 791 2156 853 niani
2179 790 2820 863 constitutionibus,86
2843 790 3122 853 videlicet
3146 797 3204 851 et
3228 789 3500 863 123,heec
3515 789 3632 852 duo

1993 880 2314 942 constituta
2338 889 2499 939 sunt:
2525 899 2734 953 unum,
2747 897 2821 941 ne
2838 881 3083 941 antistes
3097 880 3194 940 diu
3211 878 3635 941 Constantino-

1992 969 2114 1051 poli
2147 970 2406 1049 haareat;
2437 968 2715 1044 alterum,
2750 986 2826 1031 ne
2846 969 3166 1045 antistites,
3197 970 3499 1043 monachi,
3536 976 3637 1029 aut

1991 1058 2199 1121 clerici
2225 1058 2357 1120 sine
2390 1058 2608 1120 litteris
2637 1057 2995 1138 patriarchae
3027 1059 3118 1119 sui
3153 1057 3362 1119 urbem
3394 1056 3634 1119 urbium

1988 1146 2429 1211 accedant.Sed
2465 1148 2750 1229 quoniam
2776 1156 3098 1225 utrumque
3127 1148 3419 1227 rejectum
3442 1149 3632 1227 [esse]

1990 1238 2259 1300 videmus
2273 1239 2501 1319 (neque
2516 1240 2673 1300 enim
2698 1237 2993 1299 antistites
3009 1255 3116 1319 per
3135 1237 3361 1298 litteras
3385 1236 3636 1316 patriar-

1991 1327 2198 1390 chales
2233 1328 2528 1411 [urbium]
2556 1327 3012 1390 dominatricem
3044 1326 3340 1391 accedunt
3367 1347 3380 1389 :
3421 1327 3525 1388 sed
3558 1326 3630 1387 ad

1992 1416 2721 1498 Constantinopolitanam
2775 1426 3004 1499 portam
3055 1417 3390 1493 venientes,
3423 1426 3634 1497 suapte

1990 1515 2202 1587 sponte
2226 1506 2624 1588 patriarcham
2642 1508 2743 1589 [de
2766 1508 3025 1569 adventu
3048 1518 3182 1588 suo]
3211 1506 3532 1569 certiorem
3553 1506 3635 1567 fa-

1989 1595 2179 1669 ciunt,
2212 1604 2390 1678 atque
2421 1598 2500 1659 ita
2534 1596 2682 1659 citra
2725 1597 3063 1678 periculum
3112 1614 3385 1675 magnam
3414 1594 3629 1657 urbem

1988 1686 2429 1768 ingrediuntur,
2463 1686 2771 1767 multoque
2805 1695 3075 1767 tempore
3106 1686 3167 1746 in
3215 1686 3314 1748 illa
3349 1703 3628 1748 commo-

1986 1784 2195 1839 rantes
2227 1776 2448 1838 nullam
2477 1776 2850 1839 vexationem
2883 1776 3203 1856 sustinent)
3229 1793 3345 1855 quo
3378 1774 3435 1835 id
3459 1784 3628 1855 pacto

265 1861 508 1939 μένουσι,
567 1861 827 1933 ζητητέον
878 1862 1026 1927 ὅπως
1083 1866 1241 1921 τοῦτο
1294 1866 1521 1943 γίνεται.
1567 1864 1769 1940 Οἴομαι
1818 1864 1894 1922 οῦκ

1991 1865 2115 1947 ﬁat,
2148 1865 2539 1947 quaerendum
2577 1874 2688 1929 est.
2739 1869 2958 1949 [Atque
3002 1871 3135 1943 ego]
3190 1864 3431 1945 quidem
3483 1871 3626 1943 puto

264 1955 341 2015 ὡς
372 1953 407 2020 ἡ
434 1952 533 2027 μὲν
564 1951 685 2026 erg"
734 1952 907 2029 Νεαρά
956 1954 990 2020 ἡ
1022 1949 1357 2032 διοριζομὲνη
1387 1958 1751 2033 καθαιρεῖσθαι
1781 1954 1903 2018 τοὺς

260 2040 612 2121 ἐπισκόπους,
644 2038 932 2118 κληρικούς
957 2063 1014 2097 τε
1060 2044 1145 2098 καὶ
1203 2044 1477 2123 μοναχοὺς
1509 2044 1651 2120 παρὰ
1679 2044 1905 2121 γνώμην

263 2137 358 2187 τοῦ
414 2131 750 2210 πατριάρχου
807 2131 977 2187 αὐτῶν
1034 2133 1256 2189 ἐνταῦθα
1327 2131 1738 2209 ἐπιδημοῦντας,
1803 2135 1901 2189 ἆν-

260 2218 428 2298 ῃρέθη
459 2217 543 2276 διὰ
588 2218 683 2287 τῆς
728 2218 848 2298 ρκγ⁹
885 2217 1302 2281 Ἰοῦστινιανείου
1358 2228 1561 2300 Νεαρᾶς
1606 2244 1901 2301 μεταγενε-

262 2309 453 2387 στέρας
486 2309 668 2384 οὔσης,
701 2309 789 2365 καὶ
850 2306 1216 2387 διοριζομένης
1261 2311 1339 2385 μὴ
1384 2315 1743 2391 χορηγεῖσθαι
1801 2310 1900 2368 δα-

261 2398 433 2460 πάνας
466 2411 585 2462 τοῖς
641 2405 850 2455 τοιοῦτο
893 2421 943 2454 τι
986 2408 1226 2458 ποιοῦσιν
1271 2399 1585 2464 ἐπισκόποις
1645 2402 1752 2458 ἀπὸ
1793 2408 1900 2458 τῶν

259 2486 565 2555 ἐκκλησιῶν
624 2487 822 2568 αὒτῶν,
878 2489 966 2546 καὶ
1016 2490 1089 2553 είς
1132 2497 1284 2547 τοῦτο
1338 2491 1503 2566 μόνον
1554 2491 1897 2570 περικλειού-

257 2599 361 2645 σης
418 2578 518 2646 τὴν
576 2577 859 2658 τιμωρίαν.
896 2579 965 2637 Τὸ
995 2576 1049 2634 δὲ
1094 2582 1458 2657 καθαιρεῖσθαι
1488 2580 1609 2646 τοὺς
1650 2580 1897 2637 ἐπέκεινα

254 2668 453 2747 χρόνου
486 2667 620 2724 κατὰ
666 2665 768 2732 τὴν
822 2667 1075 2735 τοιαύτην
1132 2666 1250 2747 ρκγ’
1296 2668 1523 2748 Νεαρὰν,
1584 2670 1620 2739 ἢ
1651 2670 1895 2727 ἐπέκεινα

255 2755 522 2832 ἐξαμήνευ
578 2757 718 2813 κατά
760 2758 851 2813 τὸν
896 2756 996 2832 ις’
1033 2759 1230 2815 κανόνα
1283 2763 1384 2827 τῆς
1432 2758 1487 2816 ἐν
1537 2766 1614 2834 τῷ
1644 2768 1753 2834 ναῷ
1788 2761 1895 2818 τῶν

247 2842 446 2923 ’Λγίων
480 2845 832 2903 Ἀποστόλων
889 2848 1155 2914 συστάσης
1207 2845 1261 2904 α’
1303 2850 1387 2905 καὶ
1417 2848 1468 2925 β’
1500 2847 1738 2924 συνόδου,
1770 2848 1891 2907 δια-

246 2932 522 3015 τρίϐοντας
576 2933 905 3001 ἐπισκόπους
966 2939 1039 3002 είς
1096 2934 1669 2998 Κωνσταντινούπολιν
1722 2942 1891 3020 χωρὶς

245 3022 469 3102 εὒλόγου
530 3025 721 3106 αἰτίας,
785 3025 1019 3103 ἀνῃρέθη
1076 3024 1160 3083 διὰ
1218 3026 1556 3106 προστάξεως
1618 3036 1711 3086 τοῦ
1767 3029 1889 3086 ἀοι-

1987 1956 2282 2018 novellam
2318 1957 2417 2029 86,
2456 1974 2588 2038 qua:
2643 1957 2852 2018 statuit
2883 1963 2947 2018 ut
2978 1954 3269 2038 episcopi,
3303 1952 3533 2033 clerici,
3568 1960 3628 2015 et

1987 2046 2293 2127 monachi,
2326 2046 2427 2128 qui
2461 2047 2612 2109 citra
2652 2047 2964 2108 scientiam
3000 2044 3354 2125 patriarchae
3383 2043 3476 2105 sui
3508 2044 3625 2106 huc

1985 2136 2306 2217 accedunt,
2354 2136 2756 2217 deponantur,
2789 2134 3137 2213 abrogatam
3184 2151 3318 2195 esse
3370 2150 3478 2214 per
3507 2152 3623 2195 no-

1985 2224 2197 2286 vellam
2222 2225 2544 2287 Iustiniani
2586 2225 2717 2293 193.
2756 2243 2889 2305 quae
2918 2223 3222 2285 recentior
3249 2231 3363 2301 est,
3396 2229 3456 2282 et
3497 2230 3622 2283 sta-

1987 2318 2116 2391 tuit,
2155 2333 2229 2376 ne
2290 2314 2588 2395 episcopis
2645 2313 2760 2376 tale
2810 2313 3116 2394 quidpiam
3170 2311 3527 2374 facientibus
3552 2329 3625 2374 ex

1982 2406 2248 2485 ipsorum
2283 2404 2561 2467 ecclesiis
2592 2411 2865 2484 sumptus
2896 2402 3379 2484 suppeditentur,
3415 2402 3477 2463 in
3508 2401 3621 2463 hoc

1981 2512 2163 2556 unum
2198 2512 2432 2575 poenam
2464 2492 2857 2556 concludens.
2893 2490 2966 2554 Ut
2995 2498 3191 2553 autem
3216 2490 3510 2571 episcopi,
3534 2489 3623 2551 illi

1980 2585 2077 2665 qui
2111 2584 2259 2647 citra
2315 2583 2728 2646 rationabilem
2786 2600 3021 2644 causam
3080 2583 3234 2643 ultra
3263 2599 3483 2643 annum
3518 2599 3622 2643 se-

1978 2674 2241 2736 cundum
2276 2674 2580 2736 novellam
2616 2673 2757 2748 19.3,
2792 2681 2889 2734 aut
2932 2672 3086 2734 ultra
3142 2678 3435 2733 semestre
3464 2675 3624 2732 tem-

1977 2782 2089 2843 pus
2119 2764 2450 2825 secundum
2484 2781 2776 2826 canonem
2814 2760 2929 2824 160
2949 2760 3194 2823 concilii
3228 2760 3405 2841 primi
3434 2768 3492 2823 et
3521 2778 3621 2822 se-
3700 2764 3711 2771 ”

1976 2853 2156 2916 cundi
2209 2853 2270 2914 in
2327 2853 2458 2916 aede
2515 2855 2871 2917 Sanctorum
2934 2849 3354 2931 Apostolorum
3402 2849 3617 2927 coacti,

1974 2942 2493 3024 Constantinopoli
2550 2943 2802 3016 haerent,
2853 2940 3232 3022 deponantur
3266 2957 3278 3002 :
3311 2937 3399 3020 [id
3445 2940 3615 3020 vero]

1975 3032 2326 3112 abrogatum
2357 3039 2449 3095 est
2503 3050 2610 3112 per
2630 3031 2965 3113 jussionem
3000 3028 3382 3092 celeberrimi
3418 3029 3615 3108 impe-

249 3110 401 3190 δίμου
429 3112 689 3190 βασιλέως
738 3115 917 3191 κυρίου
963 3114 1216 3183 Μανουὴλ
1259 3123 1351 3174 τοῦ
1393 3118 1703 3198 Κομνηνοῦ,
1749 3118 1891 3176 ἀπο-

1986 3110 2186 3184 ratoris
2217 3122 2424 3184 domni
2454 3110 2747 3184 Manuelis
2797 3121 3113 3196 Comneni,
3167 3137 3303 3201 quae
3332 3118 3494 3181 edita
3525 3126 3618 3181 est

252 3202 500 3299 λυθείσης
559 3204 694 3260 κατά
751 3210 899 3281 μῆνα
976 3204 1340 3281 Σεπτέμϐριον
1399 3204 1748 3273 Ἰνδικτιῶνος
1816 3211 1887 3281 ζ’,

1986 3228 2183 3273 mense
2232 3210 2600 3292 Septembri,
2659 3210 3317 3299 indictioneseptima,
3371 3215 3432 3269 et
3487 3208 3616 3299 haec

254 3293 339 3349 καὶ
383 3290 745 3371 διοριζομένης
803 3302 969 3351 ταῦτα
1017 3294 1217 3372 ῥητῶς.
1269 3302 1442 3354 Ταῦτα
1488 3296 1659 3353 τοίνυν
1689 3295 1891 3353 ἀναλο-

251 3382 521 3461 γισαμένη
552 3382 587 3451 ἦ
618 3381 861 3459 βασιλεία
906 3405 1009 3461 μου
1052 3385 1183 3462 πρὸς
1224 3384 1323 3453 τὴν
1393 3392 1663 3461 παροῦσαν
1716 3384 1893 3444 ἐλθεῖν

250 3472 555 3546 οἰκονομίαν
608 3472 918 3551 ἠναγκάσθη
974 3475 1063 3530 καὶ
1118 3472 1344 3547 ἄκουσα,
1404 3475 1493 3531 καὶ
1524 3475 1757 3547 θεσπίζει
1809 3475 1893 3532 διὰ

248 3568 343 3619 τοῦ
397 3563 662 3641 παρόντος
717 3563 919 3630 ταύτης
974 3564 1388 3642 προστάγματος
1419 3565 1496 3639 μὴ
1525 3563 1743 3621 πλείονα
1801 3572 1895 3623 τοῦ

247 3650 392 3730 παρά
439 3673 498 3709 τε
554 3653 662 3709 τῶν
714 3651 1042 3730 φιλευσεϐὡν
1098 3656 1300 3735 νόμων,
1345 3656 1569 3713 καὶτῶν
1606 3655 1758 3713 θείων
1786 3678 1892 3713 κα-

247 3741 412 3797 νόνων
454 3741 863 3821 ὑφαπλωθέντος
908 3746 1094 3821 καιροῦ
1161 3756 1277 3808 τοῖς
1336 3745 1645 3822 ἱερωτάτοις
1690 3745 1889 3825 ἀρχιε-

245 3840 420 3908 ρεῦσιν
495 3828 834 3911 ἐνδιατρίϐειν
909 3831 1035 3913 δίχα
1081 3834 1226 3896 τινὸς
1294 3833 1661 3911 ἀπαραιτήτου
1710 3834 1889 3909 ἐμπο-

242 3918 432 3996 δισμοῦ
483 3920 539 3977 iv
589 3927 659 3997 τῇ
718 3919 1105 4003 μεγαλοπόλει,
1167 3925 1257 3979 καὶ
1309 3929 1606 4002 προφανοῦς
1664 3922 1886 4003 εὐλόγου

239 4010 583 4090 προφάσεως,
614 4010 650 4080 ἢ
685 4010 784 4087 μὲν
813 4012 903 4068 καὶ
951 4008 1173 4078 ἄκοντες
1204 4017 1304 4081 τῆς
1339 4010 1757 4091 μεγαλοπόλεως
1786 4012 1883 4069 ἐκ-

237 4095 622 4170 ϐληθήσονται.
667 4099 735 4157 Ἦ
781 4100 963 4177 μέντοι
1008 4122 1071 4180 γε
1116 4100 1172 4158 iv
1214 4102 1283 4170 τῇ
1329 4100 1694 4180 μεγαλοπόλει
1740 4101 1885 4159 εἰσέ-

237 4186 419 4254 λευσις
478 4193 651 4249 αὐτῶν
734 4189 934 4270 ὀφείλει
1017 4191 1249 4269 γίνεσθαι
1306 4192 1443 4249 κατά
1498 4191 1595 4260 τὴν
1654 4190 1882 4249 ἔκπαλαι

239 4284 555 4358 ωνὸνικῶς,
588 4278 675 4336 καὶ
708 4279 950 4355 νομίμως
979 4280 1328 4358 κρατήσασαν
1358 4281 1665 4350 συνήθειαν,

322 4375 573 4430 ΚΕΦΑΛ.
620 4367 701 4430 Γ’.
754 4401 833 4413 —
882 4369 1009 4449 Περὶ
1065 4375 1158 4426 τοῦ
1217 4374 1417 4448 χρῆναι
1474 4370 1598 4434 τοὺς
1656 4369 1884 4427 ἐπισκό-

238 4479 369 4521 πους
427 4459 521 4523 τὰς
580 4460 752 4522 αἰτίας
831 4463 934 4527 τῆς
1022 4456 1322 4537 ὁδοιπορίας
1393 4463 1502 4515 τῶν
1567 4456 1635 4514 δι’
1710 4458 1886 4516 αὐτῶν

235 4547 537 4624 παριόντων
567 4546 875 4605 ἐπισκόπων
904 4546 1402 4626 πολυπραγμονεῖν.

318 4635 547 4697 Συνόδου
572 4636 832 4716 Σαρδικῆς
861 4638 1037 4694 κανών
1066 4637 1179 4696 κα’.

317 4724 573 4789 ΚΕΦΑΛ.
624 4726 710 4787 Δ’.
778 4758 856 4772 -—
907 4729 1032 4805 Περὶ
1091 4727 1424 4804 ἐπισκόπων,
1467 4730 1554 4786 καὶ
1611 4734 1881 4808 κΛηρικῶν

233 4816 504 4873 ἀπιόντων
537 4817 665 4889 πρὸς
696 4815 944 4894 βασιλέα,
980 4816 1016 4885 ἢ
1046 4818 1168 4882 τοὺς
1201 4820 1319 4895 περὶ
1349 4819 1529 4878 αὐτόν.

316 4902 543 4965 Συνόδου
576 4904 910 4985 Ἀντιοχείας
942 4905 1117 4963 κανών
1165 4907 1261 4981 ια’,
1297 4907 1367 4985 ιβ’
1394 4927 1410 4945 ο
1447 4904 1675 4965 Συνόδου
1734 4914 1879 4985 Σαρ-

229 4992 386 5063 δικῆς
416 4994 592 5052 κανών
647 4994 718 5075 ζ’,
765 4994 847 5070 η’,
887 4993 958 5071 θ’,
1024 4993 1113 5052 xz’
1148 5014 1161 5028 '
1212 4997 1438 5054 Συνόδου
1498 4997 1876 5076 Καρθαγέννης

228 5083 409 5139 κανών
443 5080 546 5161 ρδ’,
580 5082 715 5160 ρξ’,

310 5168 571 5234 ΚΕΦΑΛ.
610 5170 692 5231 Ε’.
743 5206 813 5218 -
862 5176 989 5252 Περὶ
1047 5170 1327 5253 ὑποδοχῆς
1387 5172 1571 5253 ξένων,
1632 5174 1716 5230 κα)
1759 5175 1876 5253 περὶ

225 5262 509 5339 εἰρηνικῶν
542 5262 630 5319 καὶ
654 5268 987 5320 συστατικῶν
1021 5261 1341 5321 ἐπιστολῶν.

310 5349 658 5409 Ἀποστόλων
717 5352 893 5409 κανών
937 5351 1033 5429 ιβ’,
1091 5352 1180 5432 λγ¹
1213 5369 1229 5385 ’
1291 5350 1507 5409 συνόδου
1541 5352 1874 5432 Ἀντιοχείας

223 5441 405 5501 κανών
459 5441 530 5520 ζ’,
591 5442 675 5523 η’,
732 5440 805 5500 ια’
841 5460 855 5474 ⁶
918 5443 1135 5504 συνόδου
1196 5442 1505 5507 Λαοδικείας
1546 5444 1720 5501 κανών
1751 5444 1872 5521 μα’,

223 5529 322 5607 μϐ’
357 5548 371 5563 ⁶
434 5530 656 5590 συνόδου
685 5531 1028 5601 Χαλκηδόνος
1059 5535 1236 5593 κανών
1269 5532 1341 5613 ιγ’
1376 5551 1390 5567 ⁶
1426 5532 1642 5590 συνόδου
1674 5532 1871 5611 Σαρδι-

218 5624 329 5690 κῆς
368 5622 539 5680 κανών
592 5620 639 5680 θ’
676 5641 690 5657 ’
753 5622 972 5682 συνόδου
1028 5623 1405 5705 Καρθαγὲννης
1464 5624 1640 5680 κανών
1706 5624 1820 5699 κζ’
1850 5642 1865 5658 ⁸

220 5710 445 5773 συνόδου
472 5710 575 5791 ς’,
611 5714 786 5772 κανών
818 5713 909 5788 ιζ’.

1975 3300 2285 3362 constituit
2333 3300 2392 3361 in
2436 3301 2565 3363 haec
2609 3299 2829 3363 verba:
2864 3298 2978 3363 Ubi
3011 3298 3193 3378 igitur
3230 3298 3616 3377 imperatoria

1977 3407 2110 3450 mea
2143 3390 2427 3469 majestas
2457 3391 2583 3451 haec
2616 3388 2922 3471 expendit,
2960 3387 3033 3450 ad
3073 3398 3429 3469 praesentem
3484 3386 3613 3448 dis-

1977 3478 2338 3559 positionem
2372 3478 2548 3539 etiam
2582 3479 2767 3539 invita
2789 3478 3161 3539 descendere
3179 3486 3383 3539 coacta
3405 3486 3519 3540 est:
3545 3495 3615 3537 ac

1976 3567 2169 3630 sancit
2193 3586 2300 3648 per
2330 3578 2684 3648 praesentem
2718 3570 2871 3630 hanc
2899 3567 3260 3647 jussionem,
3299 3585 3374 3628 ne
3405 3583 3612 3627 sacer-

1976 3656 2117 3719 rimi
2163 3657 2434 3737 episcopi
2481 3656 2632 3719 citra
2687 3656 3041 3719 inevitabile
3072 3655 3315 3737 aliquod
3346 3654 3613 3736 impedi-

1975 3754 2240 3808 mentum
2276 3754 2335 3808 et
2368 3746 2678 3809 evidenter
2719 3746 3140 3809 rationabilem
3175 3762 3438 3821 causam,
3475 3744 3611 3805 lon-

1969 3835 2138 3914 giore
2168 3846 2463 3916 tempore,
2488 3855 2666 3916 quam
2700 3855 2733 3897 a
2767 3836 2880 3916 piis
2900 3834 3135 3915 legibus
3161 3833 3499 3914 divinisque
3521 3852 3616 3896 ca-

1968 3924 2228 3987 nonibus
2278 3925 2635 4007 praeﬁnitum
2674 3938 2790 4000 est,
2824 3931 2884 3987 in
2918 3942 3129 4004 magna
3161 3924 3311 3986 urbe
3341 3943 3612 3986 commo-

1969 4024 2180 4078 rentur
2213 4035 2227 4078 :
2262 4024 2361 4077 aut
2412 4015 2633 4096 alioqui
2692 4016 2781 4079 vel
2816 4015 2985 4077 inviti
3018 4014 3091 4077 ab
3126 4014 3231 4076 illa
3260 4013 3609 4094 ejicientur.

1967 4102 2191 4168 Verum
2219 4103 2491 4185 ipsorum
2526 4104 2586 4165 in
2646 4122 2918 4182 magnam
2952 4104 3165 4167 urbem
3197 4103 3478 4166 introitus
3506 4121 3611 4166 se-

1968 4194 2231 4257 cundum
2270 4203 2529 4256 veterem
2562 4212 2634 4256 ex
2689 4192 3021 4256 canonibus
3054 4202 3115 4256 et
3155 4192 3390 4272 legibus
3420 4201 3609 4255 ortam

1969 4283 2101 4345 ﬁeri
2122 4282 2305 4345 debet
2334 4283 2862 4349 consuetudinem.

2050 4371 2214 4437 CAP.
2250 4372 2352 4435 IIl.
2383 4407 2461 4419 —
2512 4374 2849 4454 Episcopus
2898 4374 3139 4435 itineris
3194 4373 3613 4453 episcoporum

1968 4479 2111 4524 suos
2167 4463 2431 4525 ditiones
2498 4464 2948 4526 transeuntium
3021 4479 3235 4525 causas
3285 4464 3611 4541 inquirere

1966 4559 2269 4632 oportere.

2047 4641 2299 4704 Concilii
2332 4640 2711 4704 Sardicensis
2742 4660 2934 4704 canon
2976 4649 3069 4705 it.

2047 4728 2213 4793 CAP.
2248 4728 2347 4792 IV.
2377 4765 2455 4777 —
2487 4732 2568 4793 De
2598 4733 2899 4811 episcOpis
2929 4740 2983 4793 et
3013 4731 3248 4794 clericis
3281 4730 3388 4809 qui
3407 4728 3485 4790 ad
3501 4730 3609 4791 im-

1964 4827 2300 4899 peratorem
2329 4823 2535 4899 ejusve
2567 4823 2918 4883 comitatum
2942 4821 3187 4882 abeunt.

2044 4908 2293 4973 Concilii
2317 4909 2678 4971 Antiocheni
2709 4928 2900 4971 canon
2930 4915 3024 4978 lt,
3054 4908 3162 4971 12:
3200 4904 3438 4968 concilii
3464 4903 3609 4967 Sar-

1961 4996 2228 5058 dicensis
2260 5015 2450 5057 canon
2484 4998 2542 5066 7,
2580 4998 2640 5077 8,
2672 4997 2731 5073 9,
2770 4998 2834 5058 11
2872 4994 3150 5071 ;concilii
3183 4991 3612 5071 Carthaginen-

1959 5088 2043 5147 sis
2077 5104 2267 5148 canon
2303 5088 2434 5160 104,
2478 5086 2608 5150 106.

2039 5176 2212 5239 CAP.
2244 5177 2317 5239 V.
2360 5210 2422 5222 -
2459 5176 2547 5237 De
2587 5176 3057 5254 peregrinorum
3111 5175 3514 5251 susceptione,
3550 5179 3605 5232 et

1957 5264 2033 5327 de
2058 5266 2331 5345 paciﬁcis
2352 5264 2985 5342 commendatitiisque
3013 5264 3271 5325 litteris.

2038 5355 2459 5434 Apostolorum
2483 5372 2675 5415 canon
2701 5352 2799 5432 12,
2826 5353 2938 5433 33;
2962 5350 3204 5414 concilii
3236 5351 3606 5414 Antiocheni

1958 5463 2148 5507 canon
2183 5448 2241 5519 7,
2299 5444 2358 5518 8,
2424 5446 2539 5520 11;
2593 5443 2836 5505 concilii
2895 5441 3217 5504 Laodiceni
3267 5459 3461 5503 canon
3494 5442 3601 5516 41,

1958 5535 2073 5610 42;
2133 5533 2380 5596 concilii
2434 5532 2945 5595 Chalcedonensis
2994 5550 3184 5593 canon
3243 5532 3323 5612 9;
3357 5531 3602 5595 concilii

1955 5622 2335 5686 Sardicensis
2366 5642 2558 5685 canon
2589 5627 2628 5685 9
2654 5642 2670 5700 ;
2698 5622 2940 5685 concilii
2972 5620 3460 5702 Carthaginensis
3496 5639 3597 5682 ca-

1955 5732 2076 5778 non
2106 5714 2185 5777 23
2216 5731 2231 5790 ;
2267 5713 2506 5777 concilii
2534 5713 2685 5777 sexti
2715 5732 2909 5777 canon
2944 5714 3040 5776 17.
