4052 6222
416 295 566 367 1087

1592 299 1857 366 ΡΗΟΤΙΙ
1913 297 2433 366 PATRIARCHE
2475 301 2587 366 ΟΡ.

3625 289 3780 362 1088

491 436 664 504 CAP.
697 433 794 502 VI.
827 473 898 485 -
928 435 1018 503 De
1032 437 1377 520 diﬁerentia
1400 421 1802 520 paci/iceram
1827 445 1880 502 et
1901 454 2055 501 com-

2216 435 2472 499 ΚΕΦΑΛ.
2521 426 2625 513 ς”⁰
2689 469 2767 483 -
2819 434 2950 517 Περὶ
3000 432 3253 518 διαφορᾶς
3327 433 3632 515 εἰρηνικῶν,
3688 431 3784 489 καὶ

410 529 908 592 mendatitiarum
939 528 1280 592 litterarum
1293 578 1308 592 .

493 617 743 680 Concilii
803 616 1318 681 Chalcedonensis
1387 635 1578 681 canon
1639 622 1756 691 ll;
1812 617 2056 682 concilii

413 707 898 786 Carthaginensls
928 727 1120 770 canon
1161 709 1293 773 106.

489 796 660 860 CAP.
694 795 822 862 VII.
855 832 930 846 —
963 798 1192 875 Quibus
1209 799 1516 879 episcopos
1535 797 1858 862 subvenire
1884 814 2056 879 opor-

402 892 545 963 teat,
573 895 631 950 et
653 888 727 951 de
758 888 1079 968 episcopis,
1114 890 1489 968 presbyteris
1523 896 1586 950 et
1614 889 1914 962 diaconis,
1949 890 2058 970 qui

409 977 827 1056 indigentibus
871 977 1261 1041 ecclesiastici
1285 979 1550 1053 [ordinis
1578 976 1918 1041 hominibus
1942 996 2056 1041 ne-

409 1067 703 1146 cessaria]
734 1085 859 1129 non
886 1069 1295 1148 suppeditant.

489 1155 913 1236 Apostolorum
971 1175 1162 1220 canon
1213 1157 1330 1233 59;
1382 1155 1624 1219 concilii
1671 1155 2054 1219 Sardicensis

411 1262 605 1308 canon
629 1246 691 1309 7.

382 1336 389 1343 ’
497 1335 741 1398 Textus.
779 1333 1120 1414 [adigentes
1144 1335 1410 1398 haeretici
1439 1354 1561 1397 non
1587 1336 1893 1416 accipiunt
1914 1355 1946 1398 e
1960 1338 2058 1418 ju-

415 1425 590 1487 diciis
620 1434 720 1488 aut
749 1426 1026 1488 ecclesiis
1057 1444 1125 1490 ea
1155 1445 1285 1507 quae
1317 1425 1640 1488 honoraria
1670 1425 1972 1503 dicuntur,
1993 1435 2056 1490 ut

416 1514 522 1579 lib.
555 1534 598 1595 ι,
635 1515 721 1590 tit,
758 1517 817 1590 5,
841 1525 1036 1579 const.
1065 1517 1102 1579 8
1135 1515 1467 1594 [traditur].

495 1605 803 1670 Scholion.
843 1607 1018 1669 Cont.
1072 1605 1136 1680 8,
1172 1605 1280 1667 lib.
1312 1624 1331 1666 1
1362 1606 1499 1667 cod.
1535 1611 1628 1667 est
1657 1623 1788 1686 cap.
1822 1606 1923 1680 28,
1961 1605 2051 1670 tit.

414 1697 473 1766 l,
503 1695 614 1759 lib.
647 1713 670 1758 ι
700 1696 878 1758 Basil.
915 1695 1076 1777 quod
1127 1695 1330 1772 habet,
1383 1702 1449 1759 ut
1476 1695 1539 1757 in
1570 1704 1732 1760 textu
1760 1715 2055 1777 compen-

412 1785 582 1850 diose
606 1786 974 1866 propositum
998 1796 1112 1850 est.

493 1875 660 1939 CAP.
696 1874 849 1940 VIll.
880 1911 960 1922 —
989 1877 1075 1942 De
1128 1878 1408 1960 synodis,
1461 1885 1517 1942 et
1563 1876 1672 1958 qui
1696 1876 1776 1940 ad
1803 1895 1902 1940 eas
1932 1896 2058 1943 non

416 1966 733 2029 accedunt.

493 2057 917 2138 Apostolorum
953 2076 1146 2120 canon
1176 2058 1255 2120 37
1282 2077 1300 2134 ;
1333 2057 1574 2120 concilii
1605 2056 1832 2120 Nicmni
1863 2077 2054 2121 canon

412 2147 487 2222 5;
521 2146 763 2208 concilii
792 2147 1160 2212 Antiocheni
1185 2166 1378 2210 canon
1407 2147 1528 2229 20;
1565 2147 1804 2210 concilii
1835 2147 2054 2210 Laodi-

419 2236 556 2299 ceni
585 2255 778 2300 canon
836 2241 958 2313 40;
1022 2237 1265 2301 concilii
1321 2237 1833 2301 Chalcedonensis
1863 2257 2052 2300 canon

418 2325 514 2399 19,
547 2324 661 2400 2t;
715 2327 959 2389 concilii
1007 2327 1509 2406 Carthaginensis
1562 2346 1756 2390 canon
1814 2328 1916 2404 48,
1952 2328 2051 2404 73,

420 2410 518 2488 76,
553 2412 635 2474 95
664 2434 680 2490 ;
711 2415 954 2477 concilii
1006 2421 1156 2478 sexti
1207 2433 1402 2479 canon
1433 2420 1515 2494 8;
1561 2414 1800 2478 concilii
1830 2414 2053 2478 Nicaeni

415 2501 669 2563 secundi
700 2520 892 2565 canon
922 2505 984 2569 6.

504 2591 748 2655 Τρωίας.
785 2595 990 2657 Const.
1049 2593 1088 2655 2
1119 2603 1180 2655 et
1212 2598 1311 2674 t7,
1345 2593 1434 2656 tit.
1475 2595 1497 2658 l
1537 2593 1914 2656 Novellarum
1946 2611 2058 2656 vo-

416 2679 569 2756 lunt,
604 2689 751 2756 etc.,
777 2700 963 2763 usque
986 2685 1065 2747 ad
1098 2683 1435 2747 afﬁciantur
1467 2683 1792 2766 supplicio,
1815 2691 1880 2747 ut
1909 2701 2055 2764 pag.

417 2770 561 2834 679.

495 2860 828 2927 Scholium.
885 2862 1088 2927 Const.
1121 2865 1160 2927 2
1189 2873 1248 2925 et
1302 2865 1401 2945 1⁵7,
1446 2865 1534 2928 tit.
1580 2865 1607 2926 1
1646 2863 2052 2940 Novellarl’im,

417 2961 557 3016 sunt
580 2953 830 3015 novellae
860 2953 1000 3028 123,
1053 2973 1185 3035 cap.
1240 2955 1359 3035 l3;
1393 2962 1451 3015 et
1480 2954 1889 3028 novellae137,
1917 2971 2050 3036 cap.

419 3044 476 3104 7.
513 3043 743 3104 Inserta
773 3052 911 3104 sunt
938 3053 1135 3105 autem
1167 3044 1344 3105 ambo
1379 3043 1478 3105 lib.
1534 3043 1719 3106 Basil.
1751 3061 1840 3124 ut,
1870 3044 1959 3105 tit.
1997 3050 2053 3118 1,

417 3149 551 3207 cap.
582 3133 662 3192 20
693 3141 751 3194 et
777 3132 881 3214 2t,
915 3153 1046 3214 qum
1076 3135 1254 3196 etiam
1289 3135 1411 3196 illic
1445 3134 1632 3213 legas.
1662 3133 1807 3196 Nam
1837 3135 1932 3196 hic
1963 3133 2114 3221 in-c

418 3229 579 3283 serta
610 3239 728 3283 non
762 3232 921 3299 sunt,
973 3231 1037 3286 ut
1087 3243 1222 3305 qua;
1253 3225 1580 3287 efﬁcaciam
1616 3243 1736 3287 non
1767 3223 2050 3287 habeant.

497 3399 664 3463 CAP.
697 3400 795 3465 lX.
823 3435 900 3448 —
924 3401 1016 3465 Ne
1035 3410 1252 3466 temere
1281 3404 1538 3485 episcopi
1566 3411 1681 3467 aut
1713 3404 1923 3468 clerici
1953 3406 2058 3484 (li-

420 3488 589 3552 beros
615 3495 776 3559 suos)
804 3495 1210 3572 emancipent.

498 3577 754 3642 Concilii
777 3580 1264 3662 Carthaginensis
1291 3602 1482 3646 canon
1511 3587 1612 3648 35.

498 3668 664 3732 CAP.
700 3669 772 3732 X.
806 3708 871 3720 -—
906 3673 1217 3748 Quomodo
1245 3677 1510 3756 episcopi
1538 3675 1938 3755 competentia
1966 3676 2054 3738 si-

423 3758 483 3821 bi
511 3759 664 3838 loca,
698 3778 835 3842 quce
880 3763 956 3826 ab
987 3765 1286 3838 har'eticis
1313 3765 1685 3841 detinentur,
1719 3764 2052 3829 vindicent.

499 3938 749 4002 Concilii
783 3941 1271 4021 Carthaginensis
1298 3961 1488 4006 canon
1519 3943 1618 4007 124
1638 3990 1653 4006 .

503 4028 756 4093 Textas.
790 4030 1037 4094 Novella
1067 4035 1167 4107 37,
1200 4033 1280 4094 ait
1313 4032 1618 4096 Ecclesias
1647 4030 1894 4107 Africae,
1937 4039 2053 4096 etc.

417 4136 608 4198 usque
637 4121 716 4182 ad
745 4121 985 4184 auferre
1017 4127 1271 4202 [posse],
1296 4129 1365 4184 ut
1392 4139 1527 4201 pag.
1563 4121 1706 4197 679,
1742 4121 1883 4184 682.

499 4206 829 4273 Schotium.
881 4211 1134 4273 Novella
1180 4213 1256 4272 57
1290 4212 1478 4291 posita
1510 4220 1598 4272 est
1627 4210 1688 4272 in
1723 4209 1900 4273 Basil.
1933 4209 2059 4272 Hoc

419 4305 616 4358 autem
669 4296 859 4377 ipsius
888 4317 1020 4377 cap.
1053 4318 1173 4360 non
1205 4308 1298 4362 est
1326 4299 1614 4380 positum.
1653 4298 2056 4373 Quamobrem

419 4403 498 4448 no
526 4385 766 4446 inanem
802 4387 1069 4450 laborem
1102 4388 1418 4470 suscipias.

501 4473 666 4537 CAP.
695 4474 792 4537 XI.
831 4513 904 4524 -
930 4477 1096 4551 Quod
1129 4477 1381 4541 lectores
1408 4478 1638 4560 plebem
1660 4495 1865 4541 versus
1891 4476 2060 4558 geni-

418 4563 620 4628 culari
647 4583 771 4628 non
793 4565 1068 4634 debeant.

502 4655 750 4718 Concilii
783 4655 1272 4735 Carthaginensis
1303 4675 1496 4720 canon
1532 4658 1632 4720 46.

500 4743 665 4809 CAP.
697 4743 822 4808 ΧΠ.
852 4777 925 4790 -
961 4745 1042 4808 De
1061 4748 1376 4826 episcopis,
1403 4747 1512 4826 qui
1541 4764 1663 4810 non
1693 4752 2059 4809 convertunt

417 4834 758 4905 haereticos,
789 4836 942 4898 etde
971 4837 1263 4917 episcopis
1292 4845 1348 4897 et
1379 4834 1647 4911 clericis,
1681 4838 1791 4917 qui
1815 4853 1938 4897 non
1961 4835 2062 4897 do-

419 4933 554 4986 cent
575 4924 892 5005 papulum,
926 4934 982 4988 et
1011 4927 1170 5005 quod
1200 4929 1517 5006 episcopus
1539 4943 1652 5004 pro
1675 4923 1897 5003 populo
1932 4925 2057 4988 Deo

418 5016 730 5077 rationem
763 5015 1018 5089 reddat;
1045 5023 1102 5078 et
1133 5014 1375 5096 quando
1407 5033 1542 5077 cum
1574 5014 1834 5096 populus
1859 5032 2060 5096 pecca-

419 5103 528 5180 vit,
562 5104 766 5167 clerus
792 5106 1383 5168 excommunicatur.

501 5280 930 5360 Apostolorum
976 5302 1169 5344 canon
1217 5287 1317 5358 36,
1351 5285 1454 5358 39,
1487 5283 1606 5359 58;
1640 5283 1882 5344 concilii
1913 5280 2058 5346 Car-

423 5369 799 5525 :léagériensis
830 5389 1020 5433 canon
1056 5376 1192 5446 I23,
1223 5373 1382 5452 124;
1417 5371 1657 5436 concilii
1686 5374 1835 5436 sexti
1865 5391 2058 5436 canon

2079 4533 2127 4587 ο

2135 533 2464 584 συστατικῶν
2496 523 2822 588 ἐπιστολῶν.

2216 615 2442 676 Συνόδου
2473 615 2816 685 Χαλκηδόνος
2845 617 3021 674 κανών
3063 615 3138 674 ια’
3173 633 3187 647 ⁹
3238 614 3456 673 συνόδου
3497 611 3778 691 Καρθαγί-

2138 729 2235 773 νης
2279 707 2458 762 κανών
2489 705 2624 784 pg".

2217 794 2474 856 ΚΕΦΑΛ.
2533 794 2615 858 Ζ’.
2659 830 2741 842 -
2782 797 2897 855 Τίσι
2956 795 3041 854 δεῖ
3081 795 3207 859 τοὺς
3263 795 3588 856 ἐπισκόπους
3633 793 3779 869 βοη-

2137 893 2275 964 Θεϊν,
2323 889 2416 946 καῖ
2491 890 2610 967 περὶ
2679 889 3014 964 ἐπισκόπων,
3075 891 3168 945 καί
3242 885 3630 965 πρεσϐυτέρων,
3690 884 3781 941 καὶ

2139 977 2400 1036 διακόνων
2470 981 2548 1056 μὴ
2633 979 3020 1060 χορηγούντων
3095 991 3214 1042 τοῖς
3287 977 3517 1035 ἐνδεέσιν
3572 974 3780 1045 ἐκκλη-

2138 1080 2463 1132 σιαστικοτς.

2216 1155 2566 1216 Ἀποστόλων
2634 1158 2811 1216 κανὼν
2876 1157 2951 1216 νθ’
2987 1173 3001 1189 ⁸
3064 1155 3282 1215 συνόδου
3347 1153 3610 1236 Σαρδικῆς
3668 1175 3780 1212 κα·-

2137 1247 2240 1304 νὼν
2269 1246 2344 1319 ζ’,

2215 1335 2506 1414 Κείμενον.
2553 1341 2614 1398 Οἱ
2665 1341 2954 1415 πενόμενοι
3016 1338 3270 1418 αἱρετικοὶ
3341 1336 3403 1393 οὗ
3444 1333 3783 1408 λαμϐάνουσι

2136 1427 2203 1483 τὰ
2234 1427 2500 1506 λεγόμενα
2530 1427 2864 1504 ἀξιωματικὰ
2892 1430 2999 1486 ἀπὸ
3029 1435 3136 1485 τῶν
3191 1425 3569 1504 δικαστηρίων,
3600 1423 3636 1492 ἢ
3671 1429 3784 1479 τῶν

2140 1515 2483 1583 Ἐκκλησιῶν
2513 1519 2586 1582 ὡς
2617 1515 2819 1595 βιϐλίον
2852 1517 2925 1596 α’,
2957 1518 3062 1581 τίτ,
3095 1515 3166 1591 ε’,
3198 1513 3337 1575 διάτ.
3371 1513 3454 1582 η’.

2217 1606 2481 1686 Σχόλιον,
2530 1607 2595 1664 Ἦ
2653 1606 2710 1674 η’
2754 1607 2894 1668 διάτ.
2969 1615 3062 1664 τοῦ
3107 1605 3150 1664 ε’
3193 1606 3298 1667 τίτ,
3342 1613 3437 1662 τοῦ
3481 1602 3533 1659 α’
3574 1599 3784 1678 βιϐλίου

2135 1705 2230 1757 τοῦ
2259 1695 2483 1762 κώδικος
2515 1696 2627 1754 ἔστι
2672 1718 2796 1776 κεφ.
2841 1695 2959 1772 κη’,
2992 1703 3086 1754 τοῦ
3115 1695 3166 1752 α’
3209 1691 3414 1772 βιϐλίου
3459 1695 3564 1749 τῶν
3609 1699 3782 1748 Βασι-

2074 1809 2115 1860 Β
2135 1784 2299 1845 λικῶν
2329 1785 2496 1852 οὕτως
2525 1786 2658 1868 ἔχον
2687 1788 2760 1852 ὣς
2793 1785 3101 1862 συνωψίσθη
3133 1786 3206 1848 εἷς
3237 1785 3299 1840 τὸ
3330 1782 3596 1858 κείμενον.

2223 1883 2473 1940 ΚΕΦΑΛ.
2519 1876 2612 1939 Η’.
2658 1909 2737 1922 -—
2780 1876 2905 1956 Περὶ
2947 1874 3203 1948 συνόδων,
3269 1873 3356 1930 καὶ
3413 1876 3522 1928 τῶν
3567 1871 3641 1937 εἰς
3694 1869 3789 1926 αὖ·

2139 1967 2231 2030 τὰς
2263 1968 2343 2044 μὴ
2372 1967 2664 2031 ἀπιόντων,

2219 2055 2569 2114 Ἀποστόλων
2594 2057 2770 2114 κανὼν
2807 2053 2910 2130 λζ’,
2943 2051 3162 2114 συνόδου
3206 2052 3429 2115 Νικαίας
3470 2050 3648 2108 κανών
3681 2049 3731 2106 ε’
3762 2063 3784 2082 ⁸

2137 2146 2355 2204 συνόδου
2415 2144 2751 2224 Ἀντιοχείας
2821 2143 2997 2202 κανών
3065 2143 3147 2217 η’,
3195 2139 3412 2200 συνόδου
3469 2137 3788 2204 Λαοδικείας

2138 2238 2313 2294 κανὼν
2356 2235 2415 2310 μ’
2449 2251 2464 2267 ⁸
2513 2233 2731 2293 συνόδου
2763 2231 3107 2301 Χαλκηδόνὸς
3141 2233 3316 2290 κανὼν
3351 2229 3443 2304 ιϐ’,
3475 2227 3563 2286 »ια’
3602 2246 3615 2263 ·
3648 2251 3788 2286 συν-

2137 2325 2258 2383 όδου
2300 2323 2648 2404 Καρθαγὲνης
2691 2325 2868 2382 κανὼν
2911 2323 3012 2399 ιη’,
3067 2320 3177 2402 ογ’,
3209 2321 3345 2396 ρξ’,
3394 2320 3482 2397 ζἐ’
3511 2337 3526 2352 ⁸
3563 2317 3789 2377 συνόδου

2137 2416 2240 2492 ς’,
2275 2417 2451 2473 κανὼν
2479 2413 2535 2482 η’
2571 2434 2584 2448 ·
2622 2413 2838 2474 συνόδου
2869 2413 3090 2476 Νικαίας
3117 2413 3180 2469 τὸ
3208 2409 3284 2489 β’,
3313 2410 3489 2468 κανὼν
3516 2408 3621 2484 ς’.

2221 2595 2503 2670 Κείμενον.
2568 2593 2632 2652 Ἦ
2703 2590 2755 2670 β’
2797 2593 2886 2650 καὶ
2930 2589 2996 2663 ιζ’
3056 2591 3226 2664 διάτ.,
3272 2589 3365 2648 τοῦ
3416 2586 3468 2646 α’
3521 2589 3628 2648 τίτ,
3674 2593 3790 2644 τῶν

2141 2691 2354 2764 Νεαρῶν
2388 2683 2697 2764 βούλονται,
2727 2705 2784 2747 κ,
2816 2705 2868 2742 τ.
2903 2681 2985 2757 λ,,
3037 2698 3228 2761 usque
3258 2679 3334 2742 ad
3362 2679 3400 2748 ἢ
3429 2679 3510 2755 μὴ
3540 2678 3788 2750 μηνύον-

2139 2797 2225 2840 τες
2254 2780 2323 2851 τῇ
2351 2773 2617 2851 βασιλείᾳ,
2649 2773 2898 2853 ἐσχάτως
2931 2779 3311 2848 τιμωροῦνται.

2220 2863 2476 2944 Σχολιον,
2537 2863 2603 2919 Ἢ
2665 2862 2713 2940 β’
2773 2863 2865 2920 καὶ
2924 2859 2990 2932 ιζ’
3047 2859 3216 2936 διάτ.,
3286 2868 3381 2918 τοῦ
3423 2857 3476 2916 α’
3519 2858 3624 2922 τίτ,
3673 2859 3784 2915 τῶν

2140 2955 2487 3034 Νεαρῶν,είσὶ
2515 2959 2614 3020 τῆς
2645 2952 2743 3028 μὲν
2765 2949 2882 3028 ρκγ’
2907 2957 3111 3027 Νεαρᾶς
3135 2971 3260 3027 κεφ,
3296 2949 3398 3029 ιγ’,
3429 2951 3530 3016 τῆς
3556 2947 3613 3005 δὲ
3644 2946 3788 3024 ρλδ’,

2138 3066 2261 3124 κεφ.
2293 3042 2365 3115 ζ’.
2399 3042 2862 3121 Κατεστρώθησαν
2915 3039 2971 3096 δὲ
3015 3039 3176 3120 ἄμφω
3209 3039 3264 3095 ἂν
3293 3037 3483 3115 βιϐλίῳ
3512 3043 3622 3094 τῶν
3666 3045 3787 3095 Βα-

2138 3133 2361 3192 σιλικών
2391 3134 2469 3213 γ’,
2502 3133 2606 3196 τίτ,
2639 3129 2717 3204 α’,
2750 3153 2872 3209 imp.
2906 3127 2984 3204 κ’,
3015 3132 3103 3186 καὶ
3137 3126 3226 3186 κα’
3265 3144 3279 3161 ⁸
3312 3129 3346 3184 ἃ
3389 3131 3476 3185 καὶ
3505 3127 3784 3206 ἀνάγνωθι

2135 3223 2253 3282 ἐκεῖ
2288 3238 2304 3255 ⁶
2361 3222 2582 3280 ενταῦθα
2641 3222 2742 3301 γὰρ
2797 3220 2859 3277 οὒ
2916 3222 3360 3298 κατεστρώθησαν
3417 3220 3491 3282 ὡς
3551 3219 3632 3293 μὴ
3690 3216 3790 3273 ὲν-

2138 3323 2414 3394 εργοῦντα.

2225 3409 2474 3462 ΚΕΦΑΛ.
2522 3399 2607 3464 ϐ’.
2651 3433 2726 3446 -
2761 3400 2884 3478 Περὶ
2934 3399 3024 3458 τοῦ
3066 3399 3145 3474 μὴ
3187 3399 3262 3464 ὡς
3321 3397 3516 3479 ἔτυχεν
3557 3396 3790 3456 ὶπίσκο-

2140 3518 2241 3553 πον
2275 3495 2311 3562 ἢ
2343 3491 2600 3570 κληρικὸν
2633 3489 3149 3568 ἑμμαγκιπατεύειν,

2221 3582 2450 3642 Συνοδου
2478 3579 2825 3658 Καρθαγένης
2858 3580 3034 3637 κανὼν
3065 3575 3167 3637 λε’.

2225 3679 2474 3734 ΚΕΦΑΛ.
2513 3682 2557 3735 ι,
2588 3675 2819 3732 τεΠῶς
2869 3667 3168 3726 ἑκδικοῦσιν
3225 3669 3272 3725 οἱ
3324 3668 3611 3724 ἒπίσκοποι
3663 3667 3791 3732 τοὺς

2139 3765 2468 3844 ἀρμοζοντας
2539 3764 2726 3822 αὐτοῖς
2798 3758 2992 3823 τύπους
3076 3757 3221 3836 παρὰ
3293 3756 3577 3837 αἱρετικῶν
3646 3778 3788 3813 κατ-

2139 3853 2454 3934 εχοςιένους.

2221 3941 2447 4003 Συνοδου
2478 3938 2824 4017 Καρθαγένης
2855 3939 3030 3997 κανὼν
3061 3936 3207 4016 ρκα’.

2220 4034 2508 4107 Κείμενον.
2543 4030 2559 4055 ’
2614 4028 2695 4102 λζ’
2755 4033 2996 4108 Νεαρῶν,
3060 4029 3191 4108 φησὶ
3219 4028 3315 4094 τὰς
3346 4025 3637 4096 ἐκκλησίας
3682 4031 3786 4093 τῆς

2141 4121 2422 4204 Ἀφρικῆς,
2456 4145 2510 4180 ιι.
2543 4143 2598 4184 τ,
2631 4126 2711 4199 λ,,
2745 4136 2936 4198 usque
2965 4117 3038 4180 ad
3070 4119 3288 4197 χρονίας
3320 4121 3697 4196 παραγραφῆς.

2225 4203 2485 4294 Σχολιον,
2551 4208 2617 4266 Ἢ
2673 4206 2749 4280 νζ’
2821 4209 2982 4287 νεαρὰ
3039 4207 3195 4274 ἓτὲθη
3255 4208 3327 4272 εἷς
3369 4206 3438 4263 τὰ
3497 4203 3783 4268 Βασιλικά,

2140 4310 2308 4363 Τοῦτο
2336 4300 2392 4358 δὲ
2436 4299 2603 4367 αὐτῆς
2644 4300 2706 4356 τὸ
2762 4319 2885 4379 κεφ.
2933 4299 3031 4356 οὒκ
3076 4296 3254 4372 ἐτέθη,
3299 4295 3500 4371 καὶμὴ
3545 4315 3785 4370 ματαιο-

2140 4394 2386 4469 πονήσης
2396 4439 2410 4454 .

2223 4485 2477 4543 ΚΕΦΑΔ.
2511 4479 2624 4538 lA’.
2663 4509 2733 4523 --
2764 4477 2888 4554 Περὶ
2934 4480 3029 4534 τοῦ
3083 4474 3161 4553 μή
3217 4471 3450 4554 ὀφείλειν
3485 4472 3606 4538 τοὺς
3648 4473 3784 4530 ἀνα-

2139 4571 2380 4650 γνώστας
2411 4577 2488 4645 τῷ
2516 4567 2673 4644 δήμῳ
2703 4578 3050 4646 προσκυνεῖν,

2221 4657 2449 4717 Συνοδου
2478 4656 2828 4736 Καρθαγένης
2857 4657 3037 4713 κανὼν
3070 4654 3152 4729 ις’
3153 4654 3198 4717 ’.

2226 4754 2479 4810 ΚΕΦΛΛ.
2541 4747 2646 4811 lB'.
2700 4779 2779 4792 —
2830 4744 2962 4824 Περὶ
3017 4744 3330 4801 ἐπισκόπων
3391 4743 3471 4819 μὴ
3530 4741 3786 4818 ἂπιστρε-

2143 4840 2349 4906 φόντων
2403 4837 2527 4903 τοὺς
2595 4835 2914 4916 αἱρετικοὺς,
3003 4835 3093 4890 καὶ
3144 4833 3263 4912 περὶ
3315 4831 3650 4907 ἐπισκόπων,
3698 4833 3788 4887 καὶ

2138 4929 2434 5008 κληρικῶν,
2519 4927 2599 5002 μὴ
2669 4923 3026 4982 διδασκοντων
3115 4923 3206 4980 τὸν
3281 4921 3436 4996 λαὸν,
3525 4921 3616 4978 καὶ
3702 4919 3787 4977 ὅτι

2139 5019 2426 5081 ἐπίσκοπος
2509 5015 2639 5093 ὑπὲρ
2713 5014 2808 5072 τοῦ
2891 5013 3021 5071 λαοῦ
3093 5011 3450 5091 ἀπολογεῖται
3509 5017 3587 5085 τῷ
3639 5013 3782 5083 Θεῷ,

2140 5109 2231 5165 καί
2260 5127 2390 5165 ποτε
2444 5113 2537 5163 τοῦ
2591 5105 2723 5162 λαοῦ
2775 5103 3191 5184 ἁμαρτήσαντας
3251 5103 3280 5158 ὁ
3337 5099 3535 5179 κλῆρος
3591 5099 3789 5180 ἀφορί-

2142 5206 2314 5270 ζεται.

2219 5283 2565 5343 Ἀποστολων
2596 5284 2770 5340 κανὼν
2801 5279 2941 5361 λς’,
2972 5279 3076 5353 λθ⁹,
3114 5276 3201 5347 νη’
3233 5293 3250 5311 ⁹
3301 5275 3518 5338 συνοδου
3562 5277 3786 5355 Καρθα-

2141 5375 2298 5458 γένης
2332 5374 2506 5431 κανὼν
2538 5371 2679 5454 ρκγ’,
2714 5369 2825 5452 ρκδ’
2861 5389 2877 5408 ⁸
2932 5369 3151 5428 συνόδου
3189 5369 3295 5445 ς’,
3347 5367 3520 5427 κανὼν
3557 5367 3652 5447 ιθ’,
3685 5365 3788 5433 ξδ’.
