4052 6222
297 346 448 428 1089
1175 345 1667 424 NOMOCANON.
1731 387 1813 406 -
1864 344 2019 418 TIT.
2066 339 2226 435 Vni,
2273 355 2439 418 CAP.
2489 338 2763 420 VI-XIII.
3503 342 3656 421 1090

374 501 628 556 ΚΕΦΑΛ.
662 493 766 556 II“.
829 527 908 538 —
968 491 1100 572 Περί
1158 493 1464 550 ἐπισκόπων
1516 495 1613 549 καὶ
1658 490 1928 568 κληρικῶν

2093 488 2260 553 CAP.
2287 488 2445 552 XIII.
2483 488 2567 552 De
2594 491 2880 571 episcopis
2919 497 2976 553 et
3004 487 3244 553 clericis
3274 490 3652 554 mundanum

290 609 550 663 κοσμικον
611 608 658 642 τι
713 584 1056 662 πραττόντων
1113 581 1398 659 δημόσιον,
1452 581 1488 650 ἢ
1543 580 1834 656 ἰδιωτικὸν,
1892 580 1929 649 ἢ

2032 575 2250 656 tliquid
2267 580 2689 641 exercentibus
2710 578 2857 658 (sive
2875 581 2939 641 in
2960 577 3267 657 publicum
3287 581 3408 641 sive
3430 585 3651 660 priva-

289 676 586 754 ἐπιτροπήν
597 723 611 738 ,

2032 675 2141 728 'um
2160 667 2284 746 (sit)
2317 676 2422 729 aut
2458 668 2690 747 (etiam)
2725 669 3173 748 redempturam
3204 673 3309 730 aut
3335 669 3604 732 tutelam.

371 763 717 824 Ἀποστολων
747 763 924 821 κανὼν
968 761 1072 838 g",
1123 759 1218 818 πα’
1257 779 1274 798 ⁸
1320 758 1535 818 συνοδου
1586 757 1928 826 Χαλκηδόνος

2093 755 2516 836 Apostolorum
2563 775 2754 819 canon
2803 759 2863 833 6,
2888 759 2956 822 81
2989 777 3006 833 ;
3042 757 3286 818 concilii
3314 757 3652 821 Chalcedo-

659 852 878 910 συνοδου
938 851 1284 930 Καρθαγένης
1328 851 1504 906 κανὼν
1555 849 1636 922 ις’
1668 870 1680 883 °
1713 845 1931 905 συνοδου

2032 848 2218 906 iensis
2240 863 2429 906 canon
2449 849 2509 926 3;
2537 845 2778 908 concilii
2801 845 3292 923 Carthaginensis
3321 865 3511 909 canon
3543 848 3651 926 l6;

1085 937 1302 997 συνυδου
1337 938 1386 996 α’
1418 939 1516 996 καί
1543 938 1593 1014 β’
1629 937 1684 993 ἒν
1714 938 1791 1006 τῷ
1821 943 1931 1010 ναῷ

2032 933 2252 995 :oncilii
2281 934 2512 998 Nicaani
2543 935 2793 996 secundi
2825 952 3016 996 canon
3051 935 3125 998 l0
3152 955 3168 1012 ;
3201 935 3438 997 concilii
3476 936 3653 1016 primi

2015 1030 2075 1083 et
2117 1021 2368 1084 secundi
2424 1023 2485 1084 in
2545 1023 2766 1104 templo
2819 1023 3172 1086 Sanctorum
3233 1025 3654 1105 Apostolorum

2017 1111 2259 1193 [habiti]
2287 1130 2478 1174 canon
2511 1115 2608 1176 11.

2105 1201 2340 1264 Textus.
2378 1201 2580 1264 Const.
2625 1205 2718 1278 17,
2755 1201 2844 1265 tit.
2879 1203 2938 1278 3,
2974 1202 3080 1267 lib.
3110 1221 3126 1265 ι
3152 1203 3288 1265 cod.
3321 1211 3651 1280 velat,etc..

2013 1308 2205 1370 usque
2256 1291 2336 1354 ad
2392 1291 2792 1353 ministerium
2848 1292 3177 1373 negligant,
3239 1301 3476 1374 utpag.
3511 1294 3652 1370 683,

289 855 467 913 κανὼν
499 854 551 933 γ’
587 873 602 889 ·

293 945 507 1008 Νικαίος
537 944 600 1000 τὸ
629 943 709 1024 β’,
737 943 916 1000 κανὼν
947 941 986 998 ι’
1019 960 1034 976 ⁸

293 1039 394 1090 τῶν
424 1033 589 1112 ἁγίων
618 1031 935 1090 ἀποστόλων
963 1031 1139 1088 κανὼν
1177 1028 1277 1091 ια’.

371 1207 655 1287 Κείμενον,
709 1211 774 1267 Ἦ
834 1207 898 1281 ιζ’
959 1207 1101 1269 ὃιάτ.
1165 1217 1258 1267 τοῦ
1313 1206 1364 1286 γ’
1422 1207 1526 1264 τίτ.
1560 1212 1652 1264 τοῦ
1681 1202 1928 1283 κώδικος,

289 1323 344 1359 κ.
379 1323 431 1358 τ.
466 1299 552 1376 λ.,
586 1315 778 1381 usque
807 1297 880 1360 ad
910 1298 1049 1364 θείας
1080 1295 1432 1377 λειτουργίας.

288 1388 432 1451 218.
683 1379 696 1381 ἡ
2013 1379 2155 1442 686.

373 1477 634 1560 Σχολιον.
669 1478 734 1534 Ἦ
767 1477 834 1549 ιζ’
864 1475 1003 1540 διάτ.
1040 1475 1092 1556 γ’
1121 1476 1216 1534 106
1269 1475 1319 1532 α’
1350 1471 1555 1552 βιελίου
1583 1475 1676 1529 106
1704 1469 1928 1535 κώδικος

2094 1468 2435 1560 Scholium.
2470 1469 2674 1560 Const.
2717 1473 2809 1547 l7,
2839 1473 2931 1535 tit.
2957 1473 3018 1546 3,
3055 1471 3161 1536 lib.
3195 1487 3214 1532 ι
3245 1471 3378 1536 cod.
3416 1491 3535 1534 non
3565 1480 3656 1535 est

289 1572 386 1628 ούκ
415 1558 567 1635 ἱτέθη
598 1569 672 1632 εἷς
723 1568 790 1624 τὰ
818 1565 1105 1625 Βασιλικά.
1140 1564 1272 1624 Οὖδέ
1315 1566 1351 1632 ἡ
1399 1563 1456 1641 μ’
1501 1561 1618 1621 οὒδὲ
1647 1565 1681 1630 ἡ
1717 1561 1796 1616 να’
1842 1561 1933 1616 καὶ

2032 1558 2211 1636 posita
2256 1558 2316 1618 in
2349 1559 2531 1621 Basil.
2593 1579 2790 1642 neque
2832 1560 2934 1637 40,
2971 1579 3167 1642 neque
3193 1563 3293 1638 51,
3331 1579 3407 1624 ne
3434 1561 3656 1624 frustra
3742 1565 3748 1574 “

289 1657 468 1734 μάτην
499 1657 576 1725 μὴ
610 1657 795 1718 κοπία.

2037 1647 2277 1710 abores.

375 1747 656 1822 Κείμενον.
688 1743 755 1802 ’Β
786 1743 840 1802 δέ
872 1743 923 1823 β’
969 1743 1108 1804 διάτ.
1145 1751 1237 1800 τοῦ
1268 1741 1320 1800 α’
1379 1743 1479 1802 τίτ.
1527 1747 1633 1798 τῶν
1689 1742 1929 1815 Νεαρῶν,

2099 1736 2348 1801 Textus.
2383 1738 2590 1801 Const.
2622 1743 2681 1814 2,
2716 1737 2812 1800 tit.
2855 1740 2883 1800 1
2921 1737 3295 1802 Novellarum
3331 1739 3435 1820 ait,
3469 1739 3652 1821 quod,

290 1835 420 1917 φησὶ
445 1833 530 1892 ὅτι
559 1833 851 1901 ἐπίσκοπος
881 1857 938 1896 κ.
983 1855 1036 1894 τ.
1083 1831 1168 1913 λ.,
1198 1849 1390 1914 usque
1437 1829 1510 1893 ad
1543 1828 1755 1887 οἴκοθεν
1787 1827 1931 1887 ἀπο-

2032 1836 2161 1904 l:tc.,
2195 1843 2382 1906 usque
2411 1828 2492 1890 ad
2523 1826 2600 1890 de
2622 1844 2730 1890 suo
2759 1827 3110 1906 resarciant,
3146 1837 3212 1890 ut
3235 1846 3379 1910 pag.
3411 1829 3556 1891 686.

288 1924 653 1996 θεραπεύουσι.

375 2011 639 2094 Σχολιον.
683 2011 749 2070 Ἦ
779 2011 831 2091 β’
861 2011 1000 2072 διάτ.
1033 2012 1126 2069 106
1157 2011 1210 2069 α’
1240 2013 1347 2074 τίτ.
1375 2017 1481 2068 τῶν
1536 2009 1775 2086 Νεαρῶν,
1822 2010 1934 2066 ἔστι

303 2104 477 2181 Νεαρὰ
531 2100 953 2168 ἰουστινιάνειος
1025 2103 1144 2182 ρκγ⁹
1207 2101 1428 2178 κειμένη
1474 2099 1528 2156 ἐν
1583 2097 1772 2176 βιϐλίῳ
1829 2102 1934 2154 τῶν

2032 2096 2171 2158 vella
2199 2095 2514 2158 Iustiniani
2551 2095 2684 2172 123,
2722 2097 2912 2176 posita
2942 2096 3103 2178 [quae
3126 2105 3238 2175 est]
3263 2101 3322 2157 in
3348 2095 3455 2160 lib.
3478 2097 3656 2162 Basil.

302 2191 604 2248 Βασιλικῶν
648 2190 728 2270 γ’,
761 2192 866 2255 τίτ.
900 2192 978 2267 α’,
1009 2214 1132 2271 κεφ.
1169 2189 1268 2270 ιγ’,
1328 2187 1419 2266 ιδ’,
1468 2188 1560 2252 ιε’.
1602 2188 1837 2268 ’Ἔχουσι
1881 2186 1936 2243 δὲ

2032 2201 2107 2262 m,
2143 2186 2232 2248 tit.
2275 2192 2327 2258 ι,
2389 2203 2523 2266 cap.
2587 2186 2681 2265 13,
2746 2186 2839 2259 14,
2879 2186 2972 2247 15.
3006 2184 3242 2246 Habent
3269 2191 3465 2247 autem
3499 2186 3652 2267 haec,

302 2288 467 2339 ταῦτα
528 2282 703 2344 καθὼς
759 2282 1191 2356 συνωψίσθησαν,
1269 2281 1426 2351 Ζήτει
1491 2277 1792 2356 ἀναγκαίως
1849 2277 1936 2334 καὶ

2032 2273 2522 2356 quemadmodum
2543 2273 2969 2354 compendiose
2995 2275 3295 2355 proposita
3317 2275 3660 2348 sunt.Qum-

301 2371 402 2439 τὴν
457 2373 596 2427 κατὰ
651 2371 750 2437 τὴν
796 2369 852 2438 η’
897 2377 988 2428 τοῦ
1048 2366 1371 2448 Δεκεμϐρίου
1415 2368 1586 2444 μηνὸς
1616 2367 1716 2435 τῆς
1748 2365 1792 2432 ς’
1828 2365 1936 2424 ἰν-

2032 2381 2120 2425 ras
2147 2363 2343 2444 [vero]
2377 2363 2722 2425 necessario
2757 2363 3104 2443 synodicum
3137 2363 3314 2425 etiam
3345 2381 3658 2426 commen-

301 2458 565 2525 δικτιὸνος
612 2460 908 2538 γενομένην
961 2457 1244 2526 συνοδικὴν
1297 2458 1589 2532 σημείωσιν
1647 2455 1790 2534 παρὰ
1847 2464 1936 2514 τοῦ

2032 2456 2232 2514 larium
2258 2453 2650 2532 [die],octavo
2676 2453 2902 2514 mensis
2924 2451 3294 2534 Septembris
3315 2453 3661 2516 indictionis

302 2550 601 2628 ἁγιωτάτου
665 2549 1001 2628 πατριάρχου
1077 2548 1254 2627 κυρίου
1341 2552 1520 2606 Λουκᾶ
1586 2545 1746 2625 χάριν
1831 2551 1936 2601 τῶν

2032 2553 2202 2604 sextae
2230 2561 2264 2604 a
2293 2541 2672 2604 sanctissimo
2725 2543 3061 2624 patriarcha
3091 2541 3339 2604 domino
3370 2541 3549 2623 Luca,
3584 2543 3661 2604 de

300 2639 651 2718 ἆνεργούντων
692 2638 966 2714 κληρικῶν
998 2635 1331 2712 δημοσι-ακᾶς
1373 2633 1610 2700 δουλείας
1658 2637 1745 2692 καὶ
1796 2656 1934 2709 προ-

2032 2631 2257 2694 clericis
2274 2632 2512 2712 publica
2527 2642 2580 2694 et
2610 2632 2944 2714 personalia
2971 2650 3218 2696 munera
3237 2631 3657 2711 subeuntibus,

300 2729 566 2801 σωπικᾶς,
601 2727 689 2784 καὶ
747 2730 1218 2804 καταστρωθετσαν
1273 2728 1328 2782 ἓν
1379 2732 1455 2800 τῷ
1503 2722 1574 2788 ις’
1626 2724 1806 2780 κανόνι
1836 2727 1935 2790 τῆς

2032 2723 2385 2784 confectum:
2411 2723 2512 2802 qui
2543 2721 2778 2784 decimo
2806 2731 2984 2785 sexto
3013 2721 3230 2783 canuni
3253 2721 3496 2784 concilii
3519 2720 3661 2784 Car-

300 2817 355 2875 ἰν
398 2817 716 2896 Καρθαγένῃ
777 2815 1014 2880 συνοδου.
1070 2817 1204 2874 Ἐπῖ
1269 2821 1368 2883 τῆς
1437 2814 1822 2894 πατριαρχείας
1881 2811 1935 2868 δὲ

2032 2810 2388 2890 lhaginensis
2437 2811 2698 2874 insertus
2749 2820 2857 2873 est.
2914 2814 3064 2875 Item
3116 2809 3226 2872 sub
3261 2811 3660 2891 patriarchatu

299 2914 391 2964 106
421 2907 716 2985 μακαρίτου
764 2906 939 2986 κυρίου
990 2904 1236 2963 Ἰωάννου
1294 2905 1431 2961 κατᾶ
1490 2908 1634 2978 μῆνα
1663 2901 1934 2979 Φευρουά-

2032 2899 2211 2962 Felicis
2245 2901 2551 2962 memoriae
2579 2900 2785 2962 domni
2814 2903 3059 2964 Joannis
3082 2900 3433 2980 patriarchae
3452 2919 3660 2965 mense

301 3017 412 3074 ριον
452 2994 762 3061 ἱνδικτιόνος
819 2995 879 3063 η’
936 2993 1123 3073 γέγονε
1155 2994 1444 3070 σημείωμα
1476 2989 1744 3048 συνοδικὸν
1777 2989 1936 3070 διορι-

2032 2989 2346 3052 Februario
2373 2990 2720 3053 indictionis
2750 2999 2970 3052 octavae
3004 2990 3190 3051 factus
3212 2999 3300 3052 est
3329 2990 3659 3070 synodicus

299 3091 524 3161 ζομενον
569 3085 647 3161 μὴ
685 3095 1004 3164 συνηγορεῖν
1042 3081 1341 3162 διακονους,
1396 3081 1432 3149 ἢ
1494 3080 1678 3144 ἁπλῶς
1731 3079 1936 3148 ἔκκλη-

2032 3079 2511 3154 :ommentarius,
2573 3085 2704 3156 qui,
2765 3098 2840 3142 ne
2897 3079 3154 3156 diaconi,
3187 3087 3287 3141 aut
3315 3078 3658 3141 summatim

303 3175 632 3255 σιαστικοὺς,
665 3174 702 3242 ἢ
732 3174 1029 3254 μοναχοὺε,
1083 3173 1113 3228 ’ὃ
1167 3172 1262 3229 καί
1315 3170 1577 3249 ἀνάγνωθι
1617 3191 1934 3248 καταστρω-

2032 3167 2414 3230 ecclesiastici
2433 3167 2766 3249 [homines]
2789 3170 2877 3231 vel
2898 3167 3174 3232 monachi
3207 3167 3436 3248 patroni
3460 3186 3662 3230 causa-

301 3263 389 3320 θὲν
421 3266 476 3319 ἐν
506 3269 580 3338 τῷ
611 3244 678 3329 (ς’
707 3244 1022 3330 κανονϊτῆς
1055 3261 1108 3319 ἐν
1147 3244 1466 3338 Καρθαγένῇ
1497 3256 1712 3316 συνοδου
1733 3303 1748 3320 .
1786 3244 1936 3320 Κατᾶ

2032 3275 2152 3317 rum
2185 3257 2327 3329 sint,
2361 3244 2671 3319 constituit
2706 3244 2934 3339 (quem
2993 3262 3171 3321 etiam
3207 3244 3380 3320 sexto
3420 3257 3658 3320 decimo

302 3350 355 3408 δὲ
387 3355 478 3409 τὸν
503 3349 822 3432 Ἰανουάριον
880 3352 1026 3428 μῆνα
1068 3355 1166 3420 τῆς
1218 3347 1264 3405 δ’
1293 3348 1630 3419 ἷνδικτιονος,
1665 3369 1936 3426 πατριαρ-

2032 3347 2234 3407 canoni
2293 3347 2532 3408 concilii
2590 3348 3079 3428 Carthaginensis
3131 3349 3418 3410 insertum
3472 3349 3655 3427 legas.

301 3444 554 3522 χεύοντος
615 3449 706 3499 106
762 3441 1059 3520 μακαρίτου
1100 3439 1437 3518 πατριάρχου
1493 3437 1669 3515 κυρίου
1709 3437 1936 3517 Μιχαὴλ

2032 3434 2220 3496 Hense
2249 3445 2444 3496 autem
2475 3437 2758 3498 Januario
2811 3437 3158 3499 indictionis
3210 3449 3457 3517 quarta),
3519 3454 3656 3497 cum

299 3537 392 3587 106
437 3529 740 3610 ⁶Αγχισὶλου
783 3531 972 3610 γέγονε
1033 3530 1320 3604 σημείωμα
1379 3525 1649 3584 συνοδικὸν
1702 3525 1936 3602 διαλαμ-

2032 3523 2486 3602 patriarchatum
2539 3534 2775 3603 gereret
2821 3526 3012 3587 felicis
3044 3527 3348 3586 memoria;
3377 3525 3660 3586 dominus

298 3617 457 3675 εάνον
504 3616 629 3697 παρ’
678 3620 864 3695 ὁμοίου
925 3627 1000 3694 τῷ
1053 3620 1212 3697 ἱερεῖ,
1257 3618 1344 3674 καὶ
1405 3623 1482 3690 τῷ
1537 3612 1788 3690 διακονῳ,
1849 3616 1936 3671 καὶ

2032 3611 2268 3675 Michael
2293 3612 2618 3677 Anchialus
2643 3614 3001 3694 patriarcha,
3031 3613 3340 3675 confectus
3360 3620 3450 3674 est
3477 3632 3660 3694 syno-

298 3709 391 3764 τὸν
463 3707 836 3786 ἀναγνώστην,
891 3710 982 3764 καὶ
1055 3707 1224 3764 πάντα
1293 3704 1581 3784 ἱερωμένον
1637 3704 1936 3784 ἀπέχεσθαι

2032 3703 2188 3764 licus
2217 3703 2706 3778 commentarius,
2732 3703 2832 3784 qui
2864 3703 3146 3766 similiter
3174 3713 3354 3782 atque
3383 3703 3660 3764 sacerdo-

297 3797 393 3864 τῆς
422 3795 686 3877 ἐνεργείας
714 3802 822 3853 τῶν
852 3802 1125 3873 κοσμικῶν
1175 3796 1452 3875 ὀσρρικίων,
1497 3795 1584 3850 καὶ
1642 3800 1746 3850 τῶν
1809 3791 1935 3849 δου-

2032 3810 2136 3853 '.em
2164 3800 2221 3853 et
2243 3793 2587 3868 diaconum,
2608 3793 2890 3853 lectorem
2920 3791 3093 3853 etiam
3127 3793 3404 3872 sacrique
3430 3791 3658 3853 ordinis

297 3885 480 3944 λειῶν.
541 3889 615 3944 O6
668 3885 734 3953 δὴ
785 3887 1170 3962 σημειώματος
1228 3887 1263 3953 ἡ
1323 3881 1542 3956 δύναμις
1591 3882 1935 3959 κατεστρώθη

2032 3899 2436 3962 quemcunque
2463 3881 2901 3962 complectitur.
2936 3891 3000 3944 ut
3030 3881 3102 3942 ab
3135 3880 3371 3942 actione
3403 3881 3656 3942 munda-

296 3974 350 4031 ἰν
378 3982 456 4050 τῷ
486 3977 628 4050 αύτῷ
657 3997 867 4037 κανονι.
904 3974 967 4032 Ἠ
1013 3975 1193 4051 μέντοι
1241 3971 1325 4041 ξη’
1377 3973 1552 4051 Νεαρὰ
1606 3975 1701 4030 106
1759 3972 1936 4050 κυρίω

2032 3989 2229 4031 uorum
2255 3970 2588 4032 officiorum
2610 3979 2790 4048 atque
2812 3988 3126 4032 munerum
3151 3969 3468 4032 abstineat:
3486 3969 3656 4048 cujus

293 4064 560 4142 βασιλέως
610 4065 835 4129 Λέοντος
878 4071 970 4121 106
1030 4063 1320 4145 φιλοσοφου
1378 4060 1793 4140 παρακελεύεται
1857 4063 1936 4135 μὴ

2032 4060 2260 4140 quidem
2295 4061 2711 4121 commentarii
2731 4061 2822 4121 vis
2845 4059 3040 4121 eidem
3063 4067 3152 4120 est
3169 4059 3394 4120 inserta
3416 4058 3654 4120 canoui.

293 4153 649 4235 ἀναδέχεσθαι
735 4157 1056 4233 ἐπιτροπὰς,
1140 4154 1175 4222 ἢ
1259 4152 1614 4233 κουρατωρίας
1695 4152 1936 4230 ὀρφανῶν

2032 4149 2251 4212 Rursus
2309 4149 2540 4209 novella
2596 4148 2674 4212 68
2729 4148 3112 4229 imperatoris
3178 4147 3382 4209 domni
3442 4147 3657 4210 Leonis

292 4247 578 4322 κληρικοὺς
625 4247 662 4313 ἢ
721 4247 1024 4324 μοναχοὺς,
1084 4243 1400 4321 ἑπιτροπους
1457 4239 1512 4297 δὲ
1555 4241 1788 4318 γίνεσθαι
1849 4237 1936 4297 καὶ

2032 4236 2358 4317 philosophi
2384 4237 2581 4316 jubet,
2615 4257 2690 4298 ne
2722 4237 2927 4300 clerici
2961 4245 3061 4298 aut
3093 4237 3372 4300 monachi
3408 4237 3656 4318 pupillo-

295 4333 570 4401 διοικητὰς
629 4333 715 4389 ἐπὶ
771 4333 1094 4390 τελευταιων
1154 4331 1510 4408 βουλημάτων
1583 4342 1931 4408 παραχωρεῖ,

2032 4344 2154 4387 rum
2181 4327 2422 4387 tutelam
2447 4335 2546 4388 aut
2585 4345 2787 4389 curam
2831 4327 3160 4406 suscipiant
3198 4327 3342 4389 :sed
3369 4327 3658 4408 permittit

295 4427 383 4482 καὶ
429 4423 630 4500 μᾶλλον
689 4421 844 4503 είπερ
887 4425 1118 4503 ψυχικαὶ
1161 4419 1422 4485 διαδοσεις
1477 4418 1749 4500 ὀφειλουσι
1793 4419 1936 4496 παρὰ

2032 4426 2082 4476 ιιι
2107 4424 2507 4478 extremarum
2538 4418 2900 4477 voluntatum
2928 4424 3348 4497 procuratores
3370 4425 3544 4497 atque
3559 4435 3657 4478 ea-

295 4513 500 4570 τούτων
555 4511 887 4592 προϐαινειν.
937 4510 1046 4573 Καὶ
1085 4531 1388 4586 σημειωσαι
1418 4511 1574 4565 τοῦτο
1608 4525 1623 4541 ⁸
1658 4506 1776 4564 οὒδὲ
1834 4508 1934 4584 γὰρ

2032 4512 2324 4565 secutores
2385 4505 2548 4566 ﬁant.
2611 4506 2699 4567 Ac
2734 4505 2933 4585 [vero]
2967 4505 3178 4583 magis,
3211 4507 3259 4567 si
3321 4523 3424 4585 pro
3456 4507 3658 4570 anima

298 4600 536 4677 εὑρήσεις
589 4601 838 4682 ἀλλαχοῦ
881 4601 1134 4676 κειμένην
1182 4600 1281 4667 τὴν
1324 4599 1576 4665 τοιαύτην
1615 4595 1754 4659 διάτ.
1801 4595 1936 4656 ἄλλα

2032 4593 2398 4682 erogationes
2419 4593 2492 4655 ab
2518 4595 2609 4655 his
2641 4595 2770 4656 fieri
2796 4594 3078 4658 debeant.
3117 4592 3284 4666 Quod
3315 4613 3460 4656 sane
3493 4605 3654 4660 nota.

300 4693 388 4750 καὶ
415 4693 451 4761 ἦ
502 4689 624 4765 σις’
670 4692 846 4770 Νεαρᾶ
886 4698 977 4748 106
1021 4692 1180 4749 αὐτοῦ
1222 4687 1484 4766 βασιλέως
1524 4687 1755 4758 θεσπίζει
1799 4687 1936 4761 μήτε

2032 4681 2322 4763 Nusquam
2357 4683 2515 4744 enim
2549 4683 2690 4745 alibi
2742 4683 3158 4761 hujuscemodi
3201 4683 3654 4747 distinctionem

301 4780 614 4856 ιπίσκοπον,
650 4782 787 4856 μήτε
831 4781 947 4837 τινα
992 4779 1248 4856 κληρικὸν
1279 4779 1617 4856 συνηγορίας,
1666 4776 1697 4844 ἢ
1730 4776 1936 4850 μισθώ-

2032 4773 2316 4835 invenies.
2349 4771 2466 4834 Sed
2499 4785 2558 4832 et
2591 4773 2826 4836 novella
2857 4773 3130 4852 ejusdem
3165 4773 3547 4852 imperatoris
3577 4776 3656 4836 86

2100 2005 2432 2070 Scholium.
2469 2006 2672 2069 Const.
2705 2005 2766 2082 2,
2803 2007 2892 2070 tit.
2930 2009 2954 2070 1
2989 2006 3396 2088 Novellarum,
3427 2014 3516 2070 est
3543 2027 3654 2070 no-

299 4890 468 4946 σεσιν,
526 4870 563 4938 ἢ
607 4870 822 4949 ἔγγύαις
861 4867 1296 4950 ἔνασχολετσθαι.
1353 4868 1453 4924 Τὸν
1498 4864 1553 4921 δὲ
1609 4871 1846 4922 τοιοῦτον
1886 4888 1936 4922 τι

299 4970 554 5019 ποιοῦντα
614 4960 700 5016 ἰπὶ
763 4960 956 5041 χρόνον
1019 4957 1116 5035 μέν
1159 4979 1278 5014 τινα
1322 4956 1680 5034 ἀφορίζεσθαι,
1742 4955 1939 5032 ἀπιμέ-

300 5071 456 5108 νοντα
486 5046 541 5105 δὲ
573 5052 960 5128 καθαιρεῖσθαι,
995 5049 1082 5106 καὶ
1111 5057 1278 5106 ταῦτα
1309 5046 1406 5122 μὲν
1438 5043 1626 5110 οὕτως.
1678 5045 1936 5110 Διάκονος

297 5137 354 5195 δέ
396 5162 478 5204 τις
525 5137 778 5204 κωλυθεις
811 5159 941 5195 ποτε
999 5137 1142 5211 παρὰ
1199 5143 1291 5192 106
1339 5135 1628 5214 μακαρίτου
1671 5135 1937 5212 πατριάρ-

296 5250 402 5310 χου
443 5225 704 5307 Κυρίλλου
749 5234 922 5285 Λουκᾶ
965 5232 1057 5284 τοῦ
1101 5236 1426 5304 συνηγορεῖν
1479 5223 1763 5304 χρωμένου
1819 5236 1936 5286 τοῖς

296 5317 642 5397 διαληφθετσι
684 5319 895 5392 κανόσι,
941 5318 1027 5375 καὶ
1073 5315 1295 5380 λοιπαῖς
1363 5313 1720 5389 νομοθεσίαις,
1783 5313 1936 5370 εἶπεν

297 5406 383 5464 ἰπὶ
437 5406 720 5484 βασιλικοῦ
773 5408 1041 5484 βήματος,
1098 5405 1361 5486 παρόντος
1406 5405 1494 5460 καὶ
1548 5405 1643 5460 106
1687 5403 1940 5482 πατριάρ-

297 5519 402 5576 χου
460 5497 538 5573 μὴ
583 5495 733 5575 ἔχειν
761 5497 948 5577 χώραν
1007 5497 1071 5554 τὰ
1114 5503 1219 5552 τῶν
1264 5494 1518 5552 τοιούτων
1562 5493 1797 5550 κανόνων
1842 5491 1938 5548 καί

298 5587 476 5663 νόμων
509 5589 581 5651 εἰς
626 5589 747 5653 τοὺς
792 5589 1024 5666 σῆμερον
1077 5591 1526 5665 συνηγοροῦντας,
1558 5582 1676 5640 ἀλλ’
1713 5585 1785 5648 εἰς
1816 5584 1938 5647 τοὺς

297 5675 653 5760 τεταγμένους
727 5677 800 5745 εἷς
864 5674 1117 5736 πολιτικὰ
1173 5673 1512 5756 δικαστήρια,
1576 5674 1664 5732 καὶ
1720 5669 1940 5752 λαμϐά-

2021 4863 2232 4936 sancit,
2267 4879 2344 4923 ne
2375 4861 2718 4942 episcopus,
2751 4879 2948 4942 neque
2997 4861 3340 4942 quicunque
3371 4860 3652 4940 clericus,

2022 4950 3076 5034 advocationibus.redempturis,aut
3104 4953 3526 5032 sponsionibus
3553 4971 3662 5015 oc-

2023 5050 2276 5121 cupetur
2305 5059 2318 5102 :
2354 5047 2410 5101 et
2437 5039 2538 5120 qui
2571 5041 2686 5103 tale
2719 5042 3026 5122 quidpiam
3057 5041 3287 5114 fecerit,
3318 5042 3390 5103 ad
3421 5042 3664 5124 aliquod

2021 5139 2256 5209 tempus
2287 5132 2344 5207 [a
2365 5131 2824 5211 communione]
2849 5140 3198 5212 segregetur
3225 5152 3237 5194 :
3272 5137 3369 5212 qui
3401 5150 3542 5194 vero
3571 5131 3663 5212 [in

2022 5222 2114 5300 iis]
2142 5221 2609 5302 perseveraverit
2625 5223 2677 5298 [a
2699 5223 2886 5283 sacris
2903 5222 3664 5302 functionibus],removea~

2024 5321 2138 5372 tur.
2176 5313 2372 5391 Atque
2405 5311 2529 5372 haec
2560 5311 2802 5391 quidem
2837 5311 2909 5372 ad
2942 5312 3099 5373 hunc
3130 5313 3398 5375 modum.
3439 5314 3662 5376 Verum

2022 5400 2312 5462 diaconus
2334 5399 2577 5482 quidam
2600 5417 2633 5459 a
2654 5398 2850 5462 felicis
2872 5401 3175 5464 memoriae
3196 5401 3532 5482 patriarcha
3560 5403 3668 5466 do-

2025 5507 2200 5550 mnus
2236 5491 2415 5564 Luca,
2450 5495 2934 5551 commemoratis
2993 5491 3326 5554 canonibus
3373 5493 3664 5576 reliquis-

2021 5597 2137 5663 que
2168 5578 2653 5660 legislationibus
2683 5587 2913 5658 utente,
2947 5581 3295 5644 advocatum
3343 5601 3524 5663 agere
3551 5583 3664 5644 ali-

2023 5669 2261 5757 quando
2288 5669 2647 5756 prohibitus,
2683 5688 2884 5737 coram
2943 5669 3328 5758 imperatorio
3380 5671 3666 5740 tribunali
