4052 6222
477 278 650 356 1091

1705 269 1970 354 Puom
2023 273 2539 356 PATRIARCH/E
2599 276 2710 356 Cp.

3723 279 3868 360 1092

496 439 793 510 praesente
818 427 1149 510 patriarcha
1166 426 1606 497 dixit,canones
1629 426 1952 509 illosatque
1977 427 2103 502 lege

2222 450 2407 491 νοντας
2453 427 2711 505 βασιλικὰ
2755 428 3054 506 σιτηρέσια,
3132 431 3222 486 καὶ
3275 430 3377 486 ὑπὸ
3450 433 3863 509 πριμμικηρίους

495 517 556 578 in
586 519 894 580 hodiernis
923 516 1222 578 advocatis
1253 534 1369 577 non
1400 515 1621 577 habere
1651 516 1850 576 locum
1889 535 1901 578 :
1939 516 2045 578 sed
2073 516 2133 576 in

490 607 653 669 illius
686 608 974 687 temporis
998 605 1316 679 advocatis,
1352 606 1452 684 qui
1501 605 1559 665 in
1590 605 1862 667 civilibus
1885 605 2133 684 judiciis

491 697 776 758 stationes
797 693 1470 774 habebant.imperiales
1498 695 1920 756 frumentarias
1953 705 2133 756 tesse-

487 803 585 846 ras
633 785 1030 866 accipiebant,
1079 786 1192 846 sub
1247 783 1609 863 primiceriis
1665 794 1856 858 erant,
1891 794 2068 865 atque
2098 803 2131 844 a

487 874 806 936 mundanis
865 873 1307 951 magistratibus
1369 872 1892 933 conﬁrmabantur
1945 891 1958 931 :
2015 892 2130 954 quo

487 973 758 1044 tempore
779 964 1026 1024 omnino
1052 972 1215 1024 recte
1240 961 1446 1023 clerici
1472 962 1790 1024 mundanis
1807 961 2126 1024 advocato-

482 1070 614 1113 rum
647 1051 858 1113 ofﬁciis
890 1051 1051 1129 fungi
1086 1051 1577 1130 prohibebantur.
1605 1051 1680 1111 At
1713 1050 1992 1130 quoniam
2023 1051 2130 1127 qui

480 1140 662 1202 hodie
709 1141 980 1202 advocati
1003 1149 1162 1210 sunt,
1201 1149 1478 1220 tanquam
1514 1139 1826 1201 liberalem
1860 1141 2122 1220 aliquam

478 1240 688 1304 artem,
722 1229 1171 1292 advocationem
1205 1237 1511 1303 exercent;
1550 1247 1747 1308 neque
1781 1230 1936 1290 sacri
1969 1230 2124 1289 ordi-

477 1319 573 1380 nis
586 1319 862 1381 homines
879 1317 1123 1401 [injure]
1141 1317 1610 1398 patrocinari,im
1622 1317 1814 1398 pediri
1831 1317 2139 1396 [debere[._

477 1408 555 1471 Et
581 1426 927 1470 sermonem
960 1427 1130 1470 suum
1163 1416 1465 1482 astruens,
1499 1426 1618 1468 non
1658 1407 1982 1482 actionem,
2014 1407 2118 1468 sed

478 1497 719 1559 modum
741 1516 776 1559 a
796 1498 1126 1559 canonibus
1149 1496 1901 1576 puniri,causabatur.Non
1920 1498 2112 1557 solum

476 1586 637 1648 enim
685 1586 934 1666 [inquit]
992 1586 1222 1659 clerici,
1255 1604 1459 1647 verum
1495 1589 1672 1646 etiam
1708 1585 1974 1665 episcopi
2008 1604 2112 1665 pro

473 1674 682 1737 amicis
712 1675 791 1755 [in
820 1675 983 1755 jure]
1012 1683 1332 1754 certantes,
1357 1674 1583 1735 veniam
1618 1682 2058 1753 consequentur
2090 1694 2104 1734 :

2217 520 2396 598 ὄντας,
2444 529 2532 574 καί
2601 518 3044 597 σφραγιζομὲνοις
3093 521 3192 576 ὑπὸ
3263 527 3537 594 κοσμικῶν
3581 521 3861 600 ἀρχόντων

2216 604 2304 662 ὅτε
2350 607 2561 671 πάντως
2593 607 2772 669 καλῶς
2817 610 2860 663 οἱ
2912 606 3155 685 κληρικοὶ
3207 608 3508 666 ὲκωλύοντο
3553 611 3857 687 συνηγόρων

2215 698 2424 776 όφρίκια
2469 698 2701 773 κοσμικᾶ
2759 696 3020 775 ἐνεργεῖν,
3085 697 3236 756 Ἐπεὶ
3298 697 3349 754 δὲ
3409 701 3456 756 οἱ
3490 701 3726 778 σήμερον
3759 725 3854 757 συ·-

2216 796 2564 864 νηγοροῦντες
2619 788 2693 850 ὡς
2739 786 3032 865 ἐλευθεριον
3080 811 3128 844 τι
3188 785 3502 863 σπεύδασμα
3533 791 3592 846 τὸ
3623 811 3855 868 συνηγο-

2212 887 2328 950 ρεῖν
2365 875 2746 953 μετέρχονται,
2795 873 2911 932 οὐδὲ
2958 879 3005 933 οἱ
3048 876 3326 952 ἱερωμένοι
3378 875 3857 951 ἐμποδισθιίσονται

2213 976 2552 1040 συνηγορεῖν,
2603 965 2688 1020 καὶ
2742 966 3155 1036 κατασκευάζων
3202 967 3294 1021 τὸν
3325 971 3527 1023 οἰκεῖον
3556 965 3718 1044 λόγον
3750 967 3858 1022 ἐδι-

2212 1050 2611 1129 καιολογήσατο
2671 1053 2749 1126 μὴ
2780 1054 2879 1121 τὴν
2911 1052 3121 1132 πρᾶξιν,
3156 1053 3292 1110 ἀλλὰ
3322 1056 3414 1110 τὸν
3445 1055 3642 1133 τρόπον
3691 1055 3861 1111 κολά-

2210 1143 2386 1209 ζεσθαι
2449 1143 2592 1212 παρα
2635 1148 2741 1198 τῶν
2786 1142 3051 1200 κανόνων.
3102 1143 3174 1200 Οὖ
3235 1143 3391 1218 μόνοι
3445 1145 3546 1222 γὰρ
3589 1143 3859 1224 κληρικοῖ,

2208 1229 2347 1286 ἀλλὰ
2391 1232 2480 1286 καὶ
2525 1230 2807 1288 ἐπίσκοποι
2853 1232 2983 1310 ὅπερ
3028 1230 3202 1310 φίλων
3235 1233 3664 1308 ἀντιποιούμενοι
3719 1257 3855 1311 συγ-

2207 1321 2630 1396 γνωσθήσονται,
2687 1321 2773 1376 καὶ
2832 1321 2962 1396 ὑπὲρ
3032 1320 3490 1390 ἐκκλησιαστικῆς
3550 1323 3858 1388 ὑποθέσεως

2205 1413 2621 1486 συνηγοροῦντες
2681 1410 2775 1465 οὒκ
2818 1411 3293 1488 αἰσχυνθήσονται,
3339 1413 3412 1476 ὡς
3457 1409 3554 1468 καί
3598 1411 3737 1468 αὒτᾶ
3796 1415 3857 1468 τὰ

2198 1497 2401 1571 νόμιμα
2431 1505 2586 1553 τοῦτο
2630 1495 2984 1574 διατρανυῦσι.
3034 1500 3105 1557 Τὸ
3148 1498 3202 1555 δὲ
3260 1501 3622 1578 συνηγορῆσαι
3655 1501 3852 1580 κληρι-

2193 1587 2286 1642 κὸν
2317 1589 2390 1650 ὡς
2424 1588 2471 1642 οἱ
2518 1588 2768 1662 κοσμικοὶ
2808 1587 3161 1666 οφρικιάλιοι,
3210 1588 3306 1645 καί
3365 1589 3608 1655 δέξασθαι
3671 1613 3851 1669 σφρα-

2192 1672 2318 1751 γῖδα
2366 1674 2582 1750 λατκοῦ,
2609 1689 2848 1750 μισεῖται
2876 1681 2960 1733 καὶ
2991 1676 3297 1748 κολάζεται.
3342 1678 3466 1736 "Ott
3511 1677 3566 1735 δὲ
3609 1680 3673 1735 τὸ
3715 1702 3843 1737 συν-

474 1782 674 1841 neque
706 1767 804 1844 qui
838 1765 898 1824 in
930 1765 1334 1827 controversia
1368 1761 1510 1843 [rei]
1547 1762 1967 1824 ecclesiastij
2001 1781 2103 1842 pa-

2206 1776 2416 1841 ηγορετν
2462 1765 2698 1843 όφρίγιον
2758 1766 2824 1833 ἦν
2883 1788 3010 1822 ποτε
3071 1769 3356 1848 κοσμικὸν,
3412 1769 3499 1825 καὶ
3559 1769 3847 1847 σιτηρέσια

473 1853 788 1913 trocintum
825 1861 1125 1932 praestant,
1162 1851 1527 1914 notabuntur
1561 1871 1573 1911 :
1603 1852 2107 1932 quemadmodum

469 1940 664 2021 ipsum
697 1942 874 2002 etiam
925 1941 1024 2020 jus
1073 1941 1185 2002 hoc
1235 1940 1547 2002 evidenter
1575 1941 1771 2002 docet.
1806 1939 1880 2002 Ut
1909 1947 2106 2002 autem

459 2029 1249 2110 clericus,quemadmodum
1279 2029 1565 2091 mundani
1587 2029 1893 2097 olﬁciales,
1922 2029 2105 2090 advo-

460 2127 655 2181 catum
686 2129 908 2199 agat,et
936 2120 1010 2180 ab
1045 2121 1324 2197 [homine]
1360 2119 1611 2197 profano
1666 2120 2053 2180 conﬁrmetur
2088 2143 2100 2178 :

459 2209 734 2271 odiosum
771 2217 1066 2288 est,atque
1093 2207 1360 2288 punitur.
1392 2206 1616 2269 Verum
1650 2208 1806 2288 quod
1841 2209 2102 2270 advocati

461 2299 724 2360 ofﬁcium
747 2298 1068 2379 aliquando
1095 2299 1461 2358 mundanum
1500 2297 1700 2371 fuerit,
1731 2306 1790 2359 et
1816 2297 2104 2360 ordinarii

457 2389 726 2450 advocati
756 2388 1168 2468 imperatorias
1195 2405 1449 2447 annonaa
1471 2388 1788 2466 pensiones
1805 2389 2098 2468 ceperint,

455 2486 632 2558 atque
656 2476 766 2538 sub
797 2476 1163 2556 primiceriis
1182 2475 1404 2537 fuerint
1431 2496 1442 2538 :
1471 2475 1560 2554 [id
1601 2475 1761 2556 vero]
1796 2493 1865 2536 ex
1900 2476 2103 2538 multis

456 2574 708 2628 constat.
742 2569 892 2644 Lege
923 2574 1119 2627 autem
1154 2574 1525 2644 postremum
1569 2584 1700 2644 cap.
1738 2565 1826 2626 tit.
1889 2572 1941 2638 t,
1990 2565 2097 2628 lib.

2193 1852 2492 1929 ἐλάμϐανον
2551 1853 2854 1928 δημοσιακὰ
2911 1857 2958 1911 οἱ
3015 1858 3334 1932 τεταγμένόι
3395 1859 3707 1938 συνήγοροι,
3758 1861 3847 1915 καὶ

2192 1943 2291 1998 ξιπὸ
2323 1943 2709 2022 πριμμικήριον
2743 1943 2878 2010 ἦσαν
2910 1942 3072 2012 δῆλον
3104 1943 3216 2001 ἐστι
3269 1946 3374 2002 ἀπὸ
3419 1945 3669 2008 πολλῶν,
3738 1949 3844 2007 Καὶ

2192 2031 2453 2108 ἀνάγνωθι
2498 2033 2564 2087 τὰ
2607 2031 2892 2090 τελευταῖα
2920 2055 3043 2112 κεφ.
3078 2044 3170 2093 τοῦ
3205 2033 3256 2090 α’
3286 2036 3388 2099 τίτ,
3425 2043 3514 2093 τοῦ
3538 2035 3600 2107 ¹η’
3632 2034 3841 2112 βιϐλία»

2187 2127 2294 2178 τῶν
2357 2121 2679 2202 Βασιλικῶν,
2724 2123 2811 2179 καὶ
2869 2124 2936 2180 τὰ
2982 2124 3035 2179 ἐν
3081 2128 3155 2199 τῷ
3205 2123 3393 2201 βιϐλίῳ
3448 2128 3542 2183 τοῦ
3587 2124 3840 2207 ἐπάρχου

2187 2212 2304 2289 περὶ
2346 2212 2656 2289 συνηγόρων
2714 2214 3118 2289 ἀναταττόμενα
3151 2231 3168 2250 ⁸
3253 2211 3672 2289 διαλαμϐάνουσι
3735 2219 3839 2294 γὰρ

2185 2302 2306 2364 τοὺς
2345 2300 2666 2378 συνηγόρους
2724 2302 2972 2376 σύστημα
3019 2303 3188 2376 εἶναι,
3249 2304 3336 2359 καὶ
3386 2305 3487 2360 ὑπὸ
3544 2312 3639 2361 τοῦ
3698 2308 3841 2362 κατὰ

2183 2391 2396 2467 καιροὺς
2470 2389 2712 2470 ἐπάρχου
2789 2395 3186 2471 σφραγίζεσθαι.
3276 2393 3454 2451 Ταῦτα
3508 2395 3676 2450 εἰπὼν
3745 2399 3839 2452 καὶ

2185 2480 2539 2557 παραδεχθεὶς
2599 2479 2911 2560 ἐξεχωρήθη
2993 2482 3080 2539 καὶ
3143 2481 3284 2560 παρὰ
3337 2490 3428 2539 τοῦ
3485 2482 3838 2565 πατριάρχου

2185 2583 2506 2648 συνηγορεῖν
2533 2571 2606 2634 ὡς
2635 2571 2724 2626 καὶ
2751 2592 3032 2650 προτερον.

452 2671 556 2716 vui
589 2655 765 2716 Basil.
821 2663 878 2714 et
910 2672 1042 2732 quae
1072 2654 1131 2714 in
1167 2654 1426 2732 praefecti
1490 2654 1640 2715 libro
1678 2653 1766 2715 De
1796 2653 2106 2717 advocatis
2135 2655 2370 2736 digesta
2426 2669 2588 2719 sunt.
2622 2657 2887 2720 Tradunt
2943 2659 3103 2722 enim
3137 2659 3460 2723 advocatos
3510 2661 3842 2742 collegium

455 2763 611 2818 esse,
647 2754 822 2825 atque
853 2743 1270 2823 cujuscunque
1301 2744 1589 2823 temporis
1622 2743 1902 2820 praefecto
1935 2745 2301 2807 conﬁrmari.
2339 2748 2582 2827 [Atque]
2617 2747 2741 2810 haec
2785 2747 3079 2828 [quidem]
3113 2767 3245 2811 cum
3275 2749 3544 2832 dixisset,
3575 2753 3842 2832 applau-

455 2821 854 2916 sumque'ipsi
886 2821 1068 2907 esset,
1104 2834 1279 2894 etiam
1315 2851 1346 2894 a
1397 2821 1736 2912 patriarcha
1769 2834 1970 2910 [porro
2003 2834 2223 2912 causis]
2262 2821 2646 2916 patrocinari,
2683 2845 2748 2898 ut
2786 2821 2971 2900 antea
3005 2837 3314 2920 [fecisset],
3351 2821 3714 2922 permissum
3748 2843 3842 2904 illi

453 2934 568 2989 est.

531 3015 700 3077 CAP.
734 3011 886 3076 XIV.
924 3047 1000 3057 —
1022 3011 1105 3074 De
1133 3013 1432 3092 episcopis
1461 3019 1514 3074 et
1546 3012 1818 3085 clericis,
1851 3013 1958 3092 qui
1989 3030 2092 3075 as-

2259 3013 2515 3077 ΚΕΦΑΛ,
2571 3023 2660 3073 [Δ.
2709 3051 2784 3061 -
2841 3018 2962 3096 Περὶ
3019 3017 3356 3100 ἐπισκόπων,
3407 3019 3494 3076 καὶ
3548 3018 3836 3100 κληρικῶν

451 3105 614 3166 ciliis
643 3101 1005 3166 mulieribus
1035 3102 1408 3164 cohabitant.

532 3193 784 3256 Concilii
813 3191 1038 3253 Nicceni
1072 3209 1260 3253 canon
1297 3190 1378 3270 3;
1433 3189 1668 3252 concilii
1712 3195 1864 3252 sexti
1897 3208 2090 3252 canon

451 3285 528 3364 5;
564 3281 802 3345 concilii
853 3282 1078 3344 Nicaani
1125 3281 1372 3343 secundi
1425 3298 1617 3342 canon
1651 3280 1760 3357 l8;
1791 3281 1994 3342 Basilii
2019 3299 2089 3343 ex

447 3372 697 3452 epistola
725 3371 798 3433 ad
829 3371 1179 3450 Gregorium
1211 3370 1584 3451 episcopum.

529 3459 771 3524 Teatus.
807 3458 1014 3522 Const.
1055 3459 1146 3534 19,
1184 3459 1274 3519 tit.
1327 3458 1384 3533 3,
1441 3458 1546 3521 lib.
1584 3477 1599 3520 ι
1633 3457 1770 3519 cod.
1804 3459 1885 3520 ait
1921 3480 1934 3521 :
1971 3460 2082 3523 Sa-

443 3550 742 3626 cerdotes,
775 3557 920 3624 etc.,
955 3567 1140 3628 usque
1169 3549 1248 3612 ad
1277 3567 1346 3610 ex
1374 3566 1543 3629 aequo
1569 3547 1699 3610 illas
1723 3549 2078 3629 partiuntur,

440 3647 512 3702 ul
536 3658 681 3720 pag.
716 3640 856 3716 687,
891 3640 1038 3703 690.

519 3729 858 3792 Scholium.
895 3727 1096 3792 Const.
1141 3731 1237 3803 19,
1276 3728 1365 3790 tit.
1395 3729 1453 3803 3,
1489 3727 1592 3792 lib.
1624 3728 1962 3809 tcod.,non
1993 3738 2083 3792 est

2175 3125 2439 3162 συνοντων
2469 3103 2666 3184 γυναιξὶ
2697 3108 3085 3171 συνεισάκτοις,

2253 3193 2478 3251 Συνόδου
2522 3196 2742 3258 Νικαίας
2789 3195 2958 3253 κανὼν
3005 3196 3057 3275 γ’
3095 3217 3108 3231 ·

2171 3282 2388 3341 συνόδου
2420 3285 2640 3349 Νικαίας
2670 3287 2731 3342 τὸ
2760 3285 2835 3362 β’,
2887 3286 3062 3342 κανών
3113 3286 3191 3356 ιη’
3224 3303 3237 3318 ·

2170 3374 2302 3451 πρὸς
2335 3372 2629 3453 Γρηγόριον
2660 3375 2976 3444 ἒπιστολῇς.

2249 3460 2534 3538 Κείμενον,
2569 3460 2635 3520 Ἠ
2668 3461 2734 3520 ιο’
2767 3462 2931 3544 διάτ.,
2967 3471 3060 3522 τοῦ
3088 3464 3138 3543 γ’
3170 3467 3273 3528 τίτ.
3307 3473 3397 3524 τοῦ
3428 3464 3502 3542 α’,
3564 3468 3668 3548 ιβ’,
3722 3473 3830 3530 τοῦ

2168 3549 2392 3616 κώδικος
2445 3574 2634 3630 φησιν,
2691 3551 2772 3609 ὅτι
2829 3555 2874 3609 οἱ
2904 3555 3090 3632 ἱερεῖς,
3125 3578 3178 3616 κ.
3216 3579 3269 3618 τ.
3301 3555 3382 3633 λ.,
3419 3574 3613 3637 usque
3641 3557 3720 3621 ad
3757 3564 3824 3618 τὸ

2165 3641 2524 3719 μοναστήριον
2556 3639 2609 3707 ἐξ
2640 3639 2769 3710 ἴσης
2802 3641 2933 3698 αὒτᾶ
2962 3643 3284 3720 μερίζονται.

2244 3728 2482 3808 Σχόλιον
2526 3730 2592 3786 Ἥ
2641 3730 2705 3788 ιϐ’
2752 3729 2892 3795 διάτ,
2939 3735 3031 3788 τοῦ
3074 3729 3125 3788 α’
3167 3731 3372 3809 βιϐλίου
3442 3737 3536 3791 τοῦ
3577 3735 3826 3803 κώδικος

3151 3197 3368 3256 συνόδου
3427 3199 3475 3264 ς’
3504 3199 3688 3258 κανὼν
3720 3201 3772 3256 ε’
3810 3222 3827 3237 ·

3289 3287 3566 3346 Βασιλείου
3612 3288 3677 3347 ἐκ
3719 3294 3830 3359 τῆς

439 3821 634 3900 posita
665 3821 722 3880 in
754 3817 960 3891 Basi|.,
997 3837 1194 3898 neque
1227 3819 1404 3879 etiam
1437 3827 1628 3882 const.
1679 3820 1732 3891 1,
1778 3817 1868 3881 tit.
1901 3825 1924 3877 1
1953 3817 2078 3879 No-

2206 3818 2260 3874 Βκ
2291 3818 2444 3886 ἐτέθη
2477 3821 2552 3883 εἷς
2581 3820 2646 3875 τὰ
2683 3819 2945 3877 Βασιλικᾶ
2974 3836 2988 3852 ⁸
3024 3819 3145 3878 ἀλλ’
3178 3822 3296 3879 οὐδὲ
3347 3825 3380 3891 ἡ
3434 3822 3483 3879 α’
3531 3823 3676 3888 ὃιάτ.
3722 3832 3828 3885 τοῦ

436 3909 744 3970 vellarum.
804 3906 1005 3970 Const.
1041 3925 1176 3970 vero
1205 3913 1242 3968 2
1285 3907 1554 3986 ejusdem
1589 3907 1681 3969 tit.
1715 3917 1808 3968 est
1841 3908 2077 3972 novella

2206 3907 2214 3929 ’
2246 3909 2348 3970 τίτ.
2380 3911 2485 3964 τῶν
2519 3915 2758 3986 Νεαρῶν.
2794 3907 2857 3966 Ἠ
2889 3908 2942 3965 δὲ
2971 3908 3022 3986 β’
3055 3910 3194 3974 διάτ.
3228 3919 3322 3970 τοῦ
3363 3915 3524 3971 αὐτοῦ
3555 3915 3661 3978 τίτ,
3699 3916 3824 3976 ’ἐστι

435 3997 756 4062 Justiniani
785 3997 922 4070 123,
975 3997 1162 4076 posita
1193 3996 1355 4077 [quin
1389 3993 1497 4066 est]
1531 3995 1591 4056 in
1622 3995 1728 4056 lib.
1763 4013 1851 4072 ιιι,
1888 3997 1977 4058 tit.
2015 3999 2070 4074 1,

2207 3998 2333 4075 εαρὰ
2366 3997 2785 4064 Ἰουστινιανειος
2817 3997 2935 4076 ρκγ’
2966 4000 3188 4076 κειμένη
3220 3997 3274 4057 ἐν
3331 3999 3520 4079 βιϐλίῳ
3575 4003 3655 4081 γ’,
3703 4009 3821 4068 τίτ.

436 4108 569 4169 cap.
602 4089 704 4163 54,
736 4089 813 4149 55
861 4098 920 4150 et
973 4089 1074 4151 56.
1109 4087 1252 4160 Quae
1280 4087 1474 4167 capita
1520 4086 1602 4148 ita
1631 4086 1882 4166 habent,
1919 4097 1983 4151 ut
2010 4089 2072 4150 in

2206 4086 2235 4160 ’,
2281 4107 2402 4165 κεφ,
2451 4085 2552 4166 νδ⁹,
2607 4085 2704 4162 νε’,
2757 4109 2838 4168 νς,
2882 4087 3036 4144 ἅτινα
3080 4110 3202 4169 κεφ.
3251 4088 3416 4156 οὕτως
3462 4089 3689 4171 ἔχουσιν
3737 4098 3820 4160 ὡς

435 4178 790 4258 compendio
825 4178 1130 4258 proposita
1159 4186 1320 4240 sunt.

2206 4177 2587 4251 ινωψίσθησαν.

514 4267 676 4330 CAP.
709 4266 834 4330 XV.
867 4301 946 4313 —
979 4267 1285 4342 Quomodo
1317 4269 1638 4347 episcopos,
1672 4264 1938 4341 clericos,
1967 4278 2073 4333 aut

2241 4273 2491 4331 ΚΕΦΑΛ.
2537 4268 2643 4329 ΙΕ’.
2695 4302 2774 4314 --
2816 4275 2934 4335 Πῶς
2987 4267 3072 4327 δεῖ
3123 4269 3445 4336 ἐπισκόπους
3503 4273 3540 4341 ἢ
3599 4272 3814 4352 κληρι-

433 4357 733 4460 castitatis
790 4361 924 4419 uoto
977 4356 1311 4435 obstrictos,
1368 4357 1448 4419 ad
1503 4355 1787 4418 mulieres
1833 4355 2103 4459 ingredil

2206 4355 2276 4422 ὡς
2359 4357 2395 4424 ἢ
2466 4357 2994 4437 ἐγκρατευομένους,
3077 4360 3293 4418 εἰσιέναι
3380 4363 3514 4438 πρὸς
3600 4379 3811 4443 Your-

433 4453 737 4527 oporteat.
2094 4453 2103 4459 -

2206 4468 2275 4510 ις.

512 4534 765 4598 Concilii
797 4533 1276 4614 Carthaginensis
1307 4553 1497 4598 canon
1530 4536 1608 4600 38
1635 4555 1651 4610 ;
1685 4534 1925 4596 concilii
1959 4536 2067 4599 Ni-

426 4626 574 4689 (ξωηί
607 4625 854 4687 secundi
888 4643 1078 4686 canon
1113 4627 1212 4687 22.

506 4715 671 4779 CAP.
708 4713 859 4777 XVI.
895 4749 969 4761 ——
1003 4716 1178 4791 Quod
1207 4714 1467 4778 clericus
1498 4733 1632 4777 cum
1671 4714 1920 4795 nuptias
1946 4717 2060 4778 ite—

421 4814 601 4868 rante
631 4814 737 4868 aut
765 4813 994 4885 praeter
1022 4805 1185 4884 leges
1234 4821 1491 4867 uxorem
1537 4805 1814 4883 ducente,
1849 4806 2059 4868 conui-

2212 4809 2508 4863 νεστιᾶσθαι
2591 4811 2668 4879 τῷ
2747 4805 3250 4886 δευτερογαμοῦντι,

2230 4533 2455 4593 Συνόὲου
2505 4533 2852 4616 Καρθαγὲνης
2905 4538 3078 4595 κανὼν
3127 4534 3221 4607 λη’
3255 4555 3269 4572 ⁸
3305 4539 3523 4599 σῦνόδου
3569 4545 3806 4610 Νικαίας

2147 4626 2208 4681 τὸ
2235 4624 2290 4702 β’
2322 4626 2495 4683 κανὼν
2523 4624 2632 4687 κϐ’.

2231 4722 2481 4779 ΚΕΦΑΛ.
2530 4715 2657 4791 ις’,
2701 4746 2784 4764 -ι-
2823 4717 2947 4797 Περὶ
2988 4725 3081 4775 τοῦ
3133 4720 3211 4795 μὴ
3254 4717 3487 4801 ὀφείλειν
3531 4719 3803 4801 κληρικὸν

3340 4810 3375 4878 ἢ
3462 4815 3803 4892 παρανόμως

421 4898 558 4960 uari
587 4913 709 4958 non
739 4896 970 4958 debeat.

2206 4901 2400 4971 ιμοῦντι
2413 4936 2428 4957 .

499 4985 746 5049 Concilii
777 4983 1286 5047 Neocaesariensis
1306 5001 1496 5045 canon
1524 4985 1558 5044 7
1593 5003 1609 5059 ;
1638 4982 1939 5046 Timothei
1971 5003 2060 5046 ca-

2224 4983 2450 5042 Συνόδου
2509 4987 2922 5066 Νεοκαισαρείας
2994 4988 3169 5046 κανών
3213 4987 3261 5060 ζ’
3295 5003 3307 5018 ⁶
3373 4992 3636 5067 Τιμοθέου
3690 5017 3804 5054 κα-

417 5077 670 5138 non“.

2206 5099 2246 5132 ιν
2279 5077 2376 5139 ια’.

2223 5171 2476 5230 ΚΕΦΑΛ.
2539 5165 2642 5226 ΙΖ’.
2703 5201 2780 5213 -
2840 5169 2965 5245 Περὶ
3021 5174 3111 5225 τοῦ
3175 5166 3342 5244 μηδὲν
3405 5185 3586 5229 ποιεῖν
3663 5175 3800 5240 τοὺς

2137 5255 2422 5334 κληρικοὺς
2451 5254 2576 5313 ἄνευ
2608 5261 2712 5313 τῶν
2745 5255 3056 5315 ἐπισκόπων
3085 5258 3281 5319 αὐτῶν.

2215 5344 2562 5404 Ἀποστόλων
2619 5347 2794 5404 κανών
2851 5343 2930 5405 λθ⁹
3009 5345 3227 5408 συνόδου
3300 5347 3619 5417 Λαοδικείας
3679 5377 3792 5411 κα-

2137 5435 2240 5492 νών
2271 5433 2368 5509 νζ’.

496 5164 662 5228 CAP.
695 5163 879 5228 XVII.
914 5199 993 5210 —
1023 5165 1116 5229 Ne
1175 5164 1386 5228 clerici
1434 5163 1566 5226 sine
1611 5163 1900 5243 episcopis
1929 5165 2056 5226 suis

415 5255 748 5333 quidquam
778 5258 1036 5331 faciant.

495 5343 913 5422 Apostolorum
947 5363 1138 5407 canon
1170 5345 1247 5409 39
1274 5365 1289 5425 ;
1325 5342 1568 5406 concilii
1599 5342 1926 5407 Laodiceni
1959 5363 2051 5408 ca-

412 5451 531 5498 non
565 5434 664 5498 57.
