4052 6222
499 290 518 361 l
532 293 650 364 095

1673 292 1942 366 PHOTII
1982 287 2500 365 PATRIARCH/E
2544 292 2660 364 ΟΡ.

3689 295 3815 370 1096

488 451 610 514 que
639 431 712 496 ad
743 429 1401 521 competeusjudicium
1425 431 1612 493 abibit
1640 449 1652 493 :
1678 435 1791 497 nisi
1815 435 1864 498 si
1885 435 2124 517 quando

2211 439 2238 495 ὁ
2283 440 2382 516 μὲν
2425 445 2524 509 τῆς
2567 441 2835 518 κοσμικῆς
2875 442 3115 520 φαίνεται
3177 442 3576 521 καταστάσεως,
3619 444 3646 498 ὃ
3682 441 3730 498 δὲ
3754 451 3820 517 τῷ

487 524 746 587 tribunal
767 521 1216 603 imperatorium
1237 520 1456 601 aliquis
1478 523 1940 602 requiret.Tunc
1965 525 2125 586 enim

483 613 763 675 omnibus
791 611 1173 673 cessantibus
1227 611 1613 692 imperatoria
1647 613 1927 692 majestas
1958 615 2124 676 litem

483 700 919 780 dijudicabit,et
937 700 1174 762 decidet
1197 702 1919 764 controversiam.Verum
1945 705 2126 784 hujus

480 807 680 851 aureae
694 788 866 850 bullae
879 789 1444 870 segmentum,quod
1459 793 1687 873 statuit,
1708 801 1769 852 ut
1785 797 2126 873 quicunque

477 879 550 941 ad
575 879 996 960 qualecunque
1019 878 1279 940 tribunal
1304 880 1642 950 trahuntur,
1679 880 1728 942 si
1756 882 2126 962 imperatorii

475 968 796 1031 tribunalis
825 968 1185 1030 auditorium
1220 967 1552 1050 requirant,
1587 969 2002 1032 admittantur:
2036 971 2124 1032 ir-

477 1058 658 1120 ritum
693 1058 913 1120 factum
947 1067 1040 1120 est
1069 1077 1145 1119 ex
1181 1057 1515 1138 posteriore
1539 1061 1814 1139 jussione
1851 1060 2124 1140 ejusdem

479 1147 863 1228 imperatoris
894 1147 1098 1209 domui
1132 1146 1327 1209 Alexii
1361 1149 1680 1229 Comneni,
1701 1168 1832 1230 quae
1863 1149 2129 1230 evulgata

477 1245 796 1300 estmense
818 1237 997 1312 Maio,
1033 1235 1363 1297 indictione
1385 1241 1511 1310 3,et
1532 1237 1734 1298 statuit
1759 1248 1890 1318 post
1924 1257 2125 1318 prom—

477 1326 664 1388 mium
691 1326 842 1406 haec,
867 1326 926 1388 in
947 1325 1074 1386 haec
1094 1323 1298 1386 verba:
1338 1324 1680 1387 Praascribit
1713 1325 1893 1405 igitur
1922 1328 2125 1389 omni-

478 1413 589 1479 bus
618 1414 814 1490 vobis,
837 1414 938 1496 qui
963 1413 1211 1494 judiciis
1245 1415 1536 1494 praeestis,
1573 1416 1960 1494 imperatoria
1993 1435 2126 1479 mea

2207 530 2329 604 θείῳ
2371 529 2555 609 κλήρῳ
2602 530 3036 611 ἐγκατείλεγται,
3097 535 3125 588 ὁ
3169 531 3372 610 ἐνᾶγων
3430 539 3708 598 τηνικαῦτα
3757 540 3823 606 τῷ

2209 620 2354 697 φύρῳ
2410 623 2500 675 τοῦ
2582 619 2908 698 έναγομένου
2985 620 3278 686 ἐξέπαντος
3346 623 3697 701 ὑποκείσεται,
3747 625 3824 678 καὶ

2207 705 2428 773 ἕκαστος
2485 709 2559 772 εἰς
2617 710 2676 764 τὸ
2735 708 3037 789 πρόσφορον
3082 708 3420 785 δικαστήριον
3480 708 3822 784 ἀπελεύσεται,

2207 797 2252 852 εἰ
2311 799 2494 872 μήπου
2552 796 2818 861 πολλάκις
2882 820 2963 860 τις
3015 805 3124 854 τῶν
3168 800 3420 858 ἁπάντων
3474 800 3537 855 τὸ
3578 799 3826 874 βασιλικὸν

2206 882 2545 964 δικαστήριον
2587 888 2870 958 ἒπιζητοίη
2905 903 2918 918 ⁸
2968 888 3088 944 τότε
3121 889 3222 966 γὰρ
3251 887 3630 968 σχολαζόντων
3674 888 3826 943 arriv-

2205 995 2313 1030 των
2355 976 2390 1042 ἡ
2442 975 2698 1051 βασιλικὴ
2780 975 3140 1055 μεγαλειότης
3199 976 3363 1040 δια...
3430 982 3500 1052 τῇ
3557 973 3692 1053 δίκῃ,
3757 980 3831 1033 καὶ

2205 1077 2363 1139 τεμεῖ
2431 1065 2492 1120 τὸ
2549 1063 2870 1139 ἀμφίϐολον.
2932 1065 3228 1145 Ἀνάγνωθι
3299 1067 3388 1123 καὶ
3462 1066 3554 1122 τὸν
3629 1063 3690 1120 ιε’
3744 1085 3831 1120 κα-

2211 1160 2336 1208 νόνα
2379 1157 2477 1218 τῆς
2521 1155 2578 1209 ἐν
2626 1151 2972 1232 Καρθαγέννῃ
3017 1153 3256 1227 συνόδου,
3309 1154 3405 1211 καί
3451 1154 3520 1210 τὰ
3581 1153 3634 1210 έν
3683 1154 3826 1227 αύτῷ.

2209 1242 2273 1298 Ἥ
2308 1239 2392 1318 κβ⁹
2431 1241 2570 1306 διάτ,
2601 1250 2695 1300 τοῦ
2747 1244 2799 1320 γ’
2849 1243 2952 1306 τίτ,
3014 1251 3106 1302 τοῦ
3137 1243 3190 1300 α’
3218 1241 3426 1320 βιϐλίου
3471 1250 3564 1300 τοῦ
3602 1241 3824 1316 κώδικος,

2209 1330 2320 1388 ἔστι
2366 1353 2486 1412 κεφ.
2536 1331 2587 1408 β’
2634 1331 2726 1388 τοῦ
2755 1330 2832 1407 α’,
2883 1333 2996 1391 τίτ.
3039 1341 3134 1392 τοῦ
3180 1332 3228 1389 α’
3277 1330 3488 1409 βιϐλίου
3531 1332 3636 1390 τῶν
3688 1339 3829 1388 Baci-

2207 1419 2402 1500 λικῶν,
2465 1423 2550 1478 καὶ
2603 1423 2750 1492 ζήτει
2807 1427 2961 1477 τοῦτο
3008 1422 3376 1500 καταστρωθὲν
3411 1423 3487 1486 εἷς
3516 1421 3615 1487 τὴν
3674 1421 3827 1496 ἑρμη-

2205 1509 2345 1565 νείαν
2399 1517 2493 1566 τοῦ
2549 1513 2641 1585 μαι
2696 1510 2926 1574 κανόνος
2976 1513 3074 1577 τῆς
3133 1509 3187 1565 ἐν
3262 1508 3548 1583 Λαοδικείᾳ
3607 1507 3824 1569 συνόδου.

477 1506 862 1586 majestas,ne
893 1523 1152 1585 unquam
1188 1505 1432 1584 posthac
1458 1505 1896 1585 obtemperetis
1915 1507 2122 1586 cujus-

2205 1595 2267 1653 Ἠ
2313 1597 2366 1654 δὲ
2406 1599 2488 1654 κε’
2533 1599 2672 1660 διάτ.
2720 1605 2812 1656 τοῦ
2856 1595 2909 1677 γ’
2951 1601 3053 1659 τίς.
3113 1603 3205 1656 τοῦ
3259 1598 3310 1656 α’
3354 1597 3565 1672 βιϐλίου
3623 1606 3710 1656 τοῦ
3741 1598 3826 1654 κώ-

478 1595 880 1674 modicunque
910 1593 1230 1674 rescripto,
1265 1595 1422 1673 quod
1462 1593 1736 1672 judicum
1782 1597 2121 1676 quempiam

469 1683 762 1766 judicium
799 1683 872 1744 ad
909 1689 1104 1762 ipsum
1139 1683 1555 1744 transmissum
1592 1701 1878 1746 exercere
1911 1685 2119 1765 prohi-

2207 1685 2347 1750 δικος
2404 1690 2498 1746 οὒκ
2543 1688 2696 1754 ἒτέθη
2741 1690 2812 1751 εἷς
2861 1690 2923 1744 τὰ
2970 1687 3260 1749 Βασιλικά.
3320 1690 3638 1764 Σημείωσαι
3671 1704 3684 1718 '
3745 1697 3826 1747 τοῦ

477 1774 640 1852 beat,
678 1773 908 1835 tametsi
943 1771 1252 1833 cinuabari
1303 1772 1711 1851 subsignatum
1749 1773 1848 1847 sit,
1887 1777 2117 1838 tametsi

2207 1776 2444 1833 τοιούτου
2487 1775 2542 1832 δὲ
2579 1774 2981 1856 χρυσοϐούλλου
3009 1779 3042 1846 ἡ
3101 1777 3370 1855 περικειπὴ
3419 1779 3452 1845 ἦ
3512 1775 3822 1854 διοριζομένη
3924 1816 3927 1824 -

479 1881 671 1926 cereae
697 1862 874 1924 bulla)
901 1861 1162 1940 sigillum
1206 1861 1444 1924 habeat.
1489 1861 1604 1924 Sed
1640 1867 1687 1922 si
1720 1863 1960 1943 quidem
1991 1873 2122 1944 post

2207 1863 2595 1944 προσδέχεσθαι
2652 1864 2857 1929 πάντας
2913 1866 3034 1929 τοὺς
3115 1865 3437 1942 ἑλκομένους
3501 1866 3574 1931 εἷς
3633 1863 3823 1931 οἱονδη-

479 1951 666 2013 libelli
688 1951 1049 2013 oblationem
1069 1950 1226 2012 intra
1245 1951 1456 2030 viginti
1475 1951 1837 2030 cognitionis
1859 1952 2117 2028 dies,qui

2207 1961 2396 2012 ποτοῦν
2455 1952 2820 2032 δικαστήριον,
2879 1955 2966 2012 καὶ
3037 1962 3328 2026 ζητοῦντας
3400 1962 3498 2013 τοῦ
3568 1954 3824 2031 βασιλικοῦ

475 2046 538 2107 in
561 2041 852 2122 judicium
887 2046 1218 2120 pertractus
1249 2049 1360 2114 est,
1395 2041 1808 2102 dimissionem
1854 2041 2117 2122 impera-

2207 2044 2446 2120 βήματος
2502 2044 2602 2112 τὴν
2651 2043 2924 2122 ἀκρόασιν,
2958 2043 3256 2125 ἐσχόλασεν
3305 2043 3414 2102 ἀπὸ
3454 2045 3819 2121 μεταγενεστέ-

477 2133 642 2193 toriae
663 2136 882 2192 nostra:
903 2129 1228 2209 majestatis
1252 2130 1555 2210 impetret,
1585 2149 1716 2210 quae
1738 2131 1989 2192 alterum
2009 2132 2111 2210 ju-

2207 2155 2298 2212 ρας
2339 2132 2677 2212 προστάξεως
2704 2139 2796 2189 τοῦ
2843 2135 3002 2191 αὐτοῦ
3057 2133 3323 2212 βασιλέως
3381 2135 3564 2213 κυρίου
3611 2133 3818 2200 Ἀλεξίου

478 2221 674 2283 dicem
697 2219 783 2281 illi
805 2219 899 2280 cui
925 2221 1088 2299 prius
1114 2236 1290 2281 causa
1311 2220 1659 2281 transmissa
1682 2228 1791 2299 est,
1809 2220 1876 2282 ad
1879 2219 2112 2301 jungat:

2207 2229 2292 2279 τοῦ
2334 2220 2644 2299 Κομνηνοῦ,
2696 2222 3052 2290 ἆπολυθείσης
3102 2224 3238 2280 κατὰ.
3281 2228 3433 2299 μῆνα
3478 2225 3655 2280 Μαῖον
3704 2223 3819 2279 Mi-

475 2313 538 2372 in
553 2328 734 2373 unum
753 2310 1110 2371 conveniant
1131 2309 1436 2370 constituti
1447 2309 1778 2389 judices,et
1796 2310 2116 2388 legitimam

2207 2311 2407 2376 κτιύνος
2439 2311 2492 2390 γ’
2529 2327 2544 2342 ⁶
2579 2313 2673 2368 καί
2706 2310 3072 2391 διοριζομένης
3103 2313 3240 2388 μετᾶ
3271 2313 3332 2370 τὸ
3371 2315 3658 2392 προοίμιον
3678 2320 3820 2371 ταῦτα

476 2400 844 2463 decisionem
869 2396 1101 2478 [rebus]
1124 2400 1525 2461 controversis
1550 2398 1628 2461 im
1639 2399 1952 2480 ponant.Si
1975 2419 2113 2463 vero

2207 2401 2373 2475 δητῶς
2408 2417 2424 2431 ⁶
2476 2403 2767 2477 Διορίζεται
2811 2402 2900 2458 οὗν
2948 2407 3106 2459 πᾶσιν
3147 2402 3278 2480 ὑμῖν
3308 2415 3428 2471 τοῖς
3457 2409 3566 2460 τῶν
3596 2401 3818 2469 δικιστηυ

471 2489 679 2569 viginti
713 2489 948 2551 dierum
983 2495 1220 2569 tempus
1255 2488 1616 2567 decurrerit,
1650 2506 1728 2549 ne
1757 2489 1906 2550 alter
1929 2489 2116 2569 judex

2207 2491 2325 2566 ρίων
2357 2496 2686 2570 προεστῶσιν
2717 2491 2752 2559 ἡ
2778 2489 3022 2567 βασιλεία
3051 2513 3178 2571 μου,
3212 2491 3411 2568 μηκέτι
3463 2495 3526 2549 τὶ
3570 2492 3673 2550 ἀπὸ
3715 2499 3819 2549 τοῦ-

471 2577 1128 2658 σόιηίιιδιυεμιιιοηίσω
1146 2579 1260 2639 hoc
1275 2578 1453 2639 etiam
1473 2577 1590 2657 legi
1609 2578 1891 2654 videtur):
1919 2597 2116 2655 neque

2207 2579 2252 2636 δε
2324 2580 2613 2659 προσέχειν
2677 2578 2933 2651 οἱᾳδήτινι
3008 2581 3310 2660 ἀντιγραφῇ
3379 2581 3664 2659 κωλυούσῃ
3722 2585 3820 2638 τινὰ

474 2684 610 2729 vero
644 2665 796 2745 [hoc]
851 2673 1162 2747 praetextu,
1223 2666 1380 2747 quod
1441 2666 1692 2728 fortasse
1729 2668 2111 2749 postmodum

2207 2673 2303 2727 τῶν
2345 2668 2606 2726 δικαστῶν
2649 2670 2750 2736 τὴν
2794 2668 2879 2726 ἐπ’
2941 2672 3084 2743 αύτῷ
3153 2676 3639 2750 καταπεμφθεῖσιν
3691 2670 3819 2738 δίκην

469 2757 648 2818 statui
681 2756 864 2836 possit
897 2764 960 2818 ut
1015 2773 1198 2818 causa
1245 2757 1317 2817 ad
1353 2757 1752 2836 imperatoriae
1784 2757 2113 2836 maiestatis

2207 2758 2501 2840 γυμνάζειν,
2562 2757 2660 2814 κᾶν
2735 2758 2819 2815 διὰ
2903 2757 3260 2837 κινναϐάρεως
3337 2761 3816 2836 ὑποσεσημασμένη

469 2845 730 2907 tribunal
763 2845 1201 2920 introducatur,
1233 2845 1402 2906 nullo
1449 2845 1629 2908 modo
1663 2845 1924 2928 [judex],
1957 2865 2110 2928 quo-

2207 2849 2466 2928 τυγχάνῃ,
2513 2848 2611 2903 κᾶν
2672 2848 2772 2914 τὴν
2837 2845 3201 2924 κηρόόουλλον
3261 2848 3538 2928 σφραγῖδα
3591 2848 3813 2930 φέρηται,

467 2936 666 2998 minus
685 2933 982 3014 judicium
1018 2935 1189 3010 ferat,
1225 2934 1629 3015 impediatur;
1661 2935 1766 2998 sed
1801 2941 2113 2998 transmis-

2207 2936 2332 2994 ὶλλὰ
2363 2937 2498 3014 μετὰ
2527 2937 2627 3005 τὴν
2657 2945 2749 2995 τοῦ
2792 2935 3040 2994 λιϐέλλου
3085 2937 3256 3019 δοσιν,
3314 2940 3358 2995 εἰ
3412 2940 3514 3015 μὲν
3545 2939 3688 3004 ἐντὸς
3730 2944 3813 2995 τῶν

466 3041 590 3086 sam
613 3021 727 3087 sibi
750 3025 1223 3086 controversiam
1270 3024 1341 3086 ad
1368 3023 1516 3102 legis
1540 3024 1887 3106 praescripta
1909 3034 2112 3088 exacte

2207 3027 2400 3084 εἴκοσιν
2445 3028 2663 3104 ἡμερῶν
2690 3027 2787 3095 τῆς
2818 3025 3148 3104 διασκέψεως
3193 3029 3220 3085 ὃ
3270 3028 3357 3085 ἰπὶ
3405 3029 3470 3086 τὸ
3501 3026 3814 3108 δικαστήριον

466 3112 726 3189 decidat;
757 3122 819 3174 ut
845 3121 1042 3174 tamen
1090 3113 1374 3194 litigator,
1408 3115 1453 3174 si
1489 3131 1552 3174 se
1575 3113 1796 3194 injuria
1826 3114 2107 3176 allectum

2207 3115 2482 3192 ἑλκόμενος
2542 3115 2692 3173 λύσιν
2734 3121 2830 3184 τῆς
2889 3115 3161 3193 βασιλείας
3211 3119 3368 3193 ἡμῶν
3417 3118 3709 3198 πορίσεται,
3739 3117 3812 3174 καὶ

466 3211 695 3283 putet,a
709 3202 1119 3282 provocatoria
1127 3201 1359 3282 judicio
1374 3203 1716 3284 neutiquam
1733 3203 2106 3266 excludatur.

2207 3205 2371 3285 ἕτερον
2400 3203 2656 3272 δικαστὴν
2708 3213 2788 3281 τῷ
2845 3205 2929 3286 ἐφ’
2970 3206 3031 3264 θν
3073 3227 3331 3286 προτερον
3384 3206 3733 3288 παρεπέμφθη
3780 3207 3808 3273 ἡ

463 3291 659 3372 Atque
676 3291 790 3353 hoc
814 3289 1111 3372 [quidem]
1131 3309 1340 3353 omnes
1361 3310 1465 3352 vos
1477 3292 1714 3371 judices
1745 3311 2110 3371 cognoscen-

2207 3293 2312 3362 ῖίκη
2367 3296 2858 3374 παραζευγνύουσαν
2901 3295 3130 3355 συνιέναι
3173 3297 3298 3360 τοὺς
3337 3295 3642 3373 ὁρισθέντας
3694 3296 3808 3352 κατᾶ

466 3389 582 3455 tes,
639 3379 899 3441 nitimini
957 3381 1308 3442 commissas
1365 3379 1531 3442 vobis
1587 3381 1721 3443 lites
1751 3399 2014 3463 servare,
2050 3390 2110 3444 et

2207 3384 2377 3462 τρυτὸν
2431 3383 2683 3449 δικαστὰς
2741 3385 2829 3441 καὶ
2876 3385 2976 3453 τὴν
3016 3385 3078 3442 τὸ
3110 3384 3208 3460 μὲν
3253 3384 3475 3463 έπάγειι
3511 3399 3628 3450 τοῖς
3658 3385 3808 3465 ἀμφι·

458 3468 796 3550 legitimum
851 3469 968 3530 illis
1017 3469 1195 3531 tinem
1249 3469 1588 3550 imponere.
1624 3471 1759 3533 Non
1789 3471 1914 3532 vult
1945 3472 2104 3532 enim

2207 3471 2369 3536 ῗόλοις
2424 3473 2666 3549 ἔννομον.
2735 3474 2794 3532 Ei.
2853 3471 2900 3530 δ’
2944 3473 2973 3530 δ
3018 3480 3125 3530 τῶν
3168 3473 3345 3531 εῗκσσι
3385 3475 3607 3554 ἡμερῶν
3650 3496 3804 3554 παρα-

455 3559 846 3640 imperatoria
881 3577 1013 3620 mea
1037 3559 1347 3639 majestas,
1381 3568 1443 3620 ut
1469 3568 1853 3641 posteaquam
1879 3576 1950 3622 ex
1960 3560 2103 3639 jus-

2207 3563 2362 3642 ῖράμη
2446 3583 2670 3643 χρονος,
2757 3564 2894 3639 μετὰ
2969 3561 3321 3632 συνδικαστὴν
3397 3563 3580 3644 ἕτερον
3648 3585 3803 3642 παρα-

455 3648 832 3730 sioneipsius
845 3648 915 3709 ad
936 3648 1206 3728 judicem
1233 3649 1572 3729 quempiam
1601 3648 1850 3730 [aliqua]
1868 3658 2104 3712 contro-

2207 3651 2457 3733 ἰὲχεσθαι,
2501 3650 2584 3708 ὅτι
2627 3652 2716 3710 καὶ
2758 3659 2836 3728 τῷ
2879 3675 3027 3729 νομῳ
3070 3653 3242 3728 τούτῳ
3291 3651 3472 3732 δοκεῖ,
3534 3654 3669 3730 μήτε
3713 3656 3806 3728 μὴν

454 3738 653 3802 versia
677 3737 1032 3802 transmissa
1062 3737 1376 3818 fuerit,per
1406 3737 1980 3819 cujusmodicuuque
2005 3757 2103 3820 po-

2207 3742 2442 3822 εροφάσει
2503 3747 2598 3799 τοῦ
2653 3744 2741 3800 επὶ
2783 3744 2845 3799 τὸ
2887 3747 2988 3810 τῆς
3045 3742 3320 3820 βασιλείας
3378 3765 3484 3820 μου
3521 3744 3668 3820 βῆμα
3708 3745 3806 3820 ὁρι-

457 3828 681 3891 sterius
712 3827 1026 3908 scriptum,
1061 3827 1220 3908 quod
1252 3827 1718 3889 controversiam
1750 3827 1821 3888 ad
1846 3828 2104 3908 impera-

2207 3831 2370 3900 ιθῆνιιι
2427 3829 2563 3897 ἴσως
2613 3830 2666 3898 ές
2706 3830 2926 3910 ὔστερον
2969 3833 3068 3900 τὴν
3128 3831 3278 3900 δίκην
3331 3833 3568 3911 γίνεσθαι
3599 3830 3808 3910 εἰσαγώο

457 3920 668 3980 loriam
729 3935 920 3980 meam
983 3918 1358 3997 majestatem
1418 3917 1721 3979 introduci
1751 3917 2099 3995 demandet,

2207 3943 2341 3997 νιμον
2399 3918 2769 3997 ἐμποδίζεσθαι
2827 3919 2965 3987 ὅλως
3027 3922 3099 3985 εἰς
3158 3921 3261 3989 τὴν
3319 3919 3634 4001 διάγνωσιν,
3686 3919 3807 3976 ἀλλᾶ

455 4007 717 4086 cognitio
748 4007 1140 4087 impediatur;
1173 4007 1275 4070 sed
1298 4015 1359 4067 ut
1387 4007 1489 4068 illa
1517 4007 1674 4088 apud
1710 4007 1986 4069 eumdem
2009 4010 2097 4087 ju-

2207 4011 2393 4086 τέμνειν
2472 4009 2573 4078 τὴν
2655 4013 3132 4090 καταπεμφθετσαν
3213 4011 3404 4069 τούτου
3505 4007 3804 4091 ἀμφιϐολίαν

454 4095 784 4170 dicem,aut
817 4097 903 4177 (ut
933 4096 1210 4176 superius
1232 4096 1454 4157 dictum
1481 4097 1597 4176 est)
1635 4094 1843 4178 [apud]
1861 4096 2101 4177 judices

2207 4101 2323 4156 ιετὰ
2376 4099 2476 4168 τὴν
2525 4107 2620 4159 τοῦ
2675 4121 2839 4176 νομου
2895 4098 3191 4178 ἀκρίϐειαν,
3266 4102 3345 4176 μή
3405 4097 3806 4159 ἀποκλειομένου

452 4185 612 4248 intra
633 4186 840 4266 viginti
857 4184 1217 4264 cognitionis
1241 4185 1372 4247 dies
1397 4184 1564 4259 [una]
1592 4205 1725 4248 cum
1750 4192 1878 4267 ipso
1905 4186 2098 4265 datos,

2207 4189 2396 4256 εάντως
2439 4192 2516 4262 τῷ
2568 4186 2900 4265 δικαζομένῳ
2953 4194 3046 4246 τοῦ
3092 4189 3190 4258 τῆς
3249 4186 3516 4260 έκκλήτου
3565 4188 3803 4253 δικαστη-

453 4293 646 4357 usque
662 4276 736 4337 ad
760 4274 1057 4350 ﬁnem,ita
1075 4275 1424 4338 utsubtrabi
1441 4294 1558 4337 non
1575 4275 2100 4356 possit,procedat;

2207 4280 2318 4340 lion.
2360 4277 2492 4356 Εἴγε
2521 4275 2810 4359 βεϐλάφθαι
2863 4278 3062 4354 οἴεται,
3109 4279 3197 4336 καὶ
3253 4280 3409 4336 τοῦτο
3442 4279 3636 4342 πάντες
3661 4279 3800 4352 ὑμεῖς

455 4381 527 4426 ac
557 4372 690 4444 post
714 4363 1013 4442 judicium
1049 4363 1280 4425 finitum
1315 4365 1368 4427 ei
1420 4365 1520 4446 qui
1574 4365 1830 4427 fortasse
1885 4366 2104 4444 injuria

2207 4369 2536 4444 Γινώσκοντες
2614 4369 2661 4423 οἱ
2729 4366 3030 4440 δικάζοντες
3091 4365 3341 4426 σπεύδετε
3399 4368 3495 4434 τὰς
3549 4368 3800 4424 ἀνάτεθει-

455 4471 523 4516 se
547 4451 826 4514 allectum
861 4452 1370 4532 putabit,facultas
1401 4456 1574 4529 sit,ut
1599 4473 1704 4534 per
1735 4457 2102 4536 provocatio-

2207 4456 2349 4524 ιένας
2393 4458 2526 4534 ὑμῖν
2566 4455 2712 4520 δίκας
2753 4467 2967 4538 τηρεῖν,
3004 4458 3079 4523 ὡς
3124 4456 3303 4532 τέλος,
3356 4458 3579 4522 ταύταις
3607 4456 3800 4533 ἐπάγειν

455 4559 592 4604 nem
619 4541 778 4603 aliud
820 4542 1078 4604 tribunal
1131 4542 1542 4624 imploret,aut
1571 4544 1849 4624 potentiae
1879 4552 2100 4607 nostrae

2209 4567 2424 4621 ννομον.
2484 4547 2556 4605 Οὸ
2598 4545 2844 4623 βούλεται
2909 4545 2965 4603 δὲ
3023 4548 3059 4616 ἡ
3116 4547 3360 4624 βασιλεία
3411 4570 3513 4624 μου
3570 4546 3697 4621 μετᾶ
3747 4543 3797 4597 τὸ

453 4630 821 4694 audientiam
836 4631 1316 4712 requirat.Legas
1333 4633 1514 4696 etiam
1535 4635 1608 4695 l5
1631 4651 1922 4694 canonem
1947 4652 2096 4696 con-

2207 4638 2630 4716 παραπεμφθῆναι
2689 4633 2829 4701 ὅλως
2907 4637 3010 4693 τινὶ
3080 4642 3187 4693 τῶν
3257 4635 3522 4694 δικαστῶν
3575 4635 3796 4692 ὑπόθεσιν

453 4721 574 4785 cilii
603 4721 1180 4799 Carthaginensis,et
1200 4725 1404 4804 quaein
1427 4722 1529 4784 illo
1550 4721 2100 4804 [comprehendun-

2207 4725 2318 4782 ιατὰ
2401 4722 2685 4804 πρόσταξιν
2762 4728 2952 4799 αύτῆς,
3009 4724 3061 4790 ἐξ
3131 4723 3466 4796 οἱασδήτινος
3525 4742 3795 4802 μεταγενε-

451 4810 596 4880 tur.]
621 4814 824 4876 Const.
853 4813 952 4886 2'2,
987 4813 1076 4874 tit.
1101 4811 1158 4887 3,
1194 4812 1613 4875 lib.tcod.est
1635 4831 1770 4893 cap.
1808 4813 1872 4888 2,
1906 4814 1997 4876 tit.
2035 4815 2095 4895 l,

2207 4815 2368 4892 m'pzc
2399 4815 2610 4895 γραφῆς
2656 4814 3050 4894 ἐπιτρεπούσης
3102 4815 3176 4878 εἷς
3238 4815 3336 4882 τὴν
3379 4813 3648 4892 βασιλείαν
3707 4831 3795 4887 μου

450 4899 558 4965 lib.
581 4919 621 4964 ιι
646 4901 825 4964 Basil.
861 4901 1016 4982 quod
1042 4919 1247 4984 quaere
1272 4903 1563 4964 insertum
1601 4901 1961 4982 expositioni
1992 4904 2091 4986 4t,

2207 4907 2496 4984 ἱσαχθηναι
2553 4905 2653 4974 την
2697 4904 2876 4982 δίκην,
2939 4907 3039 4973 τὴν
3093 4903 3378 4984 διάγνωσιν
3423 4902 3792 4980 ἐμποδίζεσθαι,

451 4991 697 5054 canonis
727 4991 975 5053 concilii
1005 4990 1353 5054 Laodiceni.
1383 4991 1741 5054 Const.vero
1771 4990 1874 5067 25,
1909 4992 1996 5053 tit.
2029 4994 2092 5068 3,

2210 4993 2311 5052 λλὰ
2365 4993 2668 5074 προϐαίνειν
2750 4996 2946 5062 ταύτην
3021 4992 3124 5059 ἕως
3199 4993 3388 5059 τέλους
3446 4991 3794 5053 ἇνυποστολως

447 5079 558 5144 lib.
591 5096 638 5156 ι,
671 5080 807 5144 cod.
835 5081 893 5142 in
925 5079 1106 5145 Basil.
1148 5100 1267 5143 non
1302 5089 1390 5142 est
1427 5082 1642 5161 posita.

2207 5084 2318 5162 εαρὰ
2345 5091 2421 5159 τῷ
2464 5083 2606 5159 αύτῷ
2636 5081 2880 5163 δικαστῇ,
2927 5085 2962 5154 ἢ
2995 5096 3110 5148 τοϊς
3160 5085 3236 5150 ὡς
3291 5083 3538 5162 ἀνωτέρω
3596 5082 3794 5160 εἴρηται

449 5169 845 5245 συνδεδομένοις
892 5172 1062 5245 τούτῳ
1105 5170 1505 5246 συνδικασταϊς,
1539 5172 1689 5236 ἐντὸς
1731 5169 1936 5240 δηλαδὴ
1994 5178 2092 5241 τῆς
2151 5180 2256 5232 τῶν
2308 5172 2363 5230 κ’
2421 5175 2636 5253 ἡμερῶν
2692 5172 3048 5248 διασκέψεως·
3111 5173 3248 5250 μετὰ
3281 5170 3335 5230 δὲ
3384 5175 3484 5242 τὴν
3527 5178 3622 5239 τῆς
3659 5169 3790 5233 δίκης

448 5260 739 5339 περαίωσιν
782 5265 857 5333 τῷ
887 5258 1203 5329 ἀδικηθῆναι
1236 5261 1371 5325 ἴσως
1417 5260 1646 5336 οἰομένῳ
1690 5260 1777 5319 ἐπ’
1805 5259 1982 5326 ἀδείας
2027 5263 2172 5320 εἶναι
2213 5265 2302 5322 καὶ
2344 5262 2524 5344 ἕτερὸν
2554 5263 2968 5323 ἐπικαλέσασθαι
2999 5261 3119 5322 κατ’
3161 5261 3446 5344 ἔκκλητον,
3482 5259 3788 5344 δικαστάριον

447 5349 482 5418 ἢ
524 5349 623 5418 τὴν
652 5353 744 5403 τοῦ
785 5348 1011 5422 κράτους
1042 5351 1198 5424 ἡμῶν
1231 5351 1464 5422 ζητῆσαι
1494 5351 1780 5429 ἀκρόασιν,

533 5435 781 5502 Textus.
813 5435 1046 5500 Etenim
1080 5439 1244 5519 leges
1274 5447 1454 5521 atque
1483 5458 1751 5504 canones
1779 5440 2090 5518 clericum,

2255 5444 2542 5520 κείμενον.
2603 5443 2707 5506 Καὶ
2763 5446 2811 5502 οἱ
2869 5467 3023 5521 νομοι
3070 5444 3195 5525 γὰρ,
3255 5444 3343 5503 καὶ
3375 5447 3422 5501 οἱ
3452 5462 3659 5505 κανονες
3687 5458 3781 5493 κωο

446 5536 592 5610 otc.,
623 5543 810 5608 usque
838 5527 916 5592 ad
962 5526 1288 5608 subierint,
1319 5528 1598 5611 reddant,
1632 5538 1704 5595 ut
1751 5549 1897 5614 pag.
1945 5531 2088 5597 710.

2209 5535 2355 5593 ύουσι
2411 5533 2668 5613 κληρικδν
2726 5535 2970 5612 ὀμνῦναι,
3030 5556 3087 5597 κ,
3120 5557 3172 5594 τ.
3204 5542 3286 5608 Α.,
3315 5549 3508 5615 usque
3532 5529 3603 5594 ad
3633 5547 3778 5612 προτ·

2176 5625 2464 5705 γενομένας
2499 5625 2683 5692 αὐτοῖς
2715 5623 2979 5693 δαπάνας,
