  <div class='ocr_page' id='page_1' title='image "/cluster/home/n/w/nwhite01/storage/ocr_20150623/104/hvd.32044073502163/568.png"; bbox 0 0 4052 6222; ppageno 0'>
   <div class='ocr_carea' id='block_1_1' title="bbox 165 254 320 333">
    <p class='ocr_par' dir='ltr' id='par_1_1' title="bbox 165 254 320 333">
     <span class='ocr_line' id='line_1_1' title="bbox 165 254 320 333; baseline 0.006 -1"><span class='ocrx_word' id='word_1_1' title='bbox 165 254 320 333; x_wconf 68' lang='lat'><strong>109?</strong></span> 
     </span>
    </p>
   </div>
   <div class='ocr_carea' id='block_1_2' title="bbox 1189 254 2511 347">
    <p class='ocr_par' dir='ltr' id='par_1_2' title="bbox 1189 254 2511 347">
     <span class='ocr_line' id='line_1_2' title="bbox 1189 254 2511 347; baseline -0.001 -11"><span class='ocrx_word' id='word_1_2' title='bbox 1189 255 1684 338; x_wconf 66' lang='lat' dir='ltr'><strong>Nomocmou.</strong></span> <span class='ocrx_word' id='word_1_3' title='bbox 1757 305 1833 320; x_wconf 89' lang='grc'><strong><em>-</em></strong></span> <span class='ocrx_word' id='word_1_4' title='bbox 1879 254 2040 336; x_wconf 83' lang='lat' dir='ltr'><strong>TIT.</strong></span> <span class='ocrx_word' id='word_1_5' title='bbox 2090 271 2196 347; x_wconf 83' lang='lat' dir='ltr'><strong>1x,</strong></span> <span class='ocrx_word' id='word_1_6' title='bbox 2248 263 2414 340; x_wconf 76' lang='lat' dir='ltr'><strong>CAP.</strong></span> <span class='ocrx_word' id='word_1_7' title='bbox 2460 255 2511 337; x_wconf 82' lang='lat'><strong>1‘.</strong></span> 
     </span>
    </p>
   </div>
   <div class='ocr_carea' id='block_1_3' title="bbox 3391 252 3542 340">
    <p class='ocr_par' dir='ltr' id='par_1_3' title="bbox 3391 252 3542 340">
     <span class='ocr_line' id='line_1_3' title="bbox 3391 252 3542 340; baseline 0.013 -2"><span class='ocrx_word' id='word_1_8' title='bbox 3391 252 3542 340; x_wconf 73' lang='lat'><strong>1098</strong></span> 
     </span>
    </p>
   </div>
   <div class='ocr_carea' id='block_1_4' title="bbox 243 404 1818 490">
    <p class='ocr_par' dir='ltr' id='par_1_4' title="bbox 243 406 1816 486">
     <span class='ocr_line' id='line_1_4' title="bbox 243 406 1816 486; baseline 0.001 -26"><span class='ocrx_word' id='word_1_9' title='bbox 243 406 501 486; x_wconf 72' lang='grc' dir='ltr'>Σχόλιον.</span> <span class='ocrx_word' id='word_1_10' title='bbox 536 409 649 485; x_wconf 70' lang='grc' dir='ltr'><strong>Οὐχ</strong></span> <span class='ocrx_word' id='word_1_11' title='bbox 682 407 932 485; x_wconf 75' lang='grc' dir='ltr'>ιῦρίοκων</span> <span class='ocrx_word' id='word_1_12' title='bbox 976 407 1138 483; x_wconf 87' lang='grc' dir='ltr'>νόμον</span> <span class='ocrx_word' id='word_1_13' title='bbox 1199 407 1234 475; x_wconf 72' lang='grc' dir='ltr'>ἢ</span> <span class='ocrx_word' id='word_1_14' title='bbox 1283 408 1486 463; x_wconf 85' lang='grc' dir='ltr'>κανόνα</span> <span class='ocrx_word' id='word_1_15' title='bbox 1521 407 1816 485; x_wconf 73' lang='grc' dir='ltr'>κωλύοντα,</span> 
     </span>
    </p>
   </div>
   <div class='ocr_carea' id='block_1_5' title="bbox 1908 404 3539 490">
    <p class='ocr_par' dir='ltr' id='par_1_5' title="bbox 1983 404 3539 490">
     <span class='ocr_line' id='line_1_5' title="bbox 1983 404 3539 490; baseline 0.003 -25"><span class='ocrx_word' id='word_1_16' title='bbox 1983 405 2427 468; x_wconf 69' lang='grc' dir='ltr'>,ςεΙιοιίοη.Νοη</span> <span class='ocrx_word' id='word_1_17' title='bbox 2452 404 2692 468; x_wconf 78' lang='lat' dir='ltr'><strong>invenio</strong></span> <span class='ocrx_word' id='word_1_18' title='bbox 2715 405 2907 487; x_wconf 78' lang='lat' dir='ltr'><strong>legem</strong></span> <span class='ocrx_word' id='word_1_19' title='bbox 2939 413 3037 469; x_wconf 77' lang='lat' dir='ltr'><strong>aut</strong></span> <span class='ocrx_word' id='word_1_20' title='bbox 3069 423 3358 469; x_wconf 85' lang='lat' dir='ltr'><strong>canonem</strong></span> <span class='ocrx_word' id='word_1_21' title='bbox 3392 428 3539 490; x_wconf 85' lang='lat' dir='ltr'><strong>pro-</strong></span> 
     </span>
    </p>
   </div>
   <div class='ocr_carea' id='block_1_6' title="bbox 166 494 1390 574">
    <p class='ocr_par' dir='ltr' id='par_1_6' title="bbox 166 494 1390 574">
     <span class='ocr_line' id='line_1_6' title="bbox 166 494 1390 574; baseline -0.002 -24"><span class='ocrx_word' id='word_1_22' title='bbox 166 496 200 564; x_wconf 73' lang='grc' dir='ltr'>ἢ</span> <span class='ocrx_word' id='word_1_23' title='bbox 252 495 606 574; x_wconf 65' lang='grc' dir='ltr'>ὶπιτρὲποντα</span> <span class='ocrx_word' id='word_1_24' title='bbox 661 497 781 558; x_wconf 81' lang='grc' dir='ltr'>τοὺς</span> <span class='ocrx_word' id='word_1_25' title='bbox 825 494 1112 572; x_wconf 84' lang='grc' dir='ltr'>κληρικοὺς</span> <span class='ocrx_word' id='word_1_26' title='bbox 1155 495 1390 570; x_wconf 69' lang='grc' dir='ltr'>ὀμνύειν,</span> 
     </span>
    </p>
   </div>
   <div class='ocr_carea' id='block_1_7' title="bbox 170 583 1805 662">
    <p class='ocr_par' dir='ltr' id='par_1_7' title="bbox 170 583 1805 662">
     <span class='ocr_line' id='line_1_7' title="bbox 170 583 1805 662; baseline 0 -22"><span class='ocrx_word' id='word_1_27' title='bbox 170 588 467 662; x_wconf 75' lang='grc' dir='ltr'>ἦπαρουσα</span> <span class='ocrx_word' id='word_1_28' title='bbox 527 584 808 659; x_wconf 81' lang='grc' dir='ltr'><strong>νομοθεσία</strong></span> <span class='ocrx_word' id='word_1_29' title='bbox 852 583 1042 640; x_wconf 79' lang='grc' dir='ltr'>ἀπετδε</span> <span class='ocrx_word' id='word_1_30' title='bbox 1099 586 1229 662; x_wconf 84' lang='grc' dir='ltr'>πρὸς</span> <span class='ocrx_word' id='word_1_31' title='bbox 1289 587 1350 640; x_wconf 81' lang='grc' dir='ltr'>τὸ</span> <span class='ocrx_word' id='word_1_32' title='bbox 1393 585 1492 640; x_wconf 66' lang='grc' dir='ltr'><strong>ὕπὸ</strong></span> <span class='ocrx_word' id='word_1_33' title='bbox 1550 591 1645 640; x_wconf 84' lang='grc' dir='ltr'>τοῦ</span> <span class='ocrx_word' id='word_1_34' title='bbox 1698 593 1805 640; x_wconf 81' lang='grc' dir='ltr'>Κυ-</span> 
     </span>
    </p>
   </div>
   <div class='ocr_carea' id='block_1_8' title="bbox 1455 492 3538 578">
    <p class='ocr_par' dir='ltr' id='par_1_8' title="bbox 1455 492 3538 578">
     <span class='ocr_line' id='line_1_8' title="bbox 1455 492 3538 578; baseline 0.005 -27"><span class='ocrx_word' id='word_1_35' title='bbox 1455 498 1665 567; x_wconf 80' lang='grc' dir='ltr'>μήποτε</span> <span class='ocrx_word' id='word_1_36' title='bbox 1714 496 1806 551; x_wconf 77' lang='grc' dir='ltr'>οὖν</span> <span class='ocrx_word' id='word_1_37' title='bbox 1889 492 2227 568; x_wconf 81' lang='lat' dir='ltr'><strong>bibentem,</strong></span> <span class='ocrx_word' id='word_1_38' title='bbox 2293 504 2394 555; x_wconf 87' lang='lat' dir='ltr'><strong>aut</strong></span> <span class='ocrx_word' id='word_1_39' title='bbox 2449 495 2924 577; x_wconf 90' lang='lat' dir='ltr'><strong>permittentem,</strong></span> <span class='ocrx_word' id='word_1_40' title='bbox 2979 503 3041 556; x_wconf 91' lang='lat' dir='ltr'><strong>ut</strong></span> <span class='ocrx_word' id='word_1_41' title='bbox 3070 495 3272 558; x_wconf 88' lang='lat' dir='ltr'><strong>clerici</strong></span> <span class='ocrx_word' id='word_1_42' title='bbox 3299 495 3538 578; x_wconf 90' lang='lat' dir='ltr'><strong>jubent.</strong></span> 
     </span>
    </p>
   </div>
   <div class='ocr_carea' id='block_1_9' title="bbox 1893 581 3540 663">
    <p class='ocr_par' dir='ltr' id='par_1_9' title="bbox 1893 581 3540 663">
     <span class='ocr_line' id='line_1_9' title="bbox 1893 581 3540 663; baseline 0.004 -21"><span class='ocrx_word' id='word_1_43' title='bbox 1893 581 2089 662; x_wconf 80' lang='lat' dir='ltr'><strong>[Haud</strong></span> <span class='ocrx_word' id='word_1_44' title='bbox 2125 584 2268 661; x_wconf 88' lang='lat' dir='ltr'><strong>scio]</strong></span> <span class='ocrx_word' id='word_1_45' title='bbox 2299 584 2523 663; x_wconf 83' lang='lat' dir='ltr'><strong>itaque,</strong></span> <span class='ocrx_word' id='word_1_46' title='bbox 2552 603 2628 645; x_wconf 82' lang='lat' dir='ltr'><strong>an</strong></span> <span class='ocrx_word' id='word_1_47' title='bbox 2671 601 2934 663; x_wconf 71' lang='lat' dir='ltr'><strong>praesens</strong></span> <span class='ocrx_word' id='word_1_48' title='bbox 2965 584 3257 662; x_wconf 81' lang='lat' dir='ltr'><strong>legislatio</strong></span> <span class='ocrx_word' id='word_1_49' title='bbox 3288 585 3358 646; x_wconf 90' lang='lat' dir='ltr'><strong>ad</strong></span> <span class='ocrx_word' id='word_1_50' title='bbox 3391 586 3540 649; x_wconf 87' lang='lat' dir='ltr'><strong>illud</strong></span> 
     </span>
    </p>
   </div>
   <div class='ocr_carea' id='block_1_10' title="bbox 167 669 1818 754">
    <p class='ocr_par' dir='ltr' id='par_1_10' title="bbox 167 671 1809 751">
     <span class='ocr_line' id='line_1_10' title="bbox 167 671 1809 751; baseline -0.002 -24"><span class='ocrx_word' id='word_1_51' title='bbox 167 672 273 750; x_wconf 85' lang='grc' dir='ltr'>ρίου</span> <span class='ocrx_word' id='word_1_52' title='bbox 317 672 370 729; x_wconf 76' lang='grc' dir='ltr'>ἐν</span> <span class='ocrx_word' id='word_1_53' title='bbox 429 671 771 751; x_wconf 75' lang='grc' dir='ltr'>Εὕαγγελίοις</span> <span class='ocrx_word' id='word_1_54' title='bbox 829 672 1109 750; x_wconf 75' lang='grc' dir='ltr'>εἰρημένον</span> <span class='ocrx_word' id='word_1_55' title='bbox 1169 673 1288 749; x_wconf 84' lang='grc' dir='ltr'>περὶ</span> <span class='ocrx_word' id='word_1_56' title='bbox 1331 671 1423 728; x_wconf 83' lang='grc' dir='ltr'>τοῦ</span> <span class='ocrx_word' id='word_1_57' title='bbox 1467 672 1546 746; x_wconf 75' lang='grc' dir='ltr'>μὴ</span> <span class='ocrx_word' id='word_1_58' title='bbox 1589 672 1809 746; x_wconf 77' lang='grc' dir='ltr'><strong>ὀμνύειν</strong></span> 
     </span>
    </p>
   </div>
   <div class='ocr_carea' id='block_1_11' title="bbox 1908 669 3539 754">
    <p class='ocr_par' dir='ltr' id='par_1_11' title="bbox 1908 669 3539 754">
     <span class='ocr_line' id='line_1_11' title="bbox 1908 669 3539 754; baseline 0.004 -22"><span class='ocrx_word' id='word_1_59' title='bbox 1908 670 2052 750; x_wconf 67' lang='grc' dir='ltr'>ιυοά</span> <span class='ocrx_word' id='word_1_60' title='bbox 2076 690 2106 732; x_wconf 93' lang='lat' dir='ltr'><strong>a</strong></span> <span class='ocrx_word' id='word_1_61' title='bbox 2133 669 2381 733; x_wconf 90' lang='lat' dir='ltr'><strong>Domino</strong></span> <span class='ocrx_word' id='word_1_62' title='bbox 2405 671 2465 732; x_wconf 92' lang='lat' dir='ltr'><strong>in</strong></span> <span class='ocrx_word' id='word_1_63' title='bbox 2491 671 2828 751; x_wconf 74' lang='lat' dir='ltr'><strong>Evangeliis</strong></span> <span class='ocrx_word' id='word_1_64' title='bbox 2851 672 3178 741; x_wconf 81' lang='lat' dir='ltr'><strong>dicitur.ne</strong></span> <span class='ocrx_word' id='word_1_65' title='bbox 3201 675 3334 754; x_wconf 89' lang='lat' dir='ltr'><strong>quis</strong></span> <span class='ocrx_word' id='word_1_66' title='bbox 3355 673 3539 754; x_wconf 88' lang='lat' dir='ltr'><strong>juret,</strong></span> 
     </span>
    </p>
   </div>
   <div class='ocr_carea' id='block_1_12' title="bbox 167 759 1808 840">
    <p class='ocr_par' dir='ltr' id='par_1_12' title="bbox 167 759 1808 840">
     <span class='ocr_line' id='line_1_12' title="bbox 167 759 1808 840; baseline -0.001 -23"><span class='ocrx_word' id='word_1_67' title='bbox 167 761 306 834; x_wconf 79' lang='grc' dir='ltr'>τινὰ,</span> <span class='ocrx_word' id='word_1_68' title='bbox 339 761 427 817; x_wconf 81' lang='grc' dir='ltr'><strong>καὶ</strong></span> <span class='ocrx_word' id='word_1_69' title='bbox 458 759 580 840; x_wconf 66' lang='grc' dir='ltr'>ἄντί</span> <span class='ocrx_word' id='word_1_70' title='bbox 631 766 728 826; x_wconf 77' lang='grc' dir='ltr'>τῆς</span> <span class='ocrx_word' id='word_1_71' title='bbox 789 761 944 837; x_wconf 77' lang='grc' dir='ltr'>ἁγίας</span> <span class='ocrx_word' id='word_1_72' title='bbox 1004 763 1220 840; x_wconf 78' lang='grc' dir='ltr'>Γραφῆς</span> <span class='ocrx_word' id='word_1_73' title='bbox 1269 762 1434 836; x_wconf 86' lang='grc' dir='ltr'>νόμου</span> <span class='ocrx_word' id='word_1_74' title='bbox 1465 763 1552 816; x_wconf 83' lang='grc' dir='ltr'><strong>καὶ</strong></span> <span class='ocrx_word' id='word_1_75' title='bbox 1585 762 1808 823; x_wconf 85' lang='grc' dir='ltr'>κανόνος</span> 
     </span>
    </p>
   </div>
   <div class='ocr_carea' id='block_1_13' title="bbox 167 839 1813 927">
    <p class='ocr_par' dir='ltr' id='par_1_13' title="bbox 167 839 1813 927">
     <span class='ocr_line' id='line_1_13' title="bbox 167 839 1813 927; baseline -0.002 -21"><span class='ocrx_word' id='word_1_76' title='bbox 167 849 436 924; x_wconf 71' lang='grc' dir='ltr'>ἇμνήσθη.</span> <span class='ocrx_word' id='word_1_77' title='bbox 474 839 537 905; x_wconf 74' lang='grc' dir='ltr'><em>Ἠ</em></span> <span class='ocrx_word' id='word_1_78' title='bbox 571 848 626 906; x_wconf 79' lang='grc' dir='ltr'><strong>δὲ</strong></span> <span class='ocrx_word' id='word_1_79' title='bbox 675 847 759 925; x_wconf 78' lang='grc' dir='ltr'>λβ⁹</span> <span class='ocrx_word' id='word_1_80' title='bbox 804 847 973 922; x_wconf 61' lang='grc' dir='ltr'>διέτη</span> <span class='ocrx_word' id='word_1_81' title='bbox 1027 839 1134 906; x_wconf 16' lang='grc' dir='ltr'><strong>τοῦν</strong></span> <span class='ocrx_word' id='word_1_82' title='bbox 1170 847 1221 927; x_wconf 86' lang='grc' dir='ltr'>γ’</span> <span class='ocrx_word' id='word_1_83' title='bbox 1253 850 1358 908; x_wconf 83' lang='grc' dir='ltr'>τίτ.</span> <span class='ocrx_word' id='word_1_84' title='bbox 1389 857 1482 907; x_wconf 76' lang='grc' dir='ltr'>τοῦ</span> <span class='ocrx_word' id='word_1_85' title='bbox 1525 846 1577 904; x_wconf 80' lang='grc' dir='ltr'>α’</span> <span class='ocrx_word' id='word_1_86' title='bbox 1608 847 1813 924; x_wconf 81' lang='grc' dir='ltr'>βιϐλίου</span> 
     </span>
    </p>
   </div>
   <div class='ocr_carea' id='block_1_14' title="bbox 164 935 1813 1014">
    <p class='ocr_par' dir='ltr' id='par_1_14' title="bbox 164 935 1813 1014">
     <span class='ocr_line' id='line_1_14' title="bbox 164 935 1813 1014; baseline -0.003 -20"><span class='ocrx_word' id='word_1_87' title='bbox 164 941 256 994; x_wconf 79' lang='lat'><strong>106</strong></span> <span class='ocrx_word' id='word_1_88' title='bbox 285 936 514 1001; x_wconf 76' lang='grc' dir='ltr'>κώδικος</span> <span class='ocrx_word' id='word_1_89' title='bbox 544 941 640 995; x_wconf 73' lang='grc' dir='ltr'>οὒκ</span> <span class='ocrx_word' id='word_1_90' title='bbox 668 937 847 1011; x_wconf 75' lang='grc' dir='ltr'>ἒτέθη,</span> <span class='ocrx_word' id='word_1_91' title='bbox 882 939 956 1001; x_wconf 84' lang='grc' dir='ltr'>εἷς</span> <span class='ocrx_word' id='word_1_92' title='bbox 1005 938 1070 993; x_wconf 78' lang='grc' dir='ltr'>τὰ</span> <span class='ocrx_word' id='word_1_93' title='bbox 1112 937 1373 994; x_wconf 77' lang='grc' dir='ltr'>Βασιλικᾶ</span> <span class='ocrx_word' id='word_1_94' title='bbox 1425 937 1685 1014; x_wconf 80' lang='grc' dir='ltr'>ἆνάγνωθι</span> <span class='ocrx_word' id='word_1_95' title='bbox 1718 935 1813 993; x_wconf 78' lang='grc' dir='ltr'>καῖ</span> 
     </span>
    </p>
   </div>
   <div class='ocr_carea' id='block_1_15' title="bbox 163 1025 1523 1108">
    <p class='ocr_par' dir='ltr' id='par_1_15' title="bbox 163 1025 1523 1108">
     <span class='ocr_line' id='line_1_15' title="bbox 163 1025 1523 1108; baseline -0.004 -24"><span class='ocrx_word' id='word_1_96' title='bbox 163 1029 224 1084; x_wconf 83' lang='grc' dir='ltr'>τὸ</span> <span class='ocrx_word' id='word_1_97' title='bbox 254 1027 310 1102; x_wconf 86' lang='grc' dir='ltr'>β’</span> <span class='ocrx_word' id='word_1_98' title='bbox 341 1026 568 1105; x_wconf 83' lang='grc' dir='ltr'>σχόλιον</span> <span class='ocrx_word' id='word_1_99' title='bbox 598 1033 692 1084; x_wconf 87' lang='lat'><strong>106</strong></span> <span class='ocrx_word' id='word_1_100' title='bbox 723 1025 802 1097; x_wconf 82' lang='grc' dir='ltr'><strong>κζ’</strong></span> <span class='ocrx_word' id='word_1_101' title='bbox 835 1049 960 1108; x_wconf 71' lang='grc' dir='ltr'>κεφ,</span> <span class='ocrx_word' id='word_1_102' title='bbox 995 1036 1089 1087; x_wconf 90' lang='lat'><strong>106</strong></span> <span class='ocrx_word' id='word_1_103' title='bbox 1120 1028 1384 1104; x_wconf 86' lang='grc' dir='ltr'>παρόντος</span> <span class='ocrx_word' id='word_1_104' title='bbox 1418 1026 1523 1081; x_wconf 91' lang='grc' dir='ltr'>τίτ.</span> 
     </span>
    </p>
   </div>
   <div class='ocr_carea' id='block_1_16' title="bbox 244 1111 1814 1196">
    <p class='ocr_par' dir='ltr' id='par_1_16' title="bbox 244 1111 1814 1196">
     <span class='ocr_line' id='line_1_16' title="bbox 244 1111 1814 1196; baseline -0.001 -26"><span class='ocrx_word' id='word_1_105' title='bbox 244 1116 509 1196; x_wconf 86' lang='grc' dir='ltr'>Σχόλιον.</span> <span class='ocrx_word' id='word_1_106' title='bbox 557 1115 620 1172; x_wconf 86' lang='grc' dir='ltr'>Ἠ</span> <span class='ocrx_word' id='word_1_107' title='bbox 671 1113 719 1170; x_wconf 77' lang='grc' dir='ltr'>ν’</span> <span class='ocrx_word' id='word_1_108' title='bbox 767 1114 932 1183; x_wconf 72' lang='grc' dir='ltr'>διάτ..</span> <span class='ocrx_word' id='word_1_109' title='bbox 971 1124 1064 1173; x_wconf 78' lang='grc' dir='ltr'>τοῦ</span> <span class='ocrx_word' id='word_1_110' title='bbox 1094 1112 1173 1194; x_wconf 84' lang='grc' dir='ltr'><strong>γ’,</strong></span> <span class='ocrx_word' id='word_1_111' title='bbox 1206 1115 1308 1178; x_wconf 87' lang='grc' dir='ltr'>τίτ.</span> <span class='ocrx_word' id='word_1_112' title='bbox 1353 1124 1445 1173; x_wconf 81' lang='grc' dir='ltr'>τοῦ</span> <span class='ocrx_word' id='word_1_113' title='bbox 1486 1112 1562 1190; x_wconf 77' lang='grc' dir='ltr'><strong>α’,</strong></span> <span class='ocrx_word' id='word_1_114' title='bbox 1610 1111 1814 1189; x_wconf 87' lang='grc' dir='ltr'>βιϐλίου</span> 
     </span>
    </p>
   </div>
   <div class='ocr_carea' id='block_1_17' title="bbox 162 1200 1812 1283">
    <p class='ocr_par' dir='ltr' id='par_1_17' title="bbox 162 1200 1812 1283">
     <span class='ocr_line' id='line_1_17' title="bbox 162 1200 1812 1283; baseline -0.002 -23"><span class='ocrx_word' id='word_1_115' title='bbox 162 1211 256 1262; x_wconf 81' lang='lat'><strong>106</strong></span> <span class='ocrx_word' id='word_1_116' title='bbox 291 1203 539 1281; x_wconf 80' lang='grc' dir='ltr'>κώδικος,</span> <span class='ocrx_word' id='word_1_117' title='bbox 577 1203 688 1262; x_wconf 75' lang='grc' dir='ltr'>ἔστι</span> <span class='ocrx_word' id='word_1_118' title='bbox 721 1225 842 1283; x_wconf 77' lang='grc' dir='ltr'>κεφ,</span> <span class='ocrx_word' id='word_1_119' title='bbox 875 1203 922 1261; x_wconf 86' lang='grc' dir='ltr'>θ’</span> <span class='ocrx_word' id='word_1_120' title='bbox 969 1212 1062 1262; x_wconf 81' lang='grc' dir='ltr'>τοῦ</span> <span class='ocrx_word' id='word_1_121' title='bbox 1114 1203 1167 1282; x_wconf 86' lang='grc' dir='ltr'>γ’</span> <span class='ocrx_word' id='word_1_122' title='bbox 1215 1207 1315 1261; x_wconf 88' lang='grc' dir='ltr'>τίτ.</span> <span class='ocrx_word' id='word_1_123' title='bbox 1367 1209 1464 1259; x_wconf 88' lang='lat' dir='ltr'><strong>1c6</strong></span> <span class='ocrx_word' id='word_1_124' title='bbox 1504 1201 1557 1280; x_wconf 85' lang='grc' dir='ltr'>γ’</span> <span class='ocrx_word' id='word_1_125' title='bbox 1606 1200 1812 1278; x_wconf 90' lang='grc' dir='ltr'>βιϐλίου</span> 
     </span>
    </p>
   </div>
   <div class='ocr_carea' id='block_1_18' title="bbox 160 1291 1809 1370">
    <p class='ocr_par' dir='ltr' id='par_1_18' title="bbox 160 1291 1809 1370">
     <span class='ocr_line' id='line_1_18' title="bbox 160 1291 1809 1370; baseline -0.004 -20"><span class='ocrx_word' id='word_1_126' title='bbox 160 1295 267 1350; x_wconf 80' lang='grc' dir='ltr'><strong>τῶν</strong></span> <span class='ocrx_word' id='word_1_127' title='bbox 306 1293 628 1354; x_wconf 83' lang='grc' dir='ltr'>Βασιλικῶν,</span> <span class='ocrx_word' id='word_1_128' title='bbox 665 1293 734 1351; x_wconf 84' lang='grc' dir='ltr'><strong>Τὸ</strong></span> <span class='ocrx_word' id='word_1_129' title='bbox 786 1291 840 1347; x_wconf 75' lang='grc' dir='ltr'><strong>δὲ</strong></span> <span class='ocrx_word' id='word_1_130' title='bbox 885 1293 1034 1370; x_wconf 82' lang='grc' dir='ltr'>ῥῆμα</span> <span class='ocrx_word' id='word_1_131' title='bbox 1068 1295 1130 1348; x_wconf 84' lang='grc' dir='ltr'>τὸ</span> <span class='ocrx_word' id='word_1_132' title='bbox 1164 1293 1456 1370; x_wconf 81' lang='grc' dir='ltr'>λεγόμενον</span> <span class='ocrx_word' id='word_1_133' title='bbox 1489 1292 1541 1347; x_wconf 69' lang='grc' dir='ltr'>ἐν</span> <span class='ocrx_word' id='word_1_134' title='bbox 1576 1295 1650 1363; x_wconf 87' lang='grc' dir='ltr'>τῷ</span> <span class='ocrx_word' id='word_1_135' title='bbox 1695 1291 1809 1344; x_wconf 82' lang='grc' dir='ltr'>κώ-</span> 
     </span>
    </p>
   </div>
   <div class='ocr_carea' id='block_1_19' title="bbox 160 1380 1812 1459">
    <p class='ocr_par' dir='ltr' id='par_1_19' title="bbox 160 1380 1812 1459">
     <span class='ocr_line' id='line_1_19' title="bbox 160 1380 1812 1459; baseline -0.003 -21"><span class='ocrx_word' id='word_1_136' title='bbox 160 1381 292 1449; x_wconf 84' lang='grc' dir='ltr'>δικι,</span> <span class='ocrx_word' id='word_1_137' title='bbox 359 1383 583 1459; x_wconf 75' lang='grc' dir='ltr'>γενικῶς</span> <span class='ocrx_word' id='word_1_138' title='bbox 643 1383 744 1458; x_wconf 80' lang='grc' dir='ltr'><strong>γὰρ</strong></span> <span class='ocrx_word' id='word_1_139' title='bbox 789 1380 989 1445; x_wconf 73' lang='grc' dir='ltr'>’ἔξεστιν</span> <span class='ocrx_word' id='word_1_140' title='bbox 1036 1382 1248 1454; x_wconf 72' lang='grc' dir='ltr'>ἑκάστῳ</span> <span class='ocrx_word' id='word_1_141' title='bbox 1283 1388 1390 1436; x_wconf 78' lang='grc' dir='ltr'>τῶν</span> <span class='ocrx_word' id='word_1_142' title='bbox 1445 1381 1577 1456; x_wconf 70' lang='grc' dir='ltr'>ὑπὲρ</span> <span class='ocrx_word' id='word_1_143' title='bbox 1623 1380 1812 1434; x_wconf 76' lang='grc' dir='ltr'>ἑαυτοῦ</span> 
     </span>
    </p>
   </div>
   <div class='ocr_carea' id='block_1_20' title="bbox 159 1465 1808 1552">
    <p class='ocr_par' dir='ltr' id='par_1_20' title="bbox 159 1465 1808 1552">
     <span class='ocr_line' id='line_1_20' title="bbox 159 1465 1808 1552; baseline -0.004 -24"><span class='ocrx_word' id='word_1_144' title='bbox 159 1483 548 1552; x_wconf 75' lang='grc' dir='ltr'>καταφρονεῖν,</span> <span class='ocrx_word' id='word_1_145' title='bbox 607 1471 705 1527; x_wconf 75' lang='grc' dir='ltr'><strong>οὒκ</strong></span> <span class='ocrx_word' id='word_1_146' title='bbox 757 1470 914 1538; x_wconf 78' lang='grc' dir='ltr'>ἐτέθη</span> <span class='ocrx_word' id='word_1_147' title='bbox 944 1472 1018 1535; x_wconf 80' lang='grc' dir='ltr'><strong>είς</strong></span> <span class='ocrx_word' id='word_1_148' title='bbox 1048 1472 1114 1526; x_wconf 74' lang='grc' dir='ltr'><strong>τὰ</strong></span> <span class='ocrx_word' id='word_1_149' title='bbox 1145 1467 1427 1531; x_wconf 72' lang='grc' dir='ltr'>Βασιλικᾶ.</span> <span class='ocrx_word' id='word_1_150' title='bbox 1459 1468 1524 1524; x_wconf 79' lang='grc' dir='ltr'><strong>’Β</strong></span> <span class='ocrx_word' id='word_1_151' title='bbox 1555 1467 1608 1544; x_wconf 88' lang='grc' dir='ltr'>β’</span> <span class='ocrx_word' id='word_1_152' title='bbox 1639 1465 1808 1542; x_wconf 61' lang='grc' dir='ltr'>διέτη</span> 
     </span>
    </p>
   </div>
   <div class='ocr_carea' id='block_1_21' title="bbox 161 1554 1810 1636">
    <p class='ocr_par' dir='ltr' id='par_1_21' title="bbox 161 1554 1810 1636">
     <span class='ocr_line' id='line_1_21' title="bbox 161 1554 1810 1636; baseline -0.003 -20"><span class='ocrx_word' id='word_1_153' title='bbox 161 1559 257 1616; x_wconf 78' lang='grc' dir='ltr'>τοῦ</span> <span class='ocrx_word' id='word_1_154' title='bbox 307 1557 352 1616; x_wconf 86' lang='grc' dir='ltr'><strong>δ’</strong></span> <span class='ocrx_word' id='word_1_155' title='bbox 395 1561 500 1623; x_wconf 87' lang='grc' dir='ltr'>τίτ,</span> <span class='ocrx_word' id='word_1_156' title='bbox 548 1567 638 1616; x_wconf 89' lang='lat'><strong>106</strong></span> <span class='ocrx_word' id='word_1_157' title='bbox 690 1560 742 1616; x_wconf 86' lang='grc' dir='ltr'>α’</span> <span class='ocrx_word' id='word_1_158' title='bbox 786 1558 993 1636; x_wconf 84' lang='grc' dir='ltr'>βιϐλίου</span> <span class='ocrx_word' id='word_1_159' title='bbox 1041 1565 1137 1616; x_wconf 78' lang='lat'><strong>106</strong></span> <span class='ocrx_word' id='word_1_160' title='bbox 1171 1557 1397 1621; x_wconf 83' lang='grc' dir='ltr'>κώδικος</span> <span class='ocrx_word' id='word_1_161' title='bbox 1431 1561 1528 1616; x_wconf 75' lang='grc' dir='ltr'><strong>οὒκ</strong></span> <span class='ocrx_word' id='word_1_162' title='bbox 1559 1554 1704 1613; x_wconf 75' lang='grc' dir='ltr'>ἔστιν</span> <span class='ocrx_word' id='word_1_163' title='bbox 1737 1555 1810 1618; x_wconf 79' lang='grc' dir='ltr'><strong>είς</strong></span> 
     </span>
    </p>
   </div>
   <div class='ocr_carea' id='block_1_22' title="bbox 162 1645 1810 1728">
    <p class='ocr_par' dir='ltr' id='par_1_22' title="bbox 162 1645 1810 1728">
     <span class='ocr_line' id='line_1_22' title="bbox 162 1645 1810 1728; baseline -0.004 -22"><span class='ocrx_word' id='word_1_164' title='bbox 162 1650 232 1706; x_wconf 74' lang='grc' dir='ltr'>τὰ</span> <span class='ocrx_word' id='word_1_165' title='bbox 262 1648 550 1728; x_wconf 72' lang='grc' dir='ltr'>Βασιλικᾶ,</span> <span class='ocrx_word' id='word_1_166' title='bbox 584 1646 701 1705; x_wconf 75' lang='grc' dir='ltr'><strong>οὖδὲ</strong></span> <span class='ocrx_word' id='word_1_167' title='bbox 731 1649 766 1716; x_wconf 80' lang='grc' dir='ltr'><strong>ἡ</strong></span> <span class='ocrx_word' id='word_1_168' title='bbox 796 1648 842 1719; x_wconf 86' lang='grc' dir='ltr'><strong>ζ’</strong></span> <span class='ocrx_word' id='word_1_169' title='bbox 873 1645 1012 1710; x_wconf 74' lang='grc' dir='ltr'>διᾶτ,</span> <span class='ocrx_word' id='word_1_170' title='bbox 1055 1648 1148 1704; x_wconf 80' lang='lat'><strong>106</strong></span> <span class='ocrx_word' id='word_1_171' title='bbox 1196 1651 1356 1706; x_wconf 68' lang='grc' dir='ltr'>αὺτοῦ</span> <span class='ocrx_word' id='word_1_172' title='bbox 1413 1647 1515 1702; x_wconf 83' lang='grc' dir='ltr'>τίτ.</span> <span class='ocrx_word' id='word_1_173' title='bbox 1573 1646 1660 1702; x_wconf 78' lang='grc' dir='ltr'><strong>καὶ</strong></span> <span class='ocrx_word' id='word_1_174' title='bbox 1718 1646 1810 1721; x_wconf 86' lang='grc' dir='ltr'>βι-</span> 
     </span>
    </p>
   </div>
   <div class='ocr_carea' id='block_1_23' title="bbox 159 1731 1812 1818">
    <p class='ocr_par' dir='ltr' id='par_1_23' title="bbox 159 1731 1812 1818">
     <span class='ocr_line' id='line_1_23' title="bbox 159 1731 1812 1818; baseline -0.004 -23"><span class='ocrx_word' id='word_1_175' title='bbox 159 1737 343 1818; x_wconf 76' lang='grc' dir='ltr'>ϐλίου,</span> <span class='ocrx_word' id='word_1_176' title='bbox 418 1736 536 1795; x_wconf 64' lang='grc' dir='ltr'>οὔδε</span> <span class='ocrx_word' id='word_1_177' title='bbox 605 1739 640 1807; x_wconf 78' lang='grc' dir='ltr'><strong>ἡ</strong></span> <span class='ocrx_word' id='word_1_178' title='bbox 697 1738 782 1812; x_wconf 80' lang='grc' dir='ltr'>η’,</span> <span class='ocrx_word' id='word_1_179' title='bbox 846 1736 964 1794; x_wconf 73' lang='grc' dir='ltr'>οὒδὲ</span> <span class='ocrx_word' id='word_1_180' title='bbox 1036 1739 1070 1805; x_wconf 83' lang='grc' dir='ltr'><strong>ἡ</strong></span> <span class='ocrx_word' id='word_1_181' title='bbox 1129 1734 1228 1814; x_wconf 87' lang='grc' dir='ltr'>ιγ’.</span> <span class='ocrx_word' id='word_1_182' title='bbox 1287 1733 1580 1812; x_wconf 75' lang='grc' dir='ltr'>Ἀνάγνωθι</span> <span class='ocrx_word' id='word_1_183' title='bbox 1639 1731 1694 1791; x_wconf 73' lang='grc' dir='ltr'><strong>δὲ</strong></span> <span class='ocrx_word' id='word_1_184' title='bbox 1751 1735 1812 1790; x_wconf 80' lang='grc' dir='ltr'>τὸ</span> 
     </span>
    </p>
   </div>
   <div class='ocr_carea' id='block_1_24' title="bbox 160 1824 1811 1908">
    <p class='ocr_par' dir='ltr' id='par_1_24' title="bbox 160 1824 1811 1908">
     <span class='ocr_line' id='line_1_24' title="bbox 160 1824 1811 1908; baseline -0.004 -24"><span class='ocrx_word' id='word_1_185' title='bbox 160 1826 252 1905; x_wconf 58' lang='lat' dir='ltr'><strong>pa’</strong></span> <span class='ocrx_word' id='word_1_186' title='bbox 307 1850 428 1908; x_wconf 75' lang='grc' dir='ltr'>κειρ,</span> <span class='ocrx_word' id='word_1_187' title='bbox 474 1834 566 1885; x_wconf 89' lang='lat'><strong>106</strong></span> <span class='ocrx_word' id='word_1_188' title='bbox 625 1851 656 1885; x_wconf 89' lang='grc' dir='ltr'><strong>α</strong></span> <span class='ocrx_word' id='word_1_189' title='bbox 717 1828 820 1891; x_wconf 86' lang='grc' dir='ltr'>τίτ,</span> <span class='ocrx_word' id='word_1_190' title='bbox 879 1834 972 1885; x_wconf 85' lang='lat'><strong>106</strong></span> <span class='ocrx_word' id='word_1_191' title='bbox 1018 1826 1072 1906; x_wconf 88' lang='grc' dir='ltr'>γ’</span> <span class='ocrx_word' id='word_1_192' title='bbox 1133 1824 1340 1903; x_wconf 90' lang='grc' dir='ltr'>βιϐλίου</span> <span class='ocrx_word' id='word_1_193' title='bbox 1395 1825 1554 1904; x_wconf 80' lang='grc' dir='ltr'>μέρος</span> <span class='ocrx_word' id='word_1_194' title='bbox 1605 1824 1664 1880; x_wconf 78' lang='grc' dir='ltr'><strong>’ὃν</strong></span> <span class='ocrx_word' id='word_1_195' title='bbox 1717 1829 1811 1890; x_wconf 79' lang='grc' dir='ltr'>τῆς</span> 
     </span>
    </p>
   </div>
   <div class='ocr_carea' id='block_1_25' title="bbox 161 1911 1814 1997">
    <p class='ocr_par' dir='ltr' id='par_1_25' title="bbox 161 1911 1814 1997">
     <span class='ocr_line' id='line_1_25' title="bbox 161 1911 1814 1997; baseline -0.002 -26"><span class='ocrx_word' id='word_1_196' title='bbox 161 1916 284 1997; x_wconf 77' lang='grc' dir='ltr'>ρκγ⁹</span> <span class='ocrx_word' id='word_1_197' title='bbox 322 1922 536 1993; x_wconf 81' lang='grc' dir='ltr'>νεαρᾶς,</span> <span class='ocrx_word' id='word_1_198' title='bbox 571 1918 656 1973; x_wconf 86' lang='grc' dir='ltr'><strong>καὶ</strong></span> <span class='ocrx_word' id='word_1_199' title='bbox 686 1915 809 1993; x_wconf 82' lang='grc' dir='ltr'>λέγε</span> <span class='ocrx_word' id='word_1_200' title='bbox 869 1916 1006 1990; x_wconf 79' lang='grc' dir='ltr'>μετὰ</span> <span class='ocrx_word' id='word_1_201' title='bbox 1050 1921 1207 1972; x_wconf 81' lang='grc' dir='ltr'>τοῦτο</span> <span class='ocrx_word' id='word_1_202' title='bbox 1239 1914 1472 1988; x_wconf 81' lang='grc' dir='ltr'>γίνεσθαι</span> <span class='ocrx_word' id='word_1_203' title='bbox 1500 1914 1620 1976; x_wconf 82' lang='grc' dir='ltr'>τοὺς</span> <span class='ocrx_word' id='word_1_204' title='bbox 1653 1911 1814 1968; x_wconf 78' lang='grc' dir='ltr'>ἑλκυ-</span> 
     </span>
    </p>
   </div>
   <div class='ocr_carea' id='block_1_26' title="bbox 161 1998 1810 2083">
    <p class='ocr_par' dir='ltr' id='par_1_26' title="bbox 161 1998 1810 2083">
     <span class='ocr_line' id='line_1_26' title="bbox 161 1998 1810 2083; baseline -0.005 -19"><span class='ocrx_word' id='word_1_205' title='bbox 161 2009 341 2081; x_wconf 78' lang='grc' dir='ltr'>σμοὺς</span> <span class='ocrx_word' id='word_1_206' title='bbox 371 2007 627 2083; x_wconf 89' lang='grc' dir='ltr'>πρότερον</span> <span class='ocrx_word' id='word_1_207' title='bbox 658 2006 802 2082; x_wconf 80' lang='grc' dir='ltr'>παρὰ.</span> <span class='ocrx_word' id='word_1_208' title='bbox 832 2017 950 2065; x_wconf 80' lang='grc' dir='ltr'>τοῖς</span> <span class='ocrx_word' id='word_1_209' title='bbox 1002 2004 1340 2065; x_wconf 70' lang='grc' dir='ltr'>ὶπισκοποις.</span> <span class='ocrx_word' id='word_1_210' title='bbox 1375 2008 1462 2076; x_wconf 83' lang='grc' dir='ltr'>Τῷ</span> <span class='ocrx_word' id='word_1_211' title='bbox 1494 1999 1548 2056; x_wconf 74' lang='grc' dir='ltr'><strong>δὲ</strong></span> <span class='ocrx_word' id='word_1_212' title='bbox 1578 1998 1656 2074; x_wconf 76' lang='grc' dir='ltr'>ς’</span> <span class='ocrx_word' id='word_1_213' title='bbox 1691 2021 1810 2079; x_wconf 46' lang='lat' dir='ltr'><strong>nec.</strong></span> 
     </span>
    </p>
   </div>
   <div class='ocr_carea' id='block_1_27' title="bbox 161 2087 1817 2170">
    <p class='ocr_par' dir='ltr' id='par_1_27' title="bbox 161 2087 1817 2170">
     <span class='ocr_line' id='line_1_27' title="bbox 161 2087 1817 2170; baseline -0.005 -18"><span class='ocrx_word' id='word_1_214' title='bbox 161 2106 260 2155; x_wconf 88' lang='lat'><strong>106</strong></span> <span class='ocrx_word' id='word_1_215' title='bbox 311 2097 469 2153; x_wconf 77' lang='grc' dir='ltr'>αὐτοῦ</span> <span class='ocrx_word' id='word_1_216' title='bbox 509 2095 616 2156; x_wconf 85' lang='grc' dir='ltr'>τίτ.</span> <span class='ocrx_word' id='word_1_217' title='bbox 675 2096 764 2150; x_wconf 85' lang='grc' dir='ltr'>καὶ</span> <span class='ocrx_word' id='word_1_218' title='bbox 807 2091 1012 2169; x_wconf 81' lang='grc' dir='ltr'>βιϐλίου</span> <span class='ocrx_word' id='word_1_219' title='bbox 1071 2093 1148 2168; x_wconf 72' lang='grc' dir='ltr'>μὴ</span> <span class='ocrx_word' id='word_1_220' title='bbox 1208 2094 1486 2170; x_wconf 77' lang='grc' dir='ltr'>προσχῆς,</span> <span class='ocrx_word' id='word_1_221' title='bbox 1543 2087 1680 2148; x_wconf 73' lang='grc' dir='ltr'>διάτ.</span> <span class='ocrx_word' id='word_1_222' title='bbox 1717 2111 1817 2166; x_wconf 80' lang='grc' dir='ltr'><strong>γαρ</strong></span> 
     </span>
    </p>
   </div>
   <div class='ocr_carea' id='block_1_28' title="bbox 162 2180 1816 2262">
    <p class='ocr_par' dir='ltr' id='par_1_28' title="bbox 162 2180 1816 2262">
     <span class='ocr_line' id='line_1_28' title="bbox 162 2180 1816 2262; baseline -0.005 -21"><span class='ocrx_word' id='word_1_223' title='bbox 162 2184 280 2243; x_wconf 66' lang='grc' dir='ltr'>ἔστι</span> <span class='ocrx_word' id='word_1_224' title='bbox 345 2191 524 2262; x_wconf 73' lang='lat'><strong>10610,</strong></span> <span class='ocrx_word' id='word_1_225' title='bbox 587 2183 675 2240; x_wconf 76' lang='grc' dir='ltr'><strong>καί</strong></span> <span class='ocrx_word' id='word_1_226' title='bbox 731 2182 963 2260; x_wconf 75' lang='grc' dir='ltr'><strong>ἀνῃρέθη</strong></span> <span class='ocrx_word' id='word_1_227' title='bbox 1017 2182 1121 2238; x_wconf 81' lang='grc' dir='ltr'>ὑπὸ</span> <span class='ocrx_word' id='word_1_228' title='bbox 1177 2185 1277 2247; x_wconf 80' lang='grc' dir='ltr'>τῆς</span> <span class='ocrx_word' id='word_1_229' title='bbox 1329 2180 1576 2256; x_wconf 78' lang='grc' dir='ltr'>ρηθείσης</span> <span class='ocrx_word' id='word_1_230' title='bbox 1645 2199 1816 2252; x_wconf 62' lang='grc' dir='ltr'>μετα-</span> 
     </span>
    </p>
   </div>
   <div class='ocr_carea' id='block_1_29' title="bbox 1895 759 3542 844">
    <p class='ocr_par' dir='ltr' id='par_1_29' title="bbox 1895 759 3542 844">
     <span class='ocr_line' id='line_1_29' title="bbox 1895 759 3542 844; baseline 0.003 -24"><span class='ocrx_word' id='word_1_231' title='bbox 1895 762 2249 839; x_wconf 86' lang='lat' dir='ltr'><strong>respexerit,</strong></span> <span class='ocrx_word' id='word_1_232' title='bbox 2274 769 2331 820; x_wconf 92' lang='lat' dir='ltr'><strong>et</strong></span> <span class='ocrx_word' id='word_1_233' title='bbox 2354 779 2460 840; x_wconf 95' lang='lat' dir='ltr'><strong>pro</strong></span> <span class='ocrx_word' id='word_1_234' title='bbox 2495 770 2701 822; x_wconf 88' lang='lat' dir='ltr'><strong>sancta</strong></span> <span class='ocrx_word' id='word_1_235' title='bbox 2724 759 3034 843; x_wconf 75' lang='lat' dir='ltr'><strong>Scriptura</strong></span> <span class='ocrx_word' id='word_1_236' title='bbox 3055 763 3206 842; x_wconf 79' lang='lat' dir='ltr'><strong>legis</strong></span> <span class='ocrx_word' id='word_1_237' title='bbox 3229 770 3410 844; x_wconf 86' lang='lat' dir='ltr'><strong>atque</strong></span> <span class='ocrx_word' id='word_1_238' title='bbox 3436 782 3542 825; x_wconf 83' lang='lat' dir='ltr'><strong>ca-</strong></span> 
     </span>
    </p>
   </div>
   <div class='ocr_carea' id='block_1_30' title="bbox 1897 848 3538 931">
    <p class='ocr_par' dir='ltr' id='par_1_30' title="bbox 1897 848 3538 931">
     <span class='ocr_line' id='line_1_30' title="bbox 1897 848 3538 931; baseline 0.004 -23"><span class='ocrx_word' id='word_1_239' title='bbox 1897 848 2072 909; x_wconf 87' lang='lat' dir='ltr'><strong>nonis</strong></span> <span class='ocrx_word' id='word_1_240' title='bbox 2097 851 2465 927; x_wconf 73' lang='lat' dir='ltr'><strong>mentionem</strong></span> <span class='ocrx_word' id='word_1_241' title='bbox 2491 849 2726 912; x_wconf 85' lang='lat' dir='ltr'><strong>fecerit.</strong></span> <span class='ocrx_word' id='word_1_242' title='bbox 2753 848 2960 912; x_wconf 85' lang='lat' dir='ltr'><strong>Const.</strong></span> <span class='ocrx_word' id='word_1_243' title='bbox 2995 859 3191 912; x_wconf 90' lang='lat' dir='ltr'><strong>autem</strong></span> <span class='ocrx_word' id='word_1_244' title='bbox 3217 851 3319 931; x_wconf 83' lang='lat'><strong>32,</strong></span> <span class='ocrx_word' id='word_1_245' title='bbox 3355 851 3446 916; x_wconf 89' lang='lat' dir='ltr'><strong>tit.</strong></span> <span class='ocrx_word' id='word_1_246' title='bbox 3477 856 3538 928; x_wconf 90' lang='lat'><strong>3,</strong></span> 
     </span>
    </p>
   </div>
   <div class='ocr_carea' id='block_1_31' title="bbox 1897 935 3544 1022">
    <p class='ocr_par' dir='ltr' id='par_1_31' title="bbox 1897 935 3544 1022">
     <span class='ocr_line' id='line_1_31' title="bbox 1897 935 3544 1022; baseline 0.004 -24"><span class='ocrx_word' id='word_1_247' title='bbox 1897 935 2003 998; x_wconf 88' lang='lat' dir='ltr'><strong>lib.</strong></span> <span class='ocrx_word' id='word_1_248' title='bbox 2035 935 2082 1011; x_wconf 88' lang='grc' dir='ltr'>Ῑ,</span> <span class='ocrx_word' id='word_1_249' title='bbox 2106 937 2243 1001; x_wconf 89' lang='lat' dir='ltr'><strong>cod.</strong></span> <span class='ocrx_word' id='word_1_250' title='bbox 2273 955 2392 998; x_wconf 92' lang='lat' dir='ltr'><strong>non</strong></span> <span class='ocrx_word' id='word_1_251' title='bbox 2419 945 2508 998; x_wconf 93' lang='lat' dir='ltr'><strong>est</strong></span> <span class='ocrx_word' id='word_1_252' title='bbox 2525 939 2714 1017; x_wconf 90' lang='lat' dir='ltr'><strong>posita</strong></span> <span class='ocrx_word' id='word_1_253' title='bbox 2739 937 2801 998; x_wconf 92' lang='lat' dir='ltr'><strong>in</strong></span> <span class='ocrx_word' id='word_1_254' title='bbox 2824 937 3031 1009; x_wconf 82' lang='lat' dir='ltr'><strong>Basil.,</strong></span> <span class='ocrx_word' id='word_1_255' title='bbox 3061 939 3544 1022; x_wconf 79' lang='lat' dir='ltr'><strong>[proindeJlegas</strong></span> 
     </span>
    </p>
   </div>
   <div class='ocr_carea' id='block_1_32' title="bbox 1899 1025 3540 1108">
    <p class='ocr_par' dir='ltr' id='par_1_32' title="bbox 1899 1025 3540 1108">
     <span class='ocr_line' id='line_1_32' title="bbox 1899 1025 3540 1108; baseline 0.004 -21"><span class='ocrx_word' id='word_1_256' title='bbox 1899 1029 2078 1087; x_wconf 83' lang='lat' dir='ltr'><strong>etiam</strong></span> <span class='ocrx_word' id='word_1_257' title='bbox 2115 1025 2449 1087; x_wconf 89' lang='lat' dir='ltr'><strong>secundum</strong></span> <span class='ocrx_word' id='word_1_258' title='bbox 2475 1025 2785 1087; x_wconf 90' lang='lat' dir='ltr'><strong>Scholium</strong></span> <span class='ocrx_word' id='word_1_259' title='bbox 2819 1045 2951 1108; x_wconf 87' lang='lat' dir='ltr'><strong>cap.</strong></span> <span class='ocrx_word' id='word_1_260' title='bbox 2986 1027 3063 1088; x_wconf 76' lang='lat'><strong>27</strong></span> <span class='ocrx_word' id='word_1_261' title='bbox 3099 1030 3418 1108; x_wconf 67' lang='lat' dir='ltr'><strong>praesentis</strong></span> <span class='ocrx_word' id='word_1_262' title='bbox 3449 1032 3540 1094; x_wconf 88' lang='lat' dir='ltr'><strong>tit.</strong></span> 
     </span>
    </p>
   </div>
   <div class='ocr_carea' id='block_1_33' title="bbox 1975 1113 3538 1198">
    <p class='ocr_par' dir='ltr' id='par_1_33' title="bbox 1975 1113 3538 1198">
     <span class='ocr_line' id='line_1_33' title="bbox 1975 1113 3538 1198; baseline 0.005 -22"><span class='ocrx_word' id='word_1_263' title='bbox 1975 1113 2964 1196; x_wconf 80' lang='lat' dir='ltr'><strong>Scholium.Const.50,tit.3,lih.1,</strong></span> <span class='ocrx_word' id='word_1_264' title='bbox 2981 1117 3115 1180; x_wconf 89' lang='lat' dir='ltr'><strong>cod.</strong></span> <span class='ocrx_word' id='word_1_265' title='bbox 3135 1119 3538 1198; x_wconf 87' lang='lat' dir='ltr'><strong>estcap.9.tit.</strong></span> 
     </span>
    </p>
   </div>
   <div class='ocr_carea' id='block_1_34' title="bbox 1894 1200 3543 1285">
    <p class='ocr_par' dir='ltr' id='par_1_34' title="bbox 1894 1200 3543 1285">
     <span class='ocr_line' id='line_1_34' title="bbox 1894 1200 3543 1285; baseline 0.004 -22"><span class='ocrx_word' id='word_1_266' title='bbox 1894 1200 2142 1276; x_wconf 87' lang='lat' dir='ltr'><strong>3,lib.ut</strong></span> <span class='ocrx_word' id='word_1_267' title='bbox 2159 1204 2312 1266; x_wconf 87' lang='lat' dir='ltr'><strong>Basil</strong></span> <span class='ocrx_word' id='word_1_268' title='bbox 2330 1203 2497 1266; x_wconf 91' lang='lat' dir='ltr'><strong>.Illud</strong></span> <span class='ocrx_word' id='word_1_269' title='bbox 2517 1222 2655 1264; x_wconf 75' lang='lat' dir='ltr'><strong>vero</strong></span> <span class='ocrx_word' id='word_1_270' title='bbox 2671 1204 3458 1285; x_wconf 71' lang='lat' dir='ltr'><strong>codicis:generaliterenim</strong></span> <span class='ocrx_word' id='word_1_271' title='bbox 3477 1207 3543 1268; x_wconf 94' lang='lat' dir='ltr'><strong>li-</strong></span> 
     </span>
    </p>
   </div>
   <div class='ocr_carea' id='block_1_35' title="bbox 1896 1295 3542 1374">
    <p class='ocr_par' dir='ltr' id='par_1_35' title="bbox 1896 1295 3542 1374">
     <span class='ocr_line' id='line_1_35' title="bbox 1896 1295 3542 1374; baseline 0.005 -24"><span class='ocrx_word' id='word_1_272' title='bbox 1896 1301 1987 1351; x_wconf 92' lang='lat' dir='ltr'><strong>cet</strong></span> <span class='ocrx_word' id='word_1_273' title='bbox 2011 1295 2227 1372; x_wconf 86' lang='lat' dir='ltr'><strong>cuique</strong></span> <span class='ocrx_word' id='word_1_274' title='bbox 2251 1302 2639 1354; x_wconf 86' lang='lat' dir='ltr'><strong>contemnere</strong></span> <span class='ocrx_word' id='word_1_275' title='bbox 2660 1311 2791 1373; x_wconf 75' lang='lat' dir='ltr'><strong>quae</strong></span> <span class='ocrx_word' id='word_1_276' title='bbox 2816 1313 2920 1374; x_wconf 89' lang='lat' dir='ltr'><strong>pro</strong></span> <span class='ocrx_word' id='word_1_277' title='bbox 2936 1314 3002 1359; x_wconf 86' lang='lat' dir='ltr'><strong>se</strong></span> <span class='ocrx_word' id='word_1_278' title='bbox 3020 1295 3271 1368; x_wconf 84' lang='lat' dir='ltr'><strong>[indulta</strong></span> <span class='ocrx_word' id='word_1_279' title='bbox 3286 1298 3542 1370; x_wconf 88' lang='lat' dir='ltr'><strong>sunt:]in</strong></span> 
     </span>
    </p>
   </div>
   <div class='ocr_carea' id='block_1_36' title="bbox 1893 1377 3542 1464">
    <p class='ocr_par' dir='ltr' id='par_1_36' title="bbox 1893 1377 3542 1464">
     <span class='ocr_line' id='line_1_36' title="bbox 1893 1377 3542 1464; baseline 0.006 -26"><span class='ocrx_word' id='word_1_280' title='bbox 1893 1377 2072 1441; x_wconf 84' lang='lat' dir='ltr'><strong>Basil.</strong></span> <span class='ocrx_word' id='word_1_281' title='bbox 2099 1399 2216 1440; x_wconf 88' lang='lat' dir='ltr'><strong>non</strong></span> <span class='ocrx_word' id='word_1_282' title='bbox 2244 1391 2333 1441; x_wconf 86' lang='lat' dir='ltr'><strong>est</strong></span> <span class='ocrx_word' id='word_1_283' title='bbox 2360 1382 3542 1464; x_wconf 72' lang='lat' dir='ltr'><strong>positum.Const.2,tit.4,lib.t,cod.non</strong></span> 
     </span>
    </p>
   </div>
   <div class='ocr_carea' id='block_1_37' title="bbox 1895 1468 3544 1558">
    <p class='ocr_par' dir='ltr' id='par_1_37' title="bbox 1895 1468 3544 1558">
     <span class='ocr_line' id='line_1_37' title="bbox 1895 1468 3544 1558; baseline 0.007 -30"><span class='ocrx_word' id='word_1_284' title='bbox 1895 1476 1984 1558; x_wconf 82' lang='lat' dir='ltr'><strong>est</strong></span> <span class='ocrx_word' id='word_1_285' title='bbox 2011 1471 2069 1530; x_wconf 91' lang='lat' dir='ltr'><strong>in</strong></span> <span class='ocrx_word' id='word_1_286' title='bbox 2091 1468 2273 1539; x_wconf 80' lang='lat' dir='ltr'><strong>Basil;</strong></span> <span class='ocrx_word' id='word_1_287' title='bbox 2293 1488 2488 1550; x_wconf 87' lang='lat' dir='ltr'><strong>neque</strong></span> <span class='ocrx_word' id='word_1_288' title='bbox 2505 1479 2696 1550; x_wconf 92' lang='lat' dir='ltr'><strong>[vero]</strong></span> <span class='ocrx_word' id='word_1_289' title='bbox 2718 1471 2747 1529; x_wconf 84' lang='lat'><strong>7</strong></span> <span class='ocrx_word' id='word_1_290' title='bbox 2764 1472 3034 1551; x_wconf 89' lang='lat' dir='ltr'><strong>ejusdem</strong></span> <span class='ocrx_word' id='word_1_291' title='bbox 3063 1475 3215 1536; x_wconf 92' lang='lat' dir='ltr'><strong>tit.et</strong></span> <span class='ocrx_word' id='word_1_292' title='bbox 3231 1473 3311 1535; x_wconf 80' lang='lat' dir='ltr'><strong>lib</strong></span> <span class='ocrx_word' id='word_1_293' title='bbox 3325 1494 3544 1558; x_wconf 88' lang='lat' dir='ltr'><strong>.neque</strong></span> 
     </span>
    </p>
   </div>
   <div class='ocr_carea' id='block_1_38' title="bbox 1894 1557 3541 1645">
    <p class='ocr_par' dir='ltr' id='par_1_38' title="bbox 1894 1557 3541 1645">
     <span class='ocr_line' id='line_1_38' title="bbox 1894 1557 3541 1645; baseline 0.004 -26"><span class='ocrx_word' id='word_1_294' title='bbox 1894 1557 2156 1638; x_wconf 86' lang='lat' dir='ltr'><strong>8,neque</strong></span> <span class='ocrx_word' id='word_1_295' title='bbox 2186 1561 2272 1621; x_wconf 86' lang='lat' dir='ltr'><strong>l3.</strong></span> <span class='ocrx_word' id='word_1_296' title='bbox 2302 1558 2488 1637; x_wconf 82' lang='lat' dir='ltr'><strong>Legas</strong></span> <span class='ocrx_word' id='word_1_297' title='bbox 2508 1569 2704 1621; x_wconf 89' lang='lat' dir='ltr'><strong>autem</strong></span> <span class='ocrx_word' id='word_1_298' title='bbox 2731 1578 2862 1640; x_wconf 86' lang='lat' dir='ltr'><strong>cap.</strong></span> <span class='ocrx_word' id='word_1_299' title='bbox 2889 1561 2964 1623; x_wconf 75' lang='lat'><strong>44</strong></span> <span class='ocrx_word' id='word_1_300' title='bbox 2990 1562 3080 1625; x_wconf 92' lang='lat' dir='ltr'><strong>tit.</strong></span> <span class='ocrx_word' id='word_1_301' title='bbox 3103 1579 3145 1639; x_wconf 80' lang='grc' dir='ltr'><strong>ι,</strong></span> <span class='ocrx_word' id='word_1_302' title='bbox 3173 1557 3541 1645; x_wconf 86' lang='lat' dir='ltr'><strong>lib.ttt,quod</strong></span> 
     </span>
    </p>
   </div>
   <div class='ocr_carea' id='block_1_39' title="bbox 1895 1647 3535 1724">
    <p class='ocr_par' dir='ltr' id='par_1_39' title="bbox 1895 1647 3535 1724">
     <span class='ocr_line' id='line_1_39' title="bbox 1895 1647 3535 1724; baseline 0.005 -20"><span class='ocrx_word' id='word_1_303' title='bbox 1895 1663 2028 1724; x_wconf 90' lang='lat' dir='ltr'><strong>pars</strong></span> <span class='ocrx_word' id='word_1_304' title='bbox 2061 1655 2150 1707; x_wconf 85' lang='lat' dir='ltr'><strong>est</strong></span> <span class='ocrx_word' id='word_1_305' title='bbox 2211 1647 2466 1710; x_wconf 61' lang='lat' dir='ltr'><strong>novellae</strong></span> <span class='ocrx_word' id='word_1_306' title='bbox 2520 1648 2658 1723; x_wconf 78' lang='lat'><strong>123,</strong></span> <span class='ocrx_word' id='word_1_307' title='bbox 2710 1667 2778 1710; x_wconf 88' lang='lat' dir='ltr'><strong>ac</strong></span> <span class='ocrx_word' id='word_1_308' title='bbox 2815 1649 2981 1711; x_wconf 79' lang='lat' dir='ltr'><strong>dicas</strong></span> <span class='ocrx_word' id='word_1_309' title='bbox 3015 1651 3352 1712; x_wconf 88' lang='lat' dir='ltr'><strong>secundum</strong></span> <span class='ocrx_word' id='word_1_310' title='bbox 3383 1652 3535 1714; x_wconf 91' lang='lat' dir='ltr'><strong>illud</strong></span> 
     </span>
    </p>
   </div>
   <div class='ocr_carea' id='block_1_40' title="bbox 1839 1735 3542 1824">
    <p class='ocr_par' dir='ltr' id='par_1_40' title="bbox 1839 1735 3542 1824">
     <span class='ocr_line' id='line_1_40' title="bbox 1839 1735 3542 1824; baseline 0.008 -33"><span class='ocrx_word' id='word_1_311' title='bbox 1839 1775 1874 1824; x_wconf 69' lang='grc' dir='ltr'><strong>Β</strong></span> <span class='ocrx_word' id='word_1_312' title='bbox 1898 1736 2062 1824; x_wconf 83' lang='lat' dir='ltr'><strong>prius</strong></span> <span class='ocrx_word' id='word_1_313' title='bbox 2081 1735 2349 1797; x_wconf 84' lang='lat' dir='ltr'><strong>actiones</strong></span> <span class='ocrx_word' id='word_1_314' title='bbox 2373 1737 2607 1797; x_wconf 79' lang='lat' dir='ltr'><strong>institui</strong></span> <span class='ocrx_word' id='word_1_315' title='bbox 2629 1737 2787 1817; x_wconf 90' lang='lat' dir='ltr'><strong>apud</strong></span> <span class='ocrx_word' id='word_1_316' title='bbox 2813 1737 3151 1818; x_wconf 87' lang='lat' dir='ltr'><strong>episcopos.</strong></span> <span class='ocrx_word' id='word_1_317' title='bbox 3183 1738 3542 1820; x_wconf 87' lang='lat' dir='ltr'><strong>Cap.autem</strong></span> 
     </span>
    </p>
   </div>
   <div class='ocr_carea' id='block_1_41' title="bbox 1899 1823 3548 1909">
    <p class='ocr_par' dir='ltr' id='par_1_41' title="bbox 1899 1823 3548 1909">
     <span class='ocr_line' id='line_1_41' title="bbox 1899 1823 3548 1909; baseline 0.004 -24"><span class='ocrx_word' id='word_1_318' title='bbox 1899 1823 2239 1902; x_wconf 66' lang='lat' dir='ltr'><strong>6,9jusdem</strong></span> <span class='ocrx_word' id='word_1_319' title='bbox 2267 1825 2358 1886; x_wconf 82' lang='lat' dir='ltr'><strong>tit.</strong></span> <span class='ocrx_word' id='word_1_320' title='bbox 2387 1833 2444 1886; x_wconf 93' lang='lat' dir='ltr'><strong>et</strong></span> <span class='ocrx_word' id='word_1_321' title='bbox 2467 1825 2572 1887; x_wconf 89' lang='lat' dir='ltr'><strong>lib.</strong></span> <span class='ocrx_word' id='word_1_322' title='bbox 2609 1843 2686 1887; x_wconf 91' lang='lat' dir='ltr'><strong>ne</strong></span> <span class='ocrx_word' id='word_1_323' title='bbox 2710 1827 3329 1896; x_wconf 86' lang='lat' dir='ltr'><strong>auscultes.Estenim</strong></span> <span class='ocrx_word' id='word_1_324' title='bbox 3364 1829 3548 1909; x_wconf 84' lang='lat' dir='ltr'><strong>hujus</strong></span> 
     </span>
    </p>
   </div>
   <div class='ocr_carea' id='block_1_42' title="bbox 1900 1913 3546 1994">
    <p class='ocr_par' dir='ltr' id='par_1_42' title="bbox 1900 1913 3546 1994">
     <span class='ocr_line' id='line_1_42' title="bbox 1900 1913 3546 1994; baseline 0.005 -22"><span class='ocrx_word' id='word_1_325' title='bbox 1900 1913 2240 1974; x_wconf 84' lang='lat' dir='ltr'><strong>constitutio</strong></span> <span class='ocrx_word' id='word_1_326' title='bbox 2264 1923 2439 1993; x_wconf 81' lang='lat' dir='ltr'><strong>atque</strong></span> <span class='ocrx_word' id='word_1_327' title='bbox 2463 1931 2569 1994; x_wconf 89' lang='lat' dir='ltr'><strong>per</strong></span> <span class='ocrx_word' id='word_1_328' title='bbox 2592 1914 2810 1976; x_wconf 91' lang='lat' dir='ltr'><strong>dictam</strong></span> <span class='ocrx_word' id='word_1_329' title='bbox 2831 1916 3232 1978; x_wconf 86' lang='lat' dir='ltr'><strong>recentiorem</strong></span> <span class='ocrx_word' id='word_1_330' title='bbox 3249 1919 3546 1980; x_wconf 86' lang='lat' dir='ltr'><strong>novellam</strong></span> 
     </span>
    </p>
   </div>
   <div class='ocr_carea' id='block_1_43' title="bbox 1900 2000 3544 2085">
    <p class='ocr_par' dir='ltr' id='par_1_43' title="bbox 1900 2000 3544 2085">
     <span class='ocr_line' id='line_1_43' title="bbox 1900 2000 3544 2085; baseline 0.004 -23"><span class='ocrx_word' id='word_1_331' title='bbox 1900 2003 2244 2079; x_wconf 74' lang='lat' dir='ltr'><strong>abrogatum</strong></span> <span class='ocrx_word' id='word_1_332' title='bbox 2278 2013 2384 2065; x_wconf 77' lang='lat' dir='ltr'><strong>est.</strong></span> <span class='ocrx_word' id='word_1_333' title='bbox 2423 2000 2539 2065; x_wconf 86' lang='lat' dir='ltr'><strong>Sed</strong></span> <span class='ocrx_word' id='word_1_334' title='bbox 2577 2022 2773 2085; x_wconf 89' lang='lat' dir='ltr'><strong>neque</strong></span> <span class='ocrx_word' id='word_1_335' title='bbox 2814 2005 3063 2066; x_wconf 88' lang='lat' dir='ltr'><strong>alteram</strong></span> <span class='ocrx_word' id='word_1_336' title='bbox 3097 2005 3544 2069; x_wconf 86' lang='lat' dir='ltr'><strong>Justiniauaeam</strong></span> 
     </span>
    </p>
   </div>
   <div class='ocr_carea' id='block_1_44' title="bbox 1901 2091 3545 2173">
    <p class='ocr_par' dir='ltr' id='par_1_44' title="bbox 1901 2091 3545 2173">
     <span class='ocr_line' id='line_1_44' title="bbox 1901 2091 3545 2173; baseline 0.005 -23"><span class='ocrx_word' id='word_1_337' title='bbox 1901 2091 2217 2164; x_wconf 81' lang='lat' dir='ltr'><strong>novellam,</strong></span> <span class='ocrx_word' id='word_1_338' title='bbox 2255 2111 2386 2171; x_wconf 75' lang='grc' dir='ltr'>ιιυω</span> <span class='ocrx_word' id='word_1_339' title='bbox 2417 2091 2740 2154; x_wconf 88' lang='lat' dir='ltr'><strong>adversum</strong></span> <span class='ocrx_word' id='word_1_340' title='bbox 2773 2093 3058 2173; x_wconf 86' lang='lat' dir='ltr'><strong>quiddam</strong></span> <span class='ocrx_word' id='word_1_341' title='bbox 3105 2093 3270 2170; x_wconf 90' lang='lat' dir='ltr'><strong>dicit,</strong></span> <span class='ocrx_word' id='word_1_342' title='bbox 3310 2096 3545 2158; x_wconf 88' lang='lat' dir='ltr'><strong>audias.</strong></span> 
     </span>
    </p>
   </div>
   <div class='ocr_carea' id='block_1_45' title="bbox 1901 2178 3542 2267">
    <p class='ocr_par' dir='ltr' id='par_1_45' title="bbox 1901 2178 3542 2267">
     <span class='ocr_line' id='line_1_45' title="bbox 1901 2178 3542 2267; baseline 0.005 -29"><span class='ocrx_word' id='word_1_343' title='bbox 1901 2178 2044 2267; x_wconf 53' lang='lat' dir='ltr'><strong>Eam</strong></span> <span class='ocrx_word' id='word_1_344' title='bbox 2081 2199 2198 2240; x_wconf 92' lang='lat' dir='ltr'><strong>non</strong></span> <span class='ocrx_word' id='word_1_345' title='bbox 2227 2191 2314 2241; x_wconf 91' lang='lat' dir='ltr'><strong>est</strong></span> <span class='ocrx_word' id='word_1_346' title='bbox 2345 2185 2536 2261; x_wconf 85' lang='lat' dir='ltr'><strong>posita</strong></span> <span class='ocrx_word' id='word_1_347' title='bbox 2566 2181 2627 2242; x_wconf 88' lang='lat' dir='ltr'><strong>in</strong></span> <span class='ocrx_word' id='word_1_348' title='bbox 2660 2183 2844 2245; x_wconf 83' lang='lat' dir='ltr'><strong>Basil.</strong></span> <span class='ocrx_word' id='word_1_349' title='bbox 2887 2182 3122 2244; x_wconf 84' lang='lat' dir='ltr'><strong>tametsi</strong></span> <span class='ocrx_word' id='word_1_350' title='bbox 3157 2184 3496 2246; x_wconf 86' lang='lat' dir='ltr'><strong>inveniatur</strong></span> <span class='ocrx_word' id='word_1_351' title='bbox 3524 2205 3542 2267; x_wconf 87' lang='lat'><strong>;</strong></span> 
     </span>
    </p>
   </div>
   <div class='ocr_carea' id='block_1_46' title="bbox 164 2247 1818 2355">
    <p class='ocr_par' dir='ltr' id='par_1_46' title="bbox 164 2247 1818 2353">
     <span class='ocr_line' id='line_1_46' title="bbox 164 2247 1818 2353; baseline -0.006 -21"><span class='ocrx_word' id='word_1_352' title='bbox 164 2247 763 2353; x_wconf 49' lang='lat' dir='ltr'><strong>ytvtc1épzc:vzap&amp;c,</strong></span> <span class='ocrx_word' id='word_1_353' title='bbox 809 2247 962 2329; x_wconf 52' lang='grc' dir='ltr'>ἀλλά</span> <span class='ocrx_word' id='word_1_354' title='bbox 1017 2269 1154 2347; x_wconf 75' lang='grc' dir='ltr'>μηδὲ</span> <span class='ocrx_word' id='word_1_355' title='bbox 1214 2247 1370 2346; x_wconf 57' lang='grc' dir='ltr'>ἑτέρα</span> <span class='ocrx_word' id='word_1_356' title='bbox 1411 2247 1818 2341; x_wconf 76' lang='grc' dir='ltr'>ἰουστινιανείῳ</span> 
     </span>
    </p>
   </div>
   <div class='ocr_carea' id='block_1_47' title="bbox 1908 2247 3547 2355">
    <p class='ocr_par' dir='ltr' id='par_1_47' title="bbox 1908 2247 3547 2355">
     <span class='ocr_line' id='line_1_47' title="bbox 1908 2247 3547 2355; baseline 0.004 -25"><span class='ocrx_word' id='word_1_357' title='bbox 1908 2247 2006 2330; x_wconf 71' lang='grc' dir='ltr'><strong>ἶεῖῖι</strong></span> <span class='ocrx_word' id='word_1_358' title='bbox 2032 2279 2318 2351; x_wconf 83' lang='lat' dir='ltr'><strong>quantum</strong></span> <span class='ocrx_word' id='word_1_359' title='bbox 2343 2247 2414 2331; x_wconf 72' lang='lat' dir='ltr'><strong>ad</strong></span> <span class='ocrx_word' id='word_1_360' title='bbox 2449 2270 2531 2350; x_wconf 85' lang='lat' dir='ltr'><strong>[id</strong></span> <span class='ocrx_word' id='word_1_361' title='bbox 2549 2271 2778 2346; x_wconf 89' lang='lat' dir='ltr'><strong>attinet,</strong></span> <span class='ocrx_word' id='word_1_362' title='bbox 2806 2272 2894 2343; x_wconf 93' lang='lat' dir='ltr'><strong>ut]</strong></span> <span class='ocrx_word' id='word_1_363' title='bbox 2919 2274 3176 2353; x_wconf 89' lang='lat' dir='ltr'><strong>primum</strong></span> <span class='ocrx_word' id='word_1_364' title='bbox 3202 2273 3357 2353; x_wconf 89' lang='lat' dir='ltr'><strong>apud</strong></span> <span class='ocrx_word' id='word_1_365' title='bbox 3380 2247 3547 2355; x_wconf 58' lang='lat' dir='ltr'><strong>epis:</strong></span> 
     </span>
    </p>
   </div>
   <div class='ocr_carea' id='block_1_48' title="bbox 165 2355 1817 2443">
    <p class='ocr_par' dir='ltr' id='par_1_48' title="bbox 165 2355 1817 2443">
     <span class='ocr_line' id='line_1_48' title="bbox 165 2355 1817 2443; baseline -0.005 -24"><span class='ocrx_word' id='word_1_366' title='bbox 165 2369 332 2443; x_wconf 82' lang='grc' dir='ltr'>νεαρᾷ</span> <span class='ocrx_word' id='word_1_367' title='bbox 364 2368 618 2442; x_wconf 81' lang='grc' dir='ltr'>προσχῆς</span> <span class='ocrx_word' id='word_1_368' title='bbox 648 2361 829 2439; x_wconf 76' lang='grc' dir='ltr'>ἔτερόν</span> <span class='ocrx_word' id='word_1_369' title='bbox 857 2383 908 2418; x_wconf 90' lang='grc' dir='ltr'><strong>τι</strong></span> <span class='ocrx_word' id='word_1_370' title='bbox 940 2360 1198 2443; x_wconf 60' lang='grc' dir='ltr'>λεγούσῇέ</span> <span class='ocrx_word' id='word_1_371' title='bbox 1235 2357 1316 2415; x_wconf 72' lang='grc' dir='ltr'><strong>ὅτι</strong></span> <span class='ocrx_word' id='word_1_372' title='bbox 1367 2355 1484 2417; x_wconf 71' lang='grc' dir='ltr'>οὐδὲ</span> <span class='ocrx_word' id='word_1_373' title='bbox 1543 2355 1696 2424; x_wconf 69' lang='grc' dir='ltr'>ἐτέθη</span> <span class='ocrx_word' id='word_1_374' title='bbox 1743 2358 1817 2419; x_wconf 79' lang='grc' dir='ltr'>εἱς</span> 
     </span>
    </p>
   </div>
   <div class='ocr_carea' id='block_1_49' title="bbox 161 2439 1819 2528">
    <p class='ocr_par' dir='ltr' id='par_1_49' title="bbox 161 2439 1819 2528">
     <span class='ocr_line' id='line_1_49' title="bbox 161 2439 1819 2528; baseline -0.005 -18"><span class='ocrx_word' id='word_1_375' title='bbox 161 2455 233 2511; x_wconf 72' lang='grc' dir='ltr'>τὰ</span> <span class='ocrx_word' id='word_1_376' title='bbox 266 2439 581 2526; x_wconf 30' lang='grc' dir='ltr'>*Βασιλικῇ</span> <span class='ocrx_word' id='word_1_377' title='bbox 634 2450 733 2507; x_wconf 75' lang='grc' dir='ltr'><strong>κᾶν</strong></span> <span class='ocrx_word' id='word_1_378' title='bbox 777 2439 1279 2528; x_wconf 70' lang='grc' dir='ltr'>εὑρίσκησαι,1’ἇλλ⁹</span> <span class='ocrx_word' id='word_1_379' title='bbox 1326 2446 1443 2504; x_wconf 78' lang='grc' dir='ltr'>ὅσοι</span> <span class='ocrx_word' id='word_1_380' title='bbox 1497 2447 1594 2521; x_wconf 78' lang='grc' dir='ltr'>μὲν</span> <span class='ocrx_word' id='word_1_381' title='bbox 1635 2448 1709 2508; x_wconf 78' lang='grc' dir='ltr'><strong>εἰς</strong></span> <span class='ocrx_word' id='word_1_382' title='bbox 1758 2447 1819 2501; x_wconf 77' lang='grc' dir='ltr'>τὸ</span> 
     </span>
    </p>
   </div>
   <div class='ocr_carea' id='block_1_50' title="bbox 160 2533 1816 2621">
    <p class='ocr_par' dir='ltr' id='par_1_50' title="bbox 160 2533 1816 2621">
     <span class='ocr_line' id='line_1_50' title="bbox 160 2533 1816 2621; baseline -0.007 -21"><span class='ocrx_word' id='word_1_383' title='bbox 160 2541 398 2621; x_wconf 80' lang='grc' dir='ltr'><strong>πρώτως</strong></span> <span class='ocrx_word' id='word_1_384' title='bbox 431 2542 572 2619; x_wconf 79' lang='grc' dir='ltr'>παρὰ</span> <span class='ocrx_word' id='word_1_385' title='bbox 601 2553 720 2606; x_wconf 73' lang='grc' dir='ltr'>τοῖς</span> <span class='ocrx_word' id='word_1_386' title='bbox 753 2539 1094 2610; x_wconf 66' lang='grc' dir='ltr'>ἔπισκόποις,</span> <span class='ocrx_word' id='word_1_387' title='bbox 1140 2535 1236 2593; x_wconf 70' lang='grc' dir='ltr'><strong>καί</strong></span> <span class='ocrx_word' id='word_1_388' title='bbox 1293 2549 1415 2599; x_wconf 77' lang='grc' dir='ltr'>τοῖς</span> <span class='ocrx_word' id='word_1_389' title='bbox 1475 2533 1816 2613; x_wconf 86' lang='grc' dir='ltr'>μητροπολί-</span> 
     </span>
    </p>
   </div>
   <div class='ocr_carea' id='block_1_51' title="bbox 156 2623 1816 2704">
    <p class='ocr_par' dir='ltr' id='par_1_51' title="bbox 156 2623 1816 2704">
     <span class='ocr_line' id='line_1_51' title="bbox 156 2623 1816 2704; baseline -0.005 -16"><span class='ocrx_word' id='word_1_390' title='bbox 156 2653 282 2694; x_wconf 85' lang='grc' dir='ltr'>ταις</span> <span class='ocrx_word' id='word_1_391' title='bbox 329 2629 612 2687; x_wconf 71' lang='grc' dir='ltr'>λαλεῖσθαι</span> <span class='ocrx_word' id='word_1_392' title='bbox 681 2630 776 2691; x_wconf 74' lang='grc' dir='ltr'><strong>τὰς</strong></span> <span class='ocrx_word' id='word_1_393' title='bbox 826 2629 1129 2702; x_wconf 73' lang='grc' dir='ltr'><strong>ὑποθέσεις,</strong></span> <span class='ocrx_word' id='word_1_394' title='bbox 1189 2626 1279 2682; x_wconf 84' lang='grc' dir='ltr'><strong>καὶ</strong></span> <span class='ocrx_word' id='word_1_395' title='bbox 1335 2627 1504 2689; x_wconf 75' lang='grc' dir='ltr'>οὕτως</span> <span class='ocrx_word' id='word_1_396' title='bbox 1566 2623 1816 2704; x_wconf 73' lang='grc' dir='ltr'>ἔρχεσθαι</span> 
     </span>
    </p>
   </div>
   <div class='ocr_carea' id='block_1_52' title="bbox 157 2706 1816 2799">
    <p class='ocr_par' dir='ltr' id='par_1_52' title="bbox 157 2706 1816 2799">
     <span class='ocr_line' id='line_1_52' title="bbox 157 2706 1816 2799; baseline -0.005 -22"><span class='ocrx_word' id='word_1_397' title='bbox 157 2721 330 2786; x_wconf 67' lang='grc' dir='ltr'>αὐτὰς</span> <span class='ocrx_word' id='word_1_398' title='bbox 389 2721 464 2784; x_wconf 76' lang='grc' dir='ltr'><strong>εἰς</strong></span> <span class='ocrx_word' id='word_1_399' title='bbox 541 2722 633 2776; x_wconf 81' lang='grc' dir='ltr'>τὸν</span> <span class='ocrx_word' id='word_1_400' title='bbox 719 2706 1105 2799; x_wconf 57' lang='grc' dir='ltr'>πατριᾶρχηχ]</span> <span class='ocrx_word' id='word_1_401' title='bbox 1176 2734 1414 2794; x_wconf 80' lang='grc' dir='ltr'>προσχες</span> <span class='ocrx_word' id='word_1_402' title='bbox 1477 2721 1554 2787; x_wconf 86' lang='grc' dir='ltr'>τῷ</span> <span class='ocrx_word' id='word_1_403' title='bbox 1609 2712 1816 2790; x_wconf 75' lang='grc' dir='ltr'>ῥηθέντι</span> 
     </span>
    </p>
   </div>
   <div class='ocr_carea' id='block_1_53' title="bbox 160 2801 1813 2888">
    <p class='ocr_par' dir='ltr' id='par_1_53' title="bbox 160 2801 1813 2888">
     <span class='ocr_line' id='line_1_53' title="bbox 160 2801 1813 2888; baseline -0.004 -24"><span class='ocrx_word' id='word_1_404' title='bbox 160 2808 256 2885; x_wconf 85' lang='grc' dir='ltr'>μδ’</span> <span class='ocrx_word' id='word_1_405' title='bbox 290 2831 415 2888; x_wconf 76' lang='grc' dir='ltr'>κεφ.</span> <span class='ocrx_word' id='word_1_406' title='bbox 451 2817 544 2866; x_wconf 80' lang='grc' dir='ltr'>τοῦ</span> <span class='ocrx_word' id='word_1_407' title='bbox 575 2809 628 2866; x_wconf 82' lang='grc' dir='ltr'>α’</span> <span class='ocrx_word' id='word_1_408' title='bbox 659 2809 763 2872; x_wconf 86' lang='grc' dir='ltr'>τίτ.</span> <span class='ocrx_word' id='word_1_409' title='bbox 788 2814 882 2865; x_wconf 83' lang='grc' dir='ltr'>τοῦ</span> <span class='ocrx_word' id='word_1_410' title='bbox 913 2804 965 2883; x_wconf 90' lang='grc' dir='ltr'>γ’</span> <span class='ocrx_word' id='word_1_411' title='bbox 994 2803 1224 2883; x_wconf 89' lang='grc' dir='ltr'>βιϐλίου.</span> <span class='ocrx_word' id='word_1_412' title='bbox 1245 2803 1414 2861; x_wconf 76' lang='grc' dir='ltr'>Ὅσον</span> <span class='ocrx_word' id='word_1_413' title='bbox 1451 2801 1506 2859; x_wconf 77' lang='grc' dir='ltr'><strong>δὲ</strong></span> <span class='ocrx_word' id='word_1_414' title='bbox 1537 2803 1611 2863; x_wconf 80' lang='grc' dir='ltr'><strong>είς</strong></span> <span class='ocrx_word' id='word_1_415' title='bbox 1642 2804 1702 2858; x_wconf 81' lang='grc' dir='ltr'>τὸ</span> <span class='ocrx_word' id='word_1_416' title='bbox 1734 2801 1813 2877; x_wconf 69' lang='grc' dir='ltr'>μή</span> 
     </span>
    </p>
   </div>
   <div class='ocr_carea' id='block_1_54' title="bbox 165 2892 1814 2979">
    <p class='ocr_par' dir='ltr' id='par_1_54' title="bbox 165 2892 1814 2979">
     <span class='ocr_line' id='line_1_54' title="bbox 165 2892 1814 2979; baseline -0.006 -23"><span class='ocrx_word' id='word_1_417' title='bbox 165 2899 326 2979; x_wconf 69' lang='grc' dir='ltr'>ἔχειν</span> <span class='ocrx_word' id='word_1_418' title='bbox 364 2899 648 2974; x_wconf 79' lang='grc' dir='ltr'>μετουσίαν</span> <span class='ocrx_word' id='word_1_419' title='bbox 700 2898 820 2955; x_wconf 80' lang='grc' dir='ltr'>τινὰ</span> <span class='ocrx_word' id='word_1_420' title='bbox 877 2897 998 2960; x_wconf 82' lang='grc' dir='ltr'>τοὺς</span> <span class='ocrx_word' id='word_1_421' title='bbox 1030 2893 1364 2966; x_wconf 75' lang='grc' dir='ltr'>πολιτικοὺς,</span> <span class='ocrx_word' id='word_1_422' title='bbox 1411 2892 1447 2961; x_wconf 73' lang='grc' dir='ltr'><strong>ἢ</strong></span> <span class='ocrx_word' id='word_1_423' title='bbox 1490 2913 1814 2965; x_wconf 84' lang='grc' dir='ltr'>στρατιωτι-</span> 
     </span>
    </p>
   </div>
   <div class='ocr_carea' id='block_1_55' title="bbox 168 2982 1816 3066">
    <p class='ocr_par' dir='ltr' id='par_1_55' title="bbox 168 2982 1816 3066">
     <span class='ocr_line' id='line_1_55' title="bbox 168 2982 1816 3066; baseline -0.005 -22"><span class='ocrx_word' id='word_1_424' title='bbox 168 2989 305 3050; x_wconf 80' lang='grc' dir='ltr'>κοὺς</span> <span class='ocrx_word' id='word_1_425' title='bbox 368 2985 635 3066; x_wconf 72' lang='grc' dir='ltr'>ἄρχοντας</span> <span class='ocrx_word' id='word_1_426' title='bbox 706 2988 842 3062; x_wconf 73' lang='grc' dir='ltr'>μετὰ</span> <span class='ocrx_word' id='word_1_427' title='bbox 899 2990 1004 3041; x_wconf 85' lang='grc' dir='ltr'><strong>τῶν</strong></span> <span class='ocrx_word' id='word_1_428' title='bbox 1067 2982 1393 3061; x_wconf 70' lang='grc' dir='ltr'>ἱερωμένων,</span> <span class='ocrx_word' id='word_1_429' title='bbox 1447 3002 1686 3066; x_wconf 77' lang='grc' dir='ltr'>προσχες</span> <span class='ocrx_word' id='word_1_430' title='bbox 1746 2986 1816 3056; x_wconf 78' lang='grc' dir='ltr'>τῇ</span> 
     </span>
    </p>
   </div>
   <div class='ocr_carea' id='block_1_56' title="bbox 174 3062 1818 3156">
    <p class='ocr_par' dir='ltr' id='par_1_56' title="bbox 174 3062 1818 3156">
     <span class='ocr_line' id='line_1_56' title="bbox 174 3062 1818 3156; baseline -0.004 -23"><span class='ocrx_word' id='word_1_431' title='bbox 174 3076 347 3156; x_wconf 68' lang='grc' dir='ltr'>νεαρᾷ</span> <span class='ocrx_word' id='word_1_432' title='bbox 402 3062 508 3132; x_wconf 59' lang='grc' dir='ltr'>τῦν</span> <span class='ocrx_word' id='word_1_433' title='bbox 554 3075 810 3152; x_wconf 69' lang='grc' dir='ltr'>βασιλέων</span> <span class='ocrx_word' id='word_1_434' title='bbox 881 3071 1280 3132; x_wconf 82' lang='grc' dir='ltr'>Κωνσταντίνου</span> <span class='ocrx_word' id='word_1_435' title='bbox 1347 3072 1432 3126; x_wconf 77' lang='grc' dir='ltr'><strong>καὶ</strong></span> <span class='ocrx_word' id='word_1_436' title='bbox 1487 3062 1818 3146; x_wconf 70' lang='grc' dir='ltr'>Ἡρακλείου,</span> 
     </span>
    </p>
   </div>
   <div class='ocr_carea' id='block_1_57' title="bbox 175 3156 1824 3244">
    <p class='ocr_par' dir='ltr' id='par_1_57' title="bbox 175 3156 1824 3244">
     <span class='ocr_line' id='line_1_57' title="bbox 175 3156 1824 3244; baseline -0.007 -22"><span class='ocrx_word' id='word_1_437' title='bbox 175 3167 272 3223; x_wconf 78' lang='grc' dir='ltr'>καὶ</span> <span class='ocrx_word' id='word_1_438' title='bbox 331 3170 396 3241; x_wconf 80' lang='grc' dir='ltr'><strong>τῇ</strong></span> <span class='ocrx_word' id='word_1_439' title='bbox 478 3171 636 3244; x_wconf 79' lang='grc' dir='ltr'>νεαρᾷ</span> <span class='ocrx_word' id='word_1_440' title='bbox 719 3173 810 3224; x_wconf 80' lang='grc' dir='ltr'><strong>τοῦ</strong></span> <span class='ocrx_word' id='word_1_441' title='bbox 887 3160 1153 3241; x_wconf 78' lang='grc' dir='ltr'>βασιλέως</span> <span class='ocrx_word' id='word_1_442' title='bbox 1212 3159 1389 3238; x_wconf 83' lang='grc' dir='ltr'>κυρίου</span> <span class='ocrx_word' id='word_1_443' title='bbox 1445 3156 1684 3222; x_wconf 73' lang='grc' dir='ltr'>Ἀλεξίου</span> <span class='ocrx_word' id='word_1_444' title='bbox 1734 3168 1824 3216; x_wconf 79' lang='grc' dir='ltr'>τοῦ</span> 
     </span>
    </p>
   </div>
   <div class='ocr_carea' id='block_1_58' title="bbox 176 3246 1828 3333">
    <p class='ocr_par' dir='ltr' id='par_1_58' title="bbox 176 3246 1828 3333">
     <span class='ocr_line' id='line_1_58' title="bbox 176 3246 1828 3333; baseline -0.005 -23"><span class='ocrx_word' id='word_1_445' title='bbox 176 3259 496 3333; x_wconf 77' lang='grc' dir='ltr'>Κομνηνοῢ,</span> <span class='ocrx_word' id='word_1_446' title='bbox 538 3256 612 3308; x_wconf 82' lang='grc' dir='ltr'>ὧν</span> <span class='ocrx_word' id='word_1_447' title='bbox 653 3256 836 3329; x_wconf 81' lang='grc' dir='ltr'>μνείαν</span> <span class='ocrx_word' id='word_1_448' title='bbox 897 3251 1272 3326; x_wconf 69' lang='grc' dir='ltr'>ἐποιησάμεθα</span> <span class='ocrx_word' id='word_1_449' title='bbox 1328 3246 1384 3304; x_wconf 72' lang='grc' dir='ltr'>ἰν</span> <span class='ocrx_word' id='word_1_450' title='bbox 1447 3247 1515 3322; x_wconf 68' lang='grc' dir='ltr'><strong>τῇ</strong></span> <span class='ocrx_word' id='word_1_451' title='bbox 1573 3252 1828 3324; x_wconf 81' lang='grc' dir='ltr'>καταρχῇ</span> 
     </span>
    </p>
   </div>
   <div class='ocr_carea' id='block_1_59' title="bbox 169 3333 1827 3424">
    <p class='ocr_par' dir='ltr' id='par_1_59' title="bbox 169 3333 1827 3424">
     <span class='ocr_line' id='line_1_59' title="bbox 169 3333 1827 3424; baseline -0.006 -23"><span class='ocrx_word' id='word_1_452' title='bbox 169 3347 275 3402; x_wconf 80' lang='grc' dir='ltr'>τοῦ</span> <span class='ocrx_word' id='word_1_453' title='bbox 307 3363 568 3420; x_wconf 88' lang='grc' dir='ltr'>παροντος</span> <span class='ocrx_word' id='word_1_454' title='bbox 636 3344 767 3424; x_wconf 75' lang='grc' dir='ltr'>τίτ.,</span> <span class='ocrx_word' id='word_1_455' title='bbox 813 3343 1076 3422; x_wconf 74' lang='grc' dir='ltr'>ἀνάγνωθι</span> <span class='ocrx_word' id='word_1_456' title='bbox 1127 3340 1220 3397; x_wconf 78' lang='grc' dir='ltr'><strong>καὶ</strong></span> <span class='ocrx_word' id='word_1_457' title='bbox 1265 3339 1358 3395; x_wconf 79' lang='grc' dir='ltr'>τὸν</span> <span class='ocrx_word' id='word_1_458' title='bbox 1392 3335 1456 3393; x_wconf 80' lang='grc' dir='ltr'>ιε’</span> <span class='ocrx_word' id='word_1_459' title='bbox 1490 3355 1689 3392; x_wconf 83' lang='grc' dir='ltr'>κανονα</span> <span class='ocrx_word' id='word_1_460' title='bbox 1731 3333 1827 3402; x_wconf 76' lang='grc' dir='ltr'>τῆς</span> 
     </span>
    </p>
   </div>
   <div class='ocr_carea' id='block_1_60' title="bbox 169 3425 1830 3511">
    <p class='ocr_par' dir='ltr' id='par_1_60' title="bbox 169 3425 1830 3511">
     <span class='ocr_line' id='line_1_60' title="bbox 169 3425 1830 3511; baseline -0.005 -21"><span class='ocrx_word' id='word_1_461' title='bbox 169 3433 231 3490; x_wconf 64' lang='grc' dir='ltr'>ιν</span> <span class='ocrx_word' id='word_1_462' title='bbox 285 3433 630 3511; x_wconf 75' lang='grc' dir='ltr'>Καρθαγέννῃ</span> <span class='ocrx_word' id='word_1_463' title='bbox 675 3431 916 3506; x_wconf 85' lang='grc' dir='ltr'>συνοδου,</span> <span class='ocrx_word' id='word_1_464' title='bbox 968 3434 1055 3488; x_wconf 84' lang='grc' dir='ltr'><strong>καὶ</strong></span> <span class='ocrx_word' id='word_1_465' title='bbox 1111 3433 1203 3488; x_wconf 78' lang='grc' dir='ltr'><strong>τὸν</strong></span> <span class='ocrx_word' id='word_1_466' title='bbox 1259 3426 1308 3486; x_wconf 83' lang='grc' dir='ltr'>θ’</span> <span class='ocrx_word' id='word_1_467' title='bbox 1363 3448 1562 3485; x_wconf 86' lang='grc' dir='ltr'>κανονα</span> <span class='ocrx_word' id='word_1_468' title='bbox 1620 3425 1719 3493; x_wconf 77' lang='grc' dir='ltr'>τῆς</span> <span class='ocrx_word' id='word_1_469' title='bbox 1775 3426 1830 3481; x_wconf 73' lang='grc' dir='ltr'>ἐν</span> 
     </span>
    </p>
   </div>
   <div class='ocr_carea' id='block_1_61' title="bbox 165 3513 1828 3598">
    <p class='ocr_par' dir='ltr' id='par_1_61' title="bbox 165 3513 1828 3598">
     <span class='ocr_line' id='line_1_61' title="bbox 165 3513 1828 3598; baseline -0.005 -17"><span class='ocrx_word' id='word_1_470' title='bbox 165 3520 514 3598; x_wconf 76' lang='grc' dir='ltr'>Χαλκηδόνι,</span> <span class='ocrx_word' id='word_1_471' title='bbox 561 3524 650 3579; x_wconf 87' lang='grc' dir='ltr'><strong>καὶ</strong></span> <span class='ocrx_word' id='word_1_472' title='bbox 695 3523 761 3578; x_wconf 77' lang='grc' dir='ltr'><strong>τὰ</strong></span> <span class='ocrx_word' id='word_1_473' title='bbox 804 3522 860 3578; x_wconf 70' lang='grc' dir='ltr'>ἐν</span> <span class='ocrx_word' id='word_1_474' title='bbox 903 3525 1046 3595; x_wconf 72' lang='grc' dir='ltr'><strong>αὗτῷ</strong></span> <span class='ocrx_word' id='word_1_475' title='bbox 1113 3520 1307 3576; x_wconf 72' lang='grc' dir='ltr'>λύοντα</span> <span class='ocrx_word' id='word_1_476' title='bbox 1364 3523 1540 3575; x_wconf 84' lang='grc' dir='ltr'>πᾶσαν</span> <span class='ocrx_word' id='word_1_477' title='bbox 1588 3513 1828 3596; x_wconf 68' lang='grc' dir='ltr'>ἀμφιϐο-</span> 
     </span>
    </p>
   </div>
   <div class='ocr_carea' id='block_1_62' title="bbox 166 3607 1831 3680">
    <p class='ocr_par' dir='ltr' id='par_1_62' title="bbox 166 3607 1831 3680">
     <span class='ocr_line' id='line_1_62' title="bbox 166 3607 1831 3680; baseline -0.005 -10"><span class='ocrx_word' id='word_1_478' title='bbox 166 3613 324 3672; x_wconf 87' lang='grc' dir='ltr'>λίαν.</span> <span class='ocrx_word' id='word_1_479' title='bbox 363 3613 434 3669; x_wconf 86' lang='grc' dir='ltr'>Τὸ</span> <span class='ocrx_word' id='word_1_480' title='bbox 481 3611 687 3675; x_wconf 86' lang='grc' dir='ltr'>πλατος</span> <span class='ocrx_word' id='word_1_481' title='bbox 737 3613 792 3668; x_wconf 76' lang='grc' dir='ltr'><strong>δὲ</strong></span> <span class='ocrx_word' id='word_1_482' title='bbox 841 3617 943 3680; x_wconf 77' lang='grc' dir='ltr'>τῆς</span> <span class='ocrx_word' id='word_1_483' title='bbox 974 3608 1057 3667; x_wconf 80' lang='grc' dir='ltr'>κθ⁹</span> <span class='ocrx_word' id='word_1_484' title='bbox 1089 3609 1230 3672; x_wconf 78' lang='grc' dir='ltr'>διάτ.</span> <span class='ocrx_word' id='word_1_485' title='bbox 1263 3607 1385 3676; x_wconf 70' lang='grc' dir='ltr'>ἥτις</span> <span class='ocrx_word' id='word_1_486' title='bbox 1432 3609 1493 3664; x_wconf 73' lang='grc' dir='ltr'>οὗ</span> <span class='ocrx_word' id='word_1_487' title='bbox 1535 3621 1716 3665; x_wconf 79' lang='grc' dir='ltr'>κεῖται</span> <span class='ocrx_word' id='word_1_488' title='bbox 1757 3607 1831 3668; x_wconf 82' lang='grc' dir='ltr'><strong>είς</strong></span> 
     </span>
    </p>
   </div>
   <div class='ocr_carea' id='block_1_63' title="bbox 162 3695 1833 3779">
    <p class='ocr_par' dir='ltr' id='par_1_63' title="bbox 162 3695 1833 3779">
     <span class='ocr_line' id='line_1_63' title="bbox 162 3695 1833 3779; baseline -0.005 -21"><span class='ocrx_word' id='word_1_489' title='bbox 162 3701 239 3758; x_wconf 78' lang='grc' dir='ltr'><strong>τὰ</strong></span> <span class='ocrx_word' id='word_1_490' title='bbox 300 3699 595 3777; x_wconf 78' lang='grc' dir='ltr'>Βασιλικὰ,</span> <span class='ocrx_word' id='word_1_491' title='bbox 660 3699 830 3765; x_wconf 76' lang='grc' dir='ltr'>οὕτως</span> <span class='ocrx_word' id='word_1_492' title='bbox 901 3698 1045 3779; x_wconf 76' lang='grc' dir='ltr'>ἔχει,</span> <span class='ocrx_word' id='word_1_493' title='bbox 1092 3695 1230 3754; x_wconf 83' lang='grc' dir='ltr'><strong>κατᾶ</strong></span> <span class='ocrx_word' id='word_1_494' title='bbox 1274 3697 1375 3775; x_wconf 80' lang='grc' dir='ltr'><strong>γὰρ</strong></span> <span class='ocrx_word' id='word_1_495' title='bbox 1420 3702 1526 3752; x_wconf 85' lang='grc' dir='ltr'><strong>τῶν</strong></span> <span class='ocrx_word' id='word_1_496' title='bbox 1571 3697 1833 3753; x_wconf 77' lang='grc' dir='ltr'>τοιούτων</span> 
     </span>
    </p>
   </div>
   <div class='ocr_carea' id='block_1_64' title="bbox 162 3784 1833 3870">
    <p class='ocr_par' dir='ltr' id='par_1_64' title="bbox 162 3784 1833 3870">
     <span class='ocr_line' id='line_1_64' title="bbox 162 3784 1833 3870; baseline -0.005 -21"><span class='ocrx_word' id='word_1_497' title='bbox 162 3791 554 3849; x_wconf 70' lang='grc' dir='ltr'>ιπισκοπικῶν</span> <span class='ocrx_word' id='word_1_498' title='bbox 606 3789 931 3870; x_wconf 69' lang='grc' dir='ltr'>ἀποφάσεων</span> <span class='ocrx_word' id='word_1_499' title='bbox 989 3788 1084 3845; x_wconf 76' lang='grc' dir='ltr'><strong>οὒκ</strong></span> <span class='ocrx_word' id='word_1_500' title='bbox 1128 3787 1272 3870; x_wconf 77' lang='grc' dir='ltr'>εἶναι</span> <span class='ocrx_word' id='word_1_501' title='bbox 1317 3786 1508 3865; x_wconf 84' lang='grc' dir='ltr'>χώραν</span> <span class='ocrx_word' id='word_1_502' title='bbox 1567 3784 1833 3854; x_wconf 71' lang='grc' dir='ltr'>ἰκκλήτου</span> 
     </span>
    </p>
   </div>
   <div class='ocr_carea' id='block_1_65' title="bbox 160 3864 1828 3958">
    <p class='ocr_par' dir='ltr' id='par_1_65' title="bbox 160 3864 1828 3958">
     <span class='ocr_line' id='line_1_65' title="bbox 160 3864 1828 3958; baseline -0.005 -19"><span class='ocrx_word' id='word_1_503' title='bbox 160 3894 294 3948; x_wconf 74' lang='grc' dir='ltr'>τοῖς</span> <span class='ocrx_word' id='word_1_504' title='bbox 356 3881 461 3958; x_wconf 76' lang='grc' dir='ltr'><strong>πρὸ</strong></span> <span class='ocrx_word' id='word_1_505' title='bbox 517 3883 676 3956; x_wconf 79' lang='grc' dir='ltr'>ἡμῶν</span> <span class='ocrx_word' id='word_1_506' title='bbox 732 3864 1169 3954; x_wconf 75' lang='grc' dir='ltr'>νενομοθέτηται.</span> <span class='ocrx_word' id='word_1_507' title='bbox 1231 3864 1295 3932; x_wconf 61' lang='grc' dir='ltr'>Ἠ</span> <span class='ocrx_word' id='word_1_508' title='bbox 1349 3864 1551 3951; x_wconf 81' lang='grc' dir='ltr'>μέντοι</span> <span class='ocrx_word' id='word_1_509' title='bbox 1597 3873 1639 3929; x_wconf 80' lang='grc' dir='ltr'><strong>δ’</strong></span> <span class='ocrx_word' id='word_1_510' title='bbox 1688 3872 1828 3936; x_wconf 81' lang='grc' dir='ltr'>ὃιάτ.</span> 
     </span>
    </p>
   </div>
   <div class='ocr_carea' id='block_1_66' title="bbox 1903 2360 3547 2444">
    <p class='ocr_par' dir='ltr' id='par_1_66' title="bbox 1903 2360 3547 2444">
     <span class='ocr_line' id='line_1_66' title="bbox 1903 2360 3547 2444; baseline 0.004 -24"><span class='ocrx_word' id='word_1_511' title='bbox 1903 2377 2083 2437; x_wconf 88' lang='lat' dir='ltr'><strong>copos</strong></span> <span class='ocrx_word' id='word_1_512' title='bbox 2125 2369 2182 2420; x_wconf 89' lang='lat' dir='ltr'><strong>et</strong></span> <span class='ocrx_word' id='word_1_513' title='bbox 2216 2360 2708 2440; x_wconf 89' lang='lat' dir='ltr'><strong>metropolitanos</strong></span> <span class='ocrx_word' id='word_1_514' title='bbox 2739 2361 3165 2424; x_wconf 63' lang='lat' dir='ltr'><strong>controversia</strong></span> <span class='ocrx_word' id='word_1_515' title='bbox 3197 2363 3547 2444; x_wconf 84' lang='lat' dir='ltr'><strong>proponan-</strong></span> 
     </span>
    </p>
   </div>
   <div class='ocr_carea' id='block_1_67' title="bbox 1904 2449 3544 2552">
    <p class='ocr_par' dir='ltr' id='par_1_67' title="bbox 1904 2449 3544 2552">
     <span class='ocr_line' id='line_1_67' title="bbox 1904 2449 3544 2552; baseline 0.004 -44"><span class='ocrx_word' id='word_1_516' title='bbox 1904 2451 1999 2552; x_wconf 37' lang='lat' dir='ltr'><strong>tunr</strong></span> <span class='ocrx_word' id='word_1_517' title='bbox 2021 2457 2077 2510; x_wconf 91' lang='lat' dir='ltr'><strong>et</strong></span> <span class='ocrx_word' id='word_1_518' title='bbox 2106 2449 2194 2548; x_wconf 77' lang='lat' dir='ltr'><strong>sic</strong></span> <span class='ocrx_word' id='word_1_519' title='bbox 2212 2449 2280 2509; x_wconf 79' lang='lat' dir='ltr'><strong>ad</strong></span> <span class='ocrx_word' id='word_1_520' title='bbox 2312 2450 2706 2552; x_wconf 65' lang='lat' dir='ltr'><strong>patriarcham</strong></span> <span class='ocrx_word' id='word_1_521' title='bbox 2735 2450 3362 2552; x_wconf 55' lang='lat' dir='ltr'><strong>deveniautﬂanimum</strong></span> <span class='ocrx_word' id='word_1_522' title='bbox 3387 2453 3544 2552; x_wconf 72' lang='lat' dir='ltr'><strong>dicto</strong></span> 
     </span>
    </p>
   </div>
   <div class='ocr_carea' id='block_1_68' title="bbox 1902 2537 3544 2623">
    <p class='ocr_par' dir='ltr' id='par_1_68' title="bbox 1902 2537 3544 2623">
     <span class='ocr_line' id='line_1_68' title="bbox 1902 2537 3544 2623; baseline 0.002 -25"><span class='ocrx_word' id='word_1_523' title='bbox 1902 2537 1980 2599; x_wconf 66' lang='lat'><strong>4-1</strong></span> <span class='ocrx_word' id='word_1_524' title='bbox 1998 2556 2127 2616; x_wconf 89' lang='lat' dir='ltr'><strong>cap.</strong></span> <span class='ocrx_word' id='word_1_525' title='bbox 2158 2538 2246 2600; x_wconf 90' lang='lat' dir='ltr'><strong>tit.</strong></span> <span class='ocrx_word' id='word_1_526' title='bbox 2273 2555 2288 2598; x_wconf 93' lang='grc' dir='ltr'><strong>ι</strong></span> <span class='ocrx_word' id='word_1_527' title='bbox 2316 2538 2422 2600; x_wconf 91' lang='lat' dir='ltr'><strong>lib.</strong></span> <span class='ocrx_word' id='word_1_528' title='bbox 2444 2555 2503 2600; x_wconf 89' lang='grc' dir='ltr'><strong>ιιι</strong></span> <span class='ocrx_word' id='word_1_529' title='bbox 2533 2537 3099 2619; x_wconf 62' lang='grc' dir='ltr'>ορρΙίεαῺιιδιιιυῖἡ</span> <span class='ocrx_word' id='word_1_530' title='bbox 3123 2559 3264 2602; x_wconf 91' lang='lat' dir='ltr'><strong>vero</strong></span> <span class='ocrx_word' id='word_1_531' title='bbox 3293 2541 3364 2602; x_wconf 84' lang='lat' dir='ltr'><strong>ad</strong></span> <span class='ocrx_word' id='word_1_532' title='bbox 3399 2541 3544 2623; x_wconf 83' lang='lat' dir='ltr'><strong>[id,]</strong></span> 
     </span>
    </p>
   </div>
   <div class='ocr_carea' id='block_1_69' title="bbox 1901 2626 3543 2708">
    <p class='ocr_par' dir='ltr' id='par_1_69' title="bbox 1901 2626 3543 2708">
     <span class='ocr_line' id='line_1_69' title="bbox 1901 2626 3543 2708; baseline 0.004 -22"><span class='ocrx_word' id='word_1_533' title='bbox 1901 2643 1978 2686; x_wconf 91' lang='lat' dir='ltr'><strong>ne</strong></span> <span class='ocrx_word' id='word_1_534' title='bbox 2008 2626 2212 2687; x_wconf 88' lang='lat' dir='ltr'><strong>civiles</strong></span> <span class='ocrx_word' id='word_1_535' title='bbox 2245 2636 2344 2687; x_wconf 90' lang='lat' dir='ltr'><strong>aut</strong></span> <span class='ocrx_word' id='word_1_536' title='bbox 2379 2627 2669 2690; x_wconf 87' lang='lat' dir='ltr'><strong>militares</strong></span> <span class='ocrx_word' id='word_1_537' title='bbox 2701 2629 3080 2708; x_wconf 82' lang='lat' dir='ltr'><strong>magistratus</strong></span> <span class='ocrx_word' id='word_1_538' title='bbox 3113 2630 3543 2693; x_wconf 90' lang='lat' dir='ltr'><strong>commercium</strong></span> 
     </span>
    </p>
   </div>
   <div class='ocr_carea' id='block_1_70' title="bbox 1899 2715 3544 2796">
    <p class='ocr_par' dir='ltr' id='par_1_70' title="bbox 1899 2715 3544 2796">
     <span class='ocr_line' id='line_1_70' title="bbox 1899 2715 3544 2796; baseline 0.004 -21"><span class='ocrx_word' id='word_1_539' title='bbox 1899 2715 2135 2796; x_wconf 80' lang='lat' dir='ltr'><strong>aliqum]</strong></span> <span class='ocrx_word' id='word_1_540' title='bbox 2165 2716 2457 2778; x_wconf 83' lang='lat' dir='ltr'><strong>adversus</strong></span> <span class='ocrx_word' id='word_1_541' title='bbox 2487 2726 2875 2780; x_wconf 86' lang='lat' dir='ltr'><strong>consecratos</strong></span> <span class='ocrx_word' id='word_1_542' title='bbox 2904 2717 3166 2780; x_wconf 89' lang='lat' dir='ltr'><strong>habeant</strong></span> <span class='ocrx_word' id='word_1_543' title='bbox 3201 2740 3214 2777; x_wconf 88' lang='lat'><strong>:</strong></span> <span class='ocrx_word' id='word_1_544' title='bbox 3251 2719 3544 2782; x_wconf 84' lang='lat' dir='ltr'><strong>novellam</strong></span> 
     </span>
    </p>
   </div>
   <div class='ocr_carea' id='block_1_71' title="bbox 1897 2803 3541 2884">
    <p class='ocr_par' dir='ltr' id='par_1_71' title="bbox 1897 2803 3541 2884">
     <span class='ocr_line' id='line_1_71' title="bbox 1897 2803 3541 2884; baseline 0.004 -21"><span class='ocrx_word' id='word_1_545' title='bbox 1897 2803 2321 2884; x_wconf 65' lang='lat' dir='ltr'><strong>imperatorum</strong></span> <span class='ocrx_word' id='word_1_546' title='bbox 2357 2803 2729 2868; x_wconf 88' lang='lat' dir='ltr'><strong>Constantini</strong></span> <span class='ocrx_word' id='word_1_547' title='bbox 2764 2815 2824 2868; x_wconf 91' lang='lat' dir='ltr'><strong>et</strong></span> <span class='ocrx_word' id='word_1_548' title='bbox 2852 2805 3217 2883; x_wconf 84' lang='lat' dir='ltr'><strong>Heraclii,ac</strong></span> <span class='ocrx_word' id='word_1_549' title='bbox 3249 2809 3541 2872; x_wconf 80' lang='lat' dir='ltr'><strong>novellam</strong></span> 
     </span>
    </p>
   </div>
   <div class='ocr_carea' id='block_1_72' title="bbox 1897 2891 3545 2978">
    <p class='ocr_par' dir='ltr' id='par_1_72' title="bbox 1897 2891 3545 2978">
     <span class='ocr_line' id='line_1_72' title="bbox 1897 2891 3545 2978; baseline 0.004 -25"><span class='ocrx_word' id='word_1_550' title='bbox 1897 2891 2277 2972; x_wconf 86' lang='lat' dir='ltr'><strong>imperatoris</strong></span> <span class='ocrx_word' id='word_1_551' title='bbox 2297 2895 2498 2956; x_wconf 87' lang='lat' dir='ltr'><strong>domui</strong></span> <span class='ocrx_word' id='word_1_552' title='bbox 2525 2895 2717 2958; x_wconf 83' lang='lat' dir='ltr'><strong>Alexii</strong></span> <span class='ocrx_word' id='word_1_553' title='bbox 2743 2894 3316 2978; x_wconf 83' lang='lat' dir='ltr'><strong>Comneni,quarum</strong></span> <span class='ocrx_word' id='word_1_554' title='bbox 3341 2899 3402 2960; x_wconf 88' lang='lat' dir='ltr'><strong>in</strong></span> <span class='ocrx_word' id='word_1_555' title='bbox 3425 2899 3545 2960; x_wconf 86' lang='lat' dir='ltr'><strong>ini-</strong></span> 
     </span>
    </p>
   </div>
   <div class='ocr_carea' id='block_1_73' title="bbox 1904 2983 3549 3068">
    <p class='ocr_par' dir='ltr' id='par_1_73' title="bbox 1904 2983 3549 3068">
     <span class='ocr_line' id='line_1_73' title="bbox 1904 2983 3549 3068; baseline 0.005 -26"><span class='ocrx_word' id='word_1_556' title='bbox 1904 2983 1983 3044; x_wconf 85' lang='lat' dir='ltr'><strong>tio</strong></span> <span class='ocrx_word' id='word_1_557' title='bbox 2008 2984 2320 3062; x_wconf 61' lang='lat' dir='ltr'><strong>praesentis</strong></span> <span class='ocrx_word' id='word_1_558' title='bbox 2341 2985 2812 3046; x_wconf 89' lang='lat' dir='ltr'><strong>tit.mentionem</strong></span> <span class='ocrx_word' id='word_1_559' title='bbox 2838 2986 3338 3064; x_wconf 83' lang='lat' dir='ltr'><strong>fecimus,audias</strong></span> <span class='ocrx_word' id='word_1_560' title='bbox 3361 2987 3549 3068; x_wconf 81' lang='lat' dir='ltr'><strong>Legas</strong></span> 
     </span>
    </p>
   </div>
   <div class='ocr_carea' id='block_1_74' title="bbox 1905 3069 3550 3156">
    <p class='ocr_par' dir='ltr' id='par_1_74' title="bbox 1905 3069 3550 3156">
     <span class='ocr_line' id='line_1_74' title="bbox 1905 3069 3550 3156; baseline 0.008 -25"><span class='ocrx_word' id='word_1_561' title='bbox 1905 3069 2155 3154; x_wconf 89' lang='lat' dir='ltr'><strong>insuper</strong></span> <span class='ocrx_word' id='word_1_562' title='bbox 2186 3075 2259 3137; x_wconf 87' lang='lat'><strong>15</strong></span> <span class='ocrx_word' id='word_1_563' title='bbox 2287 3092 2577 3136; x_wconf 89' lang='lat' dir='ltr'><strong>canonem</strong></span> <span class='ocrx_word' id='word_1_564' title='bbox 2611 3075 2854 3136; x_wconf 90' lang='lat' dir='ltr'><strong>concilii</strong></span> <span class='ocrx_word' id='word_1_565' title='bbox 2886 3075 3400 3156; x_wconf 75' lang='lat' dir='ltr'><strong>Carthaginensis,</strong></span> <span class='ocrx_word' id='word_1_566' title='bbox 3424 3085 3483 3140; x_wconf 86' lang='lat' dir='ltr'><strong>et</strong></span> <span class='ocrx_word' id='word_1_567' title='bbox 3511 3079 3550 3144; x_wconf 87' lang='lat'>9</span> 
     </span>
    </p>
   </div>
   <div class='ocr_carea' id='block_1_75' title="bbox 1907 3161 3550 3248">
    <p class='ocr_par' dir='ltr' id='par_1_75' title="bbox 1907 3161 3550 3248">
     <span class='ocr_line' id='line_1_75' title="bbox 1907 3161 3550 3248; baseline 0.004 -25"><span class='ocrx_word' id='word_1_568' title='bbox 1907 3179 2196 3223; x_wconf 86' lang='lat' dir='ltr'><strong>canenem</strong></span> <span class='ocrx_word' id='word_1_569' title='bbox 2212 3161 3004 3246; x_wconf 64' lang='lat' dir='ltr'><strong>Chalcedonensis,qua=.que</strong></span> <span class='ocrx_word' id='word_1_570' title='bbox 3027 3166 3088 3226; x_wconf 91' lang='lat' dir='ltr'><strong>in</strong></span> <span class='ocrx_word' id='word_1_571' title='bbox 3111 3166 3241 3247; x_wconf 89' lang='lat' dir='ltr'><strong>ipso</strong></span> <span class='ocrx_word' id='word_1_572' title='bbox 3267 3185 3550 3248; x_wconf 83' lang='lat' dir='ltr'><strong>compre-</strong></span> 
     </span>
    </p>
   </div>
   <div class='ocr_carea' id='block_1_76' title="bbox 1908 3250 3555 3338">
    <p class='ocr_par' dir='ltr' id='par_1_76' title="bbox 1908 3250 3555 3338">
     <span class='ocr_line' id='line_1_76' title="bbox 1908 3250 3555 3338; baseline 0.005 -26"><span class='ocrx_word' id='word_1_573' title='bbox 1908 3250 2663 3332; x_wconf 76' lang='lat' dir='ltr'><strong>henduntur,quaeomnem</strong></span> <span class='ocrx_word' id='word_1_574' title='bbox 2679 3253 3131 3332; x_wconf 75' lang='lat' dir='ltr'><strong>ambiguitatem</strong></span> <span class='ocrx_word' id='word_1_575' title='bbox 3154 3255 3555 3338; x_wconf 81' lang='lat' dir='ltr'><strong>solvunt.Ipsa</strong></span> 
     </span>
    </p>
   </div>
   <div class='ocr_carea' id='block_1_77' title="bbox 1909 3339 3555 3425">
    <p class='ocr_par' dir='ltr' id='par_1_77' title="bbox 1909 3339 3555 3425">
     <span class='ocr_line' id='line_1_77' title="bbox 1909 3339 3555 3425; baseline 0.005 -25"><span class='ocrx_word' id='word_1_576' title='bbox 1909 3347 2106 3400; x_wconf 80' lang='lat' dir='ltr'><strong>autem</strong></span> <span class='ocrx_word' id='word_1_577' title='bbox 2129 3339 2204 3400; x_wconf 83' lang='lat'><strong>29</strong></span> <span class='ocrx_word' id='word_1_578' title='bbox 2227 3350 2425 3400; x_wconf 89' lang='lat' dir='ltr'><strong>const.</strong></span> <span class='ocrx_word' id='word_1_579' title='bbox 2461 3360 2593 3422; x_wconf 69' lang='lat' dir='ltr'><strong>quae</strong></span> <span class='ocrx_word' id='word_1_580' title='bbox 2616 3342 2676 3402; x_wconf 90' lang='lat' dir='ltr'><strong>in</strong></span> <span class='ocrx_word' id='word_1_581' title='bbox 2701 3342 2881 3406; x_wconf 90' lang='lat' dir='ltr'><strong>Basil.</strong></span> <span class='ocrx_word' id='word_1_582' title='bbox 2913 3344 3108 3422; x_wconf 86' lang='lat' dir='ltr'><strong>posita</strong></span> <span class='ocrx_word' id='word_1_583' title='bbox 3129 3363 3249 3406; x_wconf 92' lang='lat' dir='ltr'><strong>non</strong></span> <span class='ocrx_word' id='word_1_584' title='bbox 3273 3345 3555 3425; x_wconf 82' lang='lat' dir='ltr'><strong>est,hunc</strong></span> 
     </span>
    </p>
   </div>
   <div class='ocr_carea' id='block_1_78' title="bbox 1911 3426 3556 3515">
    <p class='ocr_par' dir='ltr' id='par_1_78' title="bbox 1911 3426 3556 3515">
     <span class='ocr_line' id='line_1_78' title="bbox 1911 3426 3556 3515; baseline 0.005 -28"><span class='ocrx_word' id='word_1_585' title='bbox 1911 3426 1983 3487; x_wconf 89' lang='lat' dir='ltr'><strong>ad</strong></span> <span class='ocrx_word' id='word_1_586' title='bbox 2013 3426 2252 3489; x_wconf 87' lang='lat' dir='ltr'><strong>modum</strong></span> <span class='ocrx_word' id='word_1_587' title='bbox 2278 3427 2479 3492; x_wconf 89' lang='lat' dir='ltr'><strong>habet:</strong></span> <span class='ocrx_word' id='word_1_588' title='bbox 2507 3429 2794 3493; x_wconf 79' lang='lat' dir='ltr'><strong>adversus</strong></span> <span class='ocrx_word' id='word_1_589' title='bbox 2825 3432 2986 3495; x_wconf 90' lang='lat' dir='ltr'><strong>enim</strong></span> <span class='ocrx_word' id='word_1_590' title='bbox 3010 3433 3158 3494; x_wconf 82' lang='lat' dir='ltr'><strong>tales</strong></span> <span class='ocrx_word' id='word_1_591' title='bbox 3181 3433 3556 3515; x_wconf 89' lang='lat' dir='ltr'><strong>episcopales</strong></span> 
     </span>
    </p>
   </div>
   <div class='ocr_carea' id='block_1_79' title="bbox 1912 3515 3557 3602">
    <p class='ocr_par' dir='ltr' id='par_1_79' title="bbox 1912 3515 3557 3602">
     <span class='ocr_line' id='line_1_79' title="bbox 1912 3515 3557 3602; baseline 0.005 -26"><span class='ocrx_word' id='word_1_592' title='bbox 1912 3515 2240 3578; x_wconf 88' lang='lat' dir='ltr'><strong>sententias</strong></span> <span class='ocrx_word' id='word_1_593' title='bbox 2272 3518 2680 3598; x_wconf 81' lang='lat' dir='ltr'><strong>provocationi</strong></span> <span class='ocrx_word' id='word_1_594' title='bbox 2705 3520 2902 3582; x_wconf 91' lang='lat' dir='ltr'><strong>locum</strong></span> <span class='ocrx_word' id='word_1_595' title='bbox 2928 3540 3046 3584; x_wconf 89' lang='lat' dir='ltr'><strong>non</strong></span> <span class='ocrx_word' id='word_1_596' title='bbox 3075 3539 3233 3596; x_wconf 83' lang='lat' dir='ltr'><strong>esse,</strong></span> <span class='ocrx_word' id='word_1_597' title='bbox 3263 3540 3298 3584; x_wconf 87' lang='lat' dir='ltr'><strong>a</strong></span> <span class='ocrx_word' id='word_1_598' title='bbox 3330 3523 3557 3602; x_wconf 60' lang='lat' dir='ltr'><strong>praede-</strong></span> 
     </span>
    </p>
   </div>
   <div class='ocr_carea' id='block_1_80' title="bbox 1914 3603 3553 3687">
    <p class='ocr_par' dir='ltr' id='par_1_80' title="bbox 1914 3603 3553 3687">
     <span class='ocr_line' id='line_1_80' title="bbox 1914 3603 3553 3687; baseline 0.003 -19"><span class='ocrx_word' id='word_1_599' title='bbox 1914 3603 2254 3668; x_wconf 88' lang='lat' dir='ltr'><strong>cessoribus</strong></span> <span class='ocrx_word' id='word_1_600' title='bbox 2287 3607 2508 3668; x_wconf 81' lang='lat' dir='ltr'><strong>nostris</strong></span> <span class='ocrx_word' id='word_1_601' title='bbox 2537 3609 2668 3687; x_wconf 79' lang='lat' dir='ltr'><strong>lege</strong></span> <span class='ocrx_word' id='word_1_602' title='bbox 2698 3618 2937 3670; x_wconf 86' lang='lat' dir='ltr'><strong>cautum</strong></span> <span class='ocrx_word' id='word_1_603' title='bbox 2972 3618 3084 3674; x_wconf 91' lang='lat' dir='ltr'><strong>est.</strong></span> <span class='ocrx_word' id='word_1_604' title='bbox 3111 3612 3268 3673; x_wconf 86' lang='lat' dir='ltr'><strong>Sane</strong></span> <span class='ocrx_word' id='word_1_605' title='bbox 3297 3612 3329 3670; x_wconf 78' lang='lat'><strong>4</strong></span> <span class='ocrx_word' id='word_1_606' title='bbox 3361 3621 3553 3674; x_wconf 87' lang='lat' dir='ltr'><strong>const.</strong></span> 
     </span>
    </p>
   </div>
   <div class='ocr_carea' id='block_1_81' title="bbox 1914 3695 3553 3777">
    <p class='ocr_par' dir='ltr' id='par_1_81' title="bbox 1914 3695 3553 3777">
     <span class='ocr_line' id='line_1_81' title="bbox 1914 3695 3553 3777; baseline 0.002 -20"><span class='ocrx_word' id='word_1_607' title='bbox 1914 3706 2006 3757; x_wconf 91' lang='lat' dir='ltr'><strong>est</strong></span> <span class='ocrx_word' id='word_1_608' title='bbox 2036 3696 2268 3758; x_wconf 84' lang='lat' dir='ltr'><strong>novella</strong></span> <span class='ocrx_word' id='word_1_609' title='bbox 2299 3695 2684 3776; x_wconf 87' lang='lat' dir='ltr'><strong>imperatoris</strong></span> <span class='ocrx_word' id='word_1_610' title='bbox 2714 3699 3034 3761; x_wconf 73' lang='lat' dir='ltr'><strong>Iustiniani</strong></span> <span class='ocrx_word' id='word_1_611' title='bbox 3065 3699 3165 3777; x_wconf 83' lang='lat'><strong>83,</strong></span> <span class='ocrx_word' id='word_1_612' title='bbox 3201 3718 3321 3761; x_wconf 92' lang='lat' dir='ltr'><strong>non</strong></span> <span class='ocrx_word' id='word_1_613' title='bbox 3354 3707 3553 3762; x_wconf 89' lang='lat' dir='ltr'><strong>autem</strong></span> 
     </span>
    </p>
   </div>
   <div class='ocr_carea' id='block_1_82' title="bbox 1913 3783 3556 3866">
    <p class='ocr_par' dir='ltr' id='par_1_82' title="bbox 1913 3783 3556 3866">
     <span class='ocr_line' id='line_1_82' title="bbox 1913 3783 3556 3866; baseline 0.005 -20"><span class='ocrx_word' id='word_1_614' title='bbox 1913 3785 1974 3846; x_wconf 94' lang='lat' dir='ltr'><strong>in</strong></span> <span class='ocrx_word' id='word_1_615' title='bbox 2006 3783 2188 3850; x_wconf 89' lang='lat' dir='ltr'><strong>Basil.</strong></span> <span class='ocrx_word' id='word_1_616' title='bbox 2219 3791 2409 3866; x_wconf 84' lang='lat' dir='ltr'><strong>posita</strong></span> <span class='ocrx_word' id='word_1_617' title='bbox 2445 3794 2561 3848; x_wconf 91' lang='lat' dir='ltr'><strong>est.</strong></span> <span class='ocrx_word' id='word_1_618' title='bbox 2601 3785 2671 3848; x_wconf 90' lang='lat' dir='ltr'><strong>Et</strong></span> <span class='ocrx_word' id='word_1_619' title='bbox 2715 3795 2907 3849; x_wconf 89' lang='lat' dir='ltr'><strong>const.</strong></span> <span class='ocrx_word' id='word_1_620' title='bbox 2940 3789 3033 3863; x_wconf 79' lang='lat'><strong>15,</strong></span> <span class='ocrx_word' id='word_1_621' title='bbox 3070 3797 3161 3850; x_wconf 90' lang='lat' dir='ltr'><strong>est</strong></span> <span class='ocrx_word' id='word_1_622' title='bbox 3190 3788 3422 3851; x_wconf 80' lang='lat' dir='ltr'><strong>nevella</strong></span> <span class='ocrx_word' id='word_1_623' title='bbox 3449 3790 3556 3866; x_wconf 93' lang='lat'><strong>79,</strong></span> 
     </span>
    </p>
   </div>
   <div class='ocr_carea' id='block_1_83' title="bbox 1915 3875 2937 3956">
    <p class='ocr_par' dir='ltr' id='par_1_83' title="bbox 1915 3875 2937 3956">
     <span class='ocr_line' id='line_1_83' title="bbox 1915 3875 2937 3956; baseline 0.008 -24"><span class='ocrx_word' id='word_1_624' title='bbox 1915 3891 2046 3955; x_wconf 65' lang='lat' dir='ltr'><strong>qua;</strong></span> <span class='ocrx_word' id='word_1_625' title='bbox 2078 3875 2206 3956; x_wconf 89' lang='lat' dir='ltr'><strong>ipsa</strong></span> <span class='ocrx_word' id='word_1_626' title='bbox 2232 3875 2407 3939; x_wconf 86' lang='lat' dir='ltr'><strong>etiam</strong></span> <span class='ocrx_word' id='word_1_627' title='bbox 2442 3893 2559 3937; x_wconf 91' lang='lat' dir='ltr'><strong>non</strong></span> <span class='ocrx_word' id='word_1_628' title='bbox 2593 3883 2684 3937; x_wconf 90' lang='lat' dir='ltr'><strong>est</strong></span> <span class='ocrx_word' id='word_1_629' title='bbox 2714 3877 2937 3956; x_wconf 78' lang='lat' dir='ltr'><strong>agnita.</strong></span> 
     </span>
    </p>
   </div>
   <div class='ocr_carea' id='block_1_84' title="bbox 161 3962 3561 4049">
    <p class='ocr_par' dir='ltr' id='par_1_84' title="bbox 161 3962 3561 4049">
     <span class='ocr_line' id='line_1_84' title="bbox 161 3962 3561 4049; baseline -0 -21"><span class='ocrx_word' id='word_1_630' title='bbox 161 3972 288 4028; x_wconf 70' lang='grc' dir='ltr'>ἴστι</span> <span class='ocrx_word' id='word_1_631' title='bbox 354 3971 514 4048; x_wconf 73' lang='grc' dir='ltr'>νὲαρὰ</span> <span class='ocrx_word' id='word_1_632' title='bbox 556 3970 650 4049; x_wconf 84' lang='grc' dir='ltr'>πγ⁹</span> <span class='ocrx_word' id='word_1_633' title='bbox 709 3970 804 4026; x_wconf 81' lang='lat'><strong>106</strong></span> <span class='ocrx_word' id='word_1_634' title='bbox 829 3965 1088 4046; x_wconf 79' lang='grc' dir='ltr'>βασιλέως</span> <span class='ocrx_word' id='word_1_635' title='bbox 1140 3964 1541 4046; x_wconf 68' lang='grc' dir='ltr'>’Ῑουστινιανοῦ,</span> <span class='ocrx_word' id='word_1_636' title='bbox 1587 3963 1684 4022; x_wconf 76' lang='grc' dir='ltr'><strong>οὒκ</strong></span> <span class='ocrx_word' id='word_1_637' title='bbox 1739 3963 1893 4032; x_wconf 72' lang='grc' dir='ltr'>ιτᾶθη</span> <span class='ocrx_word' id='word_1_638' title='bbox 1950 3962 2005 4021; x_wconf 81' lang='grc' dir='ltr'><strong>δὲ</strong></span> <span class='ocrx_word' id='word_1_639' title='bbox 2037 3965 2108 4028; x_wconf 78' lang='grc' dir='ltr'><strong>εἰς</strong></span> <span class='ocrx_word' id='word_1_640' title='bbox 2152 3967 2217 4022; x_wconf 84' lang='grc' dir='ltr'><strong>τὰ</strong></span> <span class='ocrx_word' id='word_1_641' title='bbox 2247 3966 2528 4026; x_wconf 67' lang='grc' dir='ltr'>Βασιλικά.</span> <span class='ocrx_word' id='word_1_642' title='bbox 2593 3967 2689 4023; x_wconf 79' lang='grc' dir='ltr'><strong>Καὶ</strong></span> <span class='ocrx_word' id='word_1_643' title='bbox 2719 3969 2752 4036; x_wconf 81' lang='grc' dir='ltr'>ἡ</span> <span class='ocrx_word' id='word_1_644' title='bbox 2809 3965 2874 4024; x_wconf 84' lang='grc' dir='ltr'><strong>ιε’</strong></span> <span class='ocrx_word' id='word_1_645' title='bbox 2923 3967 3062 4031; x_wconf 66' lang='grc' dir='ltr'>διᾶτ.</span> <span class='ocrx_word' id='word_1_646' title='bbox 3099 3967 3208 4026; x_wconf 77' lang='grc' dir='ltr'>ἔστι</span> <span class='ocrx_word' id='word_1_647' title='bbox 3252 3969 3414 4048; x_wconf 80' lang='grc' dir='ltr'>νεαρὰ</span> <span class='ocrx_word' id='word_1_648' title='bbox 3457 3967 3561 4046; x_wconf 78' lang='grc' dir='ltr'>οθ’,</span> 
     </span>
    </p>
   </div>
   <div class='ocr_carea' id='block_1_85' title="bbox 162 4056 965 4138">
    <p class='ocr_par' dir='ltr' id='par_1_85' title="bbox 162 4056 965 4138">
     <span class='ocr_line' id='line_1_85' title="bbox 162 4056 965 4138; baseline -0.001 -20"><span class='ocrx_word' id='word_1_649' title='bbox 162 4063 262 4119; x_wconf 79' lang='grc' dir='ltr'><strong>καὶ</strong></span> <span class='ocrx_word' id='word_1_650' title='bbox 296 4056 421 4118; x_wconf 73' lang='grc' dir='ltr'>οὐδὲ</span> <span class='ocrx_word' id='word_1_651' title='bbox 455 4059 585 4127; x_wconf 75' lang='grc' dir='ltr'>οὒτὴ</span> <span class='ocrx_word' id='word_1_652' title='bbox 629 4057 965 4138; x_wconf 68' lang='grc' dir='ltr'>ἐπεγνώσθη.</span> 
     </span>
    </p>
   </div>
   <div class='ocr_carea' id='block_1_86' title="bbox 258 4141 1835 4225">
    <p class='ocr_par' dir='ltr' id='par_1_86' title="bbox 258 4141 1835 4225">
     <span class='ocr_line' id='line_1_86' title="bbox 258 4141 1835 4225; baseline -0.004 -19"><span class='ocrx_word' id='word_1_653' title='bbox 258 4152 552 4225; x_wconf 79' lang='grc' dir='ltr'>Κείμενον.</span> <span class='ocrx_word' id='word_1_654' title='bbox 601 4150 832 4205; x_wconf 77' lang='grc' dir='ltr'>Γίνωσκε</span> <span class='ocrx_word' id='word_1_655' title='bbox 889 4145 944 4204; x_wconf 75' lang='grc' dir='ltr'><strong>δὲ</strong></span> <span class='ocrx_word' id='word_1_656' title='bbox 1003 4144 1086 4202; x_wconf 81' lang='grc' dir='ltr'><strong>ὅτι</strong></span> <span class='ocrx_word' id='word_1_657' title='bbox 1127 4145 1163 4211; x_wconf 77' lang='grc' dir='ltr'><strong>ἡ</strong></span> <span class='ocrx_word' id='word_1_658' title='bbox 1220 4144 1269 4222; x_wconf 84' lang='grc' dir='ltr'>β’</span> <span class='ocrx_word' id='word_1_659' title='bbox 1333 4141 1479 4203; x_wconf 75' lang='grc' dir='ltr'>διάτ.</span> <span class='ocrx_word' id='word_1_660' title='bbox 1529 4145 1626 4201; x_wconf 80' lang='lat'><strong>106</strong></span> <span class='ocrx_word' id='word_1_661' title='bbox 1675 4143 1835 4200; x_wconf 80' lang='grc' dir='ltr'><strong>αὒτοῦ</strong></span> 
     </span>
    </p>
   </div>
   <div class='ocr_carea' id='block_1_87' title="bbox 2005 4141 3562 4228">
    <p class='ocr_par' dir='ltr' id='par_1_87' title="bbox 2005 4141 3562 4228">
     <span class='ocr_line' id='line_1_87' title="bbox 2005 4141 3562 4228; baseline 0.003 -23"><span class='ocrx_word' id='word_1_662' title='bbox 2005 4141 2251 4205; x_wconf 69' lang='lat' dir='ltr'><strong>Textus.</strong></span> <span class='ocrx_word' id='word_1_663' title='bbox 2283 4141 2452 4205; x_wconf 89' lang='lat' dir='ltr'><strong>Scias</strong></span> <span class='ocrx_word' id='word_1_664' title='bbox 2481 4161 2621 4206; x_wconf 86' lang='lat' dir='ltr'><strong>vero</strong></span> <span class='ocrx_word' id='word_1_665' title='bbox 2655 4143 2812 4225; x_wconf 91' lang='lat' dir='ltr'><strong>quod</strong></span> <span class='ocrx_word' id='word_1_666' title='bbox 2846 4155 3039 4209; x_wconf 89' lang='lat' dir='ltr'><strong>const.</strong></span> <span class='ocrx_word' id='word_1_667' title='bbox 3073 4147 3134 4223; x_wconf 91' lang='lat'><strong>2,</strong></span> <span class='ocrx_word' id='word_1_668' title='bbox 3171 4147 3440 4228; x_wconf 87' lang='lat' dir='ltr'><strong>ejusdem</strong></span> <span class='ocrx_word' id='word_1_669' title='bbox 3473 4146 3562 4210; x_wconf 91' lang='lat' dir='ltr'><strong>tit.</strong></span> 
     </span>
    </p>
   </div>
   <div class='ocr_carea' id='block_1_88' title="bbox 167 4231 1818 4317">
    <p class='ocr_par' dir='ltr' id='par_1_88' title="bbox 167 4231 1818 4314">
     <span class='ocr_line' id='line_1_88' title="bbox 167 4231 1818 4314; baseline -0.007 -15"><span class='ocrx_word' id='word_1_670' title='bbox 167 4239 226 4299; x_wconf 87' lang='grc' dir='ltr'>α’</span> <span class='ocrx_word' id='word_1_671' title='bbox 255 4245 370 4298; x_wconf 85' lang='grc' dir='ltr'>τίτ.</span> <span class='ocrx_word' id='word_1_672' title='bbox 408 4238 608 4296; x_wconf 78' lang='grc' dir='ltr'>τούτων</span> <span class='ocrx_word' id='word_1_673' title='bbox 639 4246 852 4308; x_wconf 81' lang='grc' dir='ltr'>πασῶν,</span> <span class='ocrx_word' id='word_1_674' title='bbox 886 4260 942 4296; x_wconf 88' lang='grc' dir='ltr'><strong>κ.</strong></span> <span class='ocrx_word' id='word_1_675' title='bbox 977 4257 1029 4297; x_wconf 85' lang='lat'><strong>1.</strong></span> <span class='ocrx_word' id='word_1_676' title='bbox 1085 4234 1166 4309; x_wconf 87' lang='grc' dir='ltr'><strong>λ.,</strong></span> <span class='ocrx_word' id='word_1_677' title='bbox 1218 4251 1410 4314; x_wconf 89' lang='lat' dir='ltr'><strong>usque</strong></span> <span class='ocrx_word' id='word_1_678' title='bbox 1441 4231 1514 4294; x_wconf 87' lang='lat' dir='ltr'><strong>ad</strong></span> <span class='ocrx_word' id='word_1_679' title='bbox 1548 4232 1646 4301; x_wconf 71' lang='grc' dir='ltr'>τῆς</span> <span class='ocrx_word' id='word_1_680' title='bbox 1676 4235 1818 4312; x_wconf 83' lang='grc' dir='ltr'>ἱερω-</span> 
     </span>
    </p>
   </div>
   <div class='ocr_carea' id='block_1_89' title="bbox 1908 4231 3564 4317">
    <p class='ocr_par' dir='ltr' id='par_1_89' title="bbox 1925 4231 3564 4317">
     <span class='ocr_line' id='line_1_89' title="bbox 1925 4231 3564 4317; baseline 0.003 -23"><span class='ocrx_word' id='word_1_681' title='bbox 1925 4238 1983 4308; x_wconf 79' lang='lat'><strong>1,</strong></span> <span class='ocrx_word' id='word_1_682' title='bbox 2018 4250 2149 4314; x_wconf 67' lang='lat' dir='ltr'><strong>quae</strong></span> <span class='ocrx_word' id='word_1_683' title='bbox 2177 4231 2386 4294; x_wconf 91' lang='lat' dir='ltr'><strong>harum</strong></span> <span class='ocrx_word' id='word_1_684' title='bbox 2417 4234 2708 4310; x_wconf 91' lang='lat' dir='ltr'><strong>omnium,</strong></span> <span class='ocrx_word' id='word_1_685' title='bbox 2744 4243 2892 4317; x_wconf 85' lang='lat' dir='ltr'><strong>etc.,</strong></span> <span class='ocrx_word' id='word_1_686' title='bbox 2926 4254 3113 4316; x_wconf 77' lang='lat' dir='ltr'><strong>usque</strong></span> <span class='ocrx_word' id='word_1_687' title='bbox 3160 4237 3246 4298; x_wconf 81' lang='lat' dir='ltr'><strong>ad</strong></span> <span class='ocrx_word' id='word_1_688' title='bbox 3275 4236 3564 4299; x_wconf 88' lang='lat' dir='ltr'><strong>sacerdo-</strong></span> 
     </span>
    </p>
   </div>
   <div class='ocr_carea' id='block_1_90' title="bbox 166 4322 1818 4408">
    <p class='ocr_par' dir='ltr' id='par_1_90' title="bbox 166 4323 1295 4408">
     <span class='ocr_line' id='line_1_90' title="bbox 166 4323 1295 4408; baseline -0.001 -21"><span class='ocrx_word' id='word_1_689' title='bbox 166 4330 353 4396; x_wconf 78' lang='grc' dir='ltr'>σύνης</span> <span class='ocrx_word' id='word_1_690' title='bbox 389 4327 726 4393; x_wconf 74' lang='grc' dir='ltr'>ἐξιυθοῦνται.</span> <span class='ocrx_word' id='word_1_691' title='bbox 759 4325 953 4408; x_wconf 87' lang='lat' dir='ltr'><strong>Supra</strong></span> <span class='ocrx_word' id='word_1_692' title='bbox 984 4343 1115 4406; x_wconf 80' lang='lat' dir='ltr'><strong>pag.</strong></span> <span class='ocrx_word' id='word_1_693' title='bbox 1150 4323 1295 4388; x_wconf 71' lang='grc'>242.</span> 
     </span>
    </p>
   </div>
   <div class='ocr_carea' id='block_1_91' title="bbox 1908 4322 2831 4408">
    <p class='ocr_par' dir='ltr' id='par_1_91' title="bbox 1926 4322 2831 4404">
     <span class='ocr_line' id='line_1_91' title="bbox 1926 4322 2831 4404; baseline 0.003 -22"><span class='ocrx_word' id='word_1_694' title='bbox 1926 4322 2007 4382; x_wconf 93' lang='lat' dir='ltr'><strong>tio</strong></span> <span class='ocrx_word' id='word_1_695' title='bbox 2040 4322 2398 4401; x_wconf 85' lang='lat' dir='ltr'><strong>depellatur,</strong></span> <span class='ocrx_word' id='word_1_696' title='bbox 2434 4330 2500 4386; x_wconf 81' lang='lat' dir='ltr'><strong>ut</strong></span> <span class='ocrx_word' id='word_1_697' title='bbox 2519 4341 2658 4404; x_wconf 81' lang='lat' dir='ltr'><strong>pag.</strong></span> <span class='ocrx_word' id='word_1_698' title='bbox 2695 4323 2831 4384; x_wconf 69' lang='lat'><strong>212.</strong></span> 
     </span>
    </p>
   </div>
   <div class='ocr_carea' id='block_1_92' title="bbox 262 4409 1818 4500">
    <p class='ocr_par' dir='ltr' id='par_1_92' title="bbox 262 4409 1818 4500">
     <span class='ocr_line' id='line_1_92' title="bbox 262 4409 1818 4500; baseline -0.006 -25"><span class='ocrx_word' id='word_1_699' title='bbox 262 4419 544 4500; x_wconf 87' lang='grc' dir='ltr'>Σχόλιον.</span> <span class='ocrx_word' id='word_1_700' title='bbox 609 4409 672 4476; x_wconf 65' lang='grc' dir='ltr'><em>Ἠ</em></span> <span class='ocrx_word' id='word_1_701' title='bbox 741 4415 792 4495; x_wconf 90' lang='grc' dir='ltr'>β’</span> <span class='ocrx_word' id='word_1_702' title='bbox 864 4415 1002 4476; x_wconf 79' lang='grc' dir='ltr'>διάτ.</span> <span class='ocrx_word' id='word_1_703' title='bbox 1064 4416 1159 4473; x_wconf 80' lang='grc' dir='ltr'>τοῦ</span> <span class='ocrx_word' id='word_1_704' title='bbox 1213 4413 1270 4470; x_wconf 79' lang='grc' dir='ltr'>α’</span> <span class='ocrx_word' id='word_1_705' title='bbox 1319 4413 1425 4476; x_wconf 84' lang='grc' dir='ltr'>τίτ.</span> <span class='ocrx_word' id='word_1_706' title='bbox 1474 4414 1578 4469; x_wconf 78' lang='grc' dir='ltr'><strong>τῶν</strong></span> <span class='ocrx_word' id='word_1_707' title='bbox 1639 4417 1818 4490; x_wconf 73' lang='grc' dir='ltr'>νεαρῶε</span> 
     </span>
    </p>
   </div>
   <div class='ocr_carea' id='block_1_93' title="bbox 1908 4409 3568 4500">
    <p class='ocr_par' dir='ltr' id='par_1_93' title="bbox 2003 4409 3568 4500">
     <span class='ocr_line' id='line_1_93' title="bbox 2003 4409 3568 4500; baseline 0.004 -27"><span class='ocrx_word' id='word_1_708' title='bbox 2003 4409 2344 4500; x_wconf 78' lang='lat' dir='ltr'><strong>Scholium.</strong></span> <span class='ocrx_word' id='word_1_709' title='bbox 2380 4413 2590 4475; x_wconf 88' lang='lat' dir='ltr'><strong>Const.</strong></span> <span class='ocrx_word' id='word_1_710' title='bbox 2626 4411 2664 4473; x_wconf 88' lang='lat'><strong>2</strong></span> <span class='ocrx_word' id='word_1_711' title='bbox 2698 4413 2788 4477; x_wconf 90' lang='lat' dir='ltr'><strong>tit.</strong></span> <span class='ocrx_word' id='word_1_712' title='bbox 2827 4415 2850 4476; x_wconf 83' lang='lat' dir='ltr'><strong>l</strong></span> <span class='ocrx_word' id='word_1_713' title='bbox 2891 4413 3298 4490; x_wconf 88' lang='lat' dir='ltr'><strong>Novellarum,</strong></span> <span class='ocrx_word' id='word_1_714' title='bbox 3333 4424 3424 4479; x_wconf 90' lang='lat' dir='ltr'><strong>est</strong></span> <span class='ocrx_word' id='word_1_715' title='bbox 3453 4435 3568 4479; x_wconf 89' lang='lat' dir='ltr'><strong>no-</strong></span> 
     </span>
    </p>
   </div>
   <div class='ocr_carea' id='block_1_94' title="bbox 167 4499 1818 4587">
    <p class='ocr_par' dir='ltr' id='par_1_94' title="bbox 167 4499 1818 4587">
     <span class='ocr_line' id='line_1_94' title="bbox 167 4499 1818 4587; baseline -0.007 -19"><span class='ocrx_word' id='word_1_716' title='bbox 167 4499 518 4587; x_wconf 57' lang='lat' dir='ltr'><strong>zm&#39;mpa</strong></span> <span class='ocrx_word' id='word_1_717' title='bbox 555 4504 984 4568; x_wconf 67' lang='grc' dir='ltr'>Ἰουστινιένειος</span> <span class='ocrx_word' id='word_1_718' title='bbox 1029 4500 1172 4584; x_wconf 83' lang='grc' dir='ltr'>ρκγ’.</span> <span class='ocrx_word' id='word_1_719' title='bbox 1238 4509 1402 4562; x_wconf 87' lang='lat' dir='ltr'><strong>T0610</strong></span> <span class='ocrx_word' id='word_1_720' title='bbox 1456 4500 1512 4558; x_wconf 75' lang='grc' dir='ltr'><strong>δὲ</strong></span> <span class='ocrx_word' id='word_1_721' title='bbox 1573 4501 1737 4568; x_wconf 64' lang='grc' dir='ltr'>αὐτῆς</span> <span class='ocrx_word' id='word_1_722' title='bbox 1778 4503 1818 4557; x_wconf 68' lang='grc' dir='ltr'><strong>τί</strong></span> 
     </span>
    </p>
   </div>
   <div class='ocr_carea' id='block_1_95' title="bbox 1908 4499 3572 4587">
    <p class='ocr_par' dir='ltr' id='par_1_95' title="bbox 1925 4499 3572 4586">
     <span class='ocr_line' id='line_1_95' title="bbox 1925 4499 3572 4586; baseline 0.004 -27"><span class='ocrx_word' id='word_1_723' title='bbox 1925 4499 2073 4562; x_wconf 87' lang='lat' dir='ltr'><strong>vella</strong></span> <span class='ocrx_word' id='word_1_724' title='bbox 2102 4500 2424 4563; x_wconf 85' lang='lat' dir='ltr'><strong>Justiniani</strong></span> <span class='ocrx_word' id='word_1_725' title='bbox 2458 4502 2592 4565; x_wconf 80' lang='lat'><strong>123.</strong></span> <span class='ocrx_word' id='word_1_726' title='bbox 2612 4503 2836 4564; x_wconf 86' lang='lat' dir='ltr'><strong>Verum</strong></span> <span class='ocrx_word' id='word_1_727' title='bbox 2862 4505 2975 4567; x_wconf 88' lang='lat' dir='ltr'><strong>hoc</strong></span> <span class='ocrx_word' id='word_1_728' title='bbox 2997 4504 3129 4585; x_wconf 85' lang='lat' dir='ltr'><strong>ejus</strong></span> <span class='ocrx_word' id='word_1_729' title='bbox 3158 4523 3292 4586; x_wconf 88' lang='lat' dir='ltr'><strong>cap.</strong></span> <span class='ocrx_word' id='word_1_730' title='bbox 3330 4525 3446 4567; x_wconf 93' lang='lat' dir='ltr'><strong>non</strong></span> <span class='ocrx_word' id='word_1_731' title='bbox 3481 4512 3572 4566; x_wconf 90' lang='lat' dir='ltr'><strong>est</strong></span> 
     </span>
    </p>
   </div>
   <div class='ocr_carea' id='block_1_96' title="bbox 168 4587 1818 4680">
    <p class='ocr_par' dir='ltr' id='par_1_96' title="bbox 168 4587 1818 4680">
     <span class='ocr_line' id='line_1_96' title="bbox 168 4587 1818 4680; baseline -0.008 -22"><span class='ocrx_word' id='word_1_732' title='bbox 168 4622 313 4680; x_wconf 76' lang='grc' dir='ltr'>κεφ.</span> <span class='ocrx_word' id='word_1_733' title='bbox 353 4597 454 4655; x_wconf 72' lang='grc' dir='ltr'>οὔκ</span> <span class='ocrx_word' id='word_1_734' title='bbox 481 4601 637 4664; x_wconf 68' lang='grc' dir='ltr'>ἓτεθη</span> <span class='ocrx_word' id='word_1_735' title='bbox 669 4598 743 4660; x_wconf 81' lang='grc' dir='ltr'>εἷς</span> <span class='ocrx_word' id='word_1_736' title='bbox 774 4597 840 4655; x_wconf 78' lang='grc' dir='ltr'><strong>τὰ</strong></span> <span class='ocrx_word' id='word_1_737' title='bbox 892 4592 1182 4656; x_wconf 82' lang='grc' dir='ltr'>Βασιλικοὶ,</span> <span class='ocrx_word' id='word_1_738' title='bbox 1217 4587 1281 4649; x_wconf 82' lang='grc' dir='ltr'><strong><em>Ἠ</em></strong></span> <span class='ocrx_word' id='word_1_739' title='bbox 1340 4589 1394 4646; x_wconf 81' lang='grc' dir='ltr'><strong>δὲ</strong></span> <span class='ocrx_word' id='word_1_740' title='bbox 1453 4587 1520 4662; x_wconf 81' lang='grc' dir='ltr'>ιζ’</span> <span class='ocrx_word' id='word_1_741' title='bbox 1562 4589 1703 4650; x_wconf 85' lang='grc' dir='ltr'>διάτ.</span> <span class='ocrx_word' id='word_1_742' title='bbox 1755 4593 1818 4680; x_wconf 62' lang='grc' dir='ltr'><strong>τοῖ</strong></span> 
     </span>
    </p>
   </div>
   <div class='ocr_carea' id='block_1_97' title="bbox 1908 4587 3572 4680">
    <p class='ocr_par' dir='ltr' id='par_1_97' title="bbox 1928 4588 3572 4672">
     <span class='ocr_line' id='line_1_97' title="bbox 1928 4588 3572 4672; baseline 0.002 -21"><span class='ocrx_word' id='word_1_743' title='bbox 1928 4588 2182 4672; x_wconf 91' lang='lat' dir='ltr'><strong>positum</strong></span> <span class='ocrx_word' id='word_1_744' title='bbox 2216 4589 2274 4651; x_wconf 91' lang='lat' dir='ltr'><strong>in</strong></span> <span class='ocrx_word' id='word_1_745' title='bbox 2311 4591 2492 4652; x_wconf 90' lang='lat' dir='ltr'><strong>Basil.</strong></span> <span class='ocrx_word' id='word_1_746' title='bbox 2530 4595 2730 4656; x_wconf 88' lang='lat' dir='ltr'><strong>Const.</strong></span> <span class='ocrx_word' id='word_1_747' title='bbox 2767 4601 2965 4654; x_wconf 89' lang='lat' dir='ltr'><strong>autem</strong></span> <span class='ocrx_word' id='word_1_748' title='bbox 3009 4597 3075 4656; x_wconf 86' lang='lat' dir='ltr'><strong>l7</strong></span> <span class='ocrx_word' id='word_1_749' title='bbox 3112 4593 3202 4654; x_wconf 91' lang='lat' dir='ltr'><strong>tit.</strong></span> <span class='ocrx_word' id='word_1_750' title='bbox 3240 4603 3259 4654; x_wconf 93' lang='lat'><strong>1</strong></span> <span class='ocrx_word' id='word_1_751' title='bbox 3298 4593 3572 4656; x_wconf 72' lang='lat' dir='ltr'><strong>Novella~</strong></span> 
     </span>
    </p>
   </div>
   <div class='ocr_carea' id='block_1_98' title="bbox 169 4676 1818 4766">
    <p class='ocr_par' dir='ltr' id='par_1_98' title="bbox 169 4676 1818 4766">
     <span class='ocr_line' id='line_1_98' title="bbox 169 4676 1818 4766; baseline -0.009 -17"><span class='ocrx_word' id='word_1_752' title='bbox 169 4686 229 4749; x_wconf 81' lang='grc' dir='ltr'>α’</span> <span class='ocrx_word' id='word_1_753' title='bbox 260 4676 404 4750; x_wconf 62' lang='grc' dir='ltr'><strong>⁷τίτ.</strong></span> <span class='ocrx_word' id='word_1_754' title='bbox 463 4693 569 4744; x_wconf 83' lang='grc' dir='ltr'><strong>τῶν</strong></span> <span class='ocrx_word' id='word_1_755' title='bbox 616 4693 832 4766; x_wconf 68' lang='grc' dir='ltr'>Νεαρῶν</span> <span class='ocrx_word' id='word_1_756' title='bbox 875 4685 987 4743; x_wconf 71' lang='grc' dir='ltr'>ἔστι</span> <span class='ocrx_word' id='word_1_757' title='bbox 1039 4683 1200 4762; x_wconf 69' lang='grc' dir='ltr'>νεαρᾰ</span> <span class='ocrx_word' id='word_1_758' title='bbox 1243 4680 1672 4742; x_wconf 82' lang='grc' dir='ltr'>Ἰουστινιάνειος</span> <span class='ocrx_word' id='word_1_759' title='bbox 1731 4678 1818 4759; x_wconf 82' lang='grc' dir='ltr'><strong>ρλζ</strong></span> 
     </span>
    </p>
   </div>
   <div class='ocr_carea' id='block_1_99' title="bbox 1908 4676 3570 4766">
    <p class='ocr_par' dir='ltr' id='par_1_99' title="bbox 1927 4680 3570 4762">
     <span class='ocr_line' id='line_1_99' title="bbox 1927 4680 3570 4762; baseline -0.001 -19"><span class='ocrx_word' id='word_1_760' title='bbox 1927 4694 2085 4759; x_wconf 87' lang='lat' dir='ltr'><strong>rum,</strong></span> <span class='ocrx_word' id='word_1_761' title='bbox 2117 4687 2207 4741; x_wconf 92' lang='lat' dir='ltr'><strong>est</strong></span> <span class='ocrx_word' id='word_1_762' title='bbox 2247 4680 2480 4742; x_wconf 82' lang='lat' dir='ltr'><strong>novella</strong></span> <span class='ocrx_word' id='word_1_763' title='bbox 2526 4681 2851 4742; x_wconf 85' lang='lat' dir='ltr'><strong>Justiniani</strong></span> <span class='ocrx_word' id='word_1_764' title='bbox 2881 4682 3017 4756; x_wconf 78' lang='lat'><strong>137,</strong></span> <span class='ocrx_word' id='word_1_765' title='bbox 3057 4683 3249 4762; x_wconf 82' lang='lat' dir='ltr'><strong>posita</strong></span> <span class='ocrx_word' id='word_1_766' title='bbox 3283 4685 3419 4762; x_wconf 88' lang='lat' dir='ltr'><strong>[que</strong></span> <span class='ocrx_word' id='word_1_767' title='bbox 3452 4682 3570 4762; x_wconf 85' lang='lat' dir='ltr'><strong>est]</strong></span> 
     </span>
    </p>
   </div>
   <div class='ocr_carea' id='block_1_100' title="bbox 169 4767 1818 4855">
    <p class='ocr_par' dir='ltr' id='par_1_100' title="bbox 169 4767 1816 4855">
     <span class='ocr_line' id='line_1_100' title="bbox 169 4767 1816 4855; baseline -0.005 -20"><span class='ocrx_word' id='word_1_768' title='bbox 169 4779 428 4855; x_wconf 77' lang='grc' dir='ltr'>κειμένη</span> <span class='ocrx_word' id='word_1_769' title='bbox 473 4777 528 4833; x_wconf 75' lang='grc' dir='ltr'>ἰν</span> <span class='ocrx_word' id='word_1_770' title='bbox 559 4776 748 4854; x_wconf 84' lang='grc' dir='ltr'>βιϐλίῳ</span> <span class='ocrx_word' id='word_1_771' title='bbox 786 4773 840 4855; x_wconf 85' lang='grc' dir='ltr'>γ’</span> <span class='ocrx_word' id='word_1_772' title='bbox 870 4782 977 4833; x_wconf 84' lang='grc' dir='ltr'>τῶν</span> <span class='ocrx_word' id='word_1_773' title='bbox 1006 4771 1310 4831; x_wconf 83' lang='grc' dir='ltr'>Βασιλικῶν</span> <span class='ocrx_word' id='word_1_774' title='bbox 1339 4770 1446 4832; x_wconf 83' lang='grc' dir='ltr'>τίτ.</span> <span class='ocrx_word' id='word_1_775' title='bbox 1495 4768 1572 4844; x_wconf 82' lang='grc' dir='ltr'>α’,</span> <span class='ocrx_word' id='word_1_776' title='bbox 1603 4790 1727 4850; x_wconf 66' lang='lat' dir='ltr'><strong>imp.</strong></span> <span class='ocrx_word' id='word_1_777' title='bbox 1761 4767 1816 4836; x_wconf 83' lang='grc' dir='ltr'>η’</span> 
     </span>
    </p>
   </div>
   <div class='ocr_carea' id='block_1_101' title="bbox 1908 4767 3570 4855">
    <p class='ocr_par' dir='ltr' id='par_1_101' title="bbox 1927 4767 3570 4852">
     <span class='ocr_line' id='line_1_101' title="bbox 1927 4767 3570 4852; baseline 0.002 -24"><span class='ocrx_word' id='word_1_778' title='bbox 1927 4767 1988 4829; x_wconf 88' lang='lat' dir='ltr'><strong>in</strong></span> <span class='ocrx_word' id='word_1_779' title='bbox 2021 4767 2125 4829; x_wconf 90' lang='lat' dir='ltr'><strong>lib.</strong></span> <span class='ocrx_word' id='word_1_780' title='bbox 2174 4784 2238 4831; x_wconf 85' lang='lat' dir='ltr'><strong>Ill</strong></span> <span class='ocrx_word' id='word_1_781' title='bbox 2297 4769 2504 4844; x_wconf 88' lang='lat' dir='ltr'><strong>Basil.,</strong></span> <span class='ocrx_word' id='word_1_782' title='bbox 2540 4770 2630 4833; x_wconf 86' lang='lat' dir='ltr'><strong>tit.</strong></span> <span class='ocrx_word' id='word_1_783' title='bbox 2667 4772 2726 4844; x_wconf 83' lang='lat'><strong>1,</strong></span> <span class='ocrx_word' id='word_1_784' title='bbox 2763 4789 2893 4851; x_wconf 87' lang='lat' dir='ltr'><strong>cap.</strong></span> <span class='ocrx_word' id='word_1_785' title='bbox 2927 4777 2988 4846; x_wconf 90' lang='lat'><strong>8,</strong></span> <span class='ocrx_word' id='word_1_786' title='bbox 3029 4772 3292 4834; x_wconf 89' lang='lat' dir='ltr'><strong>themate</strong></span> <span class='ocrx_word' id='word_1_787' title='bbox 3320 4772 3379 4847; x_wconf 92' lang='lat'><strong>8,</strong></span> <span class='ocrx_word' id='word_1_788' title='bbox 3411 4770 3570 4852; x_wconf 87' lang='lat' dir='ltr'><strong>quod</strong></span> 
     </span>
    </p>
   </div>
   <div class='ocr_carea' id='block_1_102' title="bbox 164 4857 1818 4946">
    <p class='ocr_par' dir='ltr' id='par_1_102' title="bbox 164 4858 1818 4946">
     <span class='ocr_line' id='line_1_102' title="bbox 164 4858 1818 4946; baseline -0.009 -16"><span class='ocrx_word' id='word_1_789' title='bbox 164 4871 387 4946; x_wconf 78' lang='grc' dir='ltr'>θέματι</span> <span class='ocrx_word' id='word_1_790' title='bbox 419 4863 503 4941; x_wconf 84' lang='grc' dir='ltr'><strong>η’,</strong></span> <span class='ocrx_word' id='word_1_791' title='bbox 561 4866 988 4944; x_wconf 66' lang='grc' dir='ltr'>καταστρωθέντι</span> <span class='ocrx_word' id='word_1_792' title='bbox 1037 4860 1158 4941; x_wconf 84' lang='grc' dir='ltr'>περὶ</span> <span class='ocrx_word' id='word_1_793' title='bbox 1205 4862 1265 4918; x_wconf 82' lang='grc' dir='ltr'>τὸ</span> <span class='ocrx_word' id='word_1_794' title='bbox 1296 4858 1450 4925; x_wconf 73' lang='grc' dir='ltr'>τέλος</span> <span class='ocrx_word' id='word_1_795' title='bbox 1482 4865 1577 4919; x_wconf 80' lang='grc' dir='ltr'>τοῦ</span> <span class='ocrx_word' id='word_1_796' title='bbox 1605 4859 1664 4926; x_wconf 84' lang='grc' dir='ltr'>η’</span> <span class='ocrx_word' id='word_1_797' title='bbox 1719 4879 1818 4939; x_wconf 72' lang='grc' dir='ltr'><strong>κεφ</strong></span> 
     </span>
    </p>
   </div>
   <div class='ocr_carea' id='block_1_103' title="bbox 1908 4857 3576 4946">
    <p class='ocr_par' dir='ltr' id='par_1_103' title="bbox 1927 4857 3576 4940">
     <span class='ocr_line' id='line_1_103' title="bbox 1927 4857 3576 4940; baseline -0.001 -22"><span class='ocrx_word' id='word_1_798' title='bbox 1927 4857 2223 4919; x_wconf 90' lang='lat' dir='ltr'><strong>insertum</strong></span> <span class='ocrx_word' id='word_1_799' title='bbox 2275 4865 2366 4920; x_wconf 90' lang='lat' dir='ltr'><strong>est</strong></span> <span class='ocrx_word' id='word_1_800' title='bbox 2398 4877 2529 4938; x_wconf 89' lang='lat' dir='ltr'><strong>cap.</strong></span> <span class='ocrx_word' id='word_1_801' title='bbox 2565 4859 2602 4921; x_wconf 89' lang='lat'>8</span> <span class='ocrx_word' id='word_1_802' title='bbox 2634 4859 2725 4920; x_wconf 89' lang='lat' dir='ltr'><strong>tit.</strong></span> <span class='ocrx_word' id='word_1_803' title='bbox 2773 4862 2795 4919; x_wconf 84' lang='lat'><strong>1</strong></span> <span class='ocrx_word' id='word_1_804' title='bbox 2840 4859 3152 4939; x_wconf 85' lang='lat' dir='ltr'><strong>praesentis</strong></span> <span class='ocrx_word' id='word_1_805' title='bbox 3185 4859 3387 4940; x_wconf 85' lang='lat' dir='ltr'><strong>operis</strong></span> <span class='ocrx_word' id='word_1_806' title='bbox 3414 4859 3576 4921; x_wconf 89' lang='lat' dir='ltr'><strong>circa</strong></span> 
     </span>
    </p>
   </div>
   <div class='ocr_carea' id='block_1_104' title="bbox 165 4952 1379 5037">
    <p class='ocr_par' dir='ltr' id='par_1_104' title="bbox 165 4952 1379 5037">
     <span class='ocr_line' id='line_1_104' title="bbox 165 4952 1379 5037; baseline -0.007 -19"><span class='ocrx_word' id='word_1_807' title='bbox 165 4967 274 5020; x_wconf 78' lang='grc' dir='ltr'><strong>τοῦ</strong></span> <span class='ocrx_word' id='word_1_808' title='bbox 325 4956 386 5014; x_wconf 87' lang='grc' dir='ltr'>α’</span> <span class='ocrx_word' id='word_1_809' title='bbox 422 4958 529 5020; x_wconf 86' lang='grc' dir='ltr'>τίτ,</span> <span class='ocrx_word' id='word_1_810' title='bbox 563 4957 657 5014; x_wconf 81' lang='lat'><strong>106</strong></span> <span class='ocrx_word' id='word_1_811' title='bbox 687 4956 949 5037; x_wconf 84' lang='grc' dir='ltr'>παρόντος</span> <span class='ocrx_word' id='word_1_812' title='bbox 983 4952 1379 5030; x_wconf 82' lang='grc' dir='ltr'>συντάγματος.</span> 
     </span>
    </p>
   </div>
   <div class='ocr_carea' id='block_1_105' title="bbox 265 5034 1851 5122">
    <p class='ocr_par' dir='ltr' id='par_1_105' title="bbox 265 5034 1851 5122">
     <span class='ocr_line' id='line_1_105' title="bbox 265 5034 1851 5122; baseline -0.009 -15"><span class='ocrx_word' id='word_1_813' title='bbox 265 5048 565 5122; x_wconf 80' lang='grc' dir='ltr'>Κιίμενον.</span> <span class='ocrx_word' id='word_1_814' title='bbox 618 5037 681 5102; x_wconf 70' lang='grc' dir='ltr'><em>Ἠ</em></span> <span class='ocrx_word' id='word_1_815' title='bbox 726 5034 782 5102; x_wconf 61' lang='grc' dir='ltr'><strong>δέ</strong></span> <span class='ocrx_word' id='word_1_816' title='bbox 826 5045 962 5112; x_wconf 77' lang='grc' dir='ltr'>αὐτὴ</span> <span class='ocrx_word' id='word_1_817' title='bbox 1005 5038 1055 5120; x_wconf 82' lang='grc' dir='ltr'>β’</span> <span class='ocrx_word' id='word_1_818' title='bbox 1102 5039 1243 5108; x_wconf 81' lang='grc' dir='ltr'>διὰτ,</span> <span class='ocrx_word' id='word_1_819' title='bbox 1290 5043 1384 5098; x_wconf 78' lang='lat'><strong>106</strong></span> <span class='ocrx_word' id='word_1_820' title='bbox 1453 5034 1506 5096; x_wconf 80' lang='grc' dir='ltr'><strong>α⁹</strong></span> <span class='ocrx_word' id='word_1_821' title='bbox 1577 5038 1684 5102; x_wconf 87' lang='grc' dir='ltr'>τίτ.</span> <span class='ocrx_word' id='word_1_822' title='bbox 1743 5040 1851 5094; x_wconf 82' lang='grc' dir='ltr'><strong>τῶν</strong></span> 
     </span>
    </p>
   </div>
   <div class='ocr_carea' id='block_1_106' title="bbox 165 5125 1848 5216">
    <p class='ocr_par' dir='ltr' id='par_1_106' title="bbox 165 5125 1848 5216">
     <span class='ocr_line' id='line_1_106' title="bbox 165 5125 1848 5216; baseline -0.004 -22"><span class='ocrx_word' id='word_1_823' title='bbox 165 5141 406 5216; x_wconf 73' lang='grc' dir='ltr'>νεαρῶν</span> <span class='ocrx_word' id='word_1_824' title='bbox 449 5134 618 5215; x_wconf 73' lang='grc' dir='ltr'>φησῗν</span> <span class='ocrx_word' id='word_1_825' title='bbox 662 5134 745 5192; x_wconf 82' lang='grc' dir='ltr'>ὅτι</span> <span class='ocrx_word' id='word_1_826' title='bbox 791 5136 818 5191; x_wconf 83' lang='grc' dir='ltr'>ὁ</span> <span class='ocrx_word' id='word_1_827' title='bbox 863 5133 1006 5215; x_wconf 74' lang='grc' dir='ltr'>ἔχων</span> <span class='ocrx_word' id='word_1_828' title='bbox 1052 5127 1228 5209; x_wconf 79' lang='grc' dir='ltr'>δίκην,</span> <span class='ocrx_word' id='word_1_829' title='bbox 1262 5150 1318 5192; x_wconf 85' lang='grc' dir='ltr'><strong>κ.</strong></span> <span class='ocrx_word' id='word_1_830' title='bbox 1349 5149 1402 5189; x_wconf 88' lang='lat'><strong>1.</strong></span> <span class='ocrx_word' id='word_1_831' title='bbox 1436 5128 1522 5207; x_wconf 76' lang='grc' dir='ltr'><strong>λ.,</strong></span> <span class='ocrx_word' id='word_1_832' title='bbox 1554 5144 1744 5208; x_wconf 89' lang='lat' dir='ltr'><strong>nsque</strong></span> <span class='ocrx_word' id='word_1_833' title='bbox 1776 5125 1848 5187; x_wconf 87' lang='lat' dir='ltr'><strong>ad</strong></span> 
     </span>
    </p>
   </div>
   <div class='ocr_carea' id='block_1_107' title="bbox 167 5218 1852 5306">
    <p class='ocr_par' dir='ltr' id='par_1_107' title="bbox 167 5218 1852 5306">
     <span class='ocr_line' id='line_1_107' title="bbox 167 5218 1852 5306; baseline -0.007 -23"><span class='ocrx_word' id='word_1_834' title='bbox 167 5227 500 5306; x_wconf 75' lang='grc' dir='ltr'>εἰρημένων</span> <span class='ocrx_word' id='word_1_835' title='bbox 598 5223 928 5304; x_wconf 76' lang='grc' dir='ltr'>κληρονόμοι</span> <span class='ocrx_word' id='word_1_836' title='bbox 1003 5221 1166 5279; x_wconf 73' lang='grc' dir='ltr'>αὐτοῦ</span> <span class='ocrx_word' id='word_1_837' title='bbox 1236 5218 1574 5280; x_wconf 76' lang='grc' dir='ltr'>ὑπόκεινται.</span> <span class='ocrx_word' id='word_1_838' title='bbox 1659 5219 1852 5298; x_wconf 82' lang='lat' dir='ltr'><strong>Supra</strong></span> 
     </span>
    </p>
   </div>
   <div class='ocr_carea' id='block_1_108' title="bbox 168 5313 1818 5406">
    <p class='ocr_par' dir='ltr' id='par_1_108' title="bbox 168 5313 1800 5406">
     <span class='ocr_line' id='line_1_108' title="bbox 168 5313 1800 5406; baseline -0.004 -26"><span class='ocrx_word' id='word_1_839' title='bbox 168 5336 331 5404; x_wconf 80' lang='lat' dir='ltr'><strong>pag.</strong></span> <span class='ocrx_word' id='word_1_840' title='bbox 361 5313 507 5388; x_wconf 75' lang='lat'><strong>242,</strong></span> <span class='ocrx_word' id='word_1_841' title='bbox 541 5315 684 5406; x_wconf 75' lang='lat'><strong>243,</strong></span> <span class='ocrx_word' id='word_1_842' title='bbox 716 5313 863 5406; x_wconf 9' lang='lat'><strong>7244.</strong></span> <span class='ocrx_word' id='word_1_843' title='bbox 1126 5399 1142 5406; x_wconf 75' lang='lat'>_</span> <span class='ocrx_word' id='word_1_844' title='bbox 1240 5400 1250 5406; x_wconf 23' lang='grc' dir='ltr'><strong>Δ</strong></span> <span class='ocrx_word' id='word_1_845' title='bbox 1399 5400 1421 5406; x_wconf 80' lang='lat'>_</span> <span class='ocrx_word' id='word_1_846' title='bbox 1659 5404 1678 5406; x_wconf 25' lang='grc' dir='ltr'><em>Α</em></span> <span class='ocrx_word' id='word_1_847' title='bbox 1789 5402 1800 5406; x_wconf 23' lang='grc' dir='ltr'><strong><em>Δ</em></strong></span> 
     </span>
    </p>
   </div>
   <div class='ocr_carea' id='block_1_109' title="bbox 1908 5313 2708 5406">
    <p class='ocr_par' dir='ltr' id='par_1_109' title="bbox 2025 5392 2708 5406">
     <span class='ocr_line' id='line_1_109' title="bbox 2025 5392 2708 5406; baseline 0 0"><span class='ocrx_word' id='word_1_848' title='bbox 2025 5397 2057 5406; x_wconf 62' lang='grc' dir='ltr'><strong>Α.</strong></span> <span class='ocrx_word' id='word_1_849' title='bbox 2102 5395 2116 5406; x_wconf 76' lang='grc'><strong>1</strong></span> <span class='ocrx_word' id='word_1_850' title='bbox 2181 5394 2222 5406; x_wconf 76' lang='lat' dir='ltr'><strong>I.</strong></span> <span class='ocrx_word' id='word_1_851' title='bbox 2364 5393 2400 5406; x_wconf 68' lang='grc' dir='ltr'><strong>Α</strong></span> <span class='ocrx_word' id='word_1_852' title='bbox 2522 5403 2532 5406; x_wconf 91' lang='grc'><strong>-</strong></span> <span class='ocrx_word' id='word_1_853' title='bbox 2584 5393 2619 5406; x_wconf 76' lang='grc' dir='ltr'><strong>Α</strong></span> <span class='ocrx_word' id='word_1_854' title='bbox 2672 5392 2708 5406; x_wconf 75' lang='grc' dir='ltr'>,ο</span> 
     </span>
    </p>
   </div>
   <div class='ocr_carea' id='block_1_110' title="bbox 268 5391 1818 5487">
    <p class='ocr_par' dir='ltr' id='par_1_110' title="bbox 268 5391 1818 5487">
     <span class='ocr_line' id='line_1_110' title="bbox 268 5391 1818 5487; baseline -0.005 -23"><span class='ocrx_word' id='word_1_855' title='bbox 268 5391 543 5487; x_wconf 67' lang='grc' dir='ltr'>ἐχάλιον.</span> <span class='ocrx_word' id='word_1_856' title='bbox 580 5405 644 5465; x_wconf 81' lang='grc' dir='ltr'><em>Ἦ</em></span> <span class='ocrx_word' id='word_1_857' title='bbox 677 5405 727 5483; x_wconf 84' lang='grc' dir='ltr'>β’</span> <span class='ocrx_word' id='word_1_858' title='bbox 772 5404 1034 5468; x_wconf 67' lang='lat'><strong>81:21.106</strong></span> <span class='ocrx_word' id='word_1_859' title='bbox 1089 5399 1142 5458; x_wconf 86' lang='grc' dir='ltr'>α’</span> <span class='ocrx_word' id='word_1_860' title='bbox 1200 5400 1304 5462; x_wconf 79' lang='grc' dir='ltr'>τίτ.</span> <span class='ocrx_word' id='word_1_861' title='bbox 1353 5400 1458 5456; x_wconf 78' lang='grc' dir='ltr'>τῶν</span> <span class='ocrx_word' id='word_1_862' title='bbox 1517 5404 1717 5476; x_wconf 82' lang='grc' dir='ltr'>νεαρῶν</span> <span class='ocrx_word' id='word_1_863' title='bbox 1776 5402 1818 5457; x_wconf 87' lang='grc' dir='ltr'><strong>ὡ</strong></span> 
     </span>
    </p>
   </div>
   <div class='ocr_carea' id='block_1_111' title="bbox 1908 5391 3577 5487">
    <p class='ocr_par' dir='ltr' id='par_1_111' title="bbox 2014 5391 3577 5487">
     <span class='ocr_line' id='line_1_111' title="bbox 2014 5391 3577 5487; baseline 0.003 -33"><span class='ocrx_word' id='word_1_864' title='bbox 2014 5393 2562 5487; x_wconf 65' lang='grc' dir='ltr'>,ςοὴοιίιιηι.ϐοηει.</span> <span class='ocrx_word' id='word_1_865' title='bbox 2583 5393 2643 5474; x_wconf 83' lang='lat'><strong>2,</strong></span> <span class='ocrx_word' id='word_1_866' title='bbox 2670 5392 2762 5487; x_wconf 77' lang='lat' dir='ltr'><strong>tit.</strong></span> <span class='ocrx_word' id='word_1_867' title='bbox 2848 5391 3230 5487; x_wconf 74' lang='lat' dir='ltr'><strong>Novellarum</strong></span> <span class='ocrx_word' id='word_1_868' title='bbox 3257 5393 3577 5487; x_wconf 83' lang='lat' dir='ltr'><strong>(quemad-</strong></span> 
     </span>
    </p>
   </div>
   <div class='ocr_carea' id='block_1_112' title="bbox 166 5482 1818 5576">
    <p class='ocr_par' dir='ltr' id='par_1_112' title="bbox 166 5482 1810 5576">
     <span class='ocr_line' id='line_1_112' title="bbox 166 5482 1810 5576; baseline -0.01 -16"><span class='ocrx_word' id='word_1_869' title='bbox 166 5482 435 5573; x_wconf 59' lang='grc' dir='ltr'>εἴπομεν</span> <span class='ocrx_word' id='word_1_870' title='bbox 494 5498 622 5555; x_wconf 73' lang='grc' dir='ltr'>οὖσα</span> <span class='ocrx_word' id='word_1_871' title='bbox 666 5482 824 5576; x_wconf 73' lang='grc' dir='ltr'>νεαρὰ</span> <span class='ocrx_word' id='word_1_872' title='bbox 885 5489 1307 5553; x_wconf 78' lang='grc' dir='ltr'>’[ουστινιάνειος</span> <span class='ocrx_word' id='word_1_873' title='bbox 1366 5488 1508 5568; x_wconf 82' lang='grc' dir='ltr'>ρκγ’.</span> <span class='ocrx_word' id='word_1_874' title='bbox 1577 5491 1672 5547; x_wconf 81' lang='grc' dir='ltr'><strong>Καὶ</strong></span> <span class='ocrx_word' id='word_1_875' title='bbox 1729 5511 1810 5546; x_wconf 86' lang='grc' dir='ltr'><strong>κει</strong></span> 
     </span>
    </p>
   </div>
   <div class='ocr_carea' id='block_1_113' title="bbox 1908 5482 3574 5576">
    <p class='ocr_par' dir='ltr' id='par_1_113' title="bbox 1937 5482 3574 5576">
     <span class='ocr_line' id='line_1_113' title="bbox 1937 5482 3574 5576; baseline -0.001 -29"><span class='ocrx_word' id='word_1_876' title='bbox 1937 5486 2069 5547; x_wconf 91' lang='lat' dir='ltr'><strong>mod</strong></span> <span class='ocrx_word' id='word_1_877' title='bbox 2081 5503 2180 5576; x_wconf 74' lang='lat' dir='ltr'><strong>um</strong></span> <span class='ocrx_word' id='word_1_878' title='bbox 2201 5484 2481 5576; x_wconf 49' lang='lat' dir='ltr'><strong>disimus)</strong></span> <span class='ocrx_word' id='word_1_879' title='bbox 2511 5482 2751 5576; x_wconf 87' lang='lat' dir='ltr'><strong>novella</strong></span> <span class='ocrx_word' id='word_1_880' title='bbox 2770 5483 3091 5576; x_wconf 75' lang='lat' dir='ltr'><strong>Justiniani</strong></span> <span class='ocrx_word' id='word_1_881' title='bbox 3120 5484 3234 5576; x_wconf 81' lang='lat'><strong>123</strong></span> <span class='ocrx_word' id='word_1_882' title='bbox 3256 5485 3574 5561; x_wconf 85' lang='lat' dir='ltr'><strong>exsistens,</strong></span> 
     </span>
    </p>
   </div>
   <div class='ocr_carea' id='block_1_114' title="bbox 169 5572 1818 5677">
    <p class='ocr_par' dir='ltr' id='par_1_114' title="bbox 169 5572 1818 5677">
     <span class='ocr_line' id='line_1_114' title="bbox 169 5572 1818 5677; baseline -0.008 -28"><span class='ocrx_word' id='word_1_883' title='bbox 169 5589 342 5677; x_wconf 71' lang='grc' dir='ltr'>μόνη</span> <span class='ocrx_word' id='word_1_884' title='bbox 404 5585 458 5645; x_wconf 73' lang='grc' dir='ltr'>ἰν</span> <span class='ocrx_word' id='word_1_885' title='bbox 513 5585 703 5667; x_wconf 83' lang='grc' dir='ltr'>βιϐλίῳ</span> <span class='ocrx_word' id='word_1_886' title='bbox 743 5572 794 5667; x_wconf 72' lang='grc' dir='ltr'>γ’</span> <span class='ocrx_word' id='word_1_887' title='bbox 839 5590 945 5641; x_wconf 86' lang='grc' dir='ltr'>τῶν</span> <span class='ocrx_word' id='word_1_888' title='bbox 989 5578 1293 5640; x_wconf 83' lang='grc' dir='ltr'>Βασιλικῶν</span> <span class='ocrx_word' id='word_1_889' title='bbox 1322 5578 1430 5645; x_wconf 88' lang='grc' dir='ltr'>τίτ.</span> <span class='ocrx_word' id='word_1_890' title='bbox 1479 5578 1554 5656; x_wconf 84' lang='grc' dir='ltr'><strong>α’,</strong></span> <span class='ocrx_word' id='word_1_891' title='bbox 1587 5599 1713 5662; x_wconf 77' lang='grc' dir='ltr'>κεφ.</span> <span class='ocrx_word' id='word_1_892' title='bbox 1745 5574 1818 5652; x_wconf 73' lang='grc' dir='ltr'>λζ’</span> 
     </span>
    </p>
   </div>
   <div class='ocr_carea' id='block_1_115' title="bbox 1908 5572 3576 5677">
    <p class='ocr_par' dir='ltr' id='par_1_115' title="bbox 1935 5572 3576 5659">
     <span class='ocr_line' id='line_1_115' title="bbox 1935 5572 3576 5659; baseline -0.002 -18"><span class='ocrx_word' id='word_1_893' title='bbox 1935 5595 2003 5641; x_wconf 85' lang='lat' dir='ltr'><strong>ac</strong></span> <span class='ocrx_word' id='word_1_894' title='bbox 2028 5577 2087 5642; x_wconf 90' lang='lat' dir='ltr'><strong>in</strong></span> <span class='ocrx_word' id='word_1_895' title='bbox 2117 5573 2228 5640; x_wconf 88' lang='lat' dir='ltr'><strong>lib.</strong></span> <span class='ocrx_word' id='word_1_896' title='bbox 2265 5572 2442 5638; x_wconf 84' lang='lat' dir='ltr'><strong>Basil.</strong></span> <span class='ocrx_word' id='word_1_897' title='bbox 2480 5575 2570 5640; x_wconf 79' lang='lat' dir='ltr'><strong>tit.</strong></span> <span class='ocrx_word' id='word_1_898' title='bbox 2613 5580 2669 5658; x_wconf 85' lang='lat'><strong>1,</strong></span> <span class='ocrx_word' id='word_1_899' title='bbox 2701 5593 2834 5659; x_wconf 85' lang='lat' dir='ltr'><strong>cap.</strong></span> <span class='ocrx_word' id='word_1_900' title='bbox 2869 5574 2971 5656; x_wconf 89' lang='lat'><strong>37,</strong></span> <span class='ocrx_word' id='word_1_901' title='bbox 3012 5574 3114 5658; x_wconf 87' lang='grc'><strong>38,</strong></span> <span class='ocrx_word' id='word_1_902' title='bbox 3167 5575 3246 5640; x_wconf 84' lang='grc'>39</span> <span class='ocrx_word' id='word_1_903' title='bbox 3279 5594 3470 5658; x_wconf 87' lang='lat' dir='ltr'><strong>usque</strong></span> <span class='ocrx_word' id='word_1_904' title='bbox 3501 5576 3576 5638; x_wconf 91' lang='lat' dir='ltr'><strong>ad</strong></span> 
     </span>
    </p>
   </div>
   <div class='ocr_carea' id='block_1_116' title="bbox 531 5679 3345 5761">
    <p class='ocr_par' dir='ltr' id='par_1_116' title="bbox 531 5679 3345 5761">
     <span class='ocr_line' id='line_1_116' title="bbox 531 5679 3345 5761; baseline -0.002 -2"><span class='ocrx_word' id='word_1_905' title='bbox 531 5694 774 5761; x_wconf 73' lang='lat' dir='ltr'><strong>Punox.</strong></span> <span class='ocrx_word' id='word_1_906' title='bbox 802 5693 918 5758; x_wconf 82' lang='lat' dir='ltr'><strong>Gn.</strong></span> <span class='ocrx_word' id='word_1_907' title='bbox 951 5687 1098 5759; x_wconf 87' lang='lat' dir='ltr'><strong>CIV.</strong></span> <span class='ocrx_word' id='word_1_908' title='bbox 3265 5679 3345 5752; x_wconf 82' lang='lat'><strong>35</strong></span> 
     </span>
    </p>
   </div>
   <div class='ocr_carea' id='block_1_117' title="bbox 1933 4947 3573 5112">
    <p class='ocr_par' dir='ltr' id='par_1_117' title="bbox 1933 4947 3573 5112">
     <span class='ocr_line' id='line_1_117' title="bbox 1933 4947 3573 5112; baseline -0.001 -13"><span class='ocrx_word' id='word_1_909' title='bbox 1933 4947 2262 5100; x_wconf 51' lang='grc' dir='ltr'>ἢηῗέέιαε.</span> <span class='ocrx_word' id='word_1_910' title='bbox 2295 5035 2518 5098; x_wconf 80' lang='lat' dir='ltr'><strong>Eadem</strong></span> <span class='ocrx_word' id='word_1_911' title='bbox 2552 5043 2747 5100; x_wconf 89' lang='lat' dir='ltr'><strong>const.</strong></span> <span class='ocrx_word' id='word_1_912' title='bbox 2779 5034 2840 5112; x_wconf 85' lang='lat'><strong>2,</strong></span> <span class='ocrx_word' id='word_1_913' title='bbox 2867 5034 2954 5097; x_wconf 91' lang='lat' dir='ltr'><strong>tit.</strong></span> <span class='ocrx_word' id='word_1_914' title='bbox 2994 5043 3016 5098; x_wconf 79' lang='lat'><strong>1</strong></span> <span class='ocrx_word' id='word_1_915' title='bbox 3059 5034 3441 5099; x_wconf 88' lang='lat' dir='ltr'><strong>Novellarum</strong></span> <span class='ocrx_word' id='word_1_916' title='bbox 3475 5034 3573 5098; x_wconf 90' lang='lat' dir='ltr'><strong>di-</strong></span> 
     </span>
    </p>
   </div>
   <div class='ocr_carea' id='block_1_118' title="bbox 1934 5124 3576 5205">
    <p class='ocr_par' dir='ltr' id='par_1_118' title="bbox 1934 5124 3576 5205">
     <span class='ocr_line' id='line_1_118' title="bbox 1934 5124 3576 5205; baseline 0 -15"><span class='ocrx_word' id='word_1_917' title='bbox 1934 5131 2016 5190; x_wconf 90' lang='lat' dir='ltr'><strong>cit</strong></span> <span class='ocrx_word' id='word_1_918' title='bbox 2050 5143 2064 5190; x_wconf 86' lang='lat'>:</span> <span class='ocrx_word' id='word_1_919' title='bbox 2098 5124 2209 5198; x_wconf 85' lang='lat' dir='ltr'><strong>Qui</strong></span> <span class='ocrx_word' id='word_1_920' title='bbox 2242 5135 2472 5202; x_wconf 86' lang='lat' dir='ltr'><strong>contra,</strong></span> <span class='ocrx_word' id='word_1_921' title='bbox 2509 5133 2652 5202; x_wconf 90' lang='lat' dir='ltr'><strong>etc.,</strong></span> <span class='ocrx_word' id='word_1_922' title='bbox 2691 5141 2876 5205; x_wconf 85' lang='lat' dir='ltr'><strong>usque</strong></span> <span class='ocrx_word' id='word_1_923' title='bbox 2900 5127 2981 5188; x_wconf 83' lang='lat' dir='ltr'><strong>ad</strong></span> <span class='ocrx_word' id='word_1_924' title='bbox 3011 5125 3255 5188; x_wconf 69' lang='lat' dir='ltr'><strong>obnoxii</strong></span> <span class='ocrx_word' id='word_1_925' title='bbox 3285 5135 3482 5203; x_wconf 86' lang='lat' dir='ltr'><strong>sunto,</strong></span> <span class='ocrx_word' id='word_1_926' title='bbox 3509 5133 3576 5190; x_wconf 81' lang='lat' dir='ltr'><strong>ut</strong></span> 
     </span>
    </p>
   </div>
   <div class='ocr_carea' id='block_1_119' title="bbox 1927 5214 2602 5301">
    <p class='ocr_par' dir='ltr' id='par_1_119' title="bbox 1927 5214 2602 5301">
     <span class='ocr_line' id='line_1_119' title="bbox 1927 5214 2602 5301; baseline -0.003 -21"><span class='ocrx_word' id='word_1_927' title='bbox 1927 5235 2072 5301; x_wconf 82' lang='lat' dir='ltr'><strong>pag.</strong></span> <span class='ocrx_word' id='word_1_928' title='bbox 2105 5216 2248 5293; x_wconf 77' lang='lat'><strong>242,</strong></span> <span class='ocrx_word' id='word_1_929' title='bbox 2281 5214 2422 5297; x_wconf 81' lang='lat'><strong>243,</strong></span> <span class='ocrx_word' id='word_1_930' title='bbox 2458 5217 2602 5278; x_wconf 74' lang='grc'><strong>244.</strong></span> 
     </span>
    </p>
   </div>
  </div>
