  <div class='ocr_page' id='page_1' title='image "/cluster/home/n/w/nwhite01/storage/ocr_20150623/104/hvd.32044073502163/569.png"; bbox 0 0 4052 6222; ppageno 0'>
   <div class='ocr_carea' id='block_1_1' title="bbox 599 290 750 359">
    <p class='ocr_par' dir='ltr' id='par_1_1' title="bbox 599 290 750 359">
     <span class='ocr_line' id='line_1_1' title="bbox 599 290 750 359; baseline 0 -2"><span class='ocrx_word' id='word_1_1' title='bbox 599 290 750 359; x_wconf 89' lang='grc'>1099</span> 
     </span>
    </p>
   </div>
   <div class='ocr_carea' id='block_1_2' title="bbox 1777 274 2753 355">
    <p class='ocr_par' dir='ltr' id='par_1_2' title="bbox 1777 274 2753 355">
     <span class='ocr_line' id='line_1_2' title="bbox 1777 274 2753 355; baseline -0.004 0"><span class='ocrx_word' id='word_1_2' title='bbox 1777 274 2038 355; x_wconf 69' lang='grc' dir='ltr'><strong>ΡΗΟἸῚΙ</strong></span> <span class='ocrx_word' id='word_1_3' title='bbox 2080 275 2596 355; x_wconf 73' lang='lat' dir='ltr'><strong>PATRIARCH/E</strong></span> <span class='ocrx_word' id='word_1_4' title='bbox 2638 281 2753 355; x_wconf 80' lang='lat' dir='ltr'><strong>GP.</strong></span> 
     </span>
    </p>
   </div>
   <div class='ocr_carea' id='block_1_3' title="bbox 3756 285 3880 364">
    <p class='ocr_par' dir='ltr' id='par_1_3' title="bbox 3756 285 3880 364">
     <span class='ocr_line' id='line_1_3' title="bbox 3756 285 3880 364; baseline 0.016 -2"><span class='ocrx_word' id='word_1_5' title='bbox 3756 285 3880 364; x_wconf 81' lang='lat'><strong>1100</strong></span> 
     </span>
    </p>
   </div>
   <div class='ocr_carea' id='block_1_4' title="bbox 592 423 2210 510">
    <p class='ocr_par' dir='ltr' id='par_1_4' title="bbox 592 427 2210 510">
     <span class='ocr_line' id='line_1_4' title="bbox 592 427 2210 510; baseline -0.003 -20"><span class='ocrx_word' id='word_1_6' title='bbox 592 431 672 493; x_wconf 80' lang='lat'><strong>40</strong></span> <span class='ocrx_word' id='word_1_7' title='bbox 704 429 918 510; x_wconf 90' lang='lat' dir='ltr'><strong>posita,</strong></span> <span class='ocrx_word' id='word_1_8' title='bbox 975 427 1394 509; x_wconf 76' lang='lat' dir='ltr'><strong>complectitur</strong></span> <span class='ocrx_word' id='word_1_9' title='bbox 1423 444 1800 509; x_wconf 75' lang='lat' dir='ltr'><strong>quaecunque</strong></span> <span class='ocrx_word' id='word_1_10' title='bbox 1831 428 1891 488; x_wconf 92' lang='lat' dir='ltr'><strong>in</strong></span> <span class='ocrx_word' id='word_1_11' title='bbox 1926 444 2210 506; x_wconf 85' lang='lat' dir='ltr'><strong>compen-</strong></span> 
     </span>
    </p>
   </div>
   <div class='ocr_carea' id='block_1_5' title="bbox 2296 423 3880 510">
    <p class='ocr_par' dir='ltr' id='par_1_5' title="bbox 2303 423 3880 506">
     <span class='ocr_line' id='line_1_5' title="bbox 2303 423 3880 506; baseline 0.004 -25"><span class='ocrx_word' id='word_1_12' title='bbox 2303 423 2418 504; x_wconf 85' lang='grc' dir='ltr'><strong>λη’³</strong></span> <span class='ocrx_word' id='word_1_13' title='bbox 2454 423 2557 500; x_wconf 81' lang='grc' dir='ltr'>λθ’,</span> <span class='ocrx_word' id='word_1_14' title='bbox 2594 424 2759 504; x_wconf 74' lang='grc' dir='ltr'>μέχρι</span> <span class='ocrx_word' id='word_1_15' title='bbox 2791 424 2884 482; x_wconf 78' lang='grc' dir='ltr'>τοῦ</span> <span class='ocrx_word' id='word_1_16' title='bbox 2915 424 2997 502; x_wconf 84' lang='grc' dir='ltr'>μ’,</span> <span class='ocrx_word' id='word_1_17' title='bbox 3055 424 3415 503; x_wconf 74' lang='grc' dir='ltr'>Διαλαμϐἆνει</span> <span class='ocrx_word' id='word_1_18' title='bbox 3461 426 3556 486; x_wconf 77' lang='grc' dir='ltr'>ὅσα</span> <span class='ocrx_word' id='word_1_19' title='bbox 3595 433 3880 506; x_wconf 70' lang='grc' dir='ltr'>συνωψίσθη-</span> 
     </span>
    </p>
   </div>
   <div class='ocr_carea' id='block_1_6' title="bbox 595 517 1227 600">
    <p class='ocr_par' dir='ltr' id='par_1_6' title="bbox 595 517 1227 600">
     <span class='ocr_line' id='line_1_6' title="bbox 595 517 1227 600; baseline -0.003 -18"><span class='ocrx_word' id='word_1_20' title='bbox 595 520 697 582; x_wconf 90' lang='lat' dir='ltr'><strong>dio</strong></span> <span class='ocrx_word' id='word_1_21' title='bbox 732 517 1038 600; x_wconf 88' lang='lat' dir='ltr'><strong>proposita</strong></span> <span class='ocrx_word' id='word_1_22' title='bbox 1067 527 1227 581; x_wconf 86' lang='lat' dir='ltr'><strong>sunt.</strong></span> 
     </span>
    </p>
   </div>
   <div class='ocr_carea' id='block_1_7' title="bbox 684 605 2223 686">
    <p class='ocr_par' dir='ltr' id='par_1_7' title="bbox 684 605 2223 686">
     <span class='ocr_line' id='line_1_7' title="bbox 684 605 2223 686; baseline -0.003 -18"><span class='ocrx_word' id='word_1_23' title='bbox 684 611 933 671; x_wconf 73' lang='lat' dir='ltr'><strong>Textus.</strong></span> <span class='ocrx_word' id='word_1_24' title='bbox 989 605 1282 670; x_wconf 77' lang='lat' dir='ltr'><strong>Similiter</strong></span> <span class='ocrx_word' id='word_1_25' title='bbox 1327 609 1437 674; x_wconf 83' lang='lat' dir='ltr'><strong>lib.</strong></span> <span class='ocrx_word' id='word_1_26' title='bbox 1489 628 1530 684; x_wconf 86' lang='lat' dir='ltr'><strong>l,</strong></span> <span class='ocrx_word' id='word_1_27' title='bbox 1564 617 1756 670; x_wconf 90' lang='lat' dir='ltr'><strong>const.</strong></span> <span class='ocrx_word' id='word_1_28' title='bbox 1793 609 1893 678; x_wconf 79' lang='grc'><strong>41,</strong></span> <span class='ocrx_word' id='word_1_29' title='bbox 1931 625 2062 686; x_wconf 69' lang='lat' dir='ltr'><strong>quae</strong></span> <span class='ocrx_word' id='word_1_30' title='bbox 2091 605 2173 666; x_wconf 88' lang='lat' dir='ltr'><strong>ait</strong></span> <span class='ocrx_word' id='word_1_31' title='bbox 2211 623 2223 665; x_wconf 93' lang='lat'><strong>:</strong></span> 
     </span>
    </p>
   </div>
   <div class='ocr_carea' id='block_1_8' title="bbox 593 685 2229 769">
    <p class='ocr_par' dir='ltr' id='par_1_8' title="bbox 593 685 2229 769">
     <span class='ocr_line' id='line_1_8' title="bbox 593 685 2229 769; baseline -0.003 -19"><span class='ocrx_word' id='word_1_32' title='bbox 593 687 760 762; x_wconf 85' lang='lat' dir='ltr'><strong>Quod</strong></span> <span class='ocrx_word' id='word_1_33' title='bbox 793 706 1156 768; x_wconf 90' lang='lat' dir='ltr'><strong>unoquoque</strong></span> <span class='ocrx_word' id='word_1_34' title='bbox 1186 706 1365 764; x_wconf 89' lang='lat' dir='ltr'><strong>anuo,</strong></span> <span class='ocrx_word' id='word_1_35' title='bbox 1400 698 1545 764; x_wconf 89' lang='lat' dir='ltr'><strong>etc.,</strong></span> <span class='ocrx_word' id='word_1_36' title='bbox 1579 707 1766 769; x_wconf 85' lang='lat' dir='ltr'><strong>usque</strong></span> <span class='ocrx_word' id='word_1_37' title='bbox 1815 689 1894 750; x_wconf 84' lang='lat' dir='ltr'><strong>ad</strong></span> <span class='ocrx_word' id='word_1_38' title='bbox 1927 685 2229 765; x_wconf 76' lang='lat' dir='ltr'><strong>alioquive</strong></span> 
     </span>
    </p>
   </div>
   <div class='ocr_carea' id='block_1_9' title="bbox 591 777 1470 859">
    <p class='ocr_par' dir='ltr' id='par_1_9' title="bbox 591 777 1470 859">
     <span class='ocr_line' id='line_1_9' title="bbox 591 777 1470 859; baseline 0 -19"><span class='ocrx_word' id='word_1_39' title='bbox 591 777 1030 858; x_wconf 89' lang='lat' dir='ltr'><strong>periclitentur,</strong></span> <span class='ocrx_word' id='word_1_40' title='bbox 1067 786 1136 838; x_wconf 83' lang='lat' dir='ltr'><strong>ut</strong></span> <span class='ocrx_word' id='word_1_41' title='bbox 1157 797 1296 859; x_wconf 88' lang='lat' dir='ltr'><strong>pag.</strong></span> <span class='ocrx_word' id='word_1_42' title='bbox 1327 781 1470 840; x_wconf 87' lang='grc'><strong>715.</strong></span> 
     </span>
    </p>
   </div>
   <div class='ocr_carea' id='block_1_10' title="bbox 671 867 2229 949">
    <p class='ocr_par' dir='ltr' id='par_1_10' title="bbox 671 867 2229 949">
     <span class='ocr_line' id='line_1_10' title="bbox 671 867 2229 949; baseline -0.001 -21"><span class='ocrx_word' id='word_1_43' title='bbox 671 867 1012 949; x_wconf 76' lang='lat' dir='ltr'><strong>Scholium.</strong></span> <span class='ocrx_word' id='word_1_44' title='bbox 1038 869 1244 949; x_wconf 87' lang='lat' dir='ltr'><strong>Const.</strong></span> <span class='ocrx_word' id='word_1_45' title='bbox 1279 869 1380 943; x_wconf 78' lang='lat'><strong>41,</strong></span> <span class='ocrx_word' id='word_1_46' title='bbox 1416 869 1504 930; x_wconf 91' lang='lat' dir='ltr'><strong>tit.</strong></span> <span class='ocrx_word' id='word_1_47' title='bbox 1545 868 1604 949; x_wconf 89' lang='lat'><strong>3,</strong></span> <span class='ocrx_word' id='word_1_48' title='bbox 1634 867 1734 949; x_wconf 85' lang='lat' dir='ltr'><strong>lib.</strong></span> <span class='ocrx_word' id='word_1_49' title='bbox 1771 884 1787 929; x_wconf 78' lang='grc' dir='ltr'>ι</span> <span class='ocrx_word' id='word_1_50' title='bbox 1820 867 1954 928; x_wconf 87' lang='lat' dir='ltr'><strong>cod.</strong></span> <span class='ocrx_word' id='word_1_51' title='bbox 1994 882 2117 949; x_wconf 73' lang='lat' dir='ltr'><strong>non</strong></span> <span class='ocrx_word' id='word_1_52' title='bbox 2139 873 2229 926; x_wconf 90' lang='lat' dir='ltr'><strong>est</strong></span> 
     </span>
    </p>
   </div>
   <div class='ocr_carea' id='block_1_11' title="bbox 591 946 2224 1029">
    <p class='ocr_par' dir='ltr' id='par_1_11' title="bbox 591 946 2224 1029">
     <span class='ocr_line' id='line_1_11' title="bbox 591 946 2224 1029; baseline -0.001 -21"><span class='ocrx_word' id='word_1_53' title='bbox 591 948 784 1028; x_wconf 84' lang='lat' dir='ltr'><strong>posita</strong></span> <span class='ocrx_word' id='word_1_54' title='bbox 815 949 874 1008; x_wconf 93' lang='lat' dir='ltr'><strong>in</strong></span> <span class='ocrx_word' id='word_1_55' title='bbox 935 948 1137 1024; x_wconf 73' lang='lat' dir='ltr'><strong>Basil.,</strong></span> <span class='ocrx_word' id='word_1_56' title='bbox 1197 967 1393 1029; x_wconf 90' lang='lat' dir='ltr'><strong>neque</strong></span> <span class='ocrx_word' id='word_1_57' title='bbox 1425 946 1617 1011; x_wconf 36' lang='lat' dir='ltr'><strong>const’.</strong></span> <span class='ocrx_word' id='word_1_58' title='bbox 1650 948 1724 1007; x_wconf 71' lang='lat'><strong>24</strong></span> <span class='ocrx_word' id='word_1_59' title='bbox 1761 949 1828 1008; x_wconf 92' lang='lat' dir='ltr'><strong>tit</strong></span> <span class='ocrx_word' id='word_1_60' title='bbox 1888 953 1922 1006; x_wconf 71' lang='lat'><strong>&#39;2</strong></span> <span class='ocrx_word' id='word_1_61' title='bbox 1952 946 2224 1024; x_wconf 72' lang='lat' dir='ltr'><strong>ejusdem</strong></span> 
     </span>
    </p>
   </div>
   <div class='ocr_carea' id='block_1_12' title="bbox 587 1037 751 1100">
    <p class='ocr_par' dir='ltr' id='par_1_12' title="bbox 587 1037 751 1100">
     <span class='ocr_line' id='line_1_12' title="bbox 587 1037 751 1100; baseline 0.012 -2"><span class='ocrx_word' id='word_1_62' title='bbox 587 1037 751 1100; x_wconf 82' lang='lat' dir='ltr'><strong>libri.</strong></span> 
     </span>
    </p>
   </div>
   <div class='ocr_carea' id='block_1_13' title="bbox 672 1123 2224 1208">
    <p class='ocr_par' dir='ltr' id='par_1_13' title="bbox 672 1123 2224 1208">
     <span class='ocr_line' id='line_1_13' title="bbox 672 1123 2224 1208; baseline -0.003 -19"><span class='ocrx_word' id='word_1_63' title='bbox 672 1126 914 1190; x_wconf 66' lang='grc' dir='ltr'>Τρωίας.</span> <span class='ocrx_word' id='word_1_64' title='bbox 950 1125 1062 1200; x_wconf 88' lang='lat' dir='ltr'><strong>Qui</strong></span> <span class='ocrx_word' id='word_1_65' title='bbox 1092 1129 1410 1208; x_wconf 90' lang='lat' dir='ltr'><strong>episcopus</strong></span> <span class='ocrx_word' id='word_1_66' title='bbox 1436 1130 1552 1208; x_wconf 71' lang='lat' dir='ltr'><strong>[aut</strong></span> <span class='ocrx_word' id='word_1_67' title='bbox 1587 1126 1844 1188; x_wconf 83' lang='lat' dir='ltr'><strong>clericus</strong></span> <span class='ocrx_word' id='word_1_68' title='bbox 1877 1144 1945 1185; x_wconf 79' lang='lat' dir='ltr'><strong>ex</strong></span> <span class='ocrx_word' id='word_1_69' title='bbox 1981 1123 2224 1204; x_wconf 85' lang='lat' dir='ltr'><strong>provin-</strong></span> 
     </span>
    </p>
   </div>
   <div class='ocr_carea' id='block_1_14' title="bbox 587 1215 2226 1296">
    <p class='ocr_par' dir='ltr' id='par_1_14' title="bbox 587 1215 2226 1296">
     <span class='ocr_line' id='line_1_14' title="bbox 587 1215 2226 1296; baseline -0.002 -17"><span class='ocrx_word' id='word_1_70' title='bbox 587 1217 706 1294; x_wconf 87' lang='lat' dir='ltr'><strong>cia,</strong></span> <span class='ocrx_word' id='word_1_71' title='bbox 738 1226 881 1292; x_wconf 91' lang='lat' dir='ltr'><strong>etc.,</strong></span> <span class='ocrx_word' id='word_1_72' title='bbox 915 1235 1106 1296; x_wconf 85' lang='lat' dir='ltr'><strong>usque</strong></span> <span class='ocrx_word' id='word_1_73' title='bbox 1127 1217 1203 1279; x_wconf 84' lang='lat' dir='ltr'><strong>ad</strong></span> <span class='ocrx_word' id='word_1_74' title='bbox 1227 1235 1260 1278; x_wconf 91' lang='lat' dir='ltr'><strong>e</strong></span> <span class='ocrx_word' id='word_1_75' title='bbox 1293 1235 1398 1277; x_wconf 92' lang='lat' dir='ltr'><strong>suo</strong></span> <span class='ocrx_word' id='word_1_76' title='bbox 1444 1215 1804 1278; x_wconf 84' lang='lat' dir='ltr'><strong>monasterio</strong></span> <span class='ocrx_word' id='word_1_77' title='bbox 1839 1215 2130 1292; x_wconf 85' lang='lat' dir='ltr'><strong>trahatur,</strong></span> <span class='ocrx_word' id='word_1_78' title='bbox 2160 1219 2226 1275; x_wconf 81' lang='lat' dir='ltr'><strong>ut</strong></span> 
     </span>
    </p>
   </div>
   <div class='ocr_carea' id='block_1_15' title="bbox 583 1308 903 1387">
    <p class='ocr_par' dir='ltr' id='par_1_15' title="bbox 583 1308 903 1387">
     <span class='ocr_line' id='line_1_15' title="bbox 583 1308 903 1387; baseline -0.009 -18"><span class='ocrx_word' id='word_1_79' title='bbox 583 1308 903 1387; x_wconf 81' lang='lat' dir='ltr'><strong>pag.715.</strong></span> 
     </span>
    </p>
   </div>
   <div class='ocr_carea' id='block_1_16' title="bbox 666 1391 2220 1476">
    <p class='ocr_par' dir='ltr' id='par_1_16' title="bbox 666 1391 2220 1476">
     <span class='ocr_line' id='line_1_16' title="bbox 666 1391 2220 1476; baseline -0.004 -17"><span class='ocrx_word' id='word_1_80' title='bbox 666 1395 1010 1459; x_wconf 77' lang='lat' dir='ltr'><strong>Scholium.</strong></span> <span class='ocrx_word' id='word_1_81' title='bbox 1037 1396 1088 1458; x_wconf 85' lang='lat' dir='ltr'><strong>A</strong></span> <span class='ocrx_word' id='word_1_82' title='bbox 1114 1396 1392 1476; x_wconf 67' lang='lat' dir='ltr'><strong>praesenti</strong></span> <span class='ocrx_word' id='word_1_83' title='bbox 1418 1396 1550 1458; x_wconf 93' lang='lat' dir='ltr'><strong>loco</strong></span> <span class='ocrx_word' id='word_1_84' title='bbox 1574 1394 1784 1474; x_wconf 86' lang='lat' dir='ltr'><strong>incipit</strong></span> <span class='ocrx_word' id='word_1_85' title='bbox 1817 1391 2053 1454; x_wconf 87' lang='lat' dir='ltr'><strong>uovella</strong></span> <span class='ocrx_word' id='word_1_86' title='bbox 2083 1392 2220 1468; x_wconf 72' lang='lat'><strong>1&#39;23,</strong></span> 
     </span>
    </p>
   </div>
   <div class='ocr_carea' id='block_1_17' title="bbox 586 1482 2218 1568">
    <p class='ocr_par' dir='ltr' id='par_1_17' title="bbox 586 1482 2218 1568">
     <span class='ocr_line' id='line_1_17' title="bbox 586 1482 2218 1568; baseline -0.004 -20"><span class='ocrx_word' id='word_1_87' title='bbox 586 1505 719 1568; x_wconf 61' lang='lat' dir='ltr'><strong>qum</strong></span> <span class='ocrx_word' id='word_1_88' title='bbox 740 1494 829 1548; x_wconf 83' lang='lat' dir='ltr'><strong>est</strong></span> <span class='ocrx_word' id='word_1_89' title='bbox 854 1487 912 1548; x_wconf 90' lang='lat' dir='ltr'><strong>in</strong></span> <span class='ocrx_word' id='word_1_90' title='bbox 935 1486 1042 1547; x_wconf 92' lang='lat' dir='ltr'><strong>lib.</strong></span> <span class='ocrx_word' id='word_1_91' title='bbox 1069 1485 1255 1550; x_wconf 85' lang='lat' dir='ltr'><strong>Basil.</strong></span> <span class='ocrx_word' id='word_1_92' title='bbox 1285 1487 1390 1548; x_wconf 90' lang='lat' dir='ltr'><strong>lib.</strong></span> <span class='ocrx_word' id='word_1_93' title='bbox 1416 1501 1500 1560; x_wconf 86' lang='grc' dir='ltr'><strong>ιιι,</strong></span> <span class='ocrx_word' id='word_1_94' title='bbox 1531 1485 1620 1546; x_wconf 92' lang='lat' dir='ltr'><strong>tit.</strong></span> <span class='ocrx_word' id='word_1_95' title='bbox 1655 1485 1958 1558; x_wconf 78' lang='lat' dir='ltr'><strong>l,cap.47,</strong></span> <span class='ocrx_word' id='word_1_96' title='bbox 1986 1483 2088 1552; x_wconf 81' lang='grc'>48,</span> <span class='ocrx_word' id='word_1_97' title='bbox 2118 1482 2218 1556; x_wconf 72' lang='grc'>49,</span> 
     </span>
    </p>
   </div>
   <div class='ocr_carea' id='block_1_18' title="bbox 584 1572 2220 1656">
    <p class='ocr_par' dir='ltr' id='par_1_18' title="bbox 584 1572 2220 1656">
     <span class='ocr_line' id='line_1_18' title="bbox 584 1572 2220 1656; baseline -0.006 -16"><span class='ocrx_word' id='word_1_98' title='bbox 584 1577 684 1652; x_wconf 90' lang='grc'><strong>50,</strong></span> <span class='ocrx_word' id='word_1_99' title='bbox 709 1577 810 1653; x_wconf 86' lang='grc'>51,</span> <span class='ocrx_word' id='word_1_100' title='bbox 835 1575 910 1636; x_wconf 77' lang='grc'><strong>52</strong></span> <span class='ocrx_word' id='word_1_101' title='bbox 941 1587 1000 1637; x_wconf 89' lang='lat' dir='ltr'><strong>et</strong></span> <span class='ocrx_word' id='word_1_102' title='bbox 1023 1575 1119 1651; x_wconf 88' lang='lat'><strong>53,</strong></span> <span class='ocrx_word' id='word_1_103' title='bbox 1155 1595 1285 1656; x_wconf 64' lang='lat' dir='ltr'><strong>quin</strong></span> <span class='ocrx_word' id='word_1_104' title='bbox 1309 1575 1369 1636; x_wconf 92' lang='lat' dir='ltr'><strong>in</strong></span> <span class='ocrx_word' id='word_1_105' title='bbox 1393 1573 1749 1655; x_wconf 90' lang='lat' dir='ltr'><strong>compendio</strong></span> <span class='ocrx_word' id='word_1_106' title='bbox 1787 1572 1957 1651; x_wconf 81' lang='lat' dir='ltr'><strong>[jam]</strong></span> <span class='ocrx_word' id='word_1_107' title='bbox 2000 1590 2220 1651; x_wconf 88' lang='lat' dir='ltr'><strong>propo-</strong></span> 
     </span>
    </p>
   </div>
   <div class='ocr_carea' id='block_1_19' title="bbox 581 1661 2215 1747">
    <p class='ocr_par' dir='ltr' id='par_1_19' title="bbox 581 1661 2215 1747">
     <span class='ocr_line' id='line_1_19' title="bbox 581 1661 2215 1747; baseline -0.004 -20"><span class='ocrx_word' id='word_1_108' title='bbox 581 1670 714 1747; x_wconf 84' lang='lat' dir='ltr'><strong>sita,</strong></span> <span class='ocrx_word' id='word_1_109' title='bbox 751 1665 1256 1746; x_wconf 88' lang='lat' dir='ltr'><strong>quemadmodum</strong></span> <span class='ocrx_word' id='word_1_110' title='bbox 1293 1665 1364 1725; x_wconf 91' lang='lat' dir='ltr'><strong>ad</strong></span> <span class='ocrx_word' id='word_1_111' title='bbox 1415 1665 1655 1742; x_wconf 84' lang='lat' dir='ltr'><strong>longum</strong></span> <span class='ocrx_word' id='word_1_112' title='bbox 1681 1663 1768 1742; x_wconf 89' lang='lat' dir='ltr'><strong>[in</strong></span> <span class='ocrx_word' id='word_1_113' title='bbox 1803 1665 1928 1740; x_wconf 88' lang='lat' dir='ltr'><strong>ipsa</strong></span> <span class='ocrx_word' id='word_1_114' title='bbox 1961 1661 2215 1736; x_wconf 85' lang='lat' dir='ltr'><strong>novella]</strong></span> 
     </span>
    </p>
   </div>
   <div class='ocr_carea' id='block_1_20' title="bbox 2312 536 2435 575">
    <p class='ocr_par' dir='ltr' id='par_1_20' title="bbox 2312 536 2435 575">
     <span class='ocr_line' id='line_1_20' title="bbox 2312 536 2435 575; baseline 0.008 -6"><span class='ocrx_word' id='word_1_115' title='bbox 2312 536 2435 575; x_wconf 86' lang='grc' dir='ltr'>σαν.</span> 
     </span>
    </p>
   </div>
   <div class='ocr_carea' id='block_1_21' title="bbox 2396 603 3882 692">
    <p class='ocr_par' dir='ltr' id='par_1_21' title="bbox 2396 603 3882 692">
     <span class='ocr_line' id='line_1_21' title="bbox 2396 603 3882 692; baseline 0.005 -33"><span class='ocrx_word' id='word_1_116' title='bbox 2396 605 2673 678; x_wconf 68' lang='grc' dir='ltr'>Κείμενον,</span> <span class='ocrx_word' id='word_1_117' title='bbox 2705 603 2938 692; x_wconf 83' lang='grc' dir='ltr'>Ὀμοίως</span> <span class='ocrx_word' id='word_1_118' title='bbox 2985 604 3190 681; x_wconf 82' lang='grc' dir='ltr'>βιϐλίον</span> <span class='ocrx_word' id='word_1_119' title='bbox 3225 607 3303 681; x_wconf 81' lang='grc' dir='ltr'>α’,</span> <span class='ocrx_word' id='word_1_120' title='bbox 3355 608 3457 668; x_wconf 90' lang='grc' dir='ltr'>τίτ.</span> <span class='ocrx_word' id='word_1_121' title='bbox 3512 606 3582 681; x_wconf 83' lang='grc' dir='ltr'><strong>α’,</strong></span> <span class='ocrx_word' id='word_1_122' title='bbox 3635 605 3752 672; x_wconf 72' lang='grc' dir='ltr'>ὃιάτ,</span> <span class='ocrx_word' id='word_1_123' title='bbox 3790 612 3882 692; x_wconf 80' lang='grc' dir='ltr'>μα’,</span> 
     </span>
    </p>
   </div>
   <div class='ocr_carea' id='block_1_22' title="bbox 2310 691 3793 774">
    <p class='ocr_par' dir='ltr' id='par_1_22' title="bbox 2310 691 3793 774">
     <span class='ocr_line' id='line_1_22' title="bbox 2310 691 3793 774; baseline 0.002 -25"><span class='ocrx_word' id='word_1_124' title='bbox 2310 692 2431 761; x_wconf 74' lang='grc' dir='ltr'>ἥτις</span> <span class='ocrx_word' id='word_1_125' title='bbox 2463 694 2616 773; x_wconf 75' lang='grc' dir='ltr'>φησὶ,</span> <span class='ocrx_word' id='word_1_126' title='bbox 2647 715 2702 752; x_wconf 82' lang='grc' dir='ltr'>κ.</span> <span class='ocrx_word' id='word_1_127' title='bbox 2740 715 2790 754; x_wconf 92' lang='grc' dir='ltr'>τ.</span> <span class='ocrx_word' id='word_1_128' title='bbox 2825 691 2906 769; x_wconf 83' lang='grc' dir='ltr'>λ.,</span> <span class='ocrx_word' id='word_1_129' title='bbox 2946 711 3136 774; x_wconf 78' lang='lat' dir='ltr'><strong>u8que</strong></span> <span class='ocrx_word' id='word_1_130' title='bbox 3164 694 3240 756; x_wconf 84' lang='lat' dir='ltr'><strong>ad</strong></span> <span class='ocrx_word' id='word_1_131' title='bbox 3272 694 3386 752; x_wconf 69' lang='grc' dir='ltr'>ἐπεὶ</span> <span class='ocrx_word' id='word_1_132' title='bbox 3415 693 3793 761; x_wconf 72' lang='grc' dir='ltr'>κινδυνεύουσιν,</span> 
     </span>
    </p>
   </div>
   <div class='ocr_carea' id='block_1_23' title="bbox 2391 861 3882 950">
    <p class='ocr_par' dir='ltr' id='par_1_23' title="bbox 2391 861 3882 950">
     <span class='ocr_line' id='line_1_23' title="bbox 2391 861 3882 950; baseline 0.003 -24"><span class='ocrx_word' id='word_1_133' title='bbox 2391 869 2645 950; x_wconf 85' lang='grc' dir='ltr'>Σχόλιον.</span> <span class='ocrx_word' id='word_1_134' title='bbox 2697 861 2758 928; x_wconf 69' lang='grc' dir='ltr'>Ἠ</span> <span class='ocrx_word' id='word_1_135' title='bbox 2821 871 2918 946; x_wconf 85' lang='grc' dir='ltr'>μα’</span> <span class='ocrx_word' id='word_1_136' title='bbox 2975 869 3118 933; x_wconf 78' lang='grc' dir='ltr'>διᾶτ.</span> <span class='ocrx_word' id='word_1_137' title='bbox 3171 879 3263 929; x_wconf 81' lang='grc' dir='ltr'>τοῦ</span> <span class='ocrx_word' id='word_1_138' title='bbox 3305 872 3357 950; x_wconf 82' lang='grc' dir='ltr'><strong>γ’</strong></span> <span class='ocrx_word' id='word_1_139' title='bbox 3410 874 3512 936; x_wconf 84' lang='grc' dir='ltr'>τίτ.</span> <span class='ocrx_word' id='word_1_140' title='bbox 3544 880 3629 930; x_wconf 79' lang='grc' dir='ltr'>τοῦ</span> <span class='ocrx_word' id='word_1_141' title='bbox 3656 874 3699 930; x_wconf 86' lang='grc' dir='ltr'>α’</span> <span class='ocrx_word' id='word_1_142' title='bbox 3727 873 3882 949; x_wconf 73' lang='grc' dir='ltr'>βιϐλίου</span> 
     </span>
    </p>
   </div>
   <div class='ocr_carea' id='block_1_24' title="bbox 2309 958 3880 1031">
    <p class='ocr_par' dir='ltr' id='par_1_24' title="bbox 2309 958 3880 1031">
     <span class='ocr_line' id='line_1_24' title="bbox 2309 958 3880 1031; baseline 0.003 -15"><span class='ocrx_word' id='word_1_143' title='bbox 2309 967 2402 1018; x_wconf 81' lang='grc' dir='ltr'>τοῦ</span> <span class='ocrx_word' id='word_1_144' title='bbox 2428 958 2655 1022; x_wconf 78' lang='grc' dir='ltr'>κώδικος</span> <span class='ocrx_word' id='word_1_145' title='bbox 2715 963 2810 1019; x_wconf 71' lang='grc' dir='ltr'><strong>οὐκ</strong></span> <span class='ocrx_word' id='word_1_146' title='bbox 2865 958 3022 1026; x_wconf 72' lang='grc' dir='ltr'>ἐτέθη</span> <span class='ocrx_word' id='word_1_147' title='bbox 3084 962 3158 1025; x_wconf 82' lang='grc' dir='ltr'><strong>εἰς</strong></span> <span class='ocrx_word' id='word_1_148' title='bbox 3202 963 3270 1017; x_wconf 81' lang='grc' dir='ltr'><strong>τὰ</strong></span> <span class='ocrx_word' id='word_1_149' title='bbox 3326 961 3604 1023; x_wconf 78' lang='grc' dir='ltr'>Βασιλικα.</span> <span class='ocrx_word' id='word_1_150' title='bbox 3636 960 3880 1031; x_wconf 61' lang='grc' dir='ltr'>Οὖδὲὴκδ</span> 
     </span>
    </p>
   </div>
   <div class='ocr_carea' id='block_1_25' title="bbox 2309 1046 3368 1126">
    <p class='ocr_par' dir='ltr' id='par_1_25' title="bbox 2309 1046 3368 1126">
     <span class='ocr_line' id='line_1_25' title="bbox 2309 1046 3368 1126; baseline 0.002 -22"><span class='ocrx_word' id='word_1_151' title='bbox 2309 1048 2448 1108; x_wconf 82' lang='grc' dir='ltr'>διάτ.</span> <span class='ocrx_word' id='word_1_152' title='bbox 2482 1056 2578 1106; x_wconf 80' lang='grc' dir='ltr'>τοῦ</span> <span class='ocrx_word' id='word_1_153' title='bbox 2605 1046 2658 1125; x_wconf 84' lang='grc' dir='ltr'>β’</span> <span class='ocrx_word' id='word_1_154' title='bbox 2689 1050 2793 1110; x_wconf 85' lang='grc' dir='ltr'>τίτ.</span> <span class='ocrx_word' id='word_1_155' title='bbox 2826 1054 2920 1106; x_wconf 83' lang='grc' dir='ltr'><strong>τοῦ</strong></span> <span class='ocrx_word' id='word_1_156' title='bbox 2951 1051 3110 1106; x_wconf 72' lang='grc' dir='ltr'>αὐτοῦ</span> <span class='ocrx_word' id='word_1_157' title='bbox 3135 1047 3368 1126; x_wconf 85' lang='grc' dir='ltr'>βιϐλίου,</span> 
     </span>
    </p>
   </div>
   <div class='ocr_carea' id='block_1_26' title="bbox 2392 1136 3878 1218">
    <p class='ocr_par' dir='ltr' id='par_1_26' title="bbox 2392 1136 3878 1218">
     <span class='ocr_line' id='line_1_26' title="bbox 2392 1136 3878 1218; baseline 0.002 -24"><span class='ocrx_word' id='word_1_158' title='bbox 2392 1139 2673 1212; x_wconf 84' lang='grc' dir='ltr'>Κείμενον.</span> <span class='ocrx_word' id='word_1_159' title='bbox 2747 1136 2836 1204; x_wconf 79' lang='grc' dir='ltr'><strong>Ἐξ</strong></span> <span class='ocrx_word' id='word_1_160' title='bbox 2920 1136 3188 1218; x_wconf 80' lang='grc' dir='ltr'>ἐπαρχίας</span> <span class='ocrx_word' id='word_1_161' title='bbox 3267 1139 3323 1196; x_wconf 77' lang='grc' dir='ltr'>ἰν</span> <span class='ocrx_word' id='word_1_162' title='bbox 3383 1142 3878 1199; x_wconf 75' lang='grc' dir='ltr'>Κωνσταντινουπόλιι</span> 
     </span>
    </p>
   </div>
   <div class='ocr_carea' id='block_1_27' title="bbox 2307 1228 3878 1310">
    <p class='ocr_par' dir='ltr' id='par_1_27' title="bbox 2307 1228 3878 1310">
     <span class='ocr_line' id='line_1_27' title="bbox 2307 1228 3878 1310; baseline 0.001 -26"><span class='ocrx_word' id='word_1_163' title='bbox 2307 1228 2682 1307; x_wconf 70' lang='grc' dir='ltr'>εὸρισκόμενος</span> <span class='ocrx_word' id='word_1_164' title='bbox 2727 1228 3044 1304; x_wconf 73' lang='grc' dir='ltr'>ἆπίσκοπος,</span> <span class='ocrx_word' id='word_1_165' title='bbox 3105 1252 3162 1292; x_wconf 87' lang='grc' dir='ltr'><strong>κ,</strong></span> <span class='ocrx_word' id='word_1_166' title='bbox 3223 1253 3278 1287; x_wconf 90' lang='grc' dir='ltr'>τ.</span> <span class='ocrx_word' id='word_1_167' title='bbox 3339 1228 3425 1310; x_wconf 86' lang='grc' dir='ltr'>λ.,</span> <span class='ocrx_word' id='word_1_168' title='bbox 3483 1247 3666 1310; x_wconf 82' lang='lat' dir='ltr'><strong>usque</strong></span> <span class='ocrx_word' id='word_1_169' title='bbox 3699 1231 3878 1292; x_wconf 73' lang='grc' dir='ltr'>ιάίδίω</span> 
     </span>
    </p>
   </div>
   <div class='ocr_carea' id='block_1_28' title="bbox 2307 1317 2927 1395">
    <p class='ocr_par' dir='ltr' id='par_1_28' title="bbox 2307 1317 2927 1395">
     <span class='ocr_line' id='line_1_28' title="bbox 2307 1317 2927 1395; baseline -0.002 -20"><span class='ocrx_word' id='word_1_170' title='bbox 2307 1319 2662 1395; x_wconf 84' lang='grc' dir='ltr'>μοναστηρίου</span> <span class='ocrx_word' id='word_1_171' title='bbox 2689 1317 2927 1380; x_wconf 77' lang='grc' dir='ltr'>ἕλκεται.</span> 
     </span>
    </p>
   </div>
   <div class='ocr_carea' id='block_1_29' title="bbox 2387 1405 3877 1488">
    <p class='ocr_par' dir='ltr' id='par_1_29' title="bbox 2387 1405 3877 1488">
     <span class='ocr_line' id='line_1_29' title="bbox 2387 1405 3877 1488; baseline 0.002 -26"><span class='ocrx_word' id='word_1_172' title='bbox 2387 1415 2425 1462; x_wconf 90' lang='grc' dir='ltr'>Σ</span> <span class='ocrx_word' id='word_1_173' title='bbox 2435 1407 2644 1487; x_wconf 50' lang='grc' dir='ltr'>λόλιον.</span> <span class='ocrx_word' id='word_1_174' title='bbox 2709 1405 2846 1464; x_wconf 82' lang='grc' dir='ltr'>Ἀπὸ</span> <span class='ocrx_word' id='word_1_175' title='bbox 2889 1417 2984 1466; x_wconf 80' lang='grc' dir='ltr'>τοῦ</span> <span class='ocrx_word' id='word_1_176' title='bbox 3043 1409 3304 1486; x_wconf 84' lang='grc' dir='ltr'>παρόντος</span> <span class='ocrx_word' id='word_1_177' title='bbox 3367 1411 3571 1487; x_wconf 82' lang='grc' dir='ltr'>χωρίου</span> <span class='ocrx_word' id='word_1_178' title='bbox 3623 1407 3877 1488; x_wconf 79' lang='grc' dir='ltr'>ἄρχεταιῆ</span> 
     </span>
    </p>
   </div>
   <div class='ocr_carea' id='block_1_30' title="bbox 2307 1495 3878 1576">
    <p class='ocr_par' dir='ltr' id='par_1_30' title="bbox 2307 1495 3878 1576">
     <span class='ocr_line' id='line_1_30' title="bbox 2307 1495 3878 1576; baseline 0.006 -31"><span class='ocrx_word' id='word_1_179' title='bbox 2307 1498 2428 1576; x_wconf 76' lang='grc' dir='ltr'><strong>ρκγ¹</strong></span> <span class='ocrx_word' id='word_1_180' title='bbox 2488 1499 2648 1575; x_wconf 86' lang='grc' dir='ltr'>νεαρὰ</span> <span class='ocrx_word' id='word_1_181' title='bbox 2702 1497 2928 1574; x_wconf 74' lang='grc' dir='ltr'>κειμένη</span> <span class='ocrx_word' id='word_1_182' title='bbox 2985 1497 3039 1554; x_wconf 74' lang='grc' dir='ltr'>ἐν</span> <span class='ocrx_word' id='word_1_183' title='bbox 3101 1495 3292 1573; x_wconf 85' lang='grc' dir='ltr'>βιϐλίῳ</span> <span class='ocrx_word' id='word_1_184' title='bbox 3354 1503 3463 1552; x_wconf 80' lang='grc' dir='ltr'><strong>τῶν</strong></span> <span class='ocrx_word' id='word_1_185' title='bbox 3518 1497 3786 1554; x_wconf 79' lang='grc' dir='ltr'>Βασιλικῶν</span> <span class='ocrx_word' id='word_1_186' title='bbox 3826 1499 3878 1574; x_wconf 80' lang='grc' dir='ltr'>γ’,</span> 
     </span>
    </p>
   </div>
   <div class='ocr_carea' id='block_1_31' title="bbox 2303 1583 3877 1666">
    <p class='ocr_par' dir='ltr' id='par_1_31' title="bbox 2303 1583 3877 1666">
     <span class='ocr_line' id='line_1_31' title="bbox 2303 1583 3877 1666; baseline -0.001 -25"><span class='ocrx_word' id='word_1_187' title='bbox 2303 1585 2409 1647; x_wconf 83' lang='grc' dir='ltr'>τίτ.</span> <span class='ocrx_word' id='word_1_188' title='bbox 2445 1583 2520 1656; x_wconf 75' lang='grc' dir='ltr'><strong>α’,</strong></span> <span class='ocrx_word' id='word_1_189' title='bbox 2572 1607 2696 1666; x_wconf 63' lang='grc' dir='ltr'>χείρ,</span> <span class='ocrx_word' id='word_1_190' title='bbox 2745 1585 2834 1660; x_wconf 77' lang='grc' dir='ltr'>μζ²</span> <span class='ocrx_word' id='word_1_191' title='bbox 2888 1585 3010 1665; x_wconf 85' lang='grc' dir='ltr'>μη’,</span> <span class='ocrx_word' id='word_1_192' title='bbox 3048 1585 3162 1661; x_wconf 82' lang='grc' dir='ltr'>μθ’,</span> <span class='ocrx_word' id='word_1_193' title='bbox 3202 1592 3268 1659; x_wconf 86' lang='grc' dir='ltr'>ν’,</span> <span class='ocrx_word' id='word_1_194' title='bbox 3306 1583 3418 1661; x_wconf 81' lang='grc' dir='ltr'>να’,</span> <span class='ocrx_word' id='word_1_195' title='bbox 3450 1586 3556 1662; x_wconf 81' lang='grc' dir='ltr'>νβ’,</span> <span class='ocrx_word' id='word_1_196' title='bbox 3589 1589 3668 1643; x_wconf 80' lang='grc' dir='ltr'>καὶ</span> <span class='ocrx_word' id='word_1_197' title='bbox 3697 1586 3788 1666; x_wconf 82' lang='grc' dir='ltr'>νγ’,</span> <span class='ocrx_word' id='word_1_198' title='bbox 3815 1588 3877 1642; x_wconf 74' lang='grc' dir='ltr'><strong>καί</strong></span> 
     </span>
    </p>
   </div>
   <div class='ocr_carea' id='block_1_32' title="bbox 2305 1674 3878 1756">
    <p class='ocr_par' dir='ltr' id='par_1_32' title="bbox 2305 1674 3878 1756">
     <span class='ocr_line' id='line_1_32' title="bbox 2305 1674 3878 1756; baseline 0.001 -27"><span class='ocrx_word' id='word_1_199' title='bbox 2305 1674 2493 1752; x_wconf 76' lang='grc' dir='ltr'>ἔχουσι</span> <span class='ocrx_word' id='word_1_200' title='bbox 2517 1676 2584 1731; x_wconf 84' lang='grc' dir='ltr'><strong>τὰ</strong></span> <span class='ocrx_word' id='word_1_201' title='bbox 2612 1675 3036 1754; x_wconf 78' lang='grc' dir='ltr'>συνωψισθὲντα,</span> <span class='ocrx_word' id='word_1_202' title='bbox 3069 1677 3140 1742; x_wconf 83' lang='grc' dir='ltr'><strong>ὡς</strong></span> <span class='ocrx_word' id='word_1_203' title='bbox 3161 1679 3214 1731; x_wconf 70' lang='lat' dir='ltr'><strong>&#39;Iv</strong></span> <span class='ocrx_word' id='word_1_204' title='bbox 3245 1679 3324 1748; x_wconf 85' lang='grc' dir='ltr'>τῷ</span> <span class='ocrx_word' id='word_1_205' title='bbox 3355 1675 3545 1732; x_wconf 78' lang='grc' dir='ltr'>πλάτει</span> <span class='ocrx_word' id='word_1_206' title='bbox 3575 1675 3878 1756; x_wconf 68' lang='grc' dir='ltr'>περιέχονται,</span> 
     </span>
    </p>
   </div>
   <div class='ocr_carea' id='block_1_33' title="bbox 581 1750 2210 1846">
    <p class='ocr_par' dir='ltr' id='par_1_33' title="bbox 581 1750 2210 1846">
     <span class='ocr_line' id='line_1_33' title="bbox 581 1750 2210 1846; baseline -0.006 -30"><span class='ocrx_word' id='word_1_207' title='bbox 581 1753 1458 1846; x_wconf 78' lang='lat' dir='ltr'><strong>comprehenduntur,habent</strong></span> <span class='ocrx_word' id='word_1_208' title='bbox 1512 1763 1740 1846; x_wconf 47' lang='lat' dir='ltr'><strong>{atque</strong></span> <span class='ocrx_word' id='word_1_209' title='bbox 1793 1751 1892 1846; x_wconf 78' lang='lat' dir='ltr'><strong>illa</strong></span> <span class='ocrx_word' id='word_1_210' title='bbox 1917 1750 2210 1846; x_wconf 66' lang='lat' dir='ltr'><strong>_[quitlem]</strong></span> 
     </span>
    </p>
   </div>
   <div class='ocr_carea' id='block_1_34' title="bbox 2296 1750 3880 1846">
    <p class='ocr_par' dir='ltr' id='par_1_34' title="bbox 2310 1750 3880 1846">
     <span class='ocr_line' id='line_1_34' title="bbox 2310 1750 3880 1846; baseline 0.001 -26"><span class='ocrx_word' id='word_1_211' title='bbox 2310 1764 2415 1820; x_wconf 75' lang='grc' dir='ltr'>Καί</span> <span class='ocrx_word' id='word_1_212' title='bbox 2472 1764 2735 1842; x_wconf 78' lang='grc' dir='ltr'>ἀνάγνωθι</span> <span class='ocrx_word' id='word_1_213' title='bbox 2780 1771 2967 1826; x_wconf 82' lang='grc' dir='ltr'>ταῦτα.</span> <span class='ocrx_word' id='word_1_214' title='bbox 3033 1766 3103 1822; x_wconf 84' lang='grc' dir='ltr'><strong>Τὸ</strong></span> <span class='ocrx_word' id='word_1_215' title='bbox 3159 1763 3214 1820; x_wconf 80' lang='grc' dir='ltr'>δὲ</span> <span class='ocrx_word' id='word_1_216' title='bbox 3272 1764 3565 1823; x_wconf 77' lang='grc' dir='ltr'>ἐπίσκοπον</span> <span class='ocrx_word' id='word_1_217' title='bbox 3815 1788 3880 1821; x_wconf 79' lang='lat' dir='ltr'><strong>u-</strong></span> 
     </span>
    </p>
   </div>
   <div class='ocr_carea' id='block_1_35' title="bbox 581 1840 2219 1923">
    <p class='ocr_par' dir='ltr' id='par_1_35' title="bbox 581 1840 2219 1923">
     <span class='ocr_line' id='line_1_35' title="bbox 581 1840 2219 1923; baseline -0.005 -17"><span class='ocrx_word' id='word_1_218' title='bbox 581 1846 737 1922; x_wconf 83' lang='lat' dir='ltr'><strong>lege.</strong></span> <span class='ocrx_word' id='word_1_219' title='bbox 767 1843 935 1917; x_wconf 89' lang='lat' dir='ltr'><strong>Quod</strong></span> <span class='ocrx_word' id='word_1_220' title='bbox 967 1861 1106 1905; x_wconf 91' lang='lat' dir='ltr'><strong>vero</strong></span> <span class='ocrx_word' id='word_1_221' title='bbox 1138 1843 1455 1923; x_wconf 89' lang='lat' dir='ltr'><strong>episcopus</strong></span> <span class='ocrx_word' id='word_1_222' title='bbox 1479 1842 1631 1902; x_wconf 87' lang='lat' dir='ltr'><strong>citra</strong></span> <span class='ocrx_word' id='word_1_223' title='bbox 1657 1840 2219 1920; x_wconf 80' lang='lat' dir='ltr'><strong>imperialejussuin</strong></span> 
     </span>
    </p>
   </div>
   <div class='ocr_carea' id='block_1_36' title="bbox 580 1927 2216 2012">
    <p class='ocr_par' dir='ltr' id='par_1_36' title="bbox 580 1927 2216 2012">
     <span class='ocr_line' id='line_1_36' title="bbox 580 1927 2216 2012; baseline -0.006 -17"><span class='ocrx_word' id='word_1_224' title='bbox 580 1954 699 1995; x_wconf 92' lang='lat' dir='ltr'><strong>non</strong></span> <span class='ocrx_word' id='word_1_225' title='bbox 733 1934 1010 2009; x_wconf 85' lang='lat' dir='ltr'><strong>ducatur,</strong></span> <span class='ocrx_word' id='word_1_226' title='bbox 1043 1933 1135 1994; x_wconf 77' lang='lat' dir='ltr'><strong>vel</strong></span> <span class='ocrx_word' id='word_1_227' title='bbox 1163 1932 1696 2012; x_wconf 88' lang='lat' dir='ltr'><strong>sistatur,positum</strong></span> <span class='ocrx_word' id='word_1_228' title='bbox 1726 1939 1812 1992; x_wconf 86' lang='lat' dir='ltr'><strong>est</strong></span> <span class='ocrx_word' id='word_1_229' title='bbox 1837 1929 1894 1989; x_wconf 91' lang='lat' dir='ltr'><strong>in</strong></span> <span class='ocrx_word' id='word_1_230' title='bbox 1921 1927 2216 1990; x_wconf 85' lang='lat' dir='ltr'><strong>lib.Basil.</strong></span> 
     </span>
    </p>
   </div>
   <div class='ocr_carea' id='block_1_37' title="bbox 578 2016 2220 2104">
    <p class='ocr_par' dir='ltr' id='par_1_37' title="bbox 578 2016 2220 2104">
     <span class='ocr_line' id='line_1_37' title="bbox 578 2016 2220 2104; baseline -0.004 -19"><span class='ocrx_word' id='word_1_231' title='bbox 578 2023 764 2100; x_wconf 85' lang='lat' dir='ltr'><strong>m,tit.</strong></span> <span class='ocrx_word' id='word_1_232' title='bbox 786 2029 811 2084; x_wconf 79' lang='grc'><strong>4</strong></span> <span class='ocrx_word' id='word_1_233' title='bbox 831 2073 846 2098; x_wconf 90' lang='grc'><strong>,</strong></span> <span class='ocrx_word' id='word_1_234' title='bbox 881 2041 1014 2104; x_wconf 88' lang='lat' dir='ltr'><strong>cap.</strong></span> <span class='ocrx_word' id='word_1_235' title='bbox 1043 2023 1143 2096; x_wconf 86' lang='lat'><strong>17,</strong></span> <span class='ocrx_word' id='word_1_236' title='bbox 1170 2022 1327 2103; x_wconf 91' lang='lat' dir='ltr'><strong>quod</strong></span> <span class='ocrx_word' id='word_1_237' title='bbox 1353 2023 1441 2082; x_wconf 88' lang='lat' dir='ltr'><strong>sic</strong></span> <span class='ocrx_word' id='word_1_238' title='bbox 1465 2019 1740 2093; x_wconf 85' lang='lat' dir='ltr'><strong>habet,ut</strong></span> <span class='ocrx_word' id='word_1_239' title='bbox 1767 2019 1826 2080; x_wconf 92' lang='lat' dir='ltr'><strong>in</strong></span> <span class='ocrx_word' id='word_1_240' title='bbox 1860 2016 2220 2096; x_wconf 86' lang='lat' dir='ltr'><strong>compendio</strong></span> 
     </span>
    </p>
   </div>
   <div class='ocr_carea' id='block_1_38' title="bbox 577 2105 2218 2194">
    <p class='ocr_par' dir='ltr' id='par_1_38' title="bbox 577 2105 2218 2194">
     <span class='ocr_line' id='line_1_38' title="bbox 577 2105 2218 2194; baseline -0.004 -20"><span class='ocrx_word' id='word_1_241' title='bbox 577 2114 948 2194; x_wconf 90' lang='lat' dir='ltr'><strong>propositum</strong></span> <span class='ocrx_word' id='word_1_242' title='bbox 977 2120 1088 2177; x_wconf 79' lang='lat' dir='ltr'><strong>est.</strong></span> <span class='ocrx_word' id='word_1_243' title='bbox 1113 2111 1362 2175; x_wconf 88' lang='lat' dir='ltr'><strong>Constit.</strong></span> <span class='ocrx_word' id='word_1_244' title='bbox 1393 2117 1590 2171; x_wconf 90' lang='lat' dir='ltr'><strong>autem</strong></span> <span class='ocrx_word' id='word_1_245' title='bbox 1631 2109 1722 2183; x_wconf 79' lang='grc' dir='ltr'>Π,</span> <span class='ocrx_word' id='word_1_246' title='bbox 1751 2108 1842 2168; x_wconf 90' lang='lat' dir='ltr'><strong>tit.</strong></span> <span class='ocrx_word' id='word_1_247' title='bbox 1885 2116 1903 2168; x_wconf 89' lang='lat'><strong>1</strong></span> <span class='ocrx_word' id='word_1_248' title='bbox 1943 2105 2218 2167; x_wconf 85' lang='lat' dir='ltr'><strong>Novella-</strong></span> 
     </span>
    </p>
   </div>
   <div class='ocr_carea' id='block_1_39' title="bbox 574 2197 2213 2277">
    <p class='ocr_par' dir='ltr' id='par_1_39' title="bbox 574 2197 2213 2277">
     <span class='ocr_line' id='line_1_39' title="bbox 574 2197 2213 2277; baseline -0.005 -13"><span class='ocrx_word' id='word_1_249' title='bbox 574 2221 706 2264; x_wconf 89' lang='lat' dir='ltr'><strong>rum</strong></span> <span class='ocrx_word' id='word_1_250' title='bbox 743 2212 833 2265; x_wconf 91' lang='lat' dir='ltr'><strong>est</strong></span> <span class='ocrx_word' id='word_1_251' title='bbox 891 2202 1124 2267; x_wconf 89' lang='lat' dir='ltr'><strong>novella</strong></span> <span class='ocrx_word' id='word_1_252' title='bbox 1183 2199 1508 2262; x_wconf 73' lang='lat' dir='ltr'><strong>Iustiniani</strong></span> <span class='ocrx_word' id='word_1_253' title='bbox 1572 2198 1710 2273; x_wconf 78' lang='lat'><strong>131,</strong></span> <span class='ocrx_word' id='word_1_254' title='bbox 1746 2197 2074 2277; x_wconf 76' lang='lat' dir='ltr'><strong>positalque</strong></span> <span class='ocrx_word' id='word_1_255' title='bbox 2103 2197 2213 2273; x_wconf 89' lang='lat' dir='ltr'><strong>est]</strong></span> 
     </span>
    </p>
   </div>
   <div class='ocr_carea' id='block_1_40' title="bbox 575 2285 2214 2371">
    <p class='ocr_par' dir='ltr' id='par_1_40' title="bbox 575 2285 2214 2371">
     <span class='ocr_line' id='line_1_40' title="bbox 575 2285 2214 2371; baseline -0.004 -19"><span class='ocrx_word' id='word_1_256' title='bbox 575 2292 637 2354; x_wconf 94' lang='lat' dir='ltr'><strong>in</strong></span> <span class='ocrx_word' id='word_1_257' title='bbox 658 2293 762 2357; x_wconf 91' lang='lat' dir='ltr'><strong>lib.</strong></span> <span class='ocrx_word' id='word_1_258' title='bbox 791 2293 1048 2356; x_wconf 80' lang='lat' dir='ltr'><strong>mBasil.</strong></span> <span class='ocrx_word' id='word_1_259' title='bbox 1077 2291 1168 2356; x_wconf 94' lang='lat' dir='ltr'><strong>tit.</strong></span> <span class='ocrx_word' id='word_1_260' title='bbox 1210 2298 1234 2353; x_wconf 89' lang='lat'><strong>1</strong></span> <span class='ocrx_word' id='word_1_261' title='bbox 1273 2309 1406 2371; x_wconf 92' lang='lat' dir='ltr'><strong>cap.</strong></span> <span class='ocrx_word' id='word_1_262' title='bbox 1442 2291 1544 2364; x_wconf 68' lang='lat'><strong>90,</strong></span> <span class='ocrx_word' id='word_1_263' title='bbox 1571 2287 1730 2368; x_wconf 91' lang='lat' dir='ltr'><strong>quod</strong></span> <span class='ocrx_word' id='word_1_264' title='bbox 1763 2289 1924 2349; x_wconf 91' lang='lat' dir='ltr'><strong>circa</strong></span> <span class='ocrx_word' id='word_1_265' title='bbox 1953 2285 2214 2347; x_wconf 91' lang='lat' dir='ltr'><strong>medium</strong></span> 
     </span>
    </p>
   </div>
   <div class='ocr_carea' id='block_1_41' title="bbox 573 2379 2209 2464">
    <p class='ocr_par' dir='ltr' id='par_1_41' title="bbox 573 2379 2209 2464">
     <span class='ocr_line' id='line_1_41' title="bbox 573 2379 2209 2464; baseline -0.005 -22"><span class='ocrx_word' id='word_1_266' title='bbox 573 2383 660 2443; x_wconf 89' lang='lat' dir='ltr'><strong>ita</strong></span> <span class='ocrx_word' id='word_1_267' title='bbox 688 2383 890 2458; x_wconf 83' lang='lat' dir='ltr'><strong>habet,</strong></span> <span class='ocrx_word' id='word_1_268' title='bbox 928 2380 1436 2464; x_wconf 87' lang='lat' dir='ltr'><strong>quemadmodum</strong></span> <span class='ocrx_word' id='word_1_269' title='bbox 1473 2380 1534 2440; x_wconf 90' lang='lat' dir='ltr'><strong>in</strong></span> <span class='ocrx_word' id='word_1_270' title='bbox 1568 2386 1728 2440; x_wconf 79' lang='lat' dir='ltr'><strong>textu</strong></span> <span class='ocrx_word' id='word_1_271' title='bbox 1778 2379 2064 2458; x_wconf 90' lang='lat' dir='ltr'><strong>scriptum</strong></span> <span class='ocrx_word' id='word_1_272' title='bbox 2098 2383 2209 2436; x_wconf 90' lang='lat' dir='ltr'><strong>est.</strong></span> 
     </span>
    </p>
   </div>
   <div class='ocr_carea' id='block_1_42' title="bbox 573 2467 2209 2552">
    <p class='ocr_par' dir='ltr' id='par_1_42' title="bbox 573 2467 2209 2552">
     <span class='ocr_line' id='line_1_42' title="bbox 573 2467 2209 2552; baseline -0.006 -17"><span class='ocrx_word' id='word_1_273' title='bbox 573 2472 820 2535; x_wconf 90' lang='lat' dir='ltr'><strong>Novella</strong></span> <span class='ocrx_word' id='word_1_274' title='bbox 859 2473 966 2534; x_wconf 73' lang='lat'>134</span> <span class='ocrx_word' id='word_1_275' title='bbox 999 2472 1188 2552; x_wconf 88' lang='lat' dir='ltr'><strong>posita</strong></span> <span class='ocrx_word' id='word_1_276' title='bbox 1220 2479 1308 2532; x_wconf 90' lang='lat' dir='ltr'><strong>est</strong></span> <span class='ocrx_word' id='word_1_277' title='bbox 1337 2468 1398 2529; x_wconf 91' lang='lat' dir='ltr'><strong>in</strong></span> <span class='ocrx_word' id='word_1_278' title='bbox 1432 2468 1540 2532; x_wconf 89' lang='lat' dir='ltr'><strong>lib.</strong></span> <span class='ocrx_word' id='word_1_279' title='bbox 1575 2485 1652 2541; x_wconf 76' lang='lat' dir='ltr'><strong>vr,</strong></span> <span class='ocrx_word' id='word_1_280' title='bbox 1707 2467 1793 2528; x_wconf 90' lang='lat' dir='ltr'><strong>tit.</strong></span> <span class='ocrx_word' id='word_1_281' title='bbox 1850 2468 1949 2541; x_wconf 80' lang='lat'><strong>19,</strong></span> <span class='ocrx_word' id='word_1_282' title='bbox 1981 2484 2114 2544; x_wconf 87' lang='lat' dir='ltr'><strong>cap.</strong></span> <span class='ocrx_word' id='word_1_283' title='bbox 2146 2469 2209 2539; x_wconf 92' lang='lat'><strong>9,</strong></span> 
     </span>
    </p>
   </div>
   <div class='ocr_carea' id='block_1_43' title="bbox 576 2554 2210 2636">
    <p class='ocr_par' dir='ltr' id='par_1_43' title="bbox 576 2554 2210 2636">
     <span class='ocr_line' id='line_1_43' title="bbox 576 2554 2210 2636; baseline -0.006 -14"><span class='ocrx_word' id='word_1_284' title='bbox 576 2562 841 2622; x_wconf 88' lang='lat' dir='ltr'><strong>themate</strong></span> <span class='ocrx_word' id='word_1_285' title='bbox 874 2564 935 2624; x_wconf 87' lang='lat'><strong>5.</strong></span> <span class='ocrx_word' id='word_1_286' title='bbox 970 2561 1124 2622; x_wconf 88' lang='lat' dir='ltr'><strong>Dicit</strong></span> <span class='ocrx_word' id='word_1_287' title='bbox 1153 2568 1352 2622; x_wconf 91' lang='lat' dir='ltr'><strong>autem</strong></span> <span class='ocrx_word' id='word_1_288' title='bbox 1387 2558 1422 2619; x_wconf 93' lang='lat'>8</span> <span class='ocrx_word' id='word_1_289' title='bbox 1454 2557 1632 2636; x_wconf 87' lang='lat' dir='ltr'><strong>hujus</strong></span> <span class='ocrx_word' id='word_1_290' title='bbox 1672 2575 1803 2636; x_wconf 79' lang='lat' dir='ltr'><strong>cap.</strong></span> <span class='ocrx_word' id='word_1_291' title='bbox 1840 2555 1919 2616; x_wconf 84' lang='lat' dir='ltr'><strong>ita</strong></span> <span class='ocrx_word' id='word_1_292' title='bbox 1965 2554 2035 2615; x_wconf 88' lang='lat' dir='ltr'><strong>ad</strong></span> <span class='ocrx_word' id='word_1_293' title='bbox 2071 2573 2210 2614; x_wconf 80' lang='lat' dir='ltr'><strong>ver-</strong></span> 
     </span>
    </p>
   </div>
   <div class='ocr_carea' id='block_1_44' title="bbox 574 2643 2210 2729">
    <p class='ocr_par' dir='ltr' id='par_1_44' title="bbox 574 2643 2210 2729">
     <span class='ocr_line' id='line_1_44' title="bbox 574 2643 2210 2729; baseline -0.004 -18"><span class='ocrx_word' id='word_1_294' title='bbox 574 2649 716 2711; x_wconf 91' lang='lat' dir='ltr'><strong>bum</strong></span> <span class='ocrx_word' id='word_1_295' title='bbox 761 2667 774 2712; x_wconf 91' lang='lat'>:</span> <span class='ocrx_word' id='word_1_296' title='bbox 835 2649 1215 2712; x_wconf 78' lang='lat' dir='ltr'><strong>Monastriam</strong></span> <span class='ocrx_word' id='word_1_297' title='bbox 1271 2649 1468 2729; x_wconf 87' lang='lat' dir='ltr'><strong>plane,</strong></span> <span class='ocrx_word' id='word_1_298' title='bbox 1523 2653 1626 2708; x_wconf 90' lang='lat' dir='ltr'><strong>aut</strong></span> <span class='ocrx_word' id='word_1_299' title='bbox 1655 2643 1994 2718; x_wconf 87' lang='lat' dir='ltr'><strong>ascetriam,</strong></span> <span class='ocrx_word' id='word_1_300' title='bbox 2046 2644 2210 2705; x_wconf 91' lang='lat' dir='ltr'><strong>nullo</strong></span> 
     </span>
    </p>
   </div>
   <div class='ocr_carea' id='block_1_45' title="bbox 572 2734 2210 2818">
    <p class='ocr_par' dir='ltr' id='par_1_45' title="bbox 572 2734 2210 2818">
     <span class='ocr_line' id='line_1_45' title="bbox 572 2734 2210 2818; baseline -0.004 -17"><span class='ocrx_word' id='word_1_301' title='bbox 572 2740 828 2803; x_wconf 88' lang='lat' dir='ltr'><strong>actionis</strong></span> <span class='ocrx_word' id='word_1_302' title='bbox 881 2758 1106 2818; x_wconf 77' lang='lat' dir='ltr'><strong>genere</strong></span> <span class='ocrx_word' id='word_1_303' title='bbox 1162 2757 1195 2799; x_wconf 86' lang='grc' dir='ltr'><strong>ο</strong></span> <span class='ocrx_word' id='word_1_304' title='bbox 1254 2739 1376 2801; x_wconf 89' lang='lat' dir='ltr'><strong>suis</strong></span> <span class='ocrx_word' id='word_1_305' title='bbox 1407 2736 1668 2799; x_wconf 84' lang='lat' dir='ltr'><strong>abstrahi</strong></span> <span class='ocrx_word' id='word_1_306' title='bbox 1703 2734 2082 2796; x_wconf 88' lang='lat' dir='ltr'><strong>monasteriis</strong></span> <span class='ocrx_word' id='word_1_307' title='bbox 2111 2740 2210 2794; x_wconf 90' lang='lat' dir='ltr'><strong>aut</strong></span> 
     </span>
    </p>
   </div>
   <div class='ocr_carea' id='block_1_46' title="bbox 570 2828 1331 2894">
    <p class='ocr_par' dir='ltr' id='par_1_46' title="bbox 570 2828 1331 2894">
     <span class='ocr_line' id='line_1_46' title="bbox 570 2828 1331 2894; baseline -0.005 -3"><span class='ocrx_word' id='word_1_308' title='bbox 570 2830 884 2894; x_wconf 88' lang='lat' dir='ltr'><strong>asceteriis</strong></span> <span class='ocrx_word' id='word_1_309' title='bbox 915 2828 1331 2892; x_wconf 87' lang='lat' dir='ltr'><strong>concedimus.</strong></span> 
     </span>
    </p>
   </div>
   <div class='ocr_carea' id='block_1_47' title="bbox 654 2915 2214 2996">
    <p class='ocr_par' dir='ltr' id='par_1_47' title="bbox 654 2915 2214 2996">
     <span class='ocr_line' id='line_1_47' title="bbox 654 2915 2214 2996; baseline -0.006 -13"><span class='ocrx_word' id='word_1_310' title='bbox 654 2919 820 2983; x_wconf 83' lang='lat' dir='ltr'><strong>CAP.</strong></span> <span class='ocrx_word' id='word_1_311' title='bbox 868 2920 942 2983; x_wconf 87' lang='lat' dir='ltr'><strong>Il.</strong></span> <span class='ocrx_word' id='word_1_312' title='bbox 980 2955 1051 2965; x_wconf 92' lang='lat'><strong><em>—</em></strong></span> <span class='ocrx_word' id='word_1_313' title='bbox 1088 2920 1247 2994; x_wconf 80' lang='lat' dir='ltr'><strong>Quot</strong></span> <span class='ocrx_word' id='word_1_314' title='bbox 1297 2925 1352 2981; x_wconf 87' lang='lat' dir='ltr'><strong>et</strong></span> <span class='ocrx_word' id='word_1_315' title='bbox 1405 2918 1510 2996; x_wconf 77' lang='lat' dir='ltr'><strong>qui</strong></span> <span class='ocrx_word' id='word_1_316' title='bbox 1570 2915 1860 2978; x_wconf 77' lang='lat' dir='ltr'><strong>adversus</strong></span> <span class='ocrx_word' id='word_1_317' title='bbox 1911 2915 2214 2994; x_wconf 70' lang='lat' dir='ltr'><strong>episcopos</strong></span> 
     </span>
    </p>
   </div>
   <div class='ocr_carea' id='block_1_48' title="bbox 574 3007 1664 3074">
    <p class='ocr_par' dir='ltr' id='par_1_48' title="bbox 574 3007 1664 3074">
     <span class='ocr_line' id='line_1_48' title="bbox 574 3007 1664 3074; baseline -0.006 -1"><span class='ocrx_word' id='word_1_318' title='bbox 574 3019 686 3073; x_wconf 76' lang='lat' dir='ltr'><strong>aut</strong></span> <span class='ocrx_word' id='word_1_319' title='bbox 718 3009 961 3074; x_wconf 76' lang='lat' dir='ltr'><strong>clericos</strong></span> <span class='ocrx_word' id='word_1_320' title='bbox 993 3008 1405 3072; x_wconf 78' lang='lat' dir='ltr'><strong>testimonium</strong></span> <span class='ocrx_word' id='word_1_321' title='bbox 1434 3007 1664 3068; x_wconf 78' lang='lat' dir='ltr'><strong>dicant.</strong></span> 
     </span>
    </p>
   </div>
   <div class='ocr_carea' id='block_1_49' title="bbox 651 3092 2206 3180">
    <p class='ocr_par' dir='ltr' id='par_1_49' title="bbox 651 3092 2206 3180">
     <span class='ocr_line' id='line_1_49' title="bbox 651 3092 2206 3180; baseline -0.005 -18"><span class='ocrx_word' id='word_1_322' title='bbox 651 3101 1072 3180; x_wconf 88' lang='lat' dir='ltr'><strong>Apostolorum</strong></span> <span class='ocrx_word' id='word_1_323' title='bbox 1105 3116 1297 3160; x_wconf 89' lang='lat' dir='ltr'><strong>canon</strong></span> <span class='ocrx_word' id='word_1_324' title='bbox 1333 3096 1409 3156; x_wconf 82' lang='lat'>75</span> <span class='ocrx_word' id='word_1_325' title='bbox 1437 3116 1452 3172; x_wconf 89' lang='lat'><strong>;</strong></span> <span class='ocrx_word' id='word_1_326' title='bbox 1482 3094 1722 3157; x_wconf 89' lang='lat' dir='ltr'><strong>concilii</strong></span> <span class='ocrx_word' id='word_1_327' title='bbox 1751 3092 2206 3157; x_wconf 88' lang='lat' dir='ltr'><strong>Chalcedonen-</strong></span> 
     </span>
    </p>
   </div>
   <div class='ocr_carea' id='block_1_50' title="bbox 2305 1851 3880 1934">
    <p class='ocr_par' dir='ltr' id='par_1_50' title="bbox 2305 1851 3880 1934">
     <span class='ocr_line' id='line_1_50' title="bbox 2305 1851 3880 1934; baseline 0.001 -26"><span class='ocrx_word' id='word_1_328' title='bbox 2305 1851 2537 1919; x_wconf 80' lang='grc' dir='ltr'>λεύσεως</span> <span class='ocrx_word' id='word_1_329' title='bbox 2616 1852 2906 1929; x_wconf 77' lang='grc' dir='ltr'>βασιλικῆς</span> <span class='ocrx_word' id='word_1_330' title='bbox 2966 1853 3046 1930; x_wconf 77' lang='grc' dir='ltr'><strong>μὴ</strong></span> <span class='ocrx_word' id='word_1_331' title='bbox 3105 1851 3401 1932; x_wconf 80' lang='grc' dir='ltr'>διάγεσθαι,</span> <span class='ocrx_word' id='word_1_332' title='bbox 3467 1855 3502 1922; x_wconf 79' lang='grc' dir='ltr'><strong>ἢ</strong></span> <span class='ocrx_word' id='word_1_333' title='bbox 3575 1858 3880 1934; x_wconf 66' lang='grc' dir='ltr'><strong>παρίστασθαι,</strong></span> 
     </span>
    </p>
   </div>
   <div class='ocr_carea' id='block_1_51' title="bbox 2303 1941 3879 2025">
    <p class='ocr_par' dir='ltr' id='par_1_51' title="bbox 2303 1941 3879 2025">
     <span class='ocr_line' id='line_1_51' title="bbox 2303 1941 3879 2025; baseline 0 -27"><span class='ocrx_word' id='word_1_334' title='bbox 2303 1956 2483 1999; x_wconf 76' lang='grc' dir='ltr'>κεῖται</span> <span class='ocrx_word' id='word_1_335' title='bbox 2544 1943 2600 1998; x_wconf 70' lang='grc' dir='ltr'>ἐν</span> <span class='ocrx_word' id='word_1_336' title='bbox 2651 1941 2841 2019; x_wconf 84' lang='grc' dir='ltr'>βιϐλίῳ</span> <span class='ocrx_word' id='word_1_337' title='bbox 2885 1942 2937 2021; x_wconf 88' lang='grc' dir='ltr'><strong>γ’</strong></span> <span class='ocrx_word' id='word_1_338' title='bbox 2987 1949 3094 2025; x_wconf 78' lang='grc' dir='ltr'><strong>τῷν</strong></span> <span class='ocrx_word' id='word_1_339' title='bbox 3144 1943 3452 2002; x_wconf 81' lang='grc' dir='ltr'>Βασιλικῶν</span> <span class='ocrx_word' id='word_1_340' title='bbox 3481 1946 3584 2007; x_wconf 85' lang='grc' dir='ltr'>τίτ.</span> <span class='ocrx_word' id='word_1_341' title='bbox 3611 1945 3683 2025; x_wconf 82' lang='grc' dir='ltr'><strong>α’,</strong></span> <span class='ocrx_word' id='word_1_342' title='bbox 3710 1955 3879 2025; x_wconf 67' lang='grc' dir='ltr'>κεο.ιζ,</span> 
     </span>
    </p>
   </div>
   <div class='ocr_carea' id='block_1_52' title="bbox 2304 2023 3880 2110">
    <p class='ocr_par' dir='ltr' id='par_1_52' title="bbox 2304 2023 3880 2110">
     <span class='ocr_line' id='line_1_52' title="bbox 2304 2023 3880 2110; baseline 0.001 -24"><span class='ocrx_word' id='word_1_343' title='bbox 2304 2030 2488 2110; x_wconf 72' lang='grc' dir='ltr'>ἔχοντι</span> <span class='ocrx_word' id='word_1_344' title='bbox 2519 2033 2592 2095; x_wconf 78' lang='grc' dir='ltr'><strong>ὡς</strong></span> <span class='ocrx_word' id='word_1_345' title='bbox 2644 2033 2977 2106; x_wconf 74' lang='grc' dir='ltr'>συνωψίσθη.</span> <span class='ocrx_word' id='word_1_346' title='bbox 3031 2023 3090 2088; x_wconf 67' lang='grc' dir='ltr'>Ἠ</span> <span class='ocrx_word' id='word_1_347' title='bbox 3147 2030 3215 2104; x_wconf 87' lang='grc' dir='ltr'>ιζ’</span> <span class='ocrx_word' id='word_1_348' title='bbox 3267 2031 3409 2095; x_wconf 79' lang='grc' dir='ltr'>διάτ,</span> <span class='ocrx_word' id='word_1_349' title='bbox 3459 2041 3552 2089; x_wconf 81' lang='grc' dir='ltr'>τοῦ</span> <span class='ocrx_word' id='word_1_350' title='bbox 3593 2023 3880 2090; x_wconf 17' lang='grc' dir='ltr'>α’ίτίτντῶν</span> 
     </span>
    </p>
   </div>
   <div class='ocr_carea' id='block_1_53' title="bbox 2303 2119 3877 2200">
    <p class='ocr_par' dir='ltr' id='par_1_53' title="bbox 2303 2119 3877 2200">
     <span class='ocr_line' id='line_1_53' title="bbox 2303 2119 3877 2200; baseline -0.001 -23"><span class='ocrx_word' id='word_1_351' title='bbox 2303 2127 2520 2199; x_wconf 85' lang='grc' dir='ltr'>Νεαρῶν</span> <span class='ocrx_word' id='word_1_352' title='bbox 2551 2119 2661 2177; x_wconf 81' lang='grc' dir='ltr'>ἔστι</span> <span class='ocrx_word' id='word_1_353' title='bbox 2694 2122 2851 2198; x_wconf 88' lang='grc' dir='ltr'>νεαρὰ</span> <span class='ocrx_word' id='word_1_354' title='bbox 2900 2119 3332 2185; x_wconf 79' lang='grc' dir='ltr'>Ἰουστινιάνειος</span> <span class='ocrx_word' id='word_1_355' title='bbox 3391 2121 3544 2200; x_wconf 51' lang='lat' dir='ltr'><strong>pay’,</strong></span> <span class='ocrx_word' id='word_1_356' title='bbox 3608 2121 3802 2197; x_wconf 78' lang='grc' dir='ltr'>κειμένη</span> <span class='ocrx_word' id='word_1_357' title='bbox 3843 2122 3877 2176; x_wconf 75' lang='lat' dir='ltr'><strong>iv</strong></span> 
     </span>
    </p>
   </div>
   <div class='ocr_carea' id='block_1_54' title="bbox 2297 2206 3876 2290">
    <p class='ocr_par' dir='ltr' id='par_1_54' title="bbox 2297 2206 3876 2290">
     <span class='ocr_line' id='line_1_54' title="bbox 2297 2206 3876 2290; baseline 0 -26"><span class='ocrx_word' id='word_1_358' title='bbox 2297 2206 2486 2284; x_wconf 88' lang='grc' dir='ltr'>βιϐλίῳ</span> <span class='ocrx_word' id='word_1_359' title='bbox 2538 2207 2588 2286; x_wconf 87' lang='grc' dir='ltr'><strong>γ’</strong></span> <span class='ocrx_word' id='word_1_360' title='bbox 2649 2209 2755 2265; x_wconf 79' lang='grc' dir='ltr'><strong>τῶν</strong></span> <span class='ocrx_word' id='word_1_361' title='bbox 2813 2208 3113 2267; x_wconf 69' lang='grc' dir='ltr'>Βασιλικῶν</span> <span class='ocrx_word' id='word_1_362' title='bbox 3169 2210 3273 2268; x_wconf 88' lang='grc' dir='ltr'>τίτ.</span> <span class='ocrx_word' id='word_1_363' title='bbox 3309 2209 3386 2284; x_wconf 85' lang='grc' dir='ltr'>α’,</span> <span class='ocrx_word' id='word_1_364' title='bbox 3434 2232 3559 2290; x_wconf 73' lang='grc' dir='ltr'>κεφ.</span> <span class='ocrx_word' id='word_1_365' title='bbox 3591 2209 3666 2290; x_wconf 80' lang='grc' dir='ltr'><strong>κ’,</strong></span> <span class='ocrx_word' id='word_1_366' title='bbox 3697 2212 3794 2287; x_wconf 79' lang='grc' dir='ltr'>περὶ</span> <span class='ocrx_word' id='word_1_367' title='bbox 3835 2212 3876 2290; x_wconf 64' lang='grc' dir='ltr'>τὰ</span> 
     </span>
    </p>
   </div>
   <div class='ocr_carea' id='block_1_55' title="bbox 2298 2288 3877 2379">
    <p class='ocr_par' dir='ltr' id='par_1_55' title="bbox 2298 2288 3877 2379">
     <span class='ocr_line' id='line_1_55' title="bbox 2298 2288 3877 2379; baseline 0.001 -26"><span class='ocrx_word' id='word_1_368' title='bbox 2298 2298 2457 2377; x_wconf 44' lang='grc' dir='ltr'>μέσας</span> <span class='ocrx_word' id='word_1_369' title='bbox 2487 2297 2653 2362; x_wconf 74' lang='grc' dir='ltr'>οὕτως</span> <span class='ocrx_word' id='word_1_370' title='bbox 2707 2297 2893 2378; x_wconf 80' lang='grc' dir='ltr'>ἔχοντι</span> <span class='ocrx_word' id='word_1_371' title='bbox 2935 2300 3010 2362; x_wconf 86' lang='grc' dir='ltr'><strong>ὠς</strong></span> <span class='ocrx_word' id='word_1_372' title='bbox 3055 2299 3128 2362; x_wconf 77' lang='grc' dir='ltr'>εἷς</span> <span class='ocrx_word' id='word_1_373' title='bbox 3189 2301 3249 2355; x_wconf 81' lang='grc' dir='ltr'>τὸ</span> <span class='ocrx_word' id='word_1_374' title='bbox 3301 2288 3549 2374; x_wconf 78' lang='grc' dir='ltr'>κείμενον</span> <span class='ocrx_word' id='word_1_375' title='bbox 3597 2288 3800 2379; x_wconf 72' lang='grc' dir='ltr'>ἐγράφη.</span> <span class='ocrx_word' id='word_1_376' title='bbox 3838 2288 3877 2354; x_wconf 71' lang='grc' dir='ltr'><strong>’Β</strong></span> 
     </span>
    </p>
   </div>
   <div class='ocr_carea' id='block_1_56' title="bbox 2297 2385 3873 2467">
    <p class='ocr_par' dir='ltr' id='par_1_56' title="bbox 2297 2385 3873 2467">
     <span class='ocr_line' id='line_1_56' title="bbox 2297 2385 3873 2467; baseline 0 -26"><span class='ocrx_word' id='word_1_377' title='bbox 2297 2385 2409 2465; x_wconf 79' lang='grc' dir='ltr'>ρ)δ’</span> <span class='ocrx_word' id='word_1_378' title='bbox 2459 2388 2617 2464; x_wconf 84' lang='grc' dir='ltr'>νεαρὰ</span> <span class='ocrx_word' id='word_1_379' title='bbox 2674 2401 2854 2444; x_wconf 77' lang='grc' dir='ltr'>κεῖται</span> <span class='ocrx_word' id='word_1_380' title='bbox 2901 2387 2956 2444; x_wconf 70' lang='grc' dir='ltr'>ἐν</span> <span class='ocrx_word' id='word_1_381' title='bbox 3005 2386 3194 2464; x_wconf 83' lang='grc' dir='ltr'>βιϐλίῳ</span> <span class='ocrx_word' id='word_1_382' title='bbox 3235 2385 3314 2462; x_wconf 66' lang='grc' dir='ltr'><strong>ς’</strong></span> <span class='ocrx_word' id='word_1_383' title='bbox 3378 2391 3493 2450; x_wconf 86' lang='grc' dir='ltr'>τίτ.</span> <span class='ocrx_word' id='word_1_384' title='bbox 3540 2389 3625 2463; x_wconf 77' lang='grc' dir='ltr'>ιϐ’,</span> <span class='ocrx_word' id='word_1_385' title='bbox 3679 2411 3781 2467; x_wconf 61' lang='grc' dir='ltr'>κερ.</span> <span class='ocrx_word' id='word_1_386' title='bbox 3826 2385 3873 2462; x_wconf 73' lang='grc' dir='ltr'><strong>θ’,</strong></span> 
     </span>
    </p>
   </div>
   <div class='ocr_carea' id='block_1_57' title="bbox 2295 2475 3871 2559">
    <p class='ocr_par' dir='ltr' id='par_1_57' title="bbox 2295 2475 3871 2559">
     <span class='ocr_line' id='line_1_57' title="bbox 2295 2475 3871 2559; baseline 0.001 -27"><span class='ocrx_word' id='word_1_387' title='bbox 2295 2476 2486 2551; x_wconf 80' lang='grc' dir='ltr'>θέματι</span> <span class='ocrx_word' id='word_1_388' title='bbox 2530 2475 2602 2548; x_wconf 85' lang='grc' dir='ltr'>ε’,</span> <span class='ocrx_word' id='word_1_389' title='bbox 2649 2475 2794 2554; x_wconf 84' lang='grc' dir='ltr'>λέγει</span> <span class='ocrx_word' id='word_1_390' title='bbox 2847 2475 2901 2533; x_wconf 75' lang='grc' dir='ltr'>δὲ</span> <span class='ocrx_word' id='word_1_391' title='bbox 2959 2480 3021 2534; x_wconf 83' lang='grc' dir='ltr'>τὸ</span> <span class='ocrx_word' id='word_1_392' title='bbox 3081 2475 3136 2544; x_wconf 86' lang='grc' dir='ltr'>η’</span> <span class='ocrx_word' id='word_1_393' title='bbox 3182 2477 3376 2544; x_wconf 82' lang='grc' dir='ltr'>ταύτης</span> <span class='ocrx_word' id='word_1_394' title='bbox 3409 2500 3535 2559; x_wconf 72' lang='grc' dir='ltr'>κεφ.</span> <span class='ocrx_word' id='word_1_395' title='bbox 3572 2479 3702 2536; x_wconf 76' lang='grc' dir='ltr'>οὕτω</span> <span class='ocrx_word' id='word_1_396' title='bbox 3725 2478 3871 2555; x_wconf 77' lang='grc' dir='ltr'>ῥητῶς.</span> 
     </span>
    </p>
   </div>
   <div class='ocr_carea' id='block_1_58' title="bbox 2296 2565 3874 2644">
    <p class='ocr_par' dir='ltr' id='par_1_58' title="bbox 2296 2565 3874 2644">
     <span class='ocr_line' id='line_1_58' title="bbox 2296 2565 3874 2644; baseline 0 -22"><span class='ocrx_word' id='word_1_397' title='bbox 2296 2567 2629 2644; x_wconf 79' lang='grc' dir='ltr'>Μονάστριαν</span> <span class='ocrx_word' id='word_1_398' title='bbox 2689 2565 2898 2644; x_wconf 75' lang='grc' dir='ltr'>μέντοι,</span> <span class='ocrx_word' id='word_1_399' title='bbox 2951 2566 2987 2635; x_wconf 75' lang='grc' dir='ltr'>ἢ</span> <span class='ocrx_word' id='word_1_400' title='bbox 3040 2567 3338 2644; x_wconf 84' lang='grc' dir='ltr'>ἀσκήτριαν</span> <span class='ocrx_word' id='word_1_401' title='bbox 3392 2565 3466 2623; x_wconf 85' lang='grc' dir='ltr'><strong>δι’</strong></span> <span class='ocrx_word' id='word_1_402' title='bbox 3497 2567 3729 2643; x_wconf 69' lang='grc' dir='ltr'>οὐδεμίαν</span> <span class='ocrx_word' id='word_1_403' title='bbox 3769 2567 3874 2642; x_wconf 71' lang='grc' dir='ltr'><strong>ἐγω·</strong></span> 
     </span>
    </p>
   </div>
   <div class='ocr_carea' id='block_1_59' title="bbox 2293 2654 3872 2735">
    <p class='ocr_par' dir='ltr' id='par_1_59' title="bbox 2293 2654 3872 2735">
     <span class='ocr_line' id='line_1_59' title="bbox 2293 2654 3872 2735; baseline 0.003 -24"><span class='ocrx_word' id='word_1_404' title='bbox 2293 2656 2395 2732; x_wconf 74' lang='grc' dir='ltr'>γὴν</span> <span class='ocrx_word' id='word_1_405' title='bbox 2453 2654 2771 2735; x_wconf 78' lang='grc' dir='ltr'>ἀφέλκεσϐαι</span> <span class='ocrx_word' id='word_1_406' title='bbox 2859 2663 3246 2734; x_wconf 78' lang='grc' dir='ltr'>συγχωροῦμεν</span> <span class='ocrx_word' id='word_1_407' title='bbox 3317 2659 3377 2712; x_wconf 65' lang='lat' dir='ltr'><strong>Ex</strong></span> <span class='ocrx_word' id='word_1_408' title='bbox 3459 2660 3564 2714; x_wconf 79' lang='grc' dir='ltr'><strong>τὼν</strong></span> <span class='ocrx_word' id='word_1_409' title='bbox 3620 2658 3799 2713; x_wconf 77' lang='grc' dir='ltr'>οἰκείων</span> <span class='ocrx_word' id='word_1_410' title='bbox 3849 2654 3872 2716; x_wconf 79' lang='grc' dir='ltr'><strong>ἧ</strong></span> 
     </span>
    </p>
   </div>
   <div class='ocr_carea' id='block_1_60' title="bbox 2293 2744 3132 2822">
    <p class='ocr_par' dir='ltr' id='par_1_60' title="bbox 2293 2744 3132 2822">
     <span class='ocr_line' id='line_1_60' title="bbox 2293 2744 3132 2822; baseline 0 -22"><span class='ocrx_word' id='word_1_411' title='bbox 2293 2745 2670 2822; x_wconf 88' lang='grc' dir='ltr'>μοναστηρίων</span> <span class='ocrx_word' id='word_1_412' title='bbox 2705 2744 2735 2812; x_wconf 73' lang='grc' dir='ltr'>ἢ</span> <span class='ocrx_word' id='word_1_413' title='bbox 2765 2744 3132 2822; x_wconf 80' lang='grc' dir='ltr'>ἆσκητηρίων.</span> 
     </span>
    </p>
   </div>
   <div class='ocr_carea' id='block_1_61' title="bbox 2379 2922 3871 3002">
    <p class='ocr_par' dir='ltr' id='par_1_61' title="bbox 2379 2922 3871 3002">
     <span class='ocr_line' id='line_1_61' title="bbox 2379 2922 3871 3002; baseline -0.005 -22"><span class='ocrx_word' id='word_1_414' title='bbox 2379 2929 2628 2983; x_wconf 79' lang='grc' dir='ltr'><strong>ΚΕΦΑΛ.</strong></span> <span class='ocrx_word' id='word_1_415' title='bbox 2666 2922 2752 2982; x_wconf 84' lang='grc' dir='ltr'><strong>Β¹.</strong></span> <span class='ocrx_word' id='word_1_416' title='bbox 2787 2957 2862 2968; x_wconf 89' lang='grc'><strong>-</strong></span> <span class='ocrx_word' id='word_1_417' title='bbox 2896 2928 3058 2980; x_wconf 82' lang='grc' dir='ltr'>Πόσοι</span> <span class='ocrx_word' id='word_1_418' title='bbox 3108 2925 3196 2981; x_wconf 83' lang='grc' dir='ltr'><strong>καὶ</strong></span> <span class='ocrx_word' id='word_1_419' title='bbox 3244 2925 3382 2990; x_wconf 82' lang='grc' dir='ltr'>τίνες</span> <span class='ocrx_word' id='word_1_420' title='bbox 3445 2930 3871 3002; x_wconf 72' lang='grc' dir='ltr'>καταμαρτυροῦσιν</span> 
     </span>
    </p>
   </div>
   <div class='ocr_carea' id='block_1_62' title="bbox 2292 3011 3023 3090">
    <p class='ocr_par' dir='ltr' id='par_1_62' title="bbox 2292 3011 3023 3090">
     <span class='ocr_line' id='line_1_62' title="bbox 2292 3011 3023 3090; baseline 0.004 -22"><span class='ocrx_word' id='word_1_421' title='bbox 2292 3011 2624 3090; x_wconf 70' lang='grc' dir='ltr'>ἐπισκόπων,</span> <span class='ocrx_word' id='word_1_422' title='bbox 2657 3014 2693 3081; x_wconf 77' lang='grc' dir='ltr'><strong>ἢ</strong></span> <span class='ocrx_word' id='word_1_423' title='bbox 2726 3012 3023 3090; x_wconf 72' lang='grc' dir='ltr'>κληρικῶν.</span> 
     </span>
    </p>
   </div>
   <div class='ocr_carea' id='block_1_63' title="bbox 2371 3101 3872 3171">
    <p class='ocr_par' dir='ltr' id='par_1_63' title="bbox 2371 3101 3872 3171">
     <span class='ocr_line' id='line_1_63' title="bbox 2371 3101 3872 3171; baseline -0.002 -13"><span class='ocrx_word' id='word_1_424' title='bbox 2371 3101 2716 3160; x_wconf 83' lang='grc' dir='ltr'>Ἀποστόλων</span> <span class='ocrx_word' id='word_1_425' title='bbox 2761 3103 2937 3160; x_wconf 82' lang='grc' dir='ltr'>κανὼν</span> <span class='ocrx_word' id='word_1_426' title='bbox 2968 3102 3044 3158; x_wconf 73' lang='lat' dir='ltr'><strong>oe’</strong></span> <span class='ocrx_word' id='word_1_427' title='bbox 3080 3118 3094 3132; x_wconf 83' lang='lat'><strong>&#39;</strong></span> <span class='ocrx_word' id='word_1_428' title='bbox 3158 3101 3377 3161; x_wconf 64' lang='grc' dir='ltr'>συνόδου</span> <span class='ocrx_word' id='word_1_429' title='bbox 3428 3102 3759 3171; x_wconf 75' lang='grc' dir='ltr'>Χαλκηδόνος</span> <span class='ocrx_word' id='word_1_430' title='bbox 3799 3124 3872 3155; x_wconf 74' lang='grc' dir='ltr'><strong>γι·</strong></span> 
     </span>
    </p>
   </div>
   <div class='ocr_carea' id='block_1_64' title="bbox 570 3183 2210 3274">
    <p class='ocr_par' dir='ltr' id='par_1_64' title="bbox 570 3183 2202 3265">
     <span class='ocr_line' id='line_1_64' title="bbox 570 3183 2202 3265; baseline -0.004 -15"><span class='ocrx_word' id='word_1_431' title='bbox 570 3191 655 3250; x_wconf 87' lang='lat' dir='ltr'><strong>sis</strong></span> <span class='ocrx_word' id='word_1_432' title='bbox 686 3209 876 3251; x_wconf 90' lang='lat' dir='ltr'><strong>canon</strong></span> <span class='ocrx_word' id='word_1_433' title='bbox 907 3190 972 3250; x_wconf 70' lang='lat'><strong>21</strong></span> <span class='ocrx_word' id='word_1_434' title='bbox 1011 3208 1027 3264; x_wconf 88' lang='lat'><strong>;</strong></span> <span class='ocrx_word' id='word_1_435' title='bbox 1060 3186 1305 3249; x_wconf 89' lang='lat' dir='ltr'><strong>concilii</strong></span> <span class='ocrx_word' id='word_1_436' title='bbox 1339 3183 1827 3265; x_wconf 81' lang='lat' dir='ltr'><strong>Carthaginensis</strong></span> <span class='ocrx_word' id='word_1_437' title='bbox 1863 3201 2054 3244; x_wconf 89' lang='lat' dir='ltr'><strong>canon</strong></span> <span class='ocrx_word' id='word_1_438' title='bbox 2102 3183 2202 3260; x_wconf 87' lang='lat'><strong>31,</strong></span> 
     </span>
    </p>
   </div>
   <div class='ocr_carea' id='block_1_65' title="bbox 2296 3183 3868 3274">
    <p class='ocr_par' dir='ltr' id='par_1_65' title="bbox 2296 3189 3868 3274">
     <span class='ocr_line' id='line_1_65' title="bbox 2296 3189 3868 3274; baseline -0.002 -25"><span class='ocrx_word' id='word_1_439' title='bbox 2296 3193 2394 3249; x_wconf 77' lang='grc' dir='ltr'><strong>νὼν</strong></span> <span class='ocrx_word' id='word_1_440' title='bbox 2425 3191 2514 3249; x_wconf 89' lang='grc' dir='ltr'><strong>κα’</strong></span> <span class='ocrx_word' id='word_1_441' title='bbox 2549 3211 2564 3228; x_wconf 90' lang='grc'><strong>·</strong></span> <span class='ocrx_word' id='word_1_442' title='bbox 2601 3191 2818 3250; x_wconf 85' lang='grc' dir='ltr'>συνόδου</span> <span class='ocrx_word' id='word_1_443' title='bbox 2852 3193 3222 3271; x_wconf 82' lang='grc' dir='ltr'>Καρθαγέννης</span> <span class='ocrx_word' id='word_1_444' title='bbox 3272 3195 3452 3251; x_wconf 82' lang='grc' dir='ltr'>κανὼν</span> <span class='ocrx_word' id='word_1_445' title='bbox 3481 3193 3578 3270; x_wconf 78' lang='grc' dir='ltr'>νϐ’,</span> <span class='ocrx_word' id='word_1_446' title='bbox 3613 3192 3744 3274; x_wconf 85' lang='grc' dir='ltr'>ρλα⁹,</span> <span class='ocrx_word' id='word_1_447' title='bbox 3771 3189 3868 3270; x_wconf 76' lang='grc' dir='ltr'>ρχθ’,</span> 
     </span>
    </p>
   </div>
   <div class='ocr_carea' id='block_1_66' title="bbox 572 3275 1198 3354">
    <p class='ocr_par' dir='ltr' id='par_1_66' title="bbox 572 3275 1198 3354">
     <span class='ocr_line' id='line_1_66' title="bbox 572 3275 1198 3354; baseline -0.003 -14"><span class='ocrx_word' id='word_1_448' title='bbox 572 3279 674 3354; x_wconf 85' lang='lat'><strong>59,</strong></span> <span class='ocrx_word' id='word_1_449' title='bbox 709 3278 850 3354; x_wconf 68' lang='lat'><strong>128,</strong></span> <span class='ocrx_word' id='word_1_450' title='bbox 891 3280 1025 3353; x_wconf 76' lang='lat'><strong>129,</strong></span> <span class='ocrx_word' id='word_1_451' title='bbox 1064 3275 1198 3340; x_wconf 87' lang='grc'><strong>130.</strong></span> 
     </span>
    </p>
   </div>
   <div class='ocr_carea' id='block_1_67' title="bbox 657 3359 2208 3446">
    <p class='ocr_par' dir='ltr' id='par_1_67' title="bbox 657 3359 2208 3446">
     <span class='ocr_line' id='line_1_67' title="bbox 657 3359 2208 3446; baseline -0.005 -15"><span class='ocrx_word' id='word_1_452' title='bbox 657 3367 907 3432; x_wconf 76' lang='lat' dir='ltr'><strong>Teutas.</strong></span> <span class='ocrx_word' id='word_1_453' title='bbox 940 3367 1158 3440; x_wconf 74' lang='lat' dir='ltr'><strong>Quales</strong></span> <span class='ocrx_word' id='word_1_454' title='bbox 1211 3385 1341 3429; x_wconf 90' lang='lat' dir='ltr'><strong>esse</strong></span> <span class='ocrx_word' id='word_1_455' title='bbox 1375 3371 1646 3446; x_wconf 84' lang='lat' dir='ltr'><strong>oporteat</strong></span> <span class='ocrx_word' id='word_1_456' title='bbox 1699 3363 1802 3444; x_wconf 88' lang='lat' dir='ltr'><strong>qui</strong></span> <span class='ocrx_word' id='word_1_457' title='bbox 1845 3362 1902 3423; x_wconf 90' lang='lat' dir='ltr'><strong>in</strong></span> <span class='ocrx_word' id='word_1_458' title='bbox 1952 3359 2208 3441; x_wconf 91' lang='lat' dir='ltr'><strong>judicio,</strong></span> 
     </span>
    </p>
   </div>
   <div class='ocr_carea' id='block_1_68' title="bbox 571 3451 2096 3538">
    <p class='ocr_par' dir='ltr' id='par_1_68' title="bbox 571 3451 2096 3538">
     <span class='ocr_line' id='line_1_68' title="bbox 571 3451 2096 3538; baseline -0.004 -18"><span class='ocrx_word' id='word_1_459' title='bbox 571 3468 716 3536; x_wconf 90' lang='lat' dir='ltr'><strong>etc.,</strong></span> <span class='ocrx_word' id='word_1_460' title='bbox 748 3477 936 3538; x_wconf 81' lang='lat' dir='ltr'><strong>usque</strong></span> <span class='ocrx_word' id='word_1_461' title='bbox 964 3459 1042 3520; x_wconf 87' lang='lat' dir='ltr'><strong>ad</strong></span> <span class='ocrx_word' id='word_1_462' title='bbox 1069 3458 1157 3522; x_wconf 90' lang='lat' dir='ltr'><strong>tit.</strong></span> <span class='ocrx_word' id='word_1_463' title='bbox 1187 3457 1225 3518; x_wconf 91' lang='lat'>3</span> <span class='ocrx_word' id='word_1_464' title='bbox 1252 3455 1655 3530; x_wconf 86' lang='lat' dir='ltr'><strong>Novellarum,</strong></span> <span class='ocrx_word' id='word_1_465' title='bbox 1689 3461 1752 3517; x_wconf 84' lang='lat' dir='ltr'><strong>ut</strong></span> <span class='ocrx_word' id='word_1_466' title='bbox 1780 3469 1922 3534; x_wconf 87' lang='lat' dir='ltr'><strong>pag.</strong></span> <span class='ocrx_word' id='word_1_467' title='bbox 1961 3451 2096 3515; x_wconf 81' lang='lat'><strong>719.</strong></span> 
     </span>
    </p>
   </div>
   <div class='ocr_carea' id='block_1_69' title="bbox 649 3630 2203 3712">
    <p class='ocr_par' dir='ltr' id='par_1_69' title="bbox 649 3630 2203 3712">
     <span class='ocr_line' id='line_1_69' title="bbox 649 3630 2203 3712; baseline -0.005 -11"><span class='ocrx_word' id='word_1_468' title='bbox 649 3637 985 3701; x_wconf 77' lang='lat' dir='ltr'><strong>Scholium.</strong></span> <span class='ocrx_word' id='word_1_469' title='bbox 1011 3635 1129 3698; x_wconf 90' lang='lat' dir='ltr'><strong>Tit.</strong></span> <span class='ocrx_word' id='word_1_470' title='bbox 1151 3637 1212 3710; x_wconf 78' lang='lat'><strong>5,</strong></span> <span class='ocrx_word' id='word_1_471' title='bbox 1234 3635 1342 3697; x_wconf 90' lang='lat' dir='ltr'><strong>lib.</strong></span> <span class='ocrx_word' id='word_1_472' title='bbox 1370 3651 1509 3708; x_wconf 78' lang='lat' dir='ltr'><strong>xxii,</strong></span> <span class='ocrx_word' id='word_1_473' title='bbox 1535 3633 1751 3712; x_wconf 82' lang='lat' dir='ltr'><strong>digest.</strong></span> <span class='ocrx_word' id='word_1_474' title='bbox 1776 3632 1868 3694; x_wconf 91' lang='lat' dir='ltr'><strong>tit.</strong></span> <span class='ocrx_word' id='word_1_475' title='bbox 1901 3633 1955 3704; x_wconf 89' lang='lat'><strong>1,</strong></span> <span class='ocrx_word' id='word_1_476' title='bbox 1977 3630 2083 3693; x_wconf 92' lang='lat' dir='ltr'><strong>lib.</strong></span> <span class='ocrx_word' id='word_1_477' title='bbox 2106 3648 2203 3705; x_wconf 85' lang='lat' dir='ltr'><strong>xx,</strong></span> 
     </span>
    </p>
   </div>
   <div class='ocr_carea' id='block_1_70' title="bbox 569 3720 2206 3807">
    <p class='ocr_par' dir='ltr' id='par_1_70' title="bbox 569 3720 2206 3807">
     <span class='ocr_line' id='line_1_70' title="bbox 569 3720 2206 3807; baseline -0.004 -19"><span class='ocrx_word' id='word_1_478' title='bbox 569 3727 751 3790; x_wconf 86' lang='lat' dir='ltr'><strong>Basil.</strong></span> <span class='ocrx_word' id='word_1_479' title='bbox 787 3745 855 3788; x_wconf 89' lang='lat' dir='ltr'><strong>ac</strong></span> <span class='ocrx_word' id='word_1_480' title='bbox 887 3727 1146 3807; x_wconf 88' lang='lat' dir='ltr'><strong>primum</strong></span> <span class='ocrx_word' id='word_1_481' title='bbox 1185 3723 1476 3806; x_wconf 84' lang='lat' dir='ltr'><strong>[quidem]</strong></span> <span class='ocrx_word' id='word_1_482' title='bbox 1511 3724 1640 3802; x_wconf 85' lang='lat' dir='ltr'><strong>ejus</strong></span> <span class='ocrx_word' id='word_1_483' title='bbox 1659 3732 1832 3802; x_wconf 90' lang='lat' dir='ltr'><strong>caput</strong></span> <span class='ocrx_word' id='word_1_484' title='bbox 1863 3721 2031 3783; x_wconf 90' lang='lat' dir='ltr'><strong>dicit:</strong></span> <span class='ocrx_word' id='word_1_485' title='bbox 2059 3720 2206 3782; x_wconf 85' lang='lat' dir='ltr'><strong>Fide</strong></span> 
     </span>
    </p>
   </div>
   <div class='ocr_carea' id='block_1_71' title="bbox 569 3810 2204 3897">
    <p class='ocr_par' dir='ltr' id='par_1_71' title="bbox 569 3810 2204 3897">
     <span class='ocr_line' id='line_1_71' title="bbox 569 3810 2204 3897; baseline -0.002 -21"><span class='ocrx_word' id='word_1_486' title='bbox 569 3817 784 3894; x_wconf 82' lang='lat' dir='ltr'><strong>dignos</strong></span> <span class='ocrx_word' id='word_1_487' title='bbox 816 3824 1049 3897; x_wconf 91' lang='lat' dir='ltr'><strong>oportet</strong></span> <span class='ocrx_word' id='word_1_488' title='bbox 1081 3834 1213 3878; x_wconf 81' lang='lat' dir='ltr'><strong>esse</strong></span> <span class='ocrx_word' id='word_1_489' title='bbox 1247 3824 1449 3887; x_wconf 85' lang='lat' dir='ltr'><strong>testes,</strong></span> <span class='ocrx_word' id='word_1_490' title='bbox 1505 3832 1572 3875; x_wconf 92' lang='lat' dir='ltr'><strong>ac</strong></span> <span class='ocrx_word' id='word_1_491' title='bbox 1606 3811 2016 3893; x_wconf 88' lang='lat' dir='ltr'><strong>producuntur</strong></span> <span class='ocrx_word' id='word_1_492' title='bbox 2045 3819 2102 3872; x_wconf 90' lang='lat' dir='ltr'><strong>et</strong></span> <span class='ocrx_word' id='word_1_493' title='bbox 2143 3810 2204 3872; x_wconf 89' lang='lat' dir='ltr'><strong>in</strong></span> 
     </span>
    </p>
   </div>
   <div class='ocr_carea' id='block_1_72' title="bbox 571 3901 2206 3987">
    <p class='ocr_par' dir='ltr' id='par_1_72' title="bbox 571 3901 2206 3987">
     <span class='ocr_line' id='line_1_72' title="bbox 571 3901 2206 3987; baseline -0.004 -18"><span class='ocrx_word' id='word_1_494' title='bbox 571 3907 937 3987; x_wconf 87' lang='lat' dir='ltr'><strong>pecuniariis</strong></span> <span class='ocrx_word' id='word_1_495' title='bbox 967 3914 1023 3966; x_wconf 82' lang='lat' dir='ltr'><strong>et</strong></span> <span class='ocrx_word' id='word_1_496' title='bbox 1054 3907 1115 3967; x_wconf 90' lang='lat' dir='ltr'><strong>in</strong></span> <span class='ocrx_word' id='word_1_497' title='bbox 1159 3905 1574 3966; x_wconf 90' lang='lat' dir='ltr'><strong>criminalibus</strong></span> <span class='ocrx_word' id='word_1_498' title='bbox 1604 3903 1704 3984; x_wconf 92' lang='lat' dir='ltr'><strong>qui</strong></span> <span class='ocrx_word' id='word_1_499' title='bbox 1739 3901 2041 3982; x_wconf 74' lang='lat' dir='ltr'><strong>[quidem]</strong></span> <span class='ocrx_word' id='word_1_500' title='bbox 2075 3901 2206 3980; x_wconf 83' lang='lat' dir='ltr'><strong>lege</strong></span> 
     </span>
    </p>
   </div>
   <div class='ocr_carea' id='block_1_73' title="bbox 569 3991 2200 4077">
    <p class='ocr_par' dir='ltr' id='par_1_73' title="bbox 569 3991 2200 4077">
     <span class='ocr_line' id='line_1_73' title="bbox 569 3991 2200 4077; baseline -0.005 -19"><span class='ocrx_word' id='word_1_501' title='bbox 569 4015 689 4058; x_wconf 89' lang='lat' dir='ltr'><strong>non</strong></span> <span class='ocrx_word' id='word_1_502' title='bbox 721 3994 1114 4077; x_wconf 90' lang='lat' dir='ltr'><strong>prohibentur</strong></span> <span class='ocrx_word' id='word_1_503' title='bbox 1157 4004 1255 4056; x_wconf 89' lang='lat' dir='ltr'><strong>aut</strong></span> <span class='ocrx_word' id='word_1_504' title='bbox 1286 4002 1664 4056; x_wconf 84' lang='lat' dir='ltr'><strong>excusantur.</strong></span> <span class='ocrx_word' id='word_1_505' title='bbox 1696 3991 1815 4054; x_wconf 88' lang='lat' dir='ltr'><strong>Tit.</strong></span> <span class='ocrx_word' id='word_1_506' title='bbox 1847 3991 1945 4063; x_wconf 68' lang='lat'><strong>20,</strong></span> <span class='ocrx_word' id='word_1_507' title='bbox 1983 3991 2085 4050; x_wconf 91' lang='lat' dir='ltr'><strong>lib.</strong></span> <span class='ocrx_word' id='word_1_508' title='bbox 2123 4007 2200 4064; x_wconf 88' lang='lat' dir='ltr'><strong>Iv,</strong></span> 
     </span>
    </p>
   </div>
   <div class='ocr_carea' id='block_1_74' title="bbox 567 4079 2206 4164">
    <p class='ocr_par' dir='ltr' id='par_1_74' title="bbox 567 4079 2206 4164">
     <span class='ocr_line' id='line_1_74' title="bbox 567 4079 2206 4164; baseline -0.004 -17"><span class='ocrx_word' id='word_1_509' title='bbox 567 4086 800 4148; x_wconf 90' lang='lat' dir='ltr'><strong>cod.est</strong></span> <span class='ocrx_word' id='word_1_510' title='bbox 819 4087 1192 4164; x_wconf 66' lang='lat' dir='ltr'><strong>cap.‘21,tit.l</strong></span> <span class='ocrx_word' id='word_1_511' title='bbox 1216 4081 1474 4158; x_wconf 71' lang='lat' dir='ltr'><strong>,lib.xx1,</strong></span> <span class='ocrx_word' id='word_1_512' title='bbox 1502 4082 1662 4162; x_wconf 87' lang='lat' dir='ltr'><strong>quod</strong></span> <span class='ocrx_word' id='word_1_513' title='bbox 1685 4082 1770 4142; x_wconf 90' lang='lat' dir='ltr'><strong>sic</strong></span> <span class='ocrx_word' id='word_1_514' title='bbox 1794 4079 2008 4142; x_wconf 89' lang='lat' dir='ltr'><strong>habet:</strong></span> <span class='ocrx_word' id='word_1_515' title='bbox 2038 4080 2206 4160; x_wconf 85' lang='lat' dir='ltr'><strong>Reji-</strong></span> 
     </span>
    </p>
   </div>
   <div class='ocr_carea' id='block_1_75' title="bbox 569 4169 2202 4253">
    <p class='ocr_par' dir='ltr' id='par_1_75' title="bbox 569 4169 2202 4253">
     <span class='ocr_line' id='line_1_75' title="bbox 569 4169 2202 4253; baseline -0.003 -17"><span class='ocrx_word' id='word_1_516' title='bbox 569 4175 820 4236; x_wconf 88' lang='lat' dir='ltr'><strong>ciendus</strong></span> <span class='ocrx_word' id='word_1_517' title='bbox 841 4193 874 4234; x_wconf 90' lang='lat' dir='ltr'><strong>a</strong></span> <span class='ocrx_word' id='word_1_518' title='bbox 896 4173 1203 4253; x_wconf 88' lang='lat' dir='ltr'><strong>[dicendo]</strong></span> <span class='ocrx_word' id='word_1_519' title='bbox 1227 4173 1569 4234; x_wconf 86' lang='lat' dir='ltr'><strong>testimonio</strong></span> <span class='ocrx_word' id='word_1_520' title='bbox 1607 4181 1718 4244; x_wconf 91' lang='lat' dir='ltr'><strong>est,</strong></span> <span class='ocrx_word' id='word_1_521' title='bbox 1740 4169 1841 4250; x_wconf 91' lang='lat' dir='ltr'><strong>qui</strong></span> <span class='ocrx_word' id='word_1_522' title='bbox 1871 4169 2202 4231; x_wconf 86' lang='lat' dir='ltr'><strong>tumultuo-</strong></span> 
     </span>
    </p>
   </div>
   <div class='ocr_carea' id='block_1_76' title="bbox 568 4260 2205 4344">
    <p class='ocr_par' dir='ltr' id='par_1_76' title="bbox 568 4260 2205 4344">
     <span class='ocr_line' id='line_1_76' title="bbox 568 4260 2205 4344; baseline -0.002 -19"><span class='ocrx_word' id='word_1_523' title='bbox 568 4283 694 4325; x_wconf 88' lang='lat' dir='ltr'><strong>sam</strong></span> <span class='ocrx_word' id='word_1_524' title='bbox 720 4264 1104 4344; x_wconf 85' lang='lat' dir='ltr'><strong>petulantiam</strong></span> <span class='ocrx_word' id='word_1_525' title='bbox 1139 4263 1484 4340; x_wconf 83' lang='lat' dir='ltr'><strong>designasse</strong></span> <span class='ocrx_word' id='word_1_526' title='bbox 1507 4261 1810 4342; x_wconf 88' lang='lat' dir='ltr'><strong>judicatus</strong></span> <span class='ocrx_word' id='word_1_527' title='bbox 1840 4260 2205 4322; x_wconf 86' lang='lat' dir='ltr'><strong>est.Novella</strong></span> 
     </span>
    </p>
   </div>
   <div class='ocr_carea' id='block_1_77' title="bbox 2291 3280 2516 3360">
    <p class='ocr_par' dir='ltr' id='par_1_77' title="bbox 2291 3280 2516 3360">
     <span class='ocr_line' id='line_1_77' title="bbox 2291 3280 2516 3360; baseline 0 -22"><span class='ocrx_word' id='word_1_528' title='bbox 2291 3283 2380 3338; x_wconf 84' lang='grc' dir='ltr'>καὶ</span> <span class='ocrx_word' id='word_1_529' title='bbox 2409 3280 2516 3360; x_wconf 89' lang='grc' dir='ltr'>ρλ’.</span> 
     </span>
    </p>
   </div>
   <div class='ocr_carea' id='block_1_78' title="bbox 2376 3365 3868 3449">
    <p class='ocr_par' dir='ltr' id='par_1_78' title="bbox 2376 3365 3868 3449">
     <span class='ocr_line' id='line_1_78' title="bbox 2376 3365 3868 3449; baseline 0.005 -24"><span class='ocrx_word' id='word_1_530' title='bbox 2376 3371 2656 3446; x_wconf 83' lang='grc' dir='ltr'>Κείμενον.</span> <span class='ocrx_word' id='word_1_531' title='bbox 2719 3365 2962 3440; x_wconf 80' lang='grc' dir='ltr'>Ὀποίους</span> <span class='ocrx_word' id='word_1_532' title='bbox 3007 3374 3092 3432; x_wconf 79' lang='grc' dir='ltr'><strong>δεῖ</strong></span> <span class='ocrx_word' id='word_1_533' title='bbox 3133 3375 3280 3431; x_wconf 79' lang='grc' dir='ltr'>εἶναι</span> <span class='ocrx_word' id='word_1_534' title='bbox 3337 3375 3465 3440; x_wconf 80' lang='grc' dir='ltr'>τοὺς</span> <span class='ocrx_word' id='word_1_535' title='bbox 3506 3377 3559 3430; x_wconf 71' lang='grc' dir='ltr'>ιν</span> <span class='ocrx_word' id='word_1_536' title='bbox 3606 3372 3716 3449; x_wconf 74' lang='grc' dir='ltr'>δίκῃ</span> <span class='ocrx_word' id='word_1_537' title='bbox 3765 3392 3868 3446; x_wconf 68' lang='lat' dir='ltr'><strong>p19-</strong></span> 
     </span>
    </p>
   </div>
   <div class='ocr_carea' id='block_1_79' title="bbox 2295 3460 3869 3546">
    <p class='ocr_par' dir='ltr' id='par_1_79' title="bbox 2295 3460 3869 3546">
     <span class='ocr_line' id='line_1_79' title="bbox 2295 3460 3869 3546; baseline -0.001 -30"><span class='ocrx_word' id='word_1_538' title='bbox 2295 3467 2602 3538; x_wconf 83' lang='grc' dir='ltr'>τυροῦντας,</span> <span class='ocrx_word' id='word_1_539' title='bbox 2665 3485 2719 3522; x_wconf 84' lang='grc' dir='ltr'>κ.</span> <span class='ocrx_word' id='word_1_540' title='bbox 2778 3485 2830 3524; x_wconf 90' lang='grc' dir='ltr'>τ.</span> <span class='ocrx_word' id='word_1_541' title='bbox 2892 3463 2974 3542; x_wconf 79' lang='grc' dir='ltr'>λ.,</span> <span class='ocrx_word' id='word_1_542' title='bbox 3007 3481 3198 3546; x_wconf 86' lang='lat' dir='ltr'><strong>usque</strong></span> <span class='ocrx_word' id='word_1_543' title='bbox 3227 3463 3302 3525; x_wconf 88' lang='lat' dir='ltr'><strong>ad</strong></span> <span class='ocrx_word' id='word_1_544' title='bbox 3335 3471 3430 3520; x_wconf 82' lang='grc' dir='ltr'>τοῦ</span> <span class='ocrx_word' id='word_1_545' title='bbox 3481 3460 3534 3544; x_wconf 83' lang='grc' dir='ltr'><strong>γ’</strong></span> <span class='ocrx_word' id='word_1_546' title='bbox 3585 3461 3750 3520; x_wconf 74' lang='grc' dir='ltr'>τίτλον</span> <span class='ocrx_word' id='word_1_547' title='bbox 3794 3466 3869 3515; x_wconf 80' lang='grc' dir='ltr'>τῶν</span> 
     </span>
    </p>
   </div>
   <div class='ocr_carea' id='block_1_80' title="bbox 2291 3556 2530 3625">
    <p class='ocr_par' dir='ltr' id='par_1_80' title="bbox 2291 3556 2530 3625">
     <span class='ocr_line' id='line_1_80' title="bbox 2291 3556 2530 3625; baseline 0 -19"><span class='ocrx_word' id='word_1_548' title='bbox 2291 3556 2530 3625; x_wconf 78' lang='grc' dir='ltr'>Νεαρῶν,</span> 
     </span>
    </p>
   </div>
   <div class='ocr_carea' id='block_1_81' title="bbox 2371 3637 3867 3718">
    <p class='ocr_par' dir='ltr' id='par_1_81' title="bbox 2371 3637 3867 3718">
     <span class='ocr_line' id='line_1_81' title="bbox 2371 3637 3867 3718; baseline 0 -24"><span class='ocrx_word' id='word_1_549' title='bbox 2371 3638 2631 3718; x_wconf 74' lang='grc' dir='ltr'>Σχόλιον.</span> <span class='ocrx_word' id='word_1_550' title='bbox 2693 3639 2752 3698; x_wconf 86' lang='grc' dir='ltr'>Ὀ</span> <span class='ocrx_word' id='word_1_551' title='bbox 2809 3639 2854 3697; x_wconf 87' lang='grc' dir='ltr'>ε’</span> <span class='ocrx_word' id='word_1_552' title='bbox 2886 3643 2991 3706; x_wconf 82' lang='grc' dir='ltr'>τίτ.</span> <span class='ocrx_word' id='word_1_553' title='bbox 3027 3644 3122 3698; x_wconf 68' lang='grc' dir='ltr'><strong>τοῦ</strong></span> <span class='ocrx_word' id='word_1_554' title='bbox 3149 3641 3236 3718; x_wconf 86' lang='grc' dir='ltr'>κβ’</span> <span class='ocrx_word' id='word_1_555' title='bbox 3266 3639 3474 3718; x_wconf 86' lang='grc' dir='ltr'>βιϐλίου</span> <span class='ocrx_word' id='word_1_556' title='bbox 3503 3642 3608 3698; x_wconf 77' lang='grc' dir='ltr'>τῶν</span> <span class='ocrx_word' id='word_1_557' title='bbox 3636 3639 3760 3703; x_wconf 87' lang='grc' dir='ltr'>διατ,</span> <span class='ocrx_word' id='word_1_558' title='bbox 3788 3637 3867 3694; x_wconf 77' lang='grc' dir='ltr'>ἔστι</span> 
     </span>
    </p>
   </div>
   <div class='ocr_carea' id='block_1_82' title="bbox 2288 3725 3866 3807">
    <p class='ocr_par' dir='ltr' id='par_1_82' title="bbox 2288 3725 3866 3807">
     <span class='ocr_line' id='line_1_82' title="bbox 2288 3725 3866 3807; baseline -0.003 -23"><span class='ocrx_word' id='word_1_559' title='bbox 2288 3729 2392 3791; x_wconf 78' lang='grc' dir='ltr'>τίτ.</span> <span class='ocrx_word' id='word_1_560' title='bbox 2453 3725 2504 3784; x_wconf 87' lang='grc' dir='ltr'>α’</span> <span class='ocrx_word' id='word_1_561' title='bbox 2542 3735 2636 3784; x_wconf 79' lang='grc' dir='ltr'>τοῦ</span> <span class='ocrx_word' id='word_1_562' title='bbox 2691 3729 2781 3786; x_wconf 84' lang='grc' dir='ltr'>κα⁹</span> <span class='ocrx_word' id='word_1_563' title='bbox 2837 3729 3040 3807; x_wconf 65' lang='grc' dir='ltr'>βιϐλίου</span> <span class='ocrx_word' id='word_1_564' title='bbox 3095 3738 3201 3788; x_wconf 83' lang='grc' dir='ltr'><strong>τῶν</strong></span> <span class='ocrx_word' id='word_1_565' title='bbox 3259 3731 3586 3805; x_wconf 84' lang='grc' dir='ltr'>Βασιλικῶν,</span> <span class='ocrx_word' id='word_1_566' title='bbox 3642 3731 3721 3786; x_wconf 77' lang='grc' dir='ltr'><strong>καὶ</strong></span> <span class='ocrx_word' id='word_1_567' title='bbox 3759 3727 3866 3804; x_wconf 79' lang='grc' dir='ltr'>λέγει</span> 
     </span>
    </p>
   </div>
   <div class='ocr_carea' id='block_1_83' title="bbox 2287 3815 3865 3897">
    <p class='ocr_par' dir='ltr' id='par_1_83' title="bbox 2287 3815 3865 3897">
     <span class='ocr_line' id='line_1_83' title="bbox 2287 3815 3865 3897; baseline -0.001 -24"><span class='ocrx_word' id='word_1_568' title='bbox 2287 3817 2349 3873; x_wconf 84' lang='grc' dir='ltr'>τὸ</span> <span class='ocrx_word' id='word_1_569' title='bbox 2403 3817 2532 3873; x_wconf 78' lang='grc' dir='ltr'>αὐτὸ</span> <span class='ocrx_word' id='word_1_570' title='bbox 2589 3815 2637 3872; x_wconf 78' lang='grc' dir='ltr'>α’</span> <span class='ocrx_word' id='word_1_571' title='bbox 2697 3840 2848 3897; x_wconf 72' lang='grc' dir='ltr'>κεφ.,</span> <span class='ocrx_word' id='word_1_572' title='bbox 2909 3819 3243 3884; x_wconf 77' lang='grc' dir='ltr'>ἀξιοπίστους</span> <span class='ocrx_word' id='word_1_573' title='bbox 3271 3820 3418 3876; x_wconf 74' lang='grc' dir='ltr'>εἶναι</span> <span class='ocrx_word' id='word_1_574' title='bbox 3449 3819 3534 3878; x_wconf 78' lang='grc' dir='ltr'><strong>δεῖ</strong></span> <span class='ocrx_word' id='word_1_575' title='bbox 3563 3820 3678 3877; x_wconf 76' lang='grc' dir='ltr'>τοὺς</span> <span class='ocrx_word' id='word_1_576' title='bbox 3706 3817 3865 3894; x_wconf 76' lang='grc' dir='ltr'>μάρτυ-</span> 
     </span>
    </p>
   </div>
   <div class='ocr_carea' id='block_1_84' title="bbox 2287 3904 3865 3989">
    <p class='ocr_par' dir='ltr' id='par_1_84' title="bbox 2287 3904 3865 3989">
     <span class='ocr_line' id='line_1_84' title="bbox 2287 3904 3865 3989; baseline 0.003 -26"><span class='ocrx_word' id='word_1_577' title='bbox 2287 3927 2402 3982; x_wconf 85' lang='grc' dir='ltr'>ρας,</span> <span class='ocrx_word' id='word_1_578' title='bbox 2459 3907 2546 3964; x_wconf 70' lang='grc' dir='ltr'>οιαὶ</span> <span class='ocrx_word' id='word_1_579' title='bbox 2595 3908 2926 3986; x_wconf 79' lang='grc' dir='ltr'>παράγονται</span> <span class='ocrx_word' id='word_1_580' title='bbox 2998 3910 3087 3966; x_wconf 82' lang='grc' dir='ltr'><strong>καὶ</strong></span> <span class='ocrx_word' id='word_1_581' title='bbox 3151 3909 3237 3972; x_wconf 72' lang='grc' dir='ltr'><strong>ἐπὶ</strong></span> <span class='ocrx_word' id='word_1_582' title='bbox 3306 3922 3676 3989; x_wconf 63' lang='grc' dir='ltr'>χρηματικοῖς</span> <span class='ocrx_word' id='word_1_583' title='bbox 3725 3909 3765 3962; x_wconf 74' lang='grc' dir='ltr'>οἱ</span> <span class='ocrx_word' id='word_1_584' title='bbox 3810 3904 3865 3978; x_wconf 64' lang='grc' dir='ltr'>μὴ</span> 
     </span>
    </p>
   </div>
   <div class='ocr_carea' id='block_1_85' title="bbox 2287 3994 3863 4073">
    <p class='ocr_par' dir='ltr' id='par_1_85' title="bbox 2287 3994 3863 4073">
     <span class='ocr_line' id='line_1_85' title="bbox 2287 3994 3863 4073; baseline 0 -23"><span class='ocrx_word' id='word_1_585' title='bbox 2287 3994 2648 4070; x_wconf 69' lang='grc' dir='ltr'>κεκωλυμένοι</span> <span class='ocrx_word' id='word_1_586' title='bbox 2703 3996 2811 4053; x_wconf 82' lang='grc' dir='ltr'><strong>ἀπὸ</strong></span> <span class='ocrx_word' id='word_1_587' title='bbox 2867 4007 2962 4056; x_wconf 83' lang='grc' dir='ltr'>τοῦ</span> <span class='ocrx_word' id='word_1_588' title='bbox 3031 3998 3196 4073; x_wconf 86' lang='grc' dir='ltr'>νόμου</span> <span class='ocrx_word' id='word_1_589' title='bbox 3270 3998 3305 4063; x_wconf 70' lang='grc' dir='ltr'><strong>ἢ</strong></span> <span class='ocrx_word' id='word_1_590' title='bbox 3359 3996 3863 4070; x_wconf 68' lang='grc' dir='ltr'>ὶξκουσσατευόμενοι.</span> 
     </span>
    </p>
   </div>
   <div class='ocr_carea' id='block_1_86' title="bbox 2288 4076 3864 4167">
    <p class='ocr_par' dir='ltr' id='par_1_86' title="bbox 2288 4076 3864 4167">
     <span class='ocr_line' id='line_1_86' title="bbox 2288 4076 3864 4167; baseline -0.002 -24"><span class='ocrx_word' id='word_1_591' title='bbox 2288 4076 2346 4143; x_wconf 65' lang='grc' dir='ltr'>Ὀ</span> <span class='ocrx_word' id='word_1_592' title='bbox 2391 4084 2443 4140; x_wconf 84' lang='grc' dir='ltr'>κ’</span> <span class='ocrx_word' id='word_1_593' title='bbox 2497 4086 2601 4146; x_wconf 84' lang='grc' dir='ltr'>τίτ.</span> <span class='ocrx_word' id='word_1_594' title='bbox 2647 4093 2741 4143; x_wconf 83' lang='grc' dir='ltr'>τοῦ</span> <span class='ocrx_word' id='word_1_595' title='bbox 2796 4085 2842 4142; x_wconf 87' lang='grc' dir='ltr'>δ’</span> <span class='ocrx_word' id='word_1_596' title='bbox 2893 4085 3098 4163; x_wconf 88' lang='grc' dir='ltr'>βιϐλίου</span> <span class='ocrx_word' id='word_1_597' title='bbox 3151 4089 3244 4144; x_wconf 85' lang='grc' dir='ltr'>τοῦ</span> <span class='ocrx_word' id='word_1_598' title='bbox 3300 4086 3558 4167; x_wconf 81' lang='grc' dir='ltr'>γώδικος,</span> <span class='ocrx_word' id='word_1_599' title='bbox 3614 4086 3716 4144; x_wconf 77' lang='grc' dir='ltr'>ἔστι</span> <span class='ocrx_word' id='word_1_600' title='bbox 3775 4104 3864 4160; x_wconf 60' lang='grc' dir='ltr'>κερ.</span> 
     </span>
    </p>
   </div>
   <div class='ocr_carea' id='block_1_87' title="bbox 2285 4171 3872 4256">
    <p class='ocr_par' dir='ltr' id='par_1_87' title="bbox 2285 4171 3872 4256">
     <span class='ocr_line' id='line_1_87' title="bbox 2285 4171 3872 4256; baseline -0.001 -26"><span class='ocrx_word' id='word_1_601' title='bbox 2285 4173 2399 4252; x_wconf 83' lang='grc' dir='ltr'>κα’,</span> <span class='ocrx_word' id='word_1_602' title='bbox 2438 4181 2531 4232; x_wconf 80' lang='grc' dir='ltr'>τοῦ</span> <span class='ocrx_word' id='word_1_603' title='bbox 2560 4174 2612 4230; x_wconf 87' lang='grc' dir='ltr'>α’</span> <span class='ocrx_word' id='word_1_604' title='bbox 2643 4176 2747 4236; x_wconf 84' lang='grc' dir='ltr'>τίτ.</span> <span class='ocrx_word' id='word_1_605' title='bbox 2781 4183 2873 4232; x_wconf 83' lang='grc' dir='ltr'>τοῦ</span> <span class='ocrx_word' id='word_1_606' title='bbox 2918 4178 3007 4233; x_wconf 71' lang='lat' dir='ltr'><strong>xz’</strong></span> <span class='ocrx_word' id='word_1_607' title='bbox 3049 4175 3256 4254; x_wconf 84' lang='grc' dir='ltr'>βιϐλίου</span> <span class='ocrx_word' id='word_1_608' title='bbox 3286 4175 3457 4240; x_wconf 68' lang='grc' dir='ltr'>οὕτως</span> <span class='ocrx_word' id='word_1_609' title='bbox 3493 4176 3642 4256; x_wconf 74' lang='grc' dir='ltr'>ἕχον,</span> <span class='ocrx_word' id='word_1_610' title='bbox 3672 4171 3872 4236; x_wconf 75' lang='grc' dir='ltr'>ἀπόϐλη-</span> 
     </span>
    </p>
   </div>
   <div class='ocr_carea' id='block_1_88' title="bbox 2286 4261 3871 4345">
    <p class='ocr_par' dir='ltr' id='par_1_88' title="bbox 2286 4261 3871 4345">
     <span class='ocr_line' id='line_1_88' title="bbox 2286 4261 3871 4345; baseline -0.001 -25"><span class='ocrx_word' id='word_1_611' title='bbox 2286 4285 2374 4326; x_wconf 86' lang='grc' dir='ltr'><strong>τος</strong></span> <span class='ocrx_word' id='word_1_612' title='bbox 2433 4265 2505 4326; x_wconf 80' lang='grc' dir='ltr'><strong>είς</strong></span> <span class='ocrx_word' id='word_1_613' title='bbox 2565 4266 2851 4343; x_wconf 80' lang='grc' dir='ltr'>μαρτυρίαν</span> <span class='ocrx_word' id='word_1_614' title='bbox 2900 4265 3102 4345; x_wconf 87' lang='grc' dir='ltr'>γίνεται</span> <span class='ocrx_word' id='word_1_615' title='bbox 3171 4269 3198 4322; x_wconf 77' lang='grc' dir='ltr'>ὁ</span> <span class='ocrx_word' id='word_1_616' title='bbox 3255 4264 3656 4330; x_wconf 78' lang='grc' dir='ltr'>καταδικασθεὶς</span> <span class='ocrx_word' id='word_1_617' title='bbox 3705 4263 3777 4319; x_wconf 75' lang='grc' dir='ltr'><strong>ἰπὶ</strong></span> <span class='ocrx_word' id='word_1_618' title='bbox 3830 4261 3871 4314; x_wconf 66' lang='grc' dir='ltr'><strong>τὸ</strong></span> 
     </span>
    </p>
   </div>
   <div class='ocr_carea' id='block_1_89' title="bbox 565 4347 2210 4434">
    <p class='ocr_par' dir='ltr' id='par_1_89' title="bbox 565 4349 2198 4432">
     <span class='ocr_line' id='line_1_89' title="bbox 565 4349 2198 4432; baseline -0.001 -17"><span class='ocrx_word' id='word_1_619' title='bbox 565 4354 668 4430; x_wconf 89' lang='lat'><strong>96,</strong></span> <span class='ocrx_word' id='word_1_620' title='bbox 707 4353 782 4414; x_wconf 89' lang='lat' dir='ltr'><strong>de</strong></span> <span class='ocrx_word' id='word_1_621' title='bbox 817 4351 1092 4426; x_wconf 88' lang='lat' dir='ltr'><strong>testibus,</strong></span> <span class='ocrx_word' id='word_1_622' title='bbox 1127 4352 1320 4432; x_wconf 88' lang='lat' dir='ltr'><strong>posita</strong></span> <span class='ocrx_word' id='word_1_623' title='bbox 1352 4365 1445 4413; x_wconf 82' lang='lat' dir='ltr'><strong>est.</strong></span> <span class='ocrx_word' id='word_1_624' title='bbox 1478 4359 1534 4412; x_wconf 90' lang='lat' dir='ltr'><strong>in</strong></span> <span class='ocrx_word' id='word_1_625' title='bbox 1569 4351 1668 4412; x_wconf 91' lang='lat' dir='ltr'><strong>lib.</strong></span> <span class='ocrx_word' id='word_1_626' title='bbox 1704 4349 1887 4412; x_wconf 91' lang='lat' dir='ltr'><strong>Basil.</strong></span> <span class='ocrx_word' id='word_1_627' title='bbox 1922 4367 2040 4424; x_wconf 69' lang='lat' dir='ltr'><strong>xxx,</strong></span> <span class='ocrx_word' id='word_1_628' title='bbox 2065 4368 2198 4430; x_wconf 86' lang='lat' dir='ltr'><strong>cap.</strong></span> 
     </span>
    </p>
   </div>
   <div class='ocr_carea' id='block_1_90' title="bbox 2296 4347 3870 4434">
    <p class='ocr_par' dir='ltr' id='par_1_90' title="bbox 2296 4347 3870 4434">
     <span class='ocr_line' id='line_1_90' title="bbox 2296 4347 3870 4434; baseline -0.003 -23"><span class='ocrx_word' id='word_1_629' title='bbox 2296 4360 2508 4422; x_wconf 78' lang='grc' dir='ltr'>ποιῆσαι</span> <span class='ocrx_word' id='word_1_630' title='bbox 2589 4353 2883 4434; x_wconf 81' lang='grc' dir='ltr'>ταραχώδη</span> <span class='ocrx_word' id='word_1_631' title='bbox 2968 4355 3248 4434; x_wconf 77' lang='grc' dir='ltr'>φλυαρίαν,</span> <span class='ocrx_word' id='word_1_632' title='bbox 3335 4347 3398 4412; x_wconf 75' lang='grc' dir='ltr'><strong>’Β</strong></span> <span class='ocrx_word' id='word_1_633' title='bbox 3470 4357 3591 4434; x_wconf 81' lang='grc' dir='ltr'>περὶ</span> <span class='ocrx_word' id='word_1_634' title='bbox 3645 4353 3870 4431; x_wconf 77' lang='grc' dir='ltr'>μαρτύρων</span> 
     </span>
    </p>
   </div>
   <div class='ocr_carea' id='block_1_91' title="bbox 567 4437 2210 4550">
    <p class='ocr_par' dir='ltr' id='par_1_91' title="bbox 567 4439 2200 4523">
     <span class='ocr_line' id='line_1_91' title="bbox 567 4439 2200 4523; baseline -0.004 -17"><span class='ocrx_word' id='word_1_635' title='bbox 567 4443 807 4523; x_wconf 67' lang='grc' dir='ltr'>46,ίιυω</span> <span class='ocrx_word' id='word_1_636' title='bbox 829 4445 914 4504; x_wconf 90' lang='lat' dir='ltr'><strong>sic</strong></span> <span class='ocrx_word' id='word_1_637' title='bbox 937 4442 1179 4504; x_wconf 83' lang='lat' dir='ltr'><strong>inchoat</strong></span> <span class='ocrx_word' id='word_1_638' title='bbox 1203 4459 1216 4501; x_wconf 89' lang='lat'>:</span> <span class='ocrx_word' id='word_1_639' title='bbox 1243 4441 1581 4515; x_wconf 90' lang='lat' dir='ltr'><strong>Sancimus,</strong></span> <span class='ocrx_word' id='word_1_640' title='bbox 1611 4450 1668 4502; x_wconf 87' lang='lat' dir='ltr'><strong>et</strong></span> <span class='ocrx_word' id='word_1_641' title='bbox 1702 4440 1955 4502; x_wconf 86' lang='lat' dir='ltr'><strong>maxime</strong></span> <span class='ocrx_word' id='word_1_642' title='bbox 1986 4439 2047 4500; x_wconf 90' lang='lat' dir='ltr'><strong>in</strong></span> <span class='ocrx_word' id='word_1_643' title='bbox 2072 4459 2200 4501; x_wconf 86' lang='lat' dir='ltr'><strong>ma-</strong></span> 
     </span>
    </p>
   </div>
   <div class='ocr_carea' id='block_1_92' title="bbox 2296 4437 3872 4550">
    <p class='ocr_par' dir='ltr' id='par_1_92' title="bbox 2296 4437 3872 4524">
     <span class='ocr_line' id='line_1_92' title="bbox 2296 4437 3872 4524; baseline 0.003 -26"><span class='ocrx_word' id='word_1_644' title='bbox 2296 4443 2350 4520; x_wconf 61' lang='grc' dir='ltr'><strong>ς’</strong></span> <span class='ocrx_word' id='word_1_645' title='bbox 2374 4445 2533 4522; x_wconf 82' lang='grc' dir='ltr'>νεαρὰ</span> <span class='ocrx_word' id='word_1_646' title='bbox 2564 4445 2716 4522; x_wconf 48' lang='lat' dir='ltr'><strong>otior,</strong></span> <span class='ocrx_word' id='word_1_647' title='bbox 2748 4444 2801 4502; x_wconf 76' lang='grc' dir='ltr'>ὲν</span> <span class='ocrx_word' id='word_1_648' title='bbox 2831 4442 3022 4521; x_wconf 85' lang='grc' dir='ltr'>βιϐλίῳ</span> <span class='ocrx_word' id='word_1_649' title='bbox 3051 4452 3158 4502; x_wconf 81' lang='grc' dir='ltr'>τῶν</span> <span class='ocrx_word' id='word_1_650' title='bbox 3192 4443 3497 4502; x_wconf 83' lang='grc' dir='ltr'>Βασιλικῶν</span> <span class='ocrx_word' id='word_1_651' title='bbox 3529 4437 3872 4524; x_wconf 70' lang='grc' dir='ltr'>κα’,ιιεφ.μς”,</span> 
     </span>
    </p>
   </div>
   <div class='ocr_carea' id='block_1_93' title="bbox 567 4529 2210 4615">
    <p class='ocr_par' dir='ltr' id='par_1_93' title="bbox 567 4530 2201 4612">
     <span class='ocr_line' id='line_1_93' title="bbox 567 4530 2201 4612; baseline -0.002 -18"><span class='ocrx_word' id='word_1_652' title='bbox 567 4551 682 4612; x_wconf 79' lang='lat' dir='ltr'><strong>gna</strong></span> <span class='ocrx_word' id='word_1_653' title='bbox 711 4533 822 4594; x_wconf 90' lang='lat' dir='ltr'><strong>hac</strong></span> <span class='ocrx_word' id='word_1_654' title='bbox 854 4541 912 4593; x_wconf 89' lang='lat' dir='ltr'><strong>et</strong></span> <span class='ocrx_word' id='word_1_655' title='bbox 943 4531 1121 4594; x_wconf 84' lang='lat' dir='ltr'><strong>felice</strong></span> <span class='ocrx_word' id='word_1_656' title='bbox 1152 4531 1302 4593; x_wconf 87' lang='lat' dir='ltr'><strong>urbe</strong></span> <span class='ocrx_word' id='word_1_657' title='bbox 1335 4551 1348 4591; x_wconf 90' lang='lat'>:</span> <span class='ocrx_word' id='word_1_658' title='bbox 1383 4550 1557 4612; x_wconf 89' lang='lat' dir='ltr'><strong>quam</strong></span> <span class='ocrx_word' id='word_1_659' title='bbox 1589 4531 1736 4608; x_wconf 88' lang='lat' dir='ltr'><strong>lege,</strong></span> <span class='ocrx_word' id='word_1_660' title='bbox 1771 4530 1855 4591; x_wconf 87' lang='lat' dir='ltr'><strong>uti</strong></span> <span class='ocrx_word' id='word_1_661' title='bbox 1879 4548 2010 4605; x_wconf 67' lang='lat' dir='ltr'><strong>quae</strong></span> <span class='ocrx_word' id='word_1_662' title='bbox 2032 4530 2201 4591; x_wconf 84' lang='lat' dir='ltr'><strong>valde</strong></span> 
     </span>
    </p>
   </div>
   <div class='ocr_carea' id='block_1_94' title="bbox 2296 4529 3872 4615">
    <p class='ocr_par' dir='ltr' id='par_1_94' title="bbox 2296 4529 3872 4615">
     <span class='ocr_line' id='line_1_94' title="bbox 2296 4529 3872 4615; baseline -0.003 -25"><span class='ocrx_word' id='word_1_663' title='bbox 2296 4534 2449 4598; x_wconf 74' lang='grc' dir='ltr'>&gt;ὕῖως</span> <span class='ocrx_word' id='word_1_664' title='bbox 2489 4531 2691 4612; x_wconf 79' lang='grc' dir='ltr'>ἔχουσα</span> <span class='ocrx_word' id='word_1_665' title='bbox 2735 4536 2853 4610; x_wconf 82' lang='grc' dir='ltr'>περὶ</span> <span class='ocrx_word' id='word_1_666' title='bbox 2885 4537 2983 4601; x_wconf 83' lang='grc' dir='ltr'><strong>τὴν</strong></span> <span class='ocrx_word' id='word_1_667' title='bbox 3015 4534 3196 4615; x_wconf 76' lang='grc' dir='ltr'>ἀρχήν</span> <span class='ocrx_word' id='word_1_668' title='bbox 3232 4551 3246 4566; x_wconf 88' lang='grc'><strong>·</strong></span> <span class='ocrx_word' id='word_1_669' title='bbox 3306 4539 3656 4611; x_wconf 77' lang='grc' dir='ltr'>Θεσπίζομεν,</span> <span class='ocrx_word' id='word_1_670' title='bbox 3688 4534 3766 4589; x_wconf 79' lang='grc' dir='ltr'><strong>καὶ</strong></span> <span class='ocrx_word' id='word_1_671' title='bbox 3789 4529 3872 4604; x_wconf 78' lang='grc' dir='ltr'><strong>μά-</strong></span> 
     </span>
    </p>
   </div>
   <div class='ocr_carea' id='block_1_95' title="bbox 566 4618 2210 4703">
    <p class='ocr_par' dir='ltr' id='par_1_95' title="bbox 566 4618 2202 4703">
     <span class='ocr_line' id='line_1_95' title="bbox 566 4618 2202 4703; baseline -0.002 -19"><span class='ocrx_word' id='word_1_672' title='bbox 566 4621 908 4686; x_wconf 89' lang='lat' dir='ltr'><strong>necessaria</strong></span> <span class='ocrx_word' id='word_1_673' title='bbox 931 4621 1097 4698; x_wconf 90' lang='lat' dir='ltr'><strong>sit,et</strong></span> <span class='ocrx_word' id='word_1_674' title='bbox 1127 4622 1204 4684; x_wconf 89' lang='lat' dir='ltr'><strong>de</strong></span> <span class='ocrx_word' id='word_1_675' title='bbox 1237 4621 1310 4682; x_wconf 86' lang='lat' dir='ltr'><strong>iis</strong></span> <span class='ocrx_word' id='word_1_676' title='bbox 1342 4622 1444 4703; x_wconf 90' lang='lat' dir='ltr'><strong>qui</strong></span> <span class='ocrx_word' id='word_1_677' title='bbox 1477 4619 1880 4684; x_wconf 89' lang='lat' dir='ltr'><strong>testimonium</strong></span> <span class='ocrx_word' id='word_1_678' title='bbox 1906 4619 2068 4680; x_wconf 89' lang='lat' dir='ltr'><strong>ferre</strong></span> <span class='ocrx_word' id='word_1_679' title='bbox 2099 4618 2202 4680; x_wconf 86' lang='lat' dir='ltr'><strong>de-</strong></span> 
     </span>
    </p>
   </div>
   <div class='ocr_carea' id='block_1_96' title="bbox 2296 4618 3872 4703">
    <p class='ocr_par' dir='ltr' id='par_1_96' title="bbox 2296 4621 3872 4701">
     <span class='ocr_line' id='line_1_96' title="bbox 2296 4621 3872 4701; baseline -0.015 -5"><span class='ocrx_word' id='word_1_680' title='bbox 2296 4628 2437 4680; x_wconf 56' lang='lat' dir='ltr'><strong>m,&quot;</strong></span> <span class='ocrx_word' id='word_1_681' title='bbox 2502 4622 2589 4679; x_wconf 57' lang='grc' dir='ltr'><strong>ἐπὶ</strong></span> <span class='ocrx_word' id='word_1_682' title='bbox 2644 4622 2738 4691; x_wconf 65' lang='grc' dir='ltr'><strong>τῆς</strong></span> <span class='ocrx_word' id='word_1_683' title='bbox 2821 4623 3067 4701; x_wconf 78' lang='grc' dir='ltr'>μεγάλης</span> <span class='ocrx_word' id='word_1_684' title='bbox 3144 4623 3354 4687; x_wconf 73' lang='grc' dir='ltr'>πόλεως</span> <span class='ocrx_word' id='word_1_685' title='bbox 3415 4627 3616 4691; x_wconf 76' lang='grc' dir='ltr'>ταύτης</span> <span class='ocrx_word' id='word_1_686' title='bbox 3687 4623 3764 4678; x_wconf 81' lang='grc' dir='ltr'><strong>καὶ</strong></span> <span class='ocrx_word' id='word_1_687' title='bbox 3807 4621 3872 4674; x_wconf 69' lang='grc' dir='ltr'><strong>εὖ·</strong></span> 
     </span>
    </p>
   </div>
   <div class='ocr_carea' id='block_1_97' title="bbox 566 4707 2210 4795">
    <p class='ocr_par' dir='ltr' id='par_1_97' title="bbox 566 4707 2198 4795">
     <span class='ocr_line' id='line_1_97' title="bbox 566 4707 2198 4795; baseline -0.004 -19"><span class='ocrx_word' id='word_1_688' title='bbox 566 4713 764 4787; x_wconf 88' lang='lat' dir='ltr'><strong>beant,</strong></span> <span class='ocrx_word' id='word_1_689' title='bbox 801 4713 1094 4795; x_wconf 75' lang='lat' dir='ltr'><strong>permulta</strong></span> <span class='ocrx_word' id='word_1_690' title='bbox 1126 4712 1337 4774; x_wconf 89' lang='lat' dir='ltr'><strong>doceat</strong></span> <span class='ocrx_word' id='word_1_691' title='bbox 1393 4714 1594 4773; x_wconf 88' lang='lat' dir='ltr'><strong>Const.</strong></span> <span class='ocrx_word' id='word_1_692' title='bbox 1620 4714 1680 4786; x_wconf 89' lang='lat'><strong>9,</strong></span> <span class='ocrx_word' id='word_1_693' title='bbox 1718 4711 1806 4772; x_wconf 84' lang='lat' dir='ltr'><strong>tit.</strong></span> <span class='ocrx_word' id='word_1_694' title='bbox 1844 4709 1942 4783; x_wconf 66' lang='lat'><strong>90,</strong></span> <span class='ocrx_word' id='word_1_695' title='bbox 1980 4707 2084 4772; x_wconf 91' lang='lat' dir='ltr'><strong>lib.</strong></span> <span class='ocrx_word' id='word_1_696' title='bbox 2122 4727 2198 4784; x_wconf 83' lang='lat' dir='ltr'><strong>Iv,</strong></span> 
     </span>
    </p>
   </div>
   <div class='ocr_carea' id='block_1_98' title="bbox 2296 4707 3868 4795">
    <p class='ocr_par' dir='ltr' id='par_1_98' title="bbox 2296 4709 3868 4794">
     <span class='ocr_line' id='line_1_98' title="bbox 2296 4709 3868 4794; baseline -0.003 -27"><span class='ocrx_word' id='word_1_697' title='bbox 2296 4710 2553 4784; x_wconf 72' lang='grc' dir='ltr'>Βαίμονος.</span> <span class='ocrx_word' id='word_1_698' title='bbox 2588 4709 2692 4772; x_wconf 84' lang='grc' dir='ltr'>Καὶ</span> <span class='ocrx_word' id='word_1_699' title='bbox 2745 4712 3010 4791; x_wconf 79' lang='grc' dir='ltr'>ἀνάγνωθι</span> <span class='ocrx_word' id='word_1_700' title='bbox 3062 4713 3264 4781; x_wconf 81' lang='grc' dir='ltr'>ταύτην</span> <span class='ocrx_word' id='word_1_701' title='bbox 3296 4711 3496 4794; x_wconf 73' lang='grc' dir='ltr'>σφόδρα</span> <span class='ocrx_word' id='word_1_702' title='bbox 3538 4721 3690 4770; x_wconf 82' lang='grc' dir='ltr'>οὺσαν</span> <span class='ocrx_word' id='word_1_703' title='bbox 3738 4710 3868 4783; x_wconf 75' lang='grc' dir='ltr'>ἄναγ-</span> 
     </span>
    </p>
   </div>
   <div class='ocr_carea' id='block_1_99' title="bbox 564 4798 2210 4885">
    <p class='ocr_par' dir='ltr' id='par_1_99' title="bbox 564 4798 2197 4885">
     <span class='ocr_line' id='line_1_99' title="bbox 564 4798 2197 4885; baseline -0.002 -20"><span class='ocrx_word' id='word_1_704' title='bbox 564 4805 699 4868; x_wconf 93' lang='lat' dir='ltr'><strong>cod.</strong></span> <span class='ocrx_word' id='word_1_705' title='bbox 738 4803 930 4885; x_wconf 86' lang='lat' dir='ltr'><strong>posita</strong></span> <span class='ocrx_word' id='word_1_706' title='bbox 971 4813 1062 4864; x_wconf 89' lang='lat' dir='ltr'><strong>est</strong></span> <span class='ocrx_word' id='word_1_707' title='bbox 1093 4803 1155 4864; x_wconf 88' lang='lat' dir='ltr'><strong>in</strong></span> <span class='ocrx_word' id='word_1_708' title='bbox 1187 4802 1295 4867; x_wconf 90' lang='lat' dir='ltr'><strong>lib.</strong></span> <span class='ocrx_word' id='word_1_709' title='bbox 1331 4801 1516 4865; x_wconf 88' lang='lat' dir='ltr'><strong>Basil.</strong></span> <span class='ocrx_word' id='word_1_710' title='bbox 1550 4817 1672 4880; x_wconf 82' lang='lat' dir='ltr'><strong>xxi,</strong></span> <span class='ocrx_word' id='word_1_711' title='bbox 1706 4799 1795 4860; x_wconf 89' lang='lat' dir='ltr'><strong>tit.</strong></span> <span class='ocrx_word' id='word_1_712' title='bbox 1839 4813 1892 4873; x_wconf 81' lang='grc' dir='ltr'><strong>ι,</strong></span> <span class='ocrx_word' id='word_1_713' title='bbox 1929 4815 2058 4876; x_wconf 83' lang='lat' dir='ltr'><strong>cap.</strong></span> <span class='ocrx_word' id='word_1_714' title='bbox 2096 4798 2197 4874; x_wconf 89' lang='lat'><strong>33,</strong></span> 
     </span>
    </p>
   </div>
   <div class='ocr_carea' id='block_1_100' title="bbox 2296 4798 3869 4885">
    <p class='ocr_par' dir='ltr' id='par_1_100' title="bbox 2296 4800 3869 4885">
     <span class='ocr_line' id='line_1_100' title="bbox 2296 4800 3869 4885; baseline -0.003 -27"><span class='ocrx_word' id='word_1_715' title='bbox 2296 4802 2458 4875; x_wconf 81' lang='grc' dir='ltr'>ιαίαν,</span> <span class='ocrx_word' id='word_1_716' title='bbox 2517 4805 2606 4857; x_wconf 81' lang='grc' dir='ltr'>καὶ</span> <span class='ocrx_word' id='word_1_717' title='bbox 2662 4800 2838 4885; x_wconf 79' lang='grc' dir='ltr'>πολλὰ</span> <span class='ocrx_word' id='word_1_718' title='bbox 2897 4801 3023 4880; x_wconf 86' lang='grc' dir='ltr'><strong>περί</strong></span> <span class='ocrx_word' id='word_1_719' title='bbox 3083 4809 3190 4860; x_wconf 85' lang='grc' dir='ltr'><strong>τῶν</strong></span> <span class='ocrx_word' id='word_1_720' title='bbox 3249 4801 3575 4882; x_wconf 71' lang='grc' dir='ltr'>ὀφειλόντων</span> <span class='ocrx_word' id='word_1_721' title='bbox 3631 4809 3869 4877; x_wconf 75' lang='grc' dir='ltr'>μαρτυρεῖν</span> 
     </span>
    </p>
   </div>
   <div class='ocr_carea' id='block_1_101' title="bbox 563 4881 2210 4973">
    <p class='ocr_par' dir='ltr' id='par_1_101' title="bbox 563 4881 2198 4973">
     <span class='ocr_line' id='line_1_101' title="bbox 563 4881 2198 4973; baseline -0.004 -18"><span class='ocrx_word' id='word_1_722' title='bbox 563 4881 824 4956; x_wconf 80' lang='lat' dir='ltr'><strong>themate</strong></span> <span class='ocrx_word' id='word_1_723' title='bbox 855 4893 916 4968; x_wconf 72' lang='grc'><strong>2,</strong></span> <span class='ocrx_word' id='word_1_724' title='bbox 977 4893 1136 4973; x_wconf 91' lang='lat' dir='ltr'><strong>quod</strong></span> <span class='ocrx_word' id='word_1_725' title='bbox 1187 4893 1266 4953; x_wconf 89' lang='lat' dir='ltr'><strong>ita</strong></span> <span class='ocrx_word' id='word_1_726' title='bbox 1326 4891 1504 4954; x_wconf 88' lang='lat' dir='ltr'><strong>habet</strong></span> <span class='ocrx_word' id='word_1_727' title='bbox 1539 4911 1550 4950; x_wconf 95' lang='lat'>:</span> <span class='ocrx_word' id='word_1_728' title='bbox 1581 4889 1792 4952; x_wconf 86' lang='lat' dir='ltr'><strong>Jurare</strong></span> <span class='ocrx_word' id='word_1_729' title='bbox 1825 4896 2004 4950; x_wconf 89' lang='lat' dir='ltr'><strong>testes</strong></span> <span class='ocrx_word' id='word_1_730' title='bbox 2036 4887 2198 4968; x_wconf 88' lang='lat' dir='ltr'><strong>prius</strong></span> 
     </span>
    </p>
   </div>
   <div class='ocr_carea' id='block_1_102' title="bbox 2296 4881 3865 4973">
    <p class='ocr_par' dir='ltr' id='par_1_102' title="bbox 2296 4881 3865 4965">
     <span class='ocr_line' id='line_1_102' title="bbox 2296 4881 3865 4965; baseline -0.003 -19"><span class='ocrx_word' id='word_1_731' title='bbox 2296 4889 2648 4949; x_wconf 72' lang='grc' dir='ltr'>ῗιδάσκουσαν.</span> <span class='ocrx_word' id='word_1_732' title='bbox 2699 4881 2762 4946; x_wconf 60' lang='grc' dir='ltr'><em>Ἠ</em></span> <span class='ocrx_word' id='word_1_733' title='bbox 2818 4894 2845 4947; x_wconf 82' lang='grc' dir='ltr'>θ</span> <span class='ocrx_word' id='word_1_734' title='bbox 2904 4889 3044 4954; x_wconf 82' lang='grc' dir='ltr'>διάτ,</span> <span class='ocrx_word' id='word_1_735' title='bbox 3103 4895 3196 4948; x_wconf 77' lang='grc' dir='ltr'>τοῦ</span> <span class='ocrx_word' id='word_1_736' title='bbox 3251 4881 3302 4949; x_wconf 42' lang='grc' dir='ltr'>κθ</span> <span class='ocrx_word' id='word_1_737' title='bbox 3348 4895 3451 4950; x_wconf 89' lang='grc' dir='ltr'>τίτ.</span> <span class='ocrx_word' id='word_1_738' title='bbox 3516 4889 3676 4948; x_wconf 77' lang='grc' dir='ltr'>τοῦδ’</span> <span class='ocrx_word' id='word_1_739' title='bbox 3706 4885 3865 4965; x_wconf 71' lang='grc' dir='ltr'>βιϐλίου</span> 
     </span>
    </p>
   </div>
   <div class='ocr_carea' id='block_1_103' title="bbox 562 4973 2210 5063">
    <p class='ocr_par' dir='ltr' id='par_1_103' title="bbox 562 4973 2199 5063">
     <span class='ocr_line' id='line_1_103' title="bbox 562 4973 2199 5063; baseline -0.004 -19"><span class='ocrx_word' id='word_1_740' title='bbox 562 4992 817 5063; x_wconf 81' lang='lat' dir='ltr'><strong>Oportet,</strong></span> <span class='ocrx_word' id='word_1_741' title='bbox 851 5000 1024 5063; x_wconf 90' lang='lat' dir='ltr'><strong>quam</strong></span> <span class='ocrx_word' id='word_1_742' title='bbox 1077 4982 1480 5043; x_wconf 87' lang='lat' dir='ltr'><strong>testimonium</strong></span> <span class='ocrx_word' id='word_1_743' title='bbox 1543 4977 1917 5061; x_wconf 87' lang='lat' dir='ltr'><strong>perhibeant.</strong></span> <span class='ocrx_word' id='word_1_744' title='bbox 1951 4973 2199 5056; x_wconf 88' lang='lat' dir='ltr'><strong>Oportet</strong></span> 
     </span>
    </p>
   </div>
   <div class='ocr_carea' id='block_1_104' title="bbox 2296 4973 3862 5063">
    <p class='ocr_par' dir='ltr' id='par_1_104' title="bbox 2296 4976 3862 5056">
     <span class='ocr_line' id='line_1_104' title="bbox 2296 4976 3862 5056; baseline -0.001 -19"><span class='ocrx_word' id='word_1_745' title='bbox 2296 4987 2370 5038; x_wconf 73' lang='grc' dir='ltr'>τοῦ</span> <span class='ocrx_word' id='word_1_746' title='bbox 2400 4979 2621 5041; x_wconf 78' lang='grc' dir='ltr'>κωδικος</span> <span class='ocrx_word' id='word_1_747' title='bbox 2650 4977 2805 5046; x_wconf 62' lang='grc' dir='ltr'>ἐτέθη</span> <span class='ocrx_word' id='word_1_748' title='bbox 2840 4979 2896 5036; x_wconf 73' lang='grc' dir='ltr'>ἓν</span> <span class='ocrx_word' id='word_1_749' title='bbox 2940 4979 3132 5056; x_wconf 81' lang='grc' dir='ltr'>βιϐλίῳ</span> <span class='ocrx_word' id='word_1_750' title='bbox 3165 4987 3268 5037; x_wconf 82' lang='grc' dir='ltr'>τῶν</span> <span class='ocrx_word' id='word_1_751' title='bbox 3312 4981 3610 5039; x_wconf 83' lang='grc' dir='ltr'>Βασιλικῶν</span> <span class='ocrx_word' id='word_1_752' title='bbox 3653 4976 3751 5053; x_wconf 83' lang='grc' dir='ltr'>κα’,</span> <span class='ocrx_word' id='word_1_753' title='bbox 3787 4977 3862 5031; x_wconf 72' lang='grc' dir='ltr'>τίτ.</span> 
     </span>
    </p>
   </div>
   <div class='ocr_carea' id='block_1_105' title="bbox 559 5063 2210 5152">
    <p class='ocr_par' dir='ltr' id='par_1_105' title="bbox 559 5064 2196 5152">
     <span class='ocr_line' id='line_1_105' title="bbox 559 5064 2196 5152; baseline -0.003 -20"><span class='ocrx_word' id='word_1_754' title='bbox 559 5079 755 5133; x_wconf 89' lang='lat' dir='ltr'><strong>autem</strong></span> <span class='ocrx_word' id='word_1_755' title='bbox 781 5069 1226 5133; x_wconf 90' lang='lat' dir='ltr'><strong>honestioribus</strong></span> <span class='ocrx_word' id='word_1_756' title='bbox 1257 5070 1452 5152; x_wconf 91' lang='lat' dir='ltr'><strong>potius</strong></span> <span class='ocrx_word' id='word_1_757' title='bbox 1481 5069 1660 5130; x_wconf 83' lang='lat' dir='ltr'><strong>ﬁdem</strong></span> <span class='ocrx_word' id='word_1_758' title='bbox 1696 5064 2196 5128; x_wconf 89' lang='lat' dir='ltr'><strong>haberi.Proinde</strong></span> 
     </span>
    </p>
   </div>
   <div class='ocr_carea' id='block_1_106' title="bbox 2296 5063 3863 5152">
    <p class='ocr_par' dir='ltr' id='par_1_106' title="bbox 2296 5063 3863 5150">
     <span class='ocr_line' id='line_1_106' title="bbox 2296 5063 3863 5150; baseline -0.004 -23"><span class='ocrx_word' id='word_1_759' title='bbox 2296 5069 2354 5146; x_wconf 84' lang='grc' dir='ltr'><strong>ι’,</strong></span> <span class='ocrx_word' id='word_1_760' title='bbox 2415 5090 2536 5149; x_wconf 76' lang='grc' dir='ltr'>κεφ.</span> <span class='ocrx_word' id='word_1_761' title='bbox 2598 5067 2735 5142; x_wconf 77' lang='grc' dir='ltr'>λς’,</span> <span class='ocrx_word' id='word_1_762' title='bbox 2791 5069 2980 5143; x_wconf 80' lang='grc' dir='ltr'>θίματι</span> <span class='ocrx_word' id='word_1_763' title='bbox 3039 5069 3115 5146; x_wconf 85' lang='grc' dir='ltr'>β’,</span> <span class='ocrx_word' id='word_1_764' title='bbox 3163 5070 3334 5135; x_wconf 65' lang='grc' dir='ltr'>οὕτως</span> <span class='ocrx_word' id='word_1_765' title='bbox 3379 5071 3564 5150; x_wconf 80' lang='grc' dir='ltr'>ἔχοντι</span> <span class='ocrx_word' id='word_1_766' title='bbox 3598 5086 3613 5102; x_wconf 86' lang='grc'><strong><em>⁸</em></strong></span> <span class='ocrx_word' id='word_1_767' title='bbox 3663 5078 3750 5123; x_wconf 73' lang='lat' dir='ltr'><strong>At!</strong></span> <span class='ocrx_word' id='word_1_768' title='bbox 3773 5063 3863 5121; x_wconf 76' lang='grc' dir='ltr'>τοὺς</span> 
     </span>
    </p>
   </div>
   <div class='ocr_carea' id='block_1_107' title="bbox 558 5157 2210 5239">
    <p class='ocr_par' dir='ltr' id='par_1_107' title="bbox 558 5157 2185 5236">
     <span class='ocr_line' id='line_1_107' title="bbox 558 5157 2185 5236; baseline -0.003 -15"><span class='ocrx_word' id='word_1_769' title='bbox 558 5163 739 5224; x_wconf 88' lang='lat' dir='ltr'><strong>uuius</strong></span> <span class='ocrx_word' id='word_1_770' title='bbox 755 5162 1158 5222; x_wconf 90' lang='lat' dir='ltr'><strong>testimonium</strong></span> <span class='ocrx_word' id='word_1_771' title='bbox 1181 5160 1240 5221; x_wconf 93' lang='lat' dir='ltr'><strong>in</strong></span> <span class='ocrx_word' id='word_1_772' title='bbox 1257 5161 1420 5222; x_wconf 89' lang='lat' dir='ltr'><strong>nulla</strong></span> <span class='ocrx_word' id='word_1_773' title='bbox 1437 5177 1611 5221; x_wconf 88' lang='lat' dir='ltr'><strong>causa</strong></span> <span class='ocrx_word' id='word_1_774' title='bbox 1627 5157 2056 5218; x_wconf 89' lang='lat' dir='ltr'><strong>admittendum</strong></span> <span class='ocrx_word' id='word_1_775' title='bbox 2075 5163 2185 5236; x_wconf 85' lang='lat' dir='ltr'><strong>est,</strong></span> 
     </span>
    </p>
   </div>
   <div class='ocr_carea' id='block_1_108' title="bbox 2296 5157 3860 5239">
    <p class='ocr_par' dir='ltr' id='par_1_108' title="bbox 2296 5157 3860 5239">
     <span class='ocr_line' id='line_1_108' title="bbox 2296 5157 3860 5239; baseline -0.004 -22"><span class='ocrx_word' id='word_1_776' title='bbox 2296 5160 2543 5238; x_wconf 76' lang='grc' dir='ltr'>ιάρτύρας</span> <span class='ocrx_word' id='word_1_777' title='bbox 2588 5159 2845 5234; x_wconf 86' lang='grc' dir='ltr'>πρότερον</span> <span class='ocrx_word' id='word_1_778' title='bbox 2902 5160 3150 5236; x_wconf 80' lang='grc' dir='ltr'>ὀμνῦναι,</span> <span class='ocrx_word' id='word_1_779' title='bbox 3216 5165 3336 5239; x_wconf 86' lang='grc' dir='ltr'>πρὶν</span> <span class='ocrx_word' id='word_1_780' title='bbox 3393 5161 3428 5228; x_wconf 74' lang='grc' dir='ltr'><strong>ἢ</strong></span> <span class='ocrx_word' id='word_1_781' title='bbox 3490 5157 3860 5239; x_wconf 43' lang='grc' dir='ltr'>μαρτυρήσουαίτ</span> 
     </span>
    </p>
   </div>
   <div class='ocr_carea' id='block_1_109' title="bbox 557 5237 2210 5325">
    <p class='ocr_par' dir='ltr' id='par_1_109' title="bbox 557 5246 2182 5322">
     <span class='ocr_line' id='line_1_109' title="bbox 557 5246 2182 5322; baseline -0.002 -11"><span class='ocrx_word' id='word_1_782' title='bbox 557 5249 792 5311; x_wconf 88' lang='lat' dir='ltr'><strong>etiamsi</strong></span> <span class='ocrx_word' id='word_1_783' title='bbox 832 5260 1073 5312; x_wconf 87' lang='lat' dir='ltr'><strong>senator</strong></span> <span class='ocrx_word' id='word_1_784' title='bbox 1104 5256 1200 5311; x_wconf 86' lang='lat' dir='ltr'><strong>sit.</strong></span> <span class='ocrx_word' id='word_1_785' title='bbox 1237 5251 1444 5312; x_wconf 90' lang='lat' dir='ltr'><strong>Const.</strong></span> <span class='ocrx_word' id='word_1_786' title='bbox 1479 5249 1579 5322; x_wconf 78' lang='grc'><strong>25,</strong></span> <span class='ocrx_word' id='word_1_787' title='bbox 1615 5247 1721 5310; x_wconf 88' lang='lat' dir='ltr'><strong>lib.</strong></span> <span class='ocrx_word' id='word_1_788' title='bbox 1756 5265 1795 5318; x_wconf 82' lang='grc' dir='ltr'><strong>ι,</strong></span> <span class='ocrx_word' id='word_1_789' title='bbox 1826 5246 1960 5308; x_wconf 86' lang='lat' dir='ltr'><strong>cod.</strong></span> <span class='ocrx_word' id='word_1_790' title='bbox 2001 5246 2090 5308; x_wconf 87' lang='lat' dir='ltr'><strong>tit.</strong></span> <span class='ocrx_word' id='word_1_791' title='bbox 2125 5247 2182 5322; x_wconf 89' lang='grc'>5,</span> 
     </span>
    </p>
   </div>
   <div class='ocr_carea' id='block_1_110' title="bbox 2296 5237 3859 5325">
    <p class='ocr_par' dir='ltr' id='par_1_110' title="bbox 2296 5237 3859 5325">
     <span class='ocr_line' id='line_1_110' title="bbox 2296 5237 3859 5325; baseline -0.001 -21"><span class='ocrx_word' id='word_1_792' title='bbox 2296 5237 2374 5304; x_wconf 69' lang='lat' dir='ltr'><strong>ut</strong></span> <span class='ocrx_word' id='word_1_793' title='bbox 2416 5245 2469 5303; x_wconf 78' lang='grc' dir='ltr'>δὲ</span> <span class='ocrx_word' id='word_1_794' title='bbox 2517 5261 2636 5311; x_wconf 75' lang='grc' dir='ltr'>τοῖς</span> <span class='ocrx_word' id='word_1_795' title='bbox 2693 5249 3033 5323; x_wconf 83' lang='grc' dir='ltr'>τιμιωτέροις</span> <span class='ocrx_word' id='word_1_796' title='bbox 3081 5237 3285 5325; x_wconf 81' lang='grc' dir='ltr'>μᾶλλον</span> <span class='ocrx_word' id='word_1_797' title='bbox 3343 5251 3632 5310; x_wconf 80' lang='grc' dir='ltr'>πιστεύειν.</span> <span class='ocrx_word' id='word_1_798' title='bbox 3667 5238 3797 5303; x_wconf 78' lang='grc' dir='ltr'>Ἐνὸς</span> <span class='ocrx_word' id='word_1_799' title='bbox 3823 5237 3859 5292; x_wconf 66' lang='grc' dir='ltr'><strong>δέ</strong></span> 
     </span>
    </p>
   </div>
   <div class='ocr_carea' id='block_1_111' title="bbox 555 5328 2210 5420">
    <p class='ocr_par' dir='ltr' id='par_1_111' title="bbox 555 5335 2181 5420">
     <span class='ocr_line' id='line_1_111' title="bbox 555 5335 2181 5420; baseline -0.003 -20"><span class='ocrx_word' id='word_1_800' title='bbox 555 5346 645 5400; x_wconf 92' lang='lat' dir='ltr'><strong>est</strong></span> <span class='ocrx_word' id='word_1_801' title='bbox 673 5338 779 5400; x_wconf 87' lang='lat' dir='ltr'><strong>lib.</strong></span> <span class='ocrx_word' id='word_1_802' title='bbox 814 5357 911 5400; x_wconf 66' lang='grc' dir='ltr'><strong>χχι</strong></span> <span class='ocrx_word' id='word_1_803' title='bbox 941 5339 1120 5400; x_wconf 90' lang='lat' dir='ltr'><strong>Basil.</strong></span> <span class='ocrx_word' id='word_1_804' title='bbox 1161 5339 1249 5402; x_wconf 88' lang='lat' dir='ltr'><strong>tit.</strong></span> <span class='ocrx_word' id='word_1_805' title='bbox 1276 5342 1334 5415; x_wconf 79' lang='lat'><strong>1,</strong></span> <span class='ocrx_word' id='word_1_806' title='bbox 1363 5358 1491 5420; x_wconf 84' lang='lat' dir='ltr'><strong>cap.</strong></span> <span class='ocrx_word' id='word_1_807' title='bbox 1523 5340 1625 5412; x_wconf 81' lang='grc'><strong>45,</strong></span> <span class='ocrx_word' id='word_1_808' title='bbox 1654 5335 1812 5418; x_wconf 91' lang='lat' dir='ltr'><strong>quod</strong></span> <span class='ocrx_word' id='word_1_809' title='bbox 1845 5337 1931 5397; x_wconf 90' lang='lat' dir='ltr'><strong>sic</strong></span> <span class='ocrx_word' id='word_1_810' title='bbox 1963 5335 2181 5397; x_wconf 89' lang='lat' dir='ltr'><strong>habet:</strong></span> 
     </span>
    </p>
   </div>
   <div class='ocr_carea' id='block_1_112' title="bbox 2296 5328 3860 5420">
    <p class='ocr_par' dir='ltr' id='par_1_112' title="bbox 2296 5328 3860 5416">
     <span class='ocr_line' id='line_1_112' title="bbox 2296 5328 3860 5416; baseline -0.004 -20"><span class='ocrx_word' id='word_1_811' title='bbox 2296 5340 2526 5416; x_wconf 81' lang='grc' dir='ltr'>ιαρτυρία</span> <span class='ocrx_word' id='word_1_812' title='bbox 2571 5339 2665 5395; x_wconf 72' lang='grc' dir='ltr'><strong>οὒκ</strong></span> <span class='ocrx_word' id='word_1_813' title='bbox 2722 5336 2832 5394; x_wconf 78' lang='grc' dir='ltr'>ἔστι</span> <span class='ocrx_word' id='word_1_814' title='bbox 2897 5335 3058 5406; x_wconf 77' lang='grc' dir='ltr'>δεκτη</span> <span class='ocrx_word' id='word_1_815' title='bbox 3134 5339 3187 5395; x_wconf 77' lang='grc' dir='ltr'>ἐν</span> <span class='ocrx_word' id='word_1_816' title='bbox 3247 5337 3532 5412; x_wconf 72' lang='grc' dir='ltr'>οἱαδήποτε</span> <span class='ocrx_word' id='word_1_817' title='bbox 3590 5335 3722 5411; x_wconf 81' lang='grc' dir='ltr'>δίκῃ,</span> <span class='ocrx_word' id='word_1_818' title='bbox 3790 5328 3860 5385; x_wconf 67' lang='grc' dir='ltr'>κᾶν</span> 
     </span>
    </p>
   </div>
   <div class='ocr_carea' id='block_1_113' title="bbox 551 5417 2210 5506">
    <p class='ocr_par' dir='ltr' id='par_1_113' title="bbox 551 5417 2188 5505">
     <span class='ocr_line' id='line_1_113' title="bbox 551 5417 2188 5505; baseline -0.002 -15"><span class='ocrx_word' id='word_1_819' title='bbox 551 5426 634 5490; x_wconf 80' lang='lat' dir='ltr'><strong>Ex</strong></span> <span class='ocrx_word' id='word_1_820' title='bbox 666 5427 964 5490; x_wconf 69' lang='lat' dir='ltr'><strong>haereticis</strong></span> <span class='ocrx_word' id='word_1_821' title='bbox 991 5427 1318 5504; x_wconf 72' lang='lat' dir='ltr'><strong>Manichaai,</strong></span> <span class='ocrx_word' id='word_1_822' title='bbox 1346 5417 1698 5500; x_wconf 65' lang='lat' dir='ltr'><strong>Borboritaa,</strong></span> <span class='ocrx_word' id='word_1_823' title='bbox 1734 5425 2188 5505; x_wconf 80' lang='lat' dir='ltr'><strong>Pagani,Sama-</strong></span> 
     </span>
    </p>
   </div>
   <div class='ocr_carea' id='block_1_114' title="bbox 2296 5417 3861 5506">
    <p class='ocr_par' dir='ltr' id='par_1_114' title="bbox 2296 5417 3861 5506">
     <span class='ocr_line' id='line_1_114' title="bbox 2539 5417 3766 5446; baseline -0.002 0"><span class='ocrx_word' id='word_1_824' title='bbox 2539 5429 2552 5446; x_wconf 61' lang='grc' dir='ltr'><strong>ν</strong></span> <span class='ocrx_word' id='word_1_825' title='bbox 2669 5427 2692 5445; x_wconf 79' lang='grc' dir='ltr'><strong>υ</strong></span> <span class='ocrx_word' id='word_1_826' title='bbox 2807 5417 2821 5437; x_wconf 65' lang='grc' dir='ltr'><strong><em>ο</em></strong></span> <span class='ocrx_word' id='word_1_827' title='bbox 3661 5428 3682 5438; x_wconf 80' lang='grc' dir='ltr'>-ι</span> <span class='ocrx_word' id='word_1_828' title='bbox 3753 5421 3766 5443; x_wconf 70' lang='lat'><strong>9</strong></span> 
     </span>
     <span class='ocr_line' id='line_1_115' title="bbox 2296 5420 3861 5506; baseline -0.003 -21"><span class='ocrx_word' id='word_1_829' title='bbox 2296 5427 2595 5506; x_wconf 76' lang='grc' dir='ltr'>ὐγλητικος</span> <span class='ocrx_word' id='word_1_830' title='bbox 2640 5449 2757 5494; x_wconf 82' lang='grc' dir='ltr'>ειη,</span> <span class='ocrx_word' id='word_1_831' title='bbox 2827 5434 2868 5483; x_wconf 79' lang='grc' dir='ltr'>Η</span> <span class='ocrx_word' id='word_1_832' title='bbox 2930 5427 3014 5484; x_wconf 85' lang='grc' dir='ltr'>κα³</span> <span class='ocrx_word' id='word_1_833' title='bbox 3075 5425 3216 5492; x_wconf 85' lang='grc' dir='ltr'>διάτ,</span> <span class='ocrx_word' id='word_1_834' title='bbox 3252 5431 3343 5485; x_wconf 73' lang='grc' dir='ltr'>τοῦ</span> <span class='ocrx_word' id='word_1_835' title='bbox 3371 5428 3416 5484; x_wconf 86' lang='grc' dir='ltr'>ε’</span> <span class='ocrx_word' id='word_1_836' title='bbox 3459 5429 3562 5492; x_wconf 83' lang='grc' dir='ltr'>τίτ.</span> <span class='ocrx_word' id='word_1_837' title='bbox 3596 5449 3684 5482; x_wconf 74' lang='grc' dir='ltr'><strong>του</strong></span> <span class='ocrx_word' id='word_1_838' title='bbox 3717 5445 3772 5501; x_wconf 36' lang='grc' dir='ltr'>ᾖ,</span> <span class='ocrx_word' id='word_1_839' title='bbox 3798 5420 3861 5494; x_wconf 81' lang='grc' dir='ltr'>βι-</span> 
     </span>
    </p>
   </div>
   <div class='ocr_carea' id='block_1_115' title="bbox 545 5510 2210 5600">
    <p class='ocr_par' dir='ltr' id='par_1_115' title="bbox 545 5515 2184 5600">
     <span class='ocr_line' id='line_1_116' title="bbox 545 5515 2184 5600; baseline -0.001 -20"><span class='ocrx_word' id='word_1_840' title='bbox 545 5517 1822 5600; x_wconf 64' lang='lat' dir='ltr'><strong>ritre,Montanistze,Ascodrogita3,0phitre,</strong></span> <span class='ocrx_word' id='word_1_841' title='bbox 1839 5516 1929 5577; x_wconf 86' lang='lat' dir='ltr'><strong>vel</strong></span> <span class='ocrx_word' id='word_1_842' title='bbox 1953 5516 2054 5597; x_wconf 91' lang='lat' dir='ltr'><strong>qui</strong></span> <span class='ocrx_word' id='word_1_843' title='bbox 2073 5515 2184 5579; x_wconf 84' lang='lat' dir='ltr'><strong>Ju-</strong></span> 
     </span>
    </p>
   </div>
   <div class='ocr_carea' id='block_1_116' title="bbox 2296 5510 3857 5600">
    <p class='ocr_par' dir='ltr' id='par_1_116' title="bbox 2296 5510 3857 5594">
     <span class='ocr_line' id='line_1_117' title="bbox 2296 5510 3857 5594; baseline -0.007 -20"><span class='ocrx_word' id='word_1_844' title='bbox 2296 5517 2414 5574; x_wconf 74' lang='grc' dir='ltr'>ἶλίου</span> <span class='ocrx_word' id='word_1_845' title='bbox 2442 5525 2536 5574; x_wconf 82' lang='grc' dir='ltr'>τοῦ</span> <span class='ocrx_word' id='word_1_846' title='bbox 2576 5515 2828 5590; x_wconf 80' lang='grc' dir='ltr'>κώδικος,</span> <span class='ocrx_word' id='word_1_847' title='bbox 2887 5515 2997 5573; x_wconf 79' lang='grc' dir='ltr'>ἔστι</span> <span class='ocrx_word' id='word_1_848' title='bbox 3058 5515 3265 5594; x_wconf 85' lang='grc' dir='ltr'>βιϐλίον</span> <span class='ocrx_word' id='word_1_849' title='bbox 3324 5517 3415 5576; x_wconf 83' lang='grc' dir='ltr'>κα’</span> <span class='ocrx_word' id='word_1_850' title='bbox 3465 5524 3567 5575; x_wconf 82' lang='grc' dir='ltr'><strong>τῶν</strong></span> <span class='ocrx_word' id='word_1_851' title='bbox 3599 5510 3857 5573; x_wconf 78' lang='grc' dir='ltr'>Βασιλικῶν</span> 
     </span>
    </p>
   </div>
   <div class='ocr_carea' id='block_1_117' title="bbox 545 5595 2210 5690">
    <p class='ocr_par' dir='ltr' id='par_1_117' title="bbox 545 5595 2182 5690">
     <span class='ocr_line' id='line_1_118' title="bbox 545 5595 2182 5690; baseline 0 -20"><span class='ocrx_word' id='word_1_852' title='bbox 545 5595 780 5671; x_wconf 76' lang='lat' dir='ltr'><strong>daicam</strong></span> <span class='ocrx_word' id='word_1_853' title='bbox 815 5608 1306 5690; x_wconf 88' lang='lat' dir='ltr'><strong>superstitionem</strong></span> <span class='ocrx_word' id='word_1_854' title='bbox 1335 5595 1561 5683; x_wconf 86' lang='lat' dir='ltr'><strong>colunt,</strong></span> <span class='ocrx_word' id='word_1_855' title='bbox 1594 5595 1655 5670; x_wconf 78' lang='lat' dir='ltr'><strong>in</strong></span> <span class='ocrx_word' id='word_1_856' title='bbox 1679 5595 1836 5670; x_wconf 80' lang='lat' dir='ltr'><strong>nulla</strong></span> <span class='ocrx_word' id='word_1_857' title='bbox 1869 5595 1988 5686; x_wconf 68' lang='lat' dir='ltr'><strong>[rej</strong></span> <span class='ocrx_word' id='word_1_858' title='bbox 2009 5607 2182 5670; x_wconf 85' lang='lat' dir='ltr'><strong>testi-</strong></span> 
     </span>
    </p>
   </div>
   <div class='ocr_carea' id='block_1_118' title="bbox 2296 5595 3855 5690">
    <p class='ocr_par' dir='ltr' id='par_1_118' title="bbox 2299 5595 3855 5688">
     <span class='ocr_line' id='line_1_119' title="bbox 2299 5595 3855 5688; baseline -0.007 -22"><span class='ocrx_word' id='word_1_859' title='bbox 2299 5608 2368 5669; x_wconf 85' lang='grc' dir='ltr'>ίτ.</span> <span class='ocrx_word' id='word_1_860' title='bbox 2412 5609 2488 5683; x_wconf 84' lang='grc' dir='ltr'>α’,</span> <span class='ocrx_word' id='word_1_861' title='bbox 2535 5630 2656 5688; x_wconf 60' lang='lat' dir='ltr'><strong>imp.</strong></span> <span class='ocrx_word' id='word_1_862' title='bbox 2706 5605 2818 5682; x_wconf 87' lang='grc' dir='ltr'>με’,</span> <span class='ocrx_word' id='word_1_863' title='bbox 2888 5605 3056 5672; x_wconf 76' lang='grc' dir='ltr'>οὕτως</span> <span class='ocrx_word' id='word_1_864' title='bbox 3117 5604 3248 5687; x_wconf 70' lang='grc' dir='ltr'>ἔχον</span> <span class='ocrx_word' id='word_1_865' title='bbox 3284 5627 3298 5642; x_wconf 81' lang='grc'><strong><em>⁸</em></strong></span> <span class='ocrx_word' id='word_1_866' title='bbox 3360 5614 3475 5668; x_wconf 80' lang='grc' dir='ltr'>Τῶν</span> <span class='ocrx_word' id='word_1_867' title='bbox 3531 5607 3784 5686; x_wconf 77' lang='grc' dir='ltr'>αἱρετικῶν</span> <span class='ocrx_word' id='word_1_868' title='bbox 3818 5595 3855 5651; x_wconf 71' lang='grc' dir='ltr'>οἱ</span> 
     </span>
    </p>
   </div>
  </div>
