4052 6222
238 323 379 427 om

1184 327 1678 420 NOMOCANON.
1736 387 1810 401 --
1853 325 2009 417 'fI'r.
2070 354 2178 435 ιχ,
2223 356 2392 420 CAP.
2437 331 2644 425 ιι-νι.

3444 334 3594 434 ιιῡέ

233 485 331 560 μὲν
377 491 700 564 Μανιχαῐοι,
737 485 773 554 ἢ
816 484 1109 565 Ἕλληνες,
1156 484 1191 553 ἢ
1240 493 1596 566 Σαμαρεῖται,
1644 490 1679 558 ἢ
1725 496 1858 547 Μον-

1960 491 2226 581 monium
2242 491 2637 581 perhibento:
2653 492 2870 576 reliqui
2891 505 3035 558 vero
3057 506 3269 560 Omnes
3287 499 3346 562 in
3360 501 3596 581 judicio

231 576 492 653 τανισταὶ,
528 576 564 643 ἢ
596 573 1057 653 Τοσκοδρουγίται,
1091 576 1127 644 ἢ
1173 575 1402 653 Ὀφίται,
1435 578 1470 645 ἢ
1529 582 1573 635 οἱ
1604 590 1701 646 τὴν
1731 578 1869 636 Ἰου-

232 664 429 732 δαίνὴν
470 667 754 738 θρησκείαν
812 664 1083 741 σέϐοντες,
1144 663 1198 722 ἒν
1254 666 1442 741 μηδενὶ
1504 670 1869 748 μαρτυρείτω-

230 773 356 810 σαν.
397 755 456 811 Οἱ
496 752 550 810 δὲ
603 754 782 813 λοιποὶ
835 756 1027 820 πάντες
1071 755 1124 812 ἰν
1174 755 1496 835 δικαστηρίῳ
1553 758 1652 832 μὲν
1709 760 1867 836 ὀρθό-

230 838 375 905 δοξον
435 842 616 923 ἔχοντι
673 841 937 901 ἀντίδικον
982 846 1060 919 μὴ
1116 842 1478 923 δεχέσθωσαν,
1540 847 1593 902 ὲν
1652 845 1707 902 δὲ
1750 861 1868 913 τοῖς

228 926 444 994 λοιποῖς
502 938 633 988 πᾶσι
690 932 1150 1012 συναλλάγμασιν,
1196 932 1231 1000 ἢ
1288 924 1585 1009 διαθήκαις,
1628 936 1664 1003 ἢ
1709 934 1864 991 δικα-

225 1019 463 1095 στηρίοις
510 1022 806 1099 αἱρετικοὺς
852 1020 1074 1101 ἔχουσιν
1130 1020 1450 1102 ἀντιδίκους,
1509 1022 1865 1085 ἀδιαστίκτως

226 1109 657 1183 μαρτυρείτωσαν
702 1119 794 1169 τοῦ
855 1113 1090 1176 πλάτους
1135 1113 1297 1192 χάριν
1360 1118 1464 1168 τῶν
1523 1110 1861 1178 ἀποδείξεων.

224 1196 301 1251 Τὰ
333 1195 388 1252 δὲ
419 1197 473 1254 ἐν
507 1206 575 1275 τῇ
630 1202 855 1277 τοιαύτῃ
910 1198 1143 1266 διατάξει
1207 1202 1544 1280 περιχόμενα
1600 1204 1717 1279 περὶ
1758 1203 1863 1258 τῶν

1957 579 2115 658 quod
2141 580 2536 643 orthodoxam
2564 581 2919 662 litigatorem
2943 585 3142 661 habet,
3160 606 3236 649 ne
3256 579 3593 656 admittun-

1955 675 2068 727 tor:
2091 667 2153 761 in
2181 670 2634 761 casterisaatem
2658 672 2940 735 omnibus
2957 676 3389 761 contractibus,
3407 688 3591 745 testa-

1954 758 2173 846 mentis
2196 767 2299 818 aut
2322 756 2598 837 judiciis,
2625 780 2757 841 qua:
2790 763 3104 826 haereticos
3133 756 3464 846 litigatores
3492 771 3593 836 ba-

1953 843 2245 933 bent,quo
2280 846 2450 909 latior
2479 848 2732 912 facultas
2760 851 3176 931 probationum
3203 843 3441 933 sit,sine
3465 861 3595 924 dis-

1952 932 2244 995 tinctione
2278 937 2745 1010 testantor.Qua3
2775 958 2914 1002 vero
2942 941 3005 1003 in
3035 943 3137 1005 tali
3163 932 3594 1016 constitutione

1949 1023 2023 1083 de
2055 1022 2471 1119 decurionum
2507 1026 2721 1119 ordine
2750 1040 2810 1119 et
2837 1038 2991 1092 statu
3024 1033 3436 1119 continentur,
3469 1058 3593 1104 non

1948 1119 2085 1171 sunt
2117 1111 2309 1190 posita
2340 1111 2402 1172 in
2432 1113 2640 1188 Basil.,
2668 1118 2770 1178 sed
2801 1135 2997 1199 neque
3022 1111 3592 1192 uovellaJustiniani

1947 1201 2048 1280 45,
2085 1217 2219 1280 quas
2251 1202 2402 1262 inter
2437 1203 2712 1282 paratitla
2740 1205 2900 1280 [est].

224 1282 571 1358 βουλευτικῆς
600 1288 820 1363 τάξεως,
852 1290 939 1346 καὶ
968 1291 1371 1363 καταστάσεως,
1404 1293 1500 1348 οὐκ
1527 1290 1783 1359 ἐτέθησαν
1840 1297 1894 1346 tv
1924 1304 2041 1353 τοτς
2075 1289 2390 1355 Βασιλικοϊς
2432 1292 2569 1351 αλλὰ
2613 1293 2728 1355 οὐδὲ
2757 1298 2791 1364 ἡ
2822 1297 2933 1371 με’.
2982 1296 3400 1371 Ἰουστινιάνιιος
3430 1311 3589 1389 νιαρὰ

226 1374 261 1440 ἦ
293 1376 349 1429 ἓν
377 1388 498 1440 τοῖς
522 1377 865 1456 παρατίτλοις
898 1379 1141 1454 κειμένη,

314 1471 567 1526 ΚΕΦΑΛ.
611 1458 694 1529 Γ’,
742 1500 818 1513 -
870 1466 999 1528 Ἐάν
1041 1489 1121 1531 τις
1180 1467 1267 1524 ἐπὶ
1310 1467 1539 1533 πολλοῖς
1583 1468 1864 1548 ἐγκλήμα-

234 1575 316 1609 σιν
374 1553 633 1634 κληρικοῦ
673 1559 1080 1636 κατηγορήσας,
1140 1558 1218 1632 μὴ
1288 1557 1537 1635 ἀποδείξῃ
1592 1560 1654 1616 τὸ
1726 1581 1865 1636 προ-

231 1642 380 1699 τεθὲν
411 1650 620 1719 πρῶτον
650 1646 965 1725 κεφάλαιον.

312 1731 539 1788 Συνόδου
572 1736 941 1812 Καρθαγέννης
973 1738 1149 1794 κανὼν
1173 1736 1304 1815 ρλδ’.

312 1828 563 1880 ΚΕΦΑΛ.
615 1799 703 1883 Δι’.
850 1799 973 1901 napi
1019 1832 1123 1881 τῶν
1276 1826 1710 1905 πειθαρχούντων
1745 1838 1862 1887 τοῖς
1889 1799 1925 1848 Β

225 1910 437 1974 οἰκείοις
519 1912 860 1993 ὶπισιιόποις,
935 1915 1021 1970 καὶ
1102 1916 1220 1991 περὶ
1277 1913 1566 1972 ἐπισκόπου
1622 1913 1860 1993 δεχομέ-

221 2020 313 2054 νου
383 2002 475 2056 τὸν
537 2000 646 2057 ἀπὸ
727 2010 820 2059 τοῦ
901 2001 1031 2063 ἰδίου
1100 2001 1425 2075 asinam:
1474 2005 1770 2061 ἐπισκόπου
1826 2003 1861 2072 ἢ

218 2088 326 2145 ἀπὸ
356 2090 630 2155 κοινωνίας
662 2093 973 2169 γενόμενον,

301 2177 531 2235 Συνόδου
591 2178 936 2261 Ἀντιοχείας
969 2183 1146 2238 κανὼν
1187 2181 1256 2257 ε’,
1292 2182 1370 2256 ς’
1408 2201 1422 2218 ’
1472 2182 1688 2239 συνόδου
1725 2192 1860 2260 Καρ-

215 2267 475 2346 θαγέννης
505 2270 681 2326 κανὼν
711 2269 782 2345 θ’,
813 2268 921 2344 κθ’,
955 2270 1060 2347 ζβ’,
1092 2271 1194 2346 οθ’,
1227 2270 1341 2349 ρκβ’
1373 2273 1465 2327 καὶ
1484 2270 1631 2349 ρλη’.

304 2362 553 2416 ΚΕΦΑΛ.
635 2359 722 2420 Ε’.
786 2365 889 2402 ’-
980 2361 1104 2438 Περὶ
1160 2358 1328 2417 δικῶν
1384 2360 1691 2417 ἐπισκόπων

214 2446 489 2523 κληρικῶν
501 2496 515 2511 ,

307 2535 658 2595 Ἀποστόλων
708 2538 885 2593 κανὼν
925 2536 1001 2595 οδ³
1030 2554 1044 2569 ⁸
1097 2537 1315 2596 συνόδου
1371 2538 1709 2618 Ἀντιοχείας
1753 2562 1857 2596 κα-

222 2627 328 2683 νὼν
360 2624 452 2705 ιδ’,
486 2627 552 2683 ιε’
588 2643 602 2657 ⁸
637 2627 857 2684 συνόδου
903 2627 1246 2696 Χαλκηδόνος
1279 2630 1451 2685 κανὼν
1480 2629 1552 2708 θ’,
1588 2626 1653 2699 ιζ’
1688 2645 1702 2659 ⁸
1739 2650 1861 2684 συν-

221 2714 347 2773 όδου
390 2715 654 2795 Σαρδικῆς
720 2718 894 2774 κανὼν
953 2717 1031 2795 γ’,
1080 2718 1148 2792 ε’,
1198 2719 1264 2776 ιδ’
1300 2735 1312 2749 ⁸
1372 2718 1588 2778 συνόδου
1648 2722 1856 2796 Καρθα-

221 2805 413 2885 γέννης
449 2808 623 2863 κανὼν
656 2806 748 2881 ιε’,
780 2803 897 2883 κη’,
930 2805 1039 2886 ρη’,
1071 2808 1187 2882 ρκα’
1218 2809 1303 2866 καὶ
1336 2809 1456 2888 ρκη’
1496 2828 1509 2846 ·

309 2897 580 2972 Κείμινον.
626 2897 702 2955 Τὰ
759 2896 1041 2977 ὀφείλοντα
1096 2898 1150 2956 ἐν
1204 2901 1380 2973 τούτῳ
1432 2905 1509 2973 τῷ
1559 2899 1854 2979 κεφαλαίῳ,

218 3011 277 3046 κ.
317 3008 364 3047 τ.
395 2986 475 3053 λ.,
510 3003 699 3066 usque
746 2987 845 3068 ad,
876 2985 1057 3044 ἐκεῖνα
1096 2988 1383 3068 ἀνάγνωθι,

306 3080 555 3138 ΚΕΦΑΛ.
630 3075 709 3150 ς’
776 3110 856 3121 -ο
928 3079 1050 3157 Περὶ
1128 3076 1599 3158 ἆναψηλαφῆσιως
1660 3079 1855 3158 ψήφων

218 3165 552 3224 ἐπισκόπων.

1773 2362 1861 2417 καὶ

297 3281 526 3339 Συνόδου
555 3281 890 3362 Ἀντιοχείας
943 3284 1115 3340 κανὼν
1146 3280 1226 3357 ς’
1262 3303 1273 3316 ο
1330 3282 1547 3339 συνόδου
1592 3281 1856 3361 Σαρδικῆς

206 3374 390 3432 κανὼν
421 3369 495 3450 γ’,
541 3368 612 3447 δ’,
643 3369 710 3444 ε’,
753 3368 820 3427 ιδ’
850 3386 864 3402 ⁸
901 3370 1117 3432 συνόδου
1153 3373 1521 3450 Καρθαγέννης
1552 3373 1728 3429 κανὼν
1761 3371 1852 3448 ιδ’,

211 3461 308 3540 ιε’,
345 3462 462 3536 κη’,
486 3458 592 3534 οϐ’,
627 3460 776 3540 4ς·’,
811 3462 955 3540 ρκβ’,
986 3459 1124 3538 ρκι’.

299 3551 579 3626 Κείμινον.
626 3548 692 3606 Ἦ
725 3549 780 3616 η’
840 3549 978 3613 dicit.
1024 3557 1118 3608 τοῦ
1163 3548 1211 3607 δ’
1258 3550 1363 3611 τίτ.
1410 3553 1504 3607 τοῦ
1540 3550 1592 3608 α’
1647 3550 1852 3628 βιϐλίου

205 3645 351 3723 φησὶ
386 3640 467 3698 ὅτι
503 3643 552 3697 αἱ
584 3646 690 3696 τῶν
732 3640 1070 3720 ἒπισκόπων,
1127 3663 1184 3701 κ.
1216 3662 1265 3699 τ.
1301 3638 1381 3720 λ.,
1417 3657 1605 3720 usque
1636 3638 1708 3702 ad
1754 3642 1854 3709 τὴν

205 3732 457 3788 ὑπόθεσιν
488 3728 825 3805 ἀναπέμπει.

296 3843 558 3926 Σχόλιον,
620 3844 685 3901 Ἦ
730 3844 787 3913 η’
830 3843 972 3905 διάτ.
1032 3852 1125 3903 τοῦ
1178 3842 1225 3901 δ’
1271 3846 1371 3909 τίτ,
1412 3847 1504 3902 τοῦ
1556 3843 1610 3901 α’
1651 3842 1855 3922 βιϐλίου

209 3939 277 3996 οὗ
319 3949 499 3992 κεῖται
565 3937 641 3999 τίς
696 3935 763 3991 τᾶ
818 3933 1101 4000 Βασιλικὰ,
1164 3933 1281 3993 οὐδὲ
1338 3937 1372 4003 ἡ
1424 3933 1508 3992 κθ⁹
1565 3932 1703 3997 διάτ.
1760 3946 1854 3996 τοῦ

207 4030 375 4085 αὐτοῦ
434 4026 567 4104 τίτ.,
610 4025 645 4092 ὴ
690 4023 743 4100 β’
786 4021 931 4083 διάτ.
977 4032 1072 4083 τοῦ
1114 4020 1167 4080 α’
1208 4024 1313 4086 τίτ.
1358 4025 1465 4081 τῶν
1496 4030 1714 4102 Νεαρῶν
1741 4024 1851 4081 ἔστι

204 4135 338 4194 κεφ.
372 4113 485 4188 λς’
529 4118 628 4179 τῆς
681 4113 802 4193 ρκγ²
858 4119 1070 4193 νεαρᾶς,
1124 4113 1254 4192 ὅπερ
1287 4113 1439 4181 ἐτέθη
1472 4114 1526 4171 ἐν
1553 4111 1744 4194 βιϐλίῳ
1799 4114 1851 4192 γ’

202 4211 318 4263 τῶν
372 4203 678 4261 Βασιλικῶν
720 4204 824 4265 τίτ.
877 4203 951 4279 α’,
1014 4225 1138 4284 κεφ.
1173 4202 1284 4280 μδ’,
1333 4204 1422 4260 καί
1450 4226 1582 4284 φησι
1614 4205 1681 4261 τὰ
1723 4206 1853 4261 αὔτα

204 4291 410 4375 σχεδὸν
454 4292 554 4350 ὅσα
600 4294 672 4354 εἰς
706 4295 767 4349 τὸ
827 4293 1074 4369 κείμενον
1118 4294 1547 4368 συνωψίσθησαν,
1609 4294 1755 4361 Πλὴν
1799 4294 1855 4350 ἰν

205 4388 293 4456 τῷ
321 4381 462 4439 τέλει
504 4391 600 4442 τοῦ
630 4382 788 4439 αὐτοῦ
817 4403 939 4462 κεφ,
972 4384 1132 4463 φησὶν
1167 4384 1198 4451 ἦ
1249 4382 1409 4462 νεαρὰ
1450 4388 1614 4439 ταῦτα
1645 4400 1659 4414 '
1699 4385 1755 4442 Ei
1799 4382 1854 4442 δὲ

2030 1464 2198 1529 CAP.
2233 1464 2337 1530 III.
2368 1500 2448 1513 -
2474 1468 2544 1531 Si
2571 1473 2708 1552 quis
2736 1474 2841 1536 ubi
2867 1474 2943 1537 de
2986 1477 3201 1541 multis
3230 1483 3590 1553 criminibus

1949 1556 2244 1707 εἱειειειληὲ
2294 1561 2619 1637 accusavit,
2652 1569 2921 1641 primum
2980 1571 3362 1646 propositum
3403 1586 3594 1657 caput

1949 1663 2069 1708 non
2096 1663 2206 1710 oro
2249 1655 2331 1710 et.

1947 1663 2069 1708 non
2094 1663 2331 1726 prooet.

2027 1816 2280 1879 Concilii
2311 1817 2800 1897 Carthaginensis
2831 1839 3022 1883 canon
3057 1825 3195 1888 t34.

2025 1906 2191 1971 CAP.
2225 1908 2319 1972 ιν.
2354 1944 2428 1955 -
2462 1908 2552 1972 De
2572 1909 2654 1972 iis
2678 1912 2786 1988 qui
2816 1911 2947 1973 suis
2974 1913 3270 1995 episcopis
3309 1934 3433 1981 non
3457 1921 3591 1985 obe-

1946 1997 2142 2071 diunt,
2176 2008 2234 2061 et
2262 2000 2336 2063 de
2364 2003 2667 2081 episcopo,
2691 1999 2797 2079 qui
2826 2016 2864 2061 a
2894 2017 3005 2063 suo
3033 2004 3301 2085 episcopo
3329 2010 3586 2084 ejectum

1943 2096 2049 2149 aut
2081 2107 2117 2151 a
2146 2093 2563 2153 communione
2590 2091 2911 2151 ewctusum
2939 2091 3178 2170 recipit.

2024 2177 2274 2240 Concilii
2305 2177 2672 2241 Antiocheni
2725 2194 2916 2239 canon
2961 2181 3020 2248 5.
3070 2179 3133 2257 6;
3164 2183 3406 2247 concilii
3436 2187 3586 2253 Car-

1944 2268 2314 2346 thagiuensis
2347 2287 2538 2332 canon
2568 2268 2629 2343 9,
2663 2264 2764 2342 29,
2798 2267 2902 2341 62,
2933 2268 3036 2344 79,
3074 2267 3186 2331 19.2
3213 2280 3274 2334 et
3305 2273 3443 2339 138.

2023 2356 2191 2422 CAP.
2225 2361 2295 2420 V.
2340 2394 2407 2405 -—
2442 2359 2532 2421 De
2586 2356 3017 2422 controversiis
3064 2360 3479 2442 episcoporum
3524 2375 3587 2431 et

1943 2446 2051 2511 cie:
2068 2452 2321 2519 icorum.

2023 2538 2449 2617 Apostolorum
2481 2554 2673 2600 canon
2704 2535 2808 2611 74;
2833 2534 3076 2597 concilii
3106 2536 3468 2604 Antiocheni
3489 2562 3586 2608 ca-

1944 2645 2060 2689 non
2093 2628 2194 2699 14,
2228 2632 2328 2704 15;
2360 2626 2599 2689 concilii
2628 2624 3137 2688 Chalcedonensis
3166 2644 3356 2690 canon
3388 2631 3449 2705 9,
3474 2633 3580 2709 t7;

1941 2717 2179 2778 concilii
2206 2716 2585 2780 Sardicensis
2614 2731 2811 2777 canon
2842 2714 2902 2789 3,
2937 2714 2996 2787 5,
3039 2714 3108 2776 14
3131 2736 3148 2791 ;
3171 2718 3413 2781 concilii
3443 2724 3585 2786 Car-

1941 2806 2306 2886 thaginensis
2336 2825 2527 2869 canon
2562 2805 2661 2879 15,
2695 2806 2798 2879 28,
2841 2804 2978 2879 120,
3013 2804 3153 2877 121,
3193 2806 3329 2869 128.

2029 2897 2272 2960 Textus.
2306 2895 2448 2970 Quas
2475 2896 2539 2957 in
2568 2896 2686 2956 hoc
2715 2911 2849 2975 cap.
2881 2893 3183 2965 annotari,
3215 2902 3358 2975 etc.,
3393 2915 3583 2979 usque

1940 2985 2021 3048 ad
2050 3003 2323 3066 quaerens
2354 2987 2511 3066 lege,
2542 2992 2613 3048 ut
2644 3000 2792 3063 pag.
2830 2983 2968 3044 126.

2016 3075 2180 3139 CAP.
2245 3074 2341 3138 Vl.
2378 3109 2453 3122 —
2506 3074 2598 3136 De
2648 3071 3075 3135 retractatione
3133 3076 3579 3141 sententiarum

1873 3159 1913 3210 ο
1940 3166 2402 3246 episcoputium.

2019 3280 2268 3343 Concilii
2303 3278 2671 3341 Antiocheni
2728 3295 2919 3339 canon
2976 3280 3059 3352 6;
3091 3278 3335 3342 concilii
3369 3282 3581 3345 Sardi-

1939 3370 2134 3431 censis
2164 3387 2357 3431 canon
2389 3369 2447 3443 3,
2475 3370 2531 3435 4.
2571 3372 2631 3444 5,
2683 3369 2784 3441 14ς
2816 3365 3056 3429 concilii
3089 3368 3581 3450 Carthaginensis

1935 3476 2126 3521 canon
2161 3459 2258 3533 14,
2296 3460 2394 3531 15,
2426 3459 2530 3530 28,
2562 3457 2669 3530 '79,
2703 3456 2806 3531 96,
2846 3457 2985 3531 1‘22,
3027 3458 3154 3519 I25.

2023 3547 2259 3610 Tertiis.
2292 3550 2498 3611 Const.
2533 3545 2595 3626 8,
2631 3546 2711 3607 tit.
2745 3545 2806 3617 5,
2836 3544 2941 3607 lib.
2976 3562 3017 3618 ι,
3056 3544 3139 3605 ait
3172 3566 3185 3609 :
3221 3545 3390 3618 Quod
3422 3566 3571 3612 sen-

1937 3642 2138 3698 tentia:
2167 3635 2608 3718 episcoporum,
2643 3642 2737 3696 etc
2772 3681 2789 3715 ,
2817 3650 3002 3712 usque
3030 3633 3110 3696 ad
3133 3633 3453 3719 delegavit,
3485 3657 3580 3702 re-

1935 3724 2112 3801 ferto,
2146 3733 2212 3789 ut
2235 3743 2376 3807 pag.
2408 3724 2555 3789 7'27.

2014 3845 2354 3908 Scholium.
2381 3846 2584 3908 Const.
2619 3844 2654 3905 8
2681 3841 2770 3905 tit.
2796 3842 2835 3904 4
2859 3840 2966 3902 lib.
2994 3858 3151 3904 tnon
3178 3851 3271 3906 est
3291 3844 3481 3924 posita
3510 3846 3575 3911 in

1935 3934 2318 4016 Basil.neque
2335 3933 2608 4013 ejusdem
2634 3931 3579 4011 tit.const.‘29,const.2,tit.1No-

1934 4024 2344 4095 vellarum,est
2367 4022 2587 4104 cap.33
2605 4020 2852 4083 novella;
2885 4021 3178 4103 l93,quod
3206 4026 3464 4103 positum
3489 4034 3583 4090 est

1933 4115 1992 4175 in
2015 4112 2098 4175 lib
2132 4129 2193 4175 ιιι
2212 4112 2492 4175 Basil.tit.
2511 4121 2526 4172 1
2544 4110 2882 4191 ,cap.44,ac
2898 4109 3042 4172 dicit
3063 4110 3272 4173 eadem
3288 4112 3579 4196 fere,qua3

1934 4204 1993 4265 in
2018 4209 2177 4265 textu
2205 4201 2314 4264 sub
2339 4200 2698 4282 compendio
2721 4207 2861 4262 sunt
2899 4200 3224 4279 proposita.
3252 4203 3579 4265 Verumta-

1937 4310 2075 4355 men
2094 4290 2154 4353 in
2182 4290 2300 4354 ﬁne
2324 4290 2600 4371 ejusdem
2625 4308 2757 4368 cap.
2784 4288 3015 4350 novella
3039 4289 3164 4351 haec
3185 4289 3352 4354 dicit:
3379 4290 3441 4355 Si
3473 4311 3579 4356 ec-

1935 4378 2333 4443 clesiasticum
2361 4378 2665 4456 negotium
2709 4376 2810 4446 sit,
2844 4377 3062 4440 nullam
3088 4381 3577 4445 communionem

202 4472 665 4540 ὶκκλησιαστικὸν
726 4471 819 4540 εἴη
889 4474 953 4529 ’τὸ
1022 4479 1266 4553 πρᾶγμα,
1317 4470 1584 4547 μηδεμίαν
1652 4495 1850 4530 κοινω-

1960 4470 2198 4532 Iabento
2222 4468 2428 4530 civiles
2450 4470 2831 4548 magistratus
2851 4486 2988 4529 cum
3015 4485 3084 4529 ea
3120 4471 3524 4534 controversia
3559 4491 3575 4533 :

203 4563 325 4619 νίαν
351 4562 630 4642 ἐχέτωσαν
647 4561 991 4621 οἱπολιτικοί
1016 4560 1279 4643 ἄρχοντες
1304 4564 1437 4639 πρὸς
1466 4563 1565 4631 τὴν
1596 4564 1846 4633 τοιαύτην

197 4652 478 4732 ὀπόθεσιν,
535 4650 655 4708 ἀλλ’
717 4653 763 4709 οἱ
821 4653 1107 4709 ὁσιώτατοι
1178 4651 1461 4709 ἰπίσκοποι
1529 4654 1664 4709 κατὰ
1725 4655 1847 4718 τοὺς

193 4742 377 4821 ἱεροὺς
432 4742 660 4806 κανόνας
727 4748 805 4818 τῷ
870 4743 1146 4822 πράγματι
1217 4741 1381 4819 πέρας
1438 4740 1844 4803 ὶπιτιθέτωσαν.

196 4830 504 4908 ’Λνάγνωθι
550 4831 640 4888 καὶ
682 4831 745 4887 τὰ
788 4831 877 4906 με’
912 4852 1036 4911 καφ.
1071 4832 1165 4887 τοῦ
1195 4828 1247 4887 α’
1275 4830 1380 4888 τίτ.
1416 4836 1507 4886 τοῦ
1548 4828 1603 4907 γ’
1642 4827 1848 4905 βιϐλίου

198 4926 319 4979 τῶν
378 4920 678 4977 Βασιλικῶν
737 4921 895 4999 μέρος
966 4920 1027 4976 ὃν
1086 4925 1187 4988 τῆς
1253 4918 1375 5000 ρκγ’
1427 4918 1851 4976 ἰοδστινιανείου

191 5016 422 5090 νεαρᾶς,
471 5012 559 5067 καὶ
605 5010 764 5088 λέγον
806 5018 975 5069 ταῦτα
1009 5029 1022 5044 '
1064 5008 1133 5069 Εἴ
1156 5031 1296 5073 τινες
1327 5009 1383 5067 δὲ
1414 5011 1699 5068 δσιώτατοι
1729 5009 1851 5066 ἐπί·-

193 5122 406 5160 σκοποι
450 5106 550 5169 τῆς
606 5102 771 5169 αὐτῆς
833 5098 1050 5158 συνόδου
1102 5097 1505 5180 ἀμφισϐήτησίν
1561 5122 1678 5157 τινα
1723 5099 1850 5176 πρὸς

196 5189 482 5259 ἀλλήλους
540 5188 768 5270 ἕχοιειν,
797 5189 915 5247 εἴτε
970 5189 1100 5266 ὑπὲρ
1131 5188 1580 5258 ἐκκλησιαστικοῦ
1623 5188 1847 5268 δικαίου,

199 5279 329 5338 εἴτε
371 5280 501 5359 ὑπὲρ
545 5277 726 5337 ἄλλων
769 5286 926 5337 τινῶν
970 5279 1325 5360 πραγμάτων,
1370 5280 1626 5358 πρότερον
1677 5281 1705 5335 ὁ
1737 5301 1850 5353 μη-

198 5369 537 5450 τροπολίτης
598 5370 772 5427 αὒτῶν
839 5368 960 5447 μεθ’
1024 5368 1218 5448 ἑτέρων
1281 5368 1369 5426 δύο
1416 5369 1478 5426 ἐκ
1523 5371 1630 5424 τῶν
1688 5367 1854 5435 αὒτῆς

202 5458 435 5517 συνόδου
493 5459 803 5517 ἐπισκόπων
860 5460 921 5515 τὸ
980 5464 1202 5536 πρᾶγμα
1245 5458 1494 5535 κρινέτω,
1542 5458 1631 5514 καὶ
1688 5457 1733 5512 εἰ
1779 5457 1858 5531 μὴ

203 5550 521 5624 ἰμμενοιεν,
586 5550 835 5625 ἑκάτερον
895 5548 1054 5627 μέρος
1126 5560 1247 5611 τοῖς
1305 5548 1640 5626 κεκριμένοις
1699 5568 1859 5613 τηνι-

204 5645 385 5700 καῦτα
435 5640 463 5698 ὁ
518 5638 929 5721 μακαριώτατος
990 5638 1337 5719 πατριάρχης
1394 5636 1491 5705 τῆς
1542 5634 1860 5706 διοικήσεως

1932 4558 2036 4623 sed
2058 4556 2499 4637 religiosissimi
2520 4557 2786 4637 episcopi
2818 4557 3147 4619 secundum
3174 4576 3377 4621 sacros
3396 4578 3579 4622 cano-

1933 4666 2041 4711 nes
2059 4648 2298 4727 negotio
2325 4647 2505 4709 ﬁnem
2537 4649 3112 4727 imponunto.Legas
3135 4647 3312 4709 etiam
3346 4651 3422 4712 45
3444 4668 3575 4729 cap.

1932 4739 2022 4801 tit.
2053 4745 2073 4798 1
2104 4737 2211 4799 lib.
2237 4754 2302 4799 ιιι
2337 4736 2516 4800 Basil.
2552 4735 2713 4813 quod
2756 4754 2892 4818 pars
2917 4744 3009 4798 est
3038 4737 3148 4797 123
3189 4735 3581 4799 Justinianeaa

1933 4826 2204 4907 novellae,
2237 4834 2416 4906 atque
2439 4826 2566 4887 haec
2592 4824 2764 4887 dicit:
2791 4824 3086 4888 Praeterea
3104 4824 3153 4885 si
3176 4825 3276 4904 qui
3304 4825 3579 4904 ejusdem

1933 4915 2143 4998 synodi
2158 4914 2601 4995 religiosissimi
2618 4914 2884 4995 episcopi
2901 4914 3160 4993 aliquam
3182 4914 3340 4974 inter
3360 4931 3426 4976 se
3443 4932 3584 4976 con-

1936 5008 2285 5067 troversiam
2312 5001 2729 5083 habeant,‘sive
2750 5003 2825 5065 de
2843 5005 2986 5084 jure
3010 5000 3582 5082 ecclesiastico,sive

1935 5096 2011 5159 de
2052 5092 2414 5174 quibusdam
2460 5092 2597 5155 aliis
2641 5092 2845 5155 rebus:
2894 5092 3060 5171 prius
3084 5091 3584 5171 metropolitanus

1933 5186 2202 5265 ipsorum
2227 5201 2360 5245 cum
2386 5182 2519 5244 aliis
2542 5181 2773 5244 duobus
2793 5181 3070 5261 ejusdem
3090 5180 3306 5260 synodi
3338 5181 3582 5261 episco-

1939 5275 2026 5357 pis
2040 5289 2167 5335 rem
2183 5269 2615 5352 dijudicato.Et
2629 5271 2740 5333 nisi
2762 5279 3013 5351 utraque
3033 5288 3172 5350 pars
3179 5268 3204 5350 j
3214 5270 3467 5333 udicatis
3490 5272 3578 5333 in-

1938 5364 2128 5426 sistat:
2154 5369 2294 5422 tunc
2321 5359 2705 5422 beatissimus
2721 5359 3056 5441 patriarcha
3074 5358 3238 5421 illius
3255 5357 3587 5424 dimceseos

1940 5450 2308 5516 audientiam
2329 5448 2475 5528 ipsis
2493 5449 3041 5527 accommodato,et
3060 5448 3165 5511 illo
3190 5449 3438 5512 statuito
3454 5467 3589 5531 qua

1944 5538 2378 5605 ecclesiasticis
2402 5537 2733 5603 canonibus
2750 5546 2805 5601 ct
2835 5538 3063 5619 legibus
3086 5538 3591 5622 concinunt,neu-

1945 5643 2034 5697 tra
2061 5640 2225 5714 parte
2248 5630 2557 5693 sententiae
2580 5629 2711 5711 ejus
2726 5628 3141 5693 contradicere
3164 5638 3449 5712 quounte,
3465 5638 3583 5693 etc.
