4052 6222
485 293 637 367 110⁸7

481 523 770 586 sariensis
801 543 991 588 canon
1024 525 1100 585 59
1131 545 1146 600 ;
1195 523 1443 586 concilii
1492 525 1642 586 sexti
1689 543 1880 586 canon
1914 524 1970 599 3,
2005 523 2124 601 26;

481 611 684 675 Basilii
719 615 953 692 [canon]
989 612 1096 693 27,
1124 615 1224 677 70.

561 701 725 764 CAP.
762 700 882 763 XX.
911 737 982 749 --
1017 702 1109 766 Ne
1143 702 1434 766 credatur
1461 705 1736 784 episcopo
1765 703 2124 765 dicenticlc-

482 793 676 852 risum
702 793 999 871 privatim
1031 794 1370 870 confessum
1393 811 1515 855 esse
1546 801 1878 872 peccatum.

559 969 810 1032 Concilii
843 971 1332 1049 Carlhaginensis
1364 989 1554 1032 canon
1583 969 1720 1033 132.

561 1060 723 1122 CAP.
765 1057 915 1124 XXI.
953 1095 1025 1106 —
1061 1060 1148 1122 De
1176 1061 1470 1140 episcopis
1505 1066 1612 1122 aut
1643 1059 1880 1122 clericis
1907 1077 2122 1122 carnes

480 1147 550 1209 in
579 1150 903 1226 sanguine.
938 1155 1046 1212 aut
1067 1167 1102 1210 α
1127 1147 1332 1211 bestiis
1359 1156 1592 1229 captas,
1627 1156 1732 1210 aut
1764 1151 2124 1210 morticinas

487 1235 822 1299 edentibus.

561 1323 979 1404 Apostolorum
1013 1345 1208 1388 canon
1239 1327 1356 1402 63;
1391 1326 1635 1388 concilii
1692 1327 1986 1406 Ancyrani
2017 1346 2120 1390 ca-

480 1430 600 1475 non
633 1413 712 1490 3;
744 1415 981 1476 concilii
1013 1417 1162 1478 sexti
1197 1433 1394 1478 canon
1426 1417 1527 1480 67.

561 1503 726 1566 CAP.
755 1502 940 1567 XXII.
974 1539 1050 1552 —-
1081 1506 1249 1582 Quod
1277 1507 1560 1587 episcopi,
1590 1505 1958 1587 presbyteri,
1981 1507 2120 1568 dia-

481 1595 644 1665 coni,
693 1599 752 1655 ct
810 1601 1099 1675 quotquot
1150 1612 1326 1658 sacra
1379 1603 1664 1668 tractant,
1698 1596 1775 1658 ab
1829 1598 2123 1658 uxoribus

482 1684 611 1744 suis
638 1683 944 1747 abstinere
973 1683 1251 1747 debeant.

561 1861 814 1923 Concilii
851 1862 1335 1942 Carthaginensis
1389 1881 1581 1927 canon
1632 1865 1692 1938 3,
1746 1865 1803 1938 4,
1859 1866 1956 1939 25,
1991 1865 2112 1938 70;

485 1949 728 2011 concilii
759 1952 914 2014 sexti
947 1970 1140 2014 canon
1170 1953 1266 2028 12,
1302 1953 1400 2017 13.

562 2037 724 2102 CAP.
773 2039 978 2105 ΧΧΙΙΙ.
1033 2077 1108 2089 -
1153 2044 1240 2105 De
1295 2045 1513 2106 clerico
1565 2043 1793 2108 debiles
1853 2043 2114 2106 subsan-

481 2134 691 2191 ucnte.

565 2217 990 2299 Apostolorum
1023 2239 1214 2283 canon
1243 2221 1344 2284 57.

563 2310 728 2372 CAP.
759 2308 962 2372 XXIV.
999 2345 1072 2356 --
1103 2311 1189 2374 Dc
1217 2313 1444 2375 clerico
1497 2311 1617 2374 sibi
1663 2312 1872 2375 virilia
1903 2330 2119 2392 ampu-

483 2403 671 2460 tante.

563 2488 987 2567 Apostolorum
1051 2507 1244 2552 canon
1303 2491 1421 2571 23;
1485 2491 1730 2552 concilii
1761 2490 1982 2552 Niczeni
2014 2511 2116 2553 ca-

483 2595 603 2636 non
643 2582 662 2635 1
694 2597 709 2657 ;
746 2577 986 2638 concilii
1023 2579 1195 2659 primi
1233 2589 1291 2641 et
1338 2581 1590 2643 secundi
1646 2580 1706 2642 in
1738 2581 1865 2642 aede
1921 2582 2115 2643 Sanc-

483 2673 678 2725 torum
705 2665 1127 2744 Apostolorum
1164 2669 1402 2750 [habiti]
1430 2687 1620 2732 canon
1644 2674 1702 2734 8.
1738 2672 1893 2748 Lege
1925 2671 2117 2752 scrip-

484 2760 540 2854 ta
569 2770 750 2834 supra
779 2755 839 2817 in
873 2757 1064 2836 capite
1097 2759 1170 2821 14
1223 2759 1309 2821 tit.
1370 2763 1392 2820 1
1434 2761 1748 2840 praesentis
1778 2768 2117 2839 syntagma-

478 2851 732 2998 ιη’ίΞΑΙὶ
761 2934 936 2998 XXV.
972 2971 1051 2982 —
1085 2937 1169 2999 De
1197 2936 1432 3000 clericis
1463 2939 1785 3018 apostolis,
1835 2938 2117 3000 immola-

484 3025 734 3099 toribus,
781 3027 1000 3105 magis,
1052 3026 1561 3102 incantatoribus,
1600 3027 1948 3106 astrologis,
1983 3045 2115 3088 ma-

1662 301 1930 366 ΡΗΟΤῙΙ
1969 299 2492 364 ΡΑΤΒΙΑΒΟΗιΕ
2537 296 2653 362 CP.

567 431 818 498 Consilii
849 432 1145 516 Ancyrani
1178 452 1370 498 canon
1409 442 1465 517 t,
1497 436 1573 510 2;
1607 435 1851 498 concilii
1885 437 2114 498 Neocae-

2287 434 2512 494 Συνόδου
2560 433 2822 512 ’Λγκύρας
2877 433 3052 491 κανών
3091 429 3163 508 α’,
3225 430 3276 509 β’
3307 451 3321 466 ⁸

3698 289 3868 363 1108

3366 429 3585 489 συνόδου
3613 442 3863 492 Νεοκαι-

2211 527 2426 600 βαρείας
2465 524 2639 581 κανὼν
2670 523 2718 579 θ’
2757 542 2770 556 °
2824 521 3044 580 συνόδου
3071 520 3152 596 ς·’
3185 521 3362 580 κανών
3405 519 3483 602 γ’,
3514 521 3651 596 νίζ’·
3688 529 3865 578 Βασιο

2209 611 2352 668 λείου
2383 613 2558 670 κανών
2588 612 2694 684 κζ’,
2725 613 2797 672 ο’.

2294 709 2538 762 ΚΕΦΑΛ.
2611 693 2696 762 Κ’.
2761 736 2833 748 --
2883 705 3007 780 Περὶ
3063 709 3158 760 τοῦ
3217 704 3294 778 μὴ
3351 701 3693 758 πιστεύεσθαι
3755 702 3860 755 τὸν

2207 789 2502 848 ἐπίσκοπον
2585 791 2815 870 λέγοντα
2897 791 3204 862 ἰδιαζόντως
3288 795 3432 864 αὖτῷ
3501 793 3593 847 τὸν
3648 788 3860 866 κληρι-

2205 881 2299 935 κὸν
2332 883 2764 958 συνομολογῆσαι
2797 882 2860 937 τὸ
2890 882 3210 959 ἁμάρτημα.

2287 969 2512 1026 Συνόδου
2544 970 2914 1049 Καρθαγὼνης
2946 971 3122 1026 κανὼν
3154 968 3293 1047 ρλβ’.

2288 1066 2540 1118 ΚΕΦΑΔ.
2610 1059 2739 1121 KA'.
2818 1091 2897 1104 —
2959 1061 3082 1136 Περὶ
3150 1059 3448 1118 ἐπισκόπου
3491 1059 3527 1125 ἢ
3583 1057 3862 1134 κληρικοῦ

2206 1148 2470 1213 ἐσθίοντος
2529 1149 2658 1229 κρέα
2716 1148 2770 1204 ἂν
2825 1148 3047 1228 αἵματι,
3115 1148 3150 1216 ἢ
3221 1147 3556 1227 θηριαΊωτον
3612 1147 3649 1214 ἢ
3708 1151 3859 1212 Ovu-

2206 1251 2453 1313 σιμαϊον,

2285 1325 2634 1384 Ἀποστόλων
2678 1329 2852 1385 κανὼν
2885 1327 2964 1404 ξγ’
3003 1346 3016 1361 ⁶

2204 1413 2256 1494 γ’
2295 1433 2308 1447 ⁸
2341 1415 2558 1473 συνόδου
2584 1416 2663 1490 ς’
2693 1418 2873 1472 κανὼν
2906 1415 3002 1487 EC.

2287 1513 2538 1568 ΚΕΦΑΛ.
2591 1505 2724 1565 ΚΒ’.
2772 1541 2844 1550 —
2911 1507 3034 1582 Περὶ
3117 1513 3212 1564 τοῦ
3289 1507 3414 1568 τοὺς
3488 1505 3855 1579 ἐπισκόπους,

2201 1597 2289 1651 καὶ
2347 1594 2758 1673 πρεσϐυτέρους,
2806 1597 2894 1652 καὶ
2957 1594 3255 1670 διακόνους,
3319 1596 3415 1651 καί
3472 1596 3677 1660 πάντας
3721 1599 3856 1658 τοὺς

2199 1685 2265 1740 τὰ
2333 1686 2446 1760 ἱερὰ
2534 1685 2927 1764 ψηλαφῶντας,
3019 1685 3259 1764 ὀφείλειν
3337 1685 3640 1764 ἀπέχεσθαι
3737 1687 3856 1742 τῶν

3073 1325 3292 1384 συνόδου
3351 1327 3613 1405 Ἀγκύρας
3668 1327 3861 1384 κανὼν

2141 1792 2175 1840 Β
2200 1774 2408 1830 οἰκείων
2437 1775 2715 1852 γαμετῶν.

2279 1864 2509 1921 Συνόδου
2553 1863 2935 1942 Καρθαγέννης
2989 1865 3166 1922 κανὼν
3197 1862 3276 1942 γ’,
3309 1863 3378 1939 δ’,
3415 1865 3520 1946 κε’,
3567 1865 3613 1925 ο³
3653 1882 3670 1896 ⁸

2199 1950 2322 2008 όδου
2352 1954 2430 2026 ς’
2462 1955 2638 2010 κανὼν
2671 1954 2768 2029 ιβ’,
2804 1954 2904 2031 ιγ’.

2284 2049 2534 2106 ΚΕΦΑΛ.
2598 2043 2726 2104 ΚΓ’.
2815 2075 2889 2088 -
2951 2043 3083 2122 Περί
3141 2042 3404 2122 κληρικοῦ
3474 2044 3851 2126 χλευάζοντος

2201 2133 2322 2194 τοὺς
2355 2132 2627 2198 ἀσθενεῖς,

2283 2220 2632 2280 Ἀποστόλων
2663 2224 2838 2281 κανὼν
2867 2223 3238 2288 πεντηκοστὸς
3266 2220 3515 2296 ἕϐδομος.

2286 2317 2536 2375 ΚΕΦΑΛ,
2601 2312 2732 2371 ΚΔ’.
2804 2347 2886 2358 —
2950 2312 3074 2386 Περὶ
3118 2311 3382 2390 κληρικοῦ
3428 2313 3610 2368 ἑαυτὸν
3656 2312 3852 2391 ἄκρω-

2201 2401 2570 2478 τηριᾶζοντος,

2282 2489 2632 2547 Ἀποστόλων
2679 2492 2856 2547 κανὼν
2909 2489 2997 2569 κγ’
3034 2507 3049 2522 ⁹
3113 2488 3331 2546 συνόδου
3391 2493 3612 2555 Νικαίας
3666 2495 3852 2549 κανὼν

2201 2578 2280 2634 α’·
2312 2577 2524 2636 συνόδου
2557 2581 2610 2635 α’
2642 2580 2737 2637 καὶ
2764 2580 2840 2656 β’,
2872 2580 2928 2636 ἐν
2950 2585 3026 2654 τῷ
3058 2586 3168 2653 ναῷ
3199 2582 3304 2636 τῶν
3339 2581 3530 2658 Ἀγίων
3563 2580 3852 2639 Ἀποστό-

2200 2667 2307 2723 λων
2355 2671 2526 2724 κανὼν
2573 2669 2653 2736 η’,
2706 2668 3002 2746 ’Λνάγνωθι
3053 2667 3303 2738 ἀνωτέρω
3347 2670 3415 2724 τὰ
3443 2691 3847 2748 παραγεγραμ-

2203 2759 2334 2831 μένα
2365 2758 2420 2812 ἐν
2464 2764 2538 2813 τώ
2572 2757 2638 2814 ιδ’
2687 2779 2812 2837 κεφ.
2867 2765 2960 2816 τοῦ
3011 2755 3062 2814 α’
3121 2759 3220 2814 τίτ,
3273 2764 3367 2814 τοῦ
3405 2760 3667 2834 παρόντος
3712 2782 3851 2815 συν-

2201 2848 2498 2924 τάγματος.

2285 2944 2538 2998 ΚΕΦΑΛ.
2616 2937 2744 2996 ΚΕ’.
2806 2971 2884 2982 -
2947 2938 3072 3016 Περὶ
3141 2935 3416 3014 κληρικῶν
3494 2937 3848 3014 ἀποστατῶν,

2199 3031 2286 3080 καί
2345 3031 2534 3099 θυτῶν,
2597 3030 2685 3084 καὶ
2747 3027 2955 3105 μάγων,
3002 3028 3090 3083 καὶ
3149 3024 3444 3098 ἑπαοιδῶν,
3505 3030 3594 3082 καὶ
3640 3031 3853 3106 ἀστρο-

3717 1887 3852 1922 συν-

483 3115 845 3183 thematicis.
902 3116 1372 3191 divinatorlbus,
1432 3117 1734 3196 veneﬁcis,
1768 3125 1818 3178 ct
1850 3118 2114 3179 amuleta

2229 3115 2400 3192 όγων,
2461 3118 2550 3173 καὶ
2609 3121 3024 3195 μαθηματικῶν,
3073 3116 3158 3172 καὶ
3217 3118 3332 3193 περὶ
3406 3119 3710 3198 μαντειῶν,
3759 3122 3859 3176 καὶ

477 3204 972 3283 appendentibus.

557 3293 978 3372 Apostolorum
1014 3313 1206 3356 canon
1253 3293 1376 3371 69;
1418 3294 1662 3357 concilii
1691 3295 1985 3377 Ancyrani
2015 3315 2118 3356 ca-

476 3400 598 3443 non
638 3389 690 3456 l,
745 3387 824 3459 2;
881 3384 1124 3445 concilii
1173 3383 1495 3446 Laodiceni
1546 3403 1741 3446 canon
1773 3385 1890 3464 36;
1925 3386 2116 3446 sancti

478 3469 684 3533 Basilii
713 3489 904 3533 canon
935 3474 1038 3534 ‘73.

562 3561 803 3624 Textus.
857 3563 944 3624 De
992 3561 1299 3635 veneﬁcis,
1336 3563 1800 3641 mathematicis,
1836 3572 1978 3643 etc.,
2011 3581 2113 3624 us-

474 3667 589 3730 que
620 3650 701 3712 ad
726 3650 1080 3728 decolletur,
1111 3659 1180 3715 ut
1206 3670 1347 3732 pag.
1376 3651 1520 3717 763.

555 3827 892 3893 Scholium.
928 3831 1134 3894 Const.
1171 3831 1194 3891 1
1237 3832 1325 3892 tit.
1364 3831 1438 3894 18
1471 3832 1577 3896 lib.
1637 3849 1695 3893 1x
1749 3832 1885 3895 cod.
1923 3833 2112 3912 posita

476 3926 568 3981 est
595 3919 654 3979 in
688 3917 795 3982 lib.
851 3935 908 3979 1x
945 3918 1125 3981 Basil.
1160 3925 1250 3982 tlt.
1285 3921 1386 3996 39,
1441 3938 1574 4001 cap.
1608 3923 1701 4002 2t,
1743 3922 1903 4001 quod
1935 3923 2110 3983 etiam

473 4008 556 4070 ita
585 4008 792 4082 habet,
824 4017 885 4068 ut
913 4008 972 4068 in
1003 4009 1363 4088 compendio
1395 4010 1766 4090 propositum
1802 4021 1916 4074 est.
1949 4012 2110 4074 Con-

471 4099 600 4160 stit.
628 4097 665 4157 2
697 4096 965 4177 ejusdem
1002 4099 1090 4161 tit.
1121 4107 1179 4158 ct
1213 4099 1319 4161 lib.
1377 4108 1465 4160 est
1499 4100 1763 4177 ejusdem
1794 4109 1880 4162 t't.
1915 4108 1972 4162 et
2002 4099 2110 4162 lib.

473 4205 607 4266 cap.
640 4190 742 4249 22.
776 4185 1066 4249 Similiter
1085 4190 1325 4249 constit.
1361 4190 1398 4250 3
1422 4188 1693 4267 ejusdem
1733 4189 1818 4248 tit.
1857 4197 1916 4248 et
1948 4189 2108 4268 libri,

471 4286 566 4340 est
596 4275 866 4355 ejusdem
900 4277 1060 4340 tit.et
1090 4277 1226 4336 libri
1250 4295 1380 4356 cap.
1416 4277 1956 4339 23.Verumtamen
1990 4297 2108 4339 non

470 4364 764 4442 scriptum
792 4365 958 4426 estin
984 4365 1165 4428 Basil.
1201 4365 1708 4446 quemadmodum
1746 4368 1908 4446 prius
1940 4367 2107 4443 lege-

471 4452 668 4524 batur,
715 4453 821 4513 sed
855 4453 934 4513 ita
965 4453 1219 4514 habetur
1252 4472 1266 4514 :
1304 4454 1375 4516 Et
1407 4474 1514 4534 per
1547 4459 1934 4516 mactationes
1966 4459 2109 4518 vati-

469 4541 682 4605 cinari.
743 4543 902 4604 Talis
951 4561 1094 4603 vero
1153 4543 1351 4622 gladio
1404 4547 1663 4624 punitor.
1701 4547 1772 4608 Et
1815 4546 1916 4626 qui
1951 4546 2106 4606 hunc

464 4631 917 4696 evocaveritaut
939 4631 1342 4714 suasionibus,
1371 4643 1472 4694 aut
1501 4637 1770 4714 praemio,
1807 4636 2103 4696 conﬁsca-

2202 3209 2575 3283 φαρμακειῶν,
2611 3207 2695 3261 καὶ
2731 3207 3063 3282 περιάπτων,

2281 3293 2628 3351 Ἀποστόλων
2675 3296 2844 3351 κανὼν
2887 3294 2993 3370 ξβ”
3039 3293 3281 3356 συνοδου.
3359 3293 3617 3372 Ἀγκύρας
3667 3300 3857 3353 κανὼν

2201 3383 2276 3456 α’,
2312 3385 2364 3459 β’

2199 3471 2400 3529 σιλείου
2433 3475 2605 3530 κανὼν
2639 3474 2720 3551 ογ’
2735 3520 2746 3533 .

2278 3559 2562 3638 Κείμενον,
2628 3565 2750 3641 Περὶ
2799 3567 3118 3643 φαρμακῶν,
3174 3565 3262 3621 καὶ
3299 3567 3724 3638 μαθηματικῶν,
3759 3570 3855 3623 καὶ

2195 3658 2304 3706 τῶν
2339 3654 2626 3732 ὸμοίων,κ.
2652 3675 2704 3714 τ.
2737 3652 2815 3730 λ.,
2851 3671 3046 3734 usque
3077 3652 3150 3716 ad
3177 3657 3204 3712 ὁ
3235 3652 3290 3710 δὲ
3323 3656 3467 3730 παρὰ
3486 3661 3650 3712 ταῦτα
3673 3657 3855 3713 ποιῶν

2197 3741 2584 3816 ἀποτέμνεται.

2279 3831 2543 3910 Σχόλιον,
2583 3833 2648 3890 Ἦ
2683 3833 2730 3890 α’
2765 3833 2906 3896 διάτ.
2939 3841 3035 3890 τοῦ
3064 3834 3140 3900 ιη’
3174 3835 3277 3897 τίτ,
3310 3839 3404 3890 τοῦ
3432 3833 3478 3890 θ’
3513 3832 3722 3910 βιϐλίου
3751 3846 3852 3895 τοῦ

2195 3919 2424 3985 κώδικος
2454 3936 2631 3979 κεῖται
2667 3922 2720 3977 ἐν
2763 3922 2952 3998 βιϐλίῳ
3008 3927 3114 3979 τῶν
3147 3923 3451 3980 Βασιλικῶν
3483 3924 3550 3997 ξ’,
3583 3925 3694 3986 τίτ,
3730 3925 3844 4005 λθ⁹,

2196 4032 2316 4088 κευ.
2368 4010 2477 4083 κα⁹,
2526 4011 2692 4077 οὔτως
2737 4013 2950 4092 ἔχοντι,
2996 4015 3070 4075 ὡς
3130 4014 3460 4088 συνωψίσθη.
3515 4005 3572 4069 Ἠ
3609 4013 3659 4089 β’
3691 4013 3838 4075 διᾶτ,

2195 4100 2288 4156 τοῦ
2319 4101 2480 4160 αὒτοῦ
2531 4104 2635 4164 τίτ,
2683 4104 2770 4158 καὶ
2814 4101 3024 4179 βιϐλίου
3069 4103 3177 4158 ἔστι
3237 4113 3331 4161 του
3383 4102 3542 4158 αὒτοῦ
3587 4104 3672 4158 καὶ
3732 4109 3843 4164 τίτ,

2194 4211 2318 4268 κεφ.
2351 4190 2461 4266 κβ’.
2513 4183 2573 4247 ’Β
2637 4191 2688 4269 γ’
2749 4191 2984 4257 διάταξις
3036 4200 3129 4250 τοῦ
3173 4196 3334 4251 αὒτοῦ
3362 4195 3468 4254 τίτ,
3504 4191 3599 4248 καί
3632 4191 3851 4268 βιϐλίου

2191 4279 2301 4335 ἔστι
2346 4294 2436 4335 του
2480 4285 2640 4338 αὒτοῦ
2681 4286 2783 4342 τίτ,
2829 4283 2916 4337 καὶ
2967 4280 3174 4357 βιϐλίου
3208 4281 3500 4361 κεφάλαιον
3536 4283 3650 4359 γγ’,
3690 4283 3846 4351 Πλὴν

2193 4369 2284 4423 οὒκ
2331 4368 2534 4447 ἐγράφη
2580 4370 2634 4426 ἐν
2679 4383 2797 4428 τοῖς
2830 4370 3140 4436 Βασιλικοῖς
3187 4372 3261 4431 ὡς
3306 4371 3435 4448 εἶχε
3467 4369 3664 4434 λέξεως
3697 4374 3840 4448 πρό-

2191 4479 2362 4533 τερον,
2398 4457 2519 4513 ἀλλ’
2549 4457 2686 4516 οὕτω
2718 4460 2868 4530 φησί·
2905 4461 3011 4518 Καί
3041 4461 3101 4515 τὸ
3132 4457 3216 4514 διὰ
3240 4463 3433 4518 θυσιῶν
3457 4460 3838 4536 μαντεύεσθαι,

2191 4550 2217 4602 ὁ
2277 4547 2329 4603 δὲ
2383 4558 2619 4613 τοιοῦτος
2679 4547 2812 4628 ξίφει
2847 4549 3202 4626 τιμωρείσθω.
3250 4546 3361 4608 Καῖ
3407 4551 3433 4604 ὁ
3479 4558 3665 4607 τοῦτον
3702 4571 3843 4617 προ-

2612 4638 2646 4703 ii
2724 4637 3087 4717 παρακλήσει,
3169 4639 3206 4704 ἦ
3263 4640 3460 4710 μισθῷ,
3519 4636 3693 4713 ἐξορίᾳ
3749 4641 3840 4694 καὶ

2403 3405 2413 3415 ·
2450 3383 2666 3445 συνόδου
2698 3383 3010 3448 Λαοδικείας
3042 3386 3216 3442 κανὼν
3255 3385 3389 3458 λς”⁹
3424 3392 3516 3442 τοῦ
3549 3386 3700 3464 ἁγίου
3737 3395 3854 3444 Βα-

2189 4637 2550 4714 τρεψάμενος,

467 4720 616 4784 tioni
638 4720 1224 4783 etexsiliuobnoxius
1247 4724 1903 4785 est.Accusatorautem
1933 4725 2106 4800 hujus

2229 4728 2440 4799 ημεύσει
2496 4727 2794 4786 ὑπόκειται.
2867 4725 2973 4787 Καὶ
3043 4730 3070 4782 ὁ
3133 4733 3453 4804 κατηγορῶν
3498 4727 3686 4783 τούτου
3747 4737 3843 4785 τοῦ

465 4811 740 4873 criminis
766 4829 884 4872 non
908 4811 1138 4872 delator
1153 4824 1265 4884 est,
1293 4813 1398 4874 sed
1421 4813 1606 4890 magis
1631 4814 1875 4893 prazmio
1894 4813 2106 4890 dignus

2229 4815 2532 4892 γκλήματος
2580 4819 2674 4872 οἰκ
2723 4815 2834 4872 ἔστι
2888 4814 3162 4894 δηλέτωρ,
3200 4816 3336 4873 ἀλλὰ
3371 4815 3576 4890 μᾶλλον
3605 4817 3841 4872 ἐπάθλου

465 4898 1074 4963 habetur.Considera
1089 4897 1369 4975 igitur,ad
1385 4901 1840 4962 clementiorem
1858 4901 2109 4962 formam

2233 4904 2450 4970 ξιοῦται,
2489 4905 2661 4962 Βλέπε
2705 4909 2791 4962 οὗν
2825 4907 2906 4962 ὅτι
2953 4910 3013 4961 τὸ
3069 4905 3566 4986 φιλανθρωπότερον
3598 4906 3839 4978 μετέπε-

465 4990 759 5052 recidisse
817 4996 1015 5050 vetera
1067 4990 1227 5067 jura,
1291 5008 1402 5053 nec
1431 5009 1547 5069 qua
1579 4992 1748 5069 prius
1781 4991 1832 5048 vi
1865 4991 2106 5068 praedita

2230 5018 2286 5052 ον
2337 4996 2397 5050 τὰ
2441 4995 2771 5072 παλαιότερα
2817 4996 3046 5073 νόμιμα,
3093 4998 3178 5050 σαὶ
3223 5000 3328 5074 οὔχ
3372 4995 3440 5054 ὡς
3475 4995 3641 5073 εἶχον
3673 4993 3837 5050 δυνέ-

465 5087 660 5154 erant,
686 5087 845 5156 [cum
871 5081 961 5156 ea]
988 5078 1044 5138 in
1069 5079 1492 5159 repurgatione
1511 5097 1646 5140 esse
1662 5079 1874 5156 posita.
1910 5079 2109 5140 Abro-

2229 5105 2334 5148 sm:
2377 5085 2630 5162 πρότερον
2703 5085 3148 5162 κατεστρώθησαν
3213 5085 3267 5140 ἐν
3325 5091 3394 5160 τῇ
3454 5085 3837 5160 ἆνακαθᾶρσει.

466 5176 666 5247 gatnm
687 5177 777 5228 est
799 5167 1058 5240 enim,ut
1081 5179 1288 5230 auctor
1311 5171 1559 5232 sceleris
1583 5179 2026 5242 concremetur,
2051 5179 2111 5232 et

2229 5173 2450 5250 λνῃρέθη
2511 5176 2608 5250 γὰρ
2663 5175 2751 5230 καὶ
2801 5175 2862 5230 τὸ
2893 5177 3130 5230 καίεσθαι
3176 5174 3300 5236 τοὺς
3331 5175 3678 5250 αὗτουργοὺς,
3739 5173 3835 5228 καί

465 5255 554 5318 illi
577 5257 1019 5332 quievocarunt
1049 5259 1466 5337 deportentur.
1500 5259 1587 5322 Ad
1617 5259 1897 5320 eumdem
1924 5259 2103 5320 etiam

2229 5266 2250 5318 ὁ
2309 5263 2780 5339 διπορτατεύεσθαι
2822 5265 2947 5326 τοὺς
2997 5264 3493 5342 προ-τρεψαμένους.
3559 5255 3837 5327 Ὡσαύτως

465 5344 710 5405 modum
742 5344 1032 5406 omissum
1065 5358 1155 5408 est
1185 5351 1527 5430 aruspicum
1563 5352 1826 5428 [nomen]
1866 5367 1878 5410 :
1916 5357 1994 5423 et,
2034 5369 2106 5410 ne

2233 5352 2409 5429 αρείθη
2459 5355 2544 5409 καὶ
2597 5355 2654 5408 τὸ
2706 5353 2811 5408 τῶν
2845 5354 3248 5421 οἰωνοσκόπων,
3283 5353 3372 5408 καὶ
3404 5353 3466 5407 τὸ
3500 5353 3580 5424 μὴ
3613 5351 3834 5406 εἰσιέναι

464 5433 599 5514 quis
617 5434 830 5494 horum
862 5434 932 5494 ad
968 5439 1502 5517 quemquam,licet
1533 5439 1762 5499 amicus
1795 5439 1982 5518 ipsius
2006 5440 2101 5514 sit,

2229 5444 2304 5496 ινα
2336 5441 2396 5496 ἐκ
2423 5444 2625 5498 τούτων
2657 5443 2788 5518 πρὸς
2822 5463 2962 5512 τινα,
2997 5441 3094 5496 κᾶν
3128 5442 3163 5516 ᾗ
3220 5439 3372 5520 φίλος
3419 5439 3602 5497 αυτοῦ.
3654 5440 3832 5495 Ἐκω-

463 5524 741 5586 introeat.
777 5523 1147 5584 Prohibilum
1171 5535 1368 5586 autem
1398 5534 1620 5588 tantum
1647 5537 1736 5588 est
1760 5546 1866 5607 per
1888 5540 2105 5589 macta-

2229 5531 2318 5598 5θη
2351 5529 2403 5586 δὲ
2436 5532 2600 5604 μόνον
2627 5532 2688 5586 τὸ
2720 5529 2806 5586 διὰ
2856 5533 3050 5586 θυσιῶν
3097 5530 3466 5602 μαντεύεσθαι,
3521 5529 3832 5594 Σημείωσαι

461 5612 659 5680 tiones
688 5611 1153 5678 vaticinariJIoc
1184 5614 1368 5694 igitur
1388 5623 1550 5680 nota.
1585 5618 1834 5684 Constit.
1869 5619 1908 5679 4
1929 5619 2100 5696 ejus-.

2229 5619 2274 5675 5v
2301 5625 2480 5677 τοῦτο.
2517 5608 2580 5675 Ἠ
2613 5617 2657 5674 δ’
2689 5616 2831 5677 διάτ.
2867 5625 2960 5677 τοὺ
2991 5620 3150 5678 αυτοῦ
3193 5619 3297 5683 τίτ,
3339 5619 3425 5674 καὶ
3475 5615 3682 5695 βιτῖλίου
3742 5619 3837 5675 τοῦ
