4052 6222
211 356 365 426 1109

1083 355 1578 425 NOMOGANON.
1621 385 1702 402 —
1762 351 1918 420 TIT.
1968 353 2073 435 1x,
2121 354 2283 418 CAP.
2334 344 2672 417 xx—xxv.

3411 344 3566 423 1110

203 491 455 569 κώδικος,
489 489 600 550 ἔστι
632 496 728 549 τοῦ
773 487 933 550 αὐτοῦ
981 490 1087 553 τίτ.
1146 491 1234 546 καὶ
1276 487 1484 566 βιϐλίου
1524 494 1629 545 τῶν
1673 496 1839 546 Βασι-

1925 488 2061 551 dem
2102 491 2190 553 tit.
2228 488 2411 553 etlib.
2448 489 2584 553 cod.
2614 494 2707 551 est
2730 485 3000 569 ejusdem
3036 484 3107 549 tit
3162 493 3220 551 et
3248 483 3561 552 lib.Basil.

205 582 371 639 λικῶν
416 604 541 663 κεφ,
601 579 710 642 κδ’.
772 580 921 647 Πλὴν
974 579 1091 636 οὔδε
1158 586 1315 636 τοῦτο
1367 579 1712 657 κατεστρώθη
1767 579 1841 642 ὡς

204 671 377 729 ἔκειτο
408 671 462 727 ἐν
513 677 590 745 τῷ
649 668 864 735 πλάτει,
924 668 1065 726 ἀλλὰ
1095 671 1316 747 παρείθη
1357 671 1420 725 τὸ
1470 669 1549 743 μὴ
1579 679 1840 743 τιμωρεῖ-

202 767 319 819 σθαι
351 762 473 824 τοὺς
505 766 635 839 πρὸς
669 759 950 837 θεραπείαν
980 764 1088 814 τῶν
1118 759 1410 833 σωμάτων,
1462 759 1499 825 ἢ
1556 759 1686 835 πρὸς
1744 758 1834 813 εί)-

199 851 412 929 ετηρίαν
446 858 550 907 τῶν
580 854 798 928 καρπῶν
828 847 1111 908 ποιοῦντας
1158 869 1210 903 τι
1261 848 1514 924 μαγικὸν,
1566 848 1655 903 καὶ
1699 843 1834 902 ξπέ-

201 961 400 1020 χοιτας
429 939 665 1021 βροχῆν,
706 938 737 1006 ἢ
781 936 1027 1017 χάλαζαν
1048 937 1144 993 καὶ
1198 936 1540 1013 κατεστρώθη
1598 937 1660 991 τὸ
1714 956 1836 1013 κειρ.

200 1030 363 1092 οὕτω,
400 1032 467 1086 Ἥ
525 1027 666 1090 διάτ,
715 1028 847 1107 φησὶ
889 1026 980 1082 τὸν
1043 1023 1528 1100 έπιτηδευσᾶμενον
1588 1023 1839 1102 γοητείαν

199 1118 461 1176 ἕλκουσαν
516 1120 591 1182 εἰς
649 1118 821 1196 ἔρωτα
878 1117 1000 1178 τοὺς
1075 1136 1353 1194 σωφρονας
1424 1113 1743 1193 λογισμοὺς,
1803 1112 1840 1181 ἢ

199 1209 337 1265 κατὰ
392 1207 659 1284 σωτηρίας
716 1205 1007 1283 ἀνθρώπων
1055 1204 1521 1284 μηχανησάμενον
1578 1202 1833 1278 δημεύσει

200 1299 288 1354 καὶ
319 1295 489 1375 έξορίᾳ
518 1297 891 1375 τιμωρεῖσθαι,
928 1295 1018 1360 Μὴ
1065 1292 1312 1373 προσχῆς
1361 1292 1448 1350 οὖν
1488 1304 1603 1358 τοῖς
1647 1291 1703 1349 ἐν
1759 1299 1835 1366 τῷ

200 1386 434 1460 κειμένῳ
463 1383 882 1463 γεγραμμένοις,
918 1380 1057 1440 ἀλλὰ
1104 1396 1218 1447 τοϊς
1269 1382 1497 1439 τεθέϊσιν
1530 1381 1585 1438 ἰν
1614 1385 1691 1456 τῷ
1724 1389 1834 1437 Βα-

203 1475 396 1547 σιλικῷ
427 1473 510 1531 ὅτι
553 1475 640 1530 καὶ
683 1475 790 1530 ἀπὸ
832 1478 940 1529 τῶν
972 1472 1173 1548 νόμων,
1228 1471 1317 1529 καί
1372 1472 1479 1528 ἀπὸ
1522 1477 1627 1528 τῶν
1687 1471 1835 1533 ἰντὸς

203 1564 465 1638 κειμένων
528 1563 765 1619 κανόνων
823 1561 1047 1640 ὥρισται
1133 1565 1483 1641 τιμωρεῖσθαι
1537 1561 1614 1636 μὴ
1673 1560 1836 1637 μόνον

202 1653 323 1717 τοὺς
368 1652 454 1710 διά
496 1676 619 1711 τινα
663 1652 831 1708 αἰτίαν
891 1650 1097 1728 μαγικά
1146 1673 1270 1708 τινα
1327 1657 1639 1725 ποιοῦντας,
1699 1648 1839 1707 ἀλλὰ

200 1744 441 1806 καὶτοὺς
498 1742 965 1822 προσερχομένους
1018 1742 1223 1810 αὒτοτς,
1284 1741 1381 1796 κᾶν
1426 1738 1580 1807 δῆθεν
1637 1739 1837 1818 ἀγαθοῦ

1926 596 2059 658 cap.
2093 581 2195 643 94.
2223 579 2445 641 erum
2471 596 2668 659 neque
2690 580 2800 642 hoc
2825 577 3119 641 insertum
3146 577 3562 658 est,quemad-

1927 669 2166 730 modum
2189 671 2446 750 positum
2471 668 2665 729 fuerat
2688 667 2759 728 ad
2786 668 3053 745 longum:
3074 667 3177 728 sed
3205 666 3563 746 praetermis-

1921 775 2053 819 sum
2083 772 2196 832 est,
2232 777 2305 819 ne
2330 758 2717 839 punirentur,
2754 758 2854 837 qui
2880 756 3165 820 medendi
3187 755 3560 836 corporibus,

1923 858 2019 908 aut
2049 850 2345 911 fructuum
2370 856 2719 927 proventum
2746 846 2994 907 uberem
3017 845 3410 907 conservandi
3433 864 3565 907 cau-

1921 954 1985 997 sa
2011 937 2300 1015 magicum
2326 936 2634 1016 quidpiam
2662 934 3014 1005 facerent,et
3040 934 3264 996 imbres
3281 946 3564 1012 autgran-

1921 1024 2092 1087 dines
2126 1024 2538 1105 prohiberent.
2601 1025 2793 1103 Atque
2852 1023 3018 1102 [illud
3069 1024 3341 1104 quidem]
3389 1033 3565 1104 caput

1921 1113 2079 1175 hunc
2112 1116 2185 1176 ad
2239 1115 2482 1176 malum
2544 1117 2830 1175 insertum
2878 1122 2987 1174 est.
3028 1113 3229 1176 Const.
3267 1113 3370 1190 ait,
3405 1114 3560 1194 quod

1919 1203 2019 1283 qui
2057 1210 2414 1283 magicarum
2449 1205 2663 1266 artium
2721 1201 3007 1264 exercitio
3053 1201 3298 1281 pudicos
3329 1202 3563 1264 animos

1920 1292 1991 1354 ad
2014 1293 2324 1356 libidinem
2353 1292 2729 1363 traxerit,aut
2750 1301 2957 1355 contra
2978 1289 3231 1353 salutem
3248 1292 3561 1355 hominum

1924 1380 2196 1462 [aliquid]
2239 1382 2477 1444 molitus
2536 1381 2736 1454 fuerit,
2797 1382 3223 1443 conﬁscatione
3256 1388 3315 1441 et
3346 1381 3563 1445 exsilio

1925 1473 2223 1550 puniatur.
2260 1471 2345 1533 Ne
2376 1490 2517 1550 ergo
2549 1477 2812 1532 animum
2849 1471 2970 1532 illis
2993 1470 3305 1546 adhibeas,
3338 1488 3469 1550 quze
3499 1470 3562 1533 in

1924 1568 2081 1621 textu
2126 1567 2345 1641 scripta
2396 1570 2556 1634 sunt,
2592 1560 2698 1622 sed
2730 1580 2861 1641 qua;
2895 1560 3085 1639 posita
3117 1568 3255 1621 sunt
3288 1560 3345 1621 in
3376 1560 3558 1624 Basil.

1923 1648 2213 1722 Quoniam
2248 1659 2305 1712 et
2338 1670 2368 1710 ο
2397 1650 2651 1727 legibus,
2684 1664 2742 1710 et
2767 1650 2839 1710 ab
2875 1649 2991 1711 illis
3021 1668 3157 1726 quae
3186 1649 3248 1709 in
3273 1656 3436 1711 textu
3464 1668 3563 1729 po-

1921 1738 2035 1799 sita
2066 1747 2225 1811 sunt,
2266 1738 2580 1799 deﬁnitum
2618 1746 2730 1811 est,
2767 1746 2831 1798 ut
2863 1736 3189 1819 puniantur
3216 1755 3337 1798 non
3369 1738 3560 1799 solum

197 1854 340 1894 τινος
370 1831 539 1911 χάριν
596 1837 794 1887 ποιῶσι
847 1824 1098 1910 ζήτῆσιν,
1133 1831 1205 1895 ὡς
1237 1829 1364 1886 ὅταν
1414 1832 1531 1908 περὶ
1593 1829 1835 1908 εύφορίας

1919 1827 2027 1904 qui
2060 1843 2307 1909 propter
2336 1827 2595 1909 aliquam
2626 1845 2867 1891 causam
2906 1826 3138 1907 magica
3161 1825 3453 1907 quaepiam
3478 1826 3565 1889 fa-

197 1910 414 1997 καρπῶν
475 1919 770 1998 ἐρωτῶσιν.
844 1910 1119 1982 ⁸ιὶσαύτως
1203 1918 1290 1975 καῖ
1347 1919 1383 1986 ἡ
1448 1916 1493 1973 ε’
1548 1915 1690 1977 διάτ.
1745 1919 1838 1973 τοῦ

196 2014 356 2068 αὖτοῦ
400 2007 605 2086 βιϐλίου
647 2012 735 2066 καὶ
780 2009 883 2071 τίτ.
941 2017 1037 2067 τοῦ
1079 2005 1330 2080 κώδικος,
1386 2006 1496 2065 ἔστι
1533 2012 1625 2063 τοῦ
1678 2009 1837 2063 αὐτοῦ

193 2097 400 2177 βιϐλίου
443 2101 533 2158 καὶ
585 2099 687 2158 τίτ.
748 2104 855 2155 τῶν
915 2096 1216 2154 Βασιλικῶν
1274 2118 1397 2177 κεφ,
1424 2096 1530 2178 κε’,
1562 2096 1698 2153 οῧτω
1726 2096 1830 2175 φά-

191 2211 335 2247 σκων
369 2208 382 2222 ο
418 2187 615 2256 Μηδεὶς
668 2188 920 2267 ἐρωτάτω
967 2187 1086 2243 τινὰ
1120 2187 1385 2262 μαντικὴν
1417 2184 1832 2264 ἔπαγγελλόμε-

195 2294 286 2336 νον
322 2298 339 2316 ⁸
373 2281 421 2336 οἱ
453 2279 506 2334 δὲ
540 2275 800 2335 Χαλδαῖοι
831 2277 921 2333 καὶ
951 2277 998 2334 οἱ
1031 2276 1195 2355 μάγοι
1237 2274 1374 2352 μηδὲ
1406 2276 1459 2333 ἓν
1492 2276 1679 2339 αὐταῖς
1709 2288 1831 2341 ταῖς

191 2368 464 2443 μαντείαις
496 2368 711 2433 ἑαυτοὺς
741 2365 1158 2446 παρεχέτωσαν,
1218 2364 1355 2423 ἀλλὰ
1416 2364 1720 2444 κεφαλικῶς
1763 2371 1832 2442 τῇ

191 2457 278 2514 διὰ
308 2455 526 2537 σιδήρου
557 2456 789 2535 τιμωρίᾳ
821 2455 1244 2519 ὑποκείσθωσαν,

271 2725 493 2805 ’Ἕτερον
523 2721 771 2806 σχόλιον.
809 2722 1114 2798 Σημείωσαι
1148 2720 1255 2777 ἀπὸ
1284 2725 1392 2777 τῶν
1434 2719 1830 2797 καταστρωθει-

1920 1917 2108 1991 ciunt,
2138 1935 2339 1980 verum
2374 1918 2552 1980 etiam
2591 1918 2688 1999 qui
2739 1917 2907 1993 ipsos
2933 1917 3231 1979 accedunt
3267 1935 3284 1976 :
3320 1915 3561 1977 tametsi

1920 2014 2197 2088 tanquam
2258 2006 2398 2069 boni
2457 2006 2790 2087 cujuspiam
2837 2024 3016 2068 causa
3046 2003 3419 2089 [quidquam]
3451 2023 3561 2067 ex-

1916 2095 2179 2176 quirant,
2214 2096 2375 2158 velut
2407 2096 2643 2177 quando
2677 2097 2753 2159 de
2785 2095 3058 2157 ubertate
3089 2094 3386 2156 fructuum
3424 2112 3561 2156 con-

1915 2185 2139 2248 sulunt.
2194 2184 2486 2248 Similiter
2519 2184 2698 2248 etiam
2735 2185 2978 2248 constit.
3016 2185 3055 2245 5
3087 2183 3356 2262 ejusdem
3386 2182 3477 2244 tit.
3505 2193 3563 2245 et

1916 2273 2022 2336 lib.
2057 2274 2193 2336 cod.
2227 2282 2319 2336 est
2352 2274 2620 2354 ejusdem
2654 2273 2761 2337 lib.
2795 2282 2855 2337 et
2885 2274 2974 2336 tit.
3000 2272 3561 2352 Basil.cap.5,quod

1917 2363 1999 2424 ita
2018 2363 2101 2425 ait
2133 2381 2148 2425 :
2182 2361 2369 2424 Nemo
2413 2364 2718 2425 divinandi
2769 2371 2957 2425 artem
2992 2361 3374 2442 profitentem
3408 2378 3559 2425 con—

1915 2450 2090 2513 sulat.
2125 2450 2382 2514 Chaldaei
2414 2461 2472 2514 et
2522 2454 2680 2531 magi
2730 2470 2806 2514 ne
2838 2452 2901 2514 in
2935 2450 3084 2532 ipsis
3117 2448 3364 2526 quidem
3400 2449 3559 2512 divi-

1911 2541 2257 2603 nationibus
2288 2560 2354 2603 se
2381 2541 2834 2619 [consulendos]
2884 2540 3217 2621 praebeant,
3268 2546 3329 2601 et
3357 2539 3419 2600 in
3454 2558 3559 2602 ca-

1916 2631 2093 2712 pitale
2123 2633 2484 2714 supplicium
2520 2632 2665 2694 ferri
2698 2631 2943 2695 obnoxii
2974 2631 3115 2695 sint.

1997 2720 2189 2782 Aliud
2212 2720 2693 2784 scholium.Nota
2721 2720 2900 2783 etiam
2930 2738 3000 2782 ex
3023 2717 3272 2783 insertis
3303 2736 3558 2801 praesen-

191 2823 298 2872 σῶν
329 2816 467 2878 διάτ,
501 2815 556 2871 ἐν
583 2816 650 2891 τῇ
681 2813 934 2889 ἑρμηνείᾳ
964 2817 1056 2868 τοῦ
1086 2811 1346 2888 παρόντος
1370 2806 1582 2888 κεφ.ὂτι
1611 2807 1710 2863 κᾶν
1729 2807 1831 2863 ὑπὸ

1917 2808 1991 2870 tis
2023 2809 2100 2870 ‘25
2130 2829 2258 2888 cap.
2298 2810 2775 2891 interpretationi
2809 2807 3369 2890 constitutionibus,
3396 2809 3559 2890 quod

192 2907 300 2961 τῶν
345 2903 625 2983 διγέστων,
658 2902 750 2959 καὶ
776 2902 881 2958 ἀπὸ
909 2908 1017 2959 τῶν
1040 2899 1279 2956 κωδικων
1310 2904 1414 2956 τῶν
1446 2898 1548 2969 πρὸ
1580 2900 1679 2964 τῆς
1710 2895 1834 2951 ἀνα-

1917 2899 2148 2960 tametsi
2169 2918 2237 2960 ex
2264 2898 2388 2977 dig.
2425 2899 2639 2961 etcod.
2666 2918 2798 2980 quae
2821 2907 2960 2962 ante
2978 2900 3464 2979 repurgationem
3496 2897 3559 2959 in
3658 2908 3671 2915 ‘

192 2995 498 3072 καθάρσεως
532 2989 960 3065 πολιτευομένων
989 2996 1057 3066 τῇ
1083 2988 1351 3069 κεφαλικῇ
1380 2986 1610 3064 τιμωρίᾳ
1633 2985 1833 3060 περιεί-

1917 2986 2223 3066 republica
2254 2987 2913 3070 obtinuerunt,capitali
2942 2986 3244 3068 supplicio
3276 3005 3559 3068 compre-

196 3103 330 3160 χετο
362 3083 448 3138 καὶ
481 3084 541 3137 τὸ
572 3080 841 3152 καίεσθαι,
873 3081 961 3135 καὶ
1004 3078 1399 3152 ἀποτέμνεσθαι
1429 3077 1518 3132 καὶ
1545 3073 1828 3154 φουλκίζε-

1917 3074 2282 3137 henderetur
2324 3078 2723 3152 concremari,
2780 3076 3094 3156 decollari,
3156 3082 3215 3137 et
3265 3074 3326 3137 in
3358 3072 3559 3140 furcas

191 3169 479 3246 σθαι,ἆλλα
511 3171 537 3224 ὁ
569 3171 799 3239 ποιήσας
829 3169 925 3235 τὴν
959 3168 1314 3244 ἀνακάθαρσιν
1345 3168 1448 3221 τῶν
1476 3166 1653 3237 νόμων
1674 3170 1828 3220 Bact-

1917 3165 2203 3242 suspentli
2233 3183 2246 3228 :
2271 3185 2389 3228 non
2414 3175 2613 3229 tamen
2642 3168 2974 3249 imperator
2993 3166 3095 3248 qui
3116 3165 3312 3245 legum
3335 3184 3553 3247 repur-

189 3258 381 3339 λικῶν,
419 3260 503 3315 καὶ
534 3258 846 3333 συνθέμενος
874 3257 942 3313 τὰ
975 3255 1232 3314 Βασιλικὰ
1261 3254 1357 3311 οὒκ
1398 3251 1609 3318 ἑδέξατο
1638 3251 1827 3325 ταῦτα,

1917 3252 2214 3332 gationem
2242 3254 2472 3331 fecit,et
2502 3254 2755 3319 Basilica
2773 3254 3132 3336 composuit,
3165 3254 3270 3316 illa
3297 3254 3552 3335 recepit,

188 3346 329 3405 ἀλλὰ
372 3349 467 3412 τὰς
511 3347 619 3404 ἀπὸ
663 3354 768 3403 τών
834 3344 1072 3402 κωδίκων
1127 3342 1389 3410 διατάξεις
1445 3341 1831 3419 καταστρώσας

1917 3349 1975 3401 et
2004 3341 2540 3405 constitutionibus
2578 3363 2649 3406 ex
2677 3344 2814 3407 cod.
2849 3342 3121 3406 basilicis
3150 3341 3398 3405 insertis
3430 3344 3556 3406 haec

187 3438 244 3495 ἰν
294 3449 412 3502 τοῖς
470 3435 785 3499 Βασιλικοτς
837 3435 903 3491 τὰ
953 3436 1069 3514 τρία
1097 3440 1263 3491 ταῦτα
1307 3437 1366 3492 οὗ
1395 3431 1706 3511 προσέθετο.
1743 3430 1833 3498 Μὴ

1917 3430 2027 3491 tria
2053 3448 2172 3492 non
2203 3433 2500 3512 apposuit.
2533 3431 2618 3494 Ne
2662 3432 2842 3513 igitur
2887 3432 3228 3495 adverseris
3258 3433 3463 3515 positis
3493 3438 3556 3494 in

188 3536 312 3605 γοῦν
343 3526 665 3593 ἑναντιωθῆς
698 3536 816 3588 τοῖς
850 3523 905 3579 ἐν
935 3531 1013 3597 τῷ
1042 3523 1127 3581 να’
1159 3524 1259 3586 τίτ.
1285 3529 1378 3578 τοῦ
1409 3520 1453 3588 ξ’
1485 3519 1686 3599 βιϐλίου
1710 3541 1829 3577 κει-

1917 3519 2006 3581 tit.
2041 3521 2068 3580 1
2109 3518 2216 3581 lib.
2251 3537 2352 3600 Lx,
2388 3521 2648 3602 legibus,
2674 3540 2812 3599 qua)
2834 3522 3064 3599 digesta
3086 3528 3225 3583 sunt
3255 3541 3269 3582 :
3306 3528 3365 3582 et
3396 3521 3556 3602 capi-

189 3617 373 3692 μένοις
404 3614 616 3691 νόμοις,
650 3612 916 3692 διγέστοις
970 3616 1109 3687 οὖσι,
1141 3614 1229 3670 καὶ
1279 3611 1497 3690 λέγουσι
1530 3608 1829 3690 κεφαλικὴν

1917 3609 2030 3671 tale
2061 3609 2422 3690 supplicium
2457 3628 2591 3672 esse
2622 3610 3022 3684 concremari,
3054 3609 3364 3684 decollari,
3401 3620 3460 3674 et
3492 3610 3555 3673 in

188 3706 332 3763 εἶναι
376 3705 661 3782 τιμωρίαν,
722 3705 811 3760 καὶ
883 3704 951 3759 τὸ¹
1005 3702 1246 3758 καίεσθαι
1300 3722 1475 3780 τινας,
1518 3699 1826 3774 ἀποτέμνε-

189 3797 334 3868 σθαι,
368 3794 465 3850 καί
520 3792 919 3863 φουλιίζεσθαι.
957 3792 1015 3848 Εἰ
1063 3791 1165 3870 γὰρ
1210 3792 1260 3847 αἱ
1304 3786 1571 3855 διατάξεις
1617 3791 1668 3844 αἱ
1724 3808 1829 3864 με-

187 3882 568 3960 ταγενέστεραι
626 3884 678 3938 αἱ
720 3880 889 3939 ταῦτα
926 3878 1286 3958 διοριζόμεναι
1346 3880 1439 3937 οὖν
1498 3877 1825 3958 ἐδέχθησαν,

186 3971 377 4044 πολλῷ
420 3971 588 4028 πλέον
633 3971 699 4027 τὰ
755 3968 995 4047 δίγεστα,
1040 3972 1289 4049 Πρόσεχε
1337 3970 1425 4025 οὗν
1479 3980 1597 4032 τοῖς
1655 3966 1712 4023 ἓν
1757 3972 1829 4040 τῷ

184 4059 268 4119 λθ’
297 4083 421 4142 κεφ.
456 4060 917 4138 κατεστρωμένοις
951 4061 1138 4135 νόμοις
1170 4057 1645 4138 μεταγενεστέροις
1681 4059 1821 4131 οὖσι,

180 4154 280 4208 καὶ
314 4151 391 4227 μὴ
421 4164 540 4215 τοῖς
571 4148 834 4230 διγὲστοις
864 4152 937 4216 ὡς
968 4150 1346 4228 παλαιοτέροις
1373 4151 1462 4206 καὶ
1493 4147 1825 4228 σχολάσασι,

256 4327 485 4406 ’Ἕτερον
512 4327 763 4409 σχόλιον,
818 4326 1133 4402 Σημείωσαι
1184 4330 1272 4385 καὶ
1304 4327 1411 4384 ἀπὸ
1441 4335 1535 4385 τοῦ
1565 4325 1831 4404 παρόντος

173 4415 257 4475 κε’
286 4440 410 4496 κεφ,
445 4416 537 4493 ὅτι,
582 4416 764 4494 ὥσπερ
809 4418 871 4473 τὸ
916 4418 1155 4473 καίεσθαι
1203 4438 1352 4480 τινας
1402 4417 1499 4473 οὒκ
1528 4413 1743 4480 ἐδέξατο
1802 4417 1831 4472 ὁ

1913 3700 2109 3761 furcas
2140 3699 2762 3779 suspendi,dicunt.Si
2790 3700 2951 3762 enim
2984 3717 3117 3780 quae
3140 3698 3266 3761 haec
3289 3706 3555 3763 statuunt

1911 3787 2395 3861 constitutiones,
2422 3807 2557 3851 cum
2588 3788 2961 3852 recentiores
2991 3789 3263 3869 sint,non
3294 3798 3555 3870 receptas

1912 3883 2051 3939 sunt
2082 3898 2094 3941 :
2122 3877 2310 3939 multo
2334 3879 2646 3958 [profecto]
2675 3879 2873 3940 minus
2897 3878 3068 3959 [sunt
3090 3880 3357 3958 recepta]
3378 3877 3553 3957 dige-

1912 3976 2025 4029 sta.
2056 3968 2308 4047 Applica
2337 3967 2517 4048 igitur
2548 3968 2813 4029 animum
2847 3987 2981 4050 cap.
3017 3967 3093 4030 38
3125 3966 3368 4029 insertis
3398 3967 3553 4047 legi-

1911 4053 2116 4129 bus,ut
2142 4057 2567 4137 quaajuniores
2591 4057 2736 4120 sint:
2765 4075 2884 4119 non
2913 4066 3112 4119 autem
3138 4055 3555 4136 digestis,quaa

1914 4146 2238 4208 vetustiora
2267 4154 2427 4223 sunt,
2483 4165 2594 4210 nec
2649 4147 2831 4209 ullam
2890 4147 3146 4229 amplius
3176 4144 3551 4208 functionem

1914 4234 2162 4299 habent.

1994 4326 2176 4389 Aliud
2201 4326 2515 4390 scholium.
2541 4328 2690 4391 Nota
2716 4329 2853 4389 item
2888 4346 2957 4391 ex
2991 4329 3276 4409 przesenti
3304 4329 3382 4391 25
3416 4349 3551 4412 cap.

1913 4414 2073 4494 quod
2106 4417 2613 4497 quemadmodum
2646 4426 2709 4480 ut
2740 4418 2925 4499 aliqui
2961 4426 3445 4495 concrementur,
3479 4419 3553 4483 ab

169 4507 425 4585 βασιλεὺς
456 4507 633 4569 καθὼς
666 4505 898 4580 εἴπομεν
931 4507 1005 4569 είς
1036 4505 1134 4573 τὴν
1162 4512 1257 4561 τοῦ
1290 4506 1555 4577 παρόντος
1593 4525 1715 4582 κεφ,
1742 4503 1849 4587 ipf

1917 4503 2281 4585 imperatore
2321 4506 2647 4587 (quomodo
2680 4506 2739 4567 in
2773 4507 3086 4588 praesentis
3113 4508 3556 4589 cap.interpre-

173 4599 428 4673 μηνείαν,
461 4594 627 4660 οὖτως
660 4594 864 4654 οὐδὲτὸ
893 4594 1288 4669 ἀποτέμνεσθαι
1319 4592 1352 4662 ἤ
1383 4617 1464 4651 τοι
1498 4592 1825 4674 ἀποκεφαλί-

168 4690 351 4757 ζεσθαι
396 4686 517 4748 τοὺς
564 4682 861 4747 Χαλδαίους
906 4683 1001 4740 καί
1047 4684 1168 4749 τοὺς
1209 4683 1440 4763 μάγους,
1488 4682 1603 4740 ἀντὶ
1632 4683 1823 4739 τούτου

172 4775 261 4832 διὰ
294 4773 518 4852 σιδήρου
553 4774 786 4851 τιμωρία
818 4772 1050 4849 ἐτράπη.
1098 4771 1315 4836 Ἀπλῶς
1372 4772 1462 4830 οὖν
1507 4772 1824 4850 συναγαγὼν

172 4863 275 4921 καί
321 4865 429 4920 ἀπὸ
460 4860 638 4919 ἄλλων
669 4861 913 4933 πολλῶν,
947 4862 1007 4919 οὗ
1039 4862 1136 4938 μὲν
1169 4861 1223 4918 δὲ
1257 4863 1346 4918 καὶ
1376 4862 1483 4919 ἀπὸ
1513 4862 1714 4919 τούτων
1743 4862 1821 4937 μὴ

171 4953 324 5019 εἶναι
348 4954 610 5031 τιμωρίαν
642 4952 939 5030 κεφαλικὴν
969 4954 1059 5008 τὸν
1092 4951 1559 5031 ἀποκεφαλισμὸν,
1591 4954 1653 5007 τὸ
1682 4952 1823 5008 καίεο

172 5046 322 5123 σθαι,
367 5045 428 5099 τὸ
471 5040 870 5123 φουλκίζεσθαι,
901 5043 963 5099 τὸ
995 5040 1418 5120 λιθοϐολετσθαι,
1464 5042 1526 5098 τὸ
1556 5042 1631 5106 εἷς
1661 5042 1822 5118 βαθὺν

171 5132 472 5210 ῥίπτεσθαι,
503 5130 642 5187 ἀλλὰ
668 5130 764 5187 ἀπ’
796 5131 1126 5209 ἀνθρώπινον
1157 5132 1406 5205 θάνατον,
1462 5130 1723 5207 τιμωρίαν
1765 5128 1821 5186 δὲ

172 5219 474 5300 κεφαλικὴν
521 5220 666 5277 εἶναι
702 5221 792 5276 τὸν
821 5222 1191 5300 περιορισμὸν,
1237 5221 1337 5287 τὴν
1381 5219 1674 5299 τύφλωσιν,
1722 5220 1821 5288 τὴν

172 5309 413 5384 ἐκτομὴν
442 5314 541 5375 τῆς
575 5311 789 5389 χειρὸς,
822 5309 919 5367 καί
949 5310 1013 5367 τὰ
1046 5308 1211 5367 λοιπὰ
1262 5308 1363 5367 ὅσα
1392 5311 1478 5365 καὶ
1522 5309 1574 5372 ἰς
1618 5309 1820 5388 τροφῆς

169 5400 360 5475 καιρὸν
416 5396 619 5455 διδόασι
660 5405 736 5472 τῷ
778 5398 1191 5475 τιμωρουμένῳ,
1238 5401 1325 5456 καὶ
1377 5405 1471 5456 τοῦ
1516 5398 1820 5474 ἕπταισμέ-

170 5509 264 5545 νου
308 5486 629 5560 ἀπόστασιν,
663 5485 747 5543 διὰ
792 5490 851 5544 τὺ
896 5487 1125 5546 ὶπίπολδ
1178 5491 1557 5568 τιμωρεῖσθαι,
1590 5488 1705 5544 εἰπὲ
1736 5487 1820 5544 ὅτι

168 5576 271 5633 ὅσα
304 5576 509 5650 νόμιμα
543 5578 873 5651 εὑρίσκονται
907 5577 964 5633 ἐν
1006 5591 1127 5642 τοῖς
1174 5586 1489 5635 Βασιλικοτβ
1535 5578 1821 5634 ὅπεναντία

169 5672 241 5745 τῇ
301 5667 546 5746 παρούσῃ
598 5663 915 5743 διδασκαλίᾳ
958 5665 1176 5750 δίγεστά
1220 5669 1346 5746 εἶσι,
1391 5666 1480 5725 καὶ
1524 5666 1621 5726 οὐκ
1665 5666 1818 5749 ὀφεί-

1876 4595 2133 4661 -tatione
2162 4593 2442 4677 diximus)
2481 4615 2599 4657 non
2634 4606 2944 4678 receptum
2971 4609 3063 4659 est
3098 4616 3111 4659 :
3150 4599 3231 4659 ita
3263 4616 3458 4677 neque
3491 4607 3556 4661 ut

1908 4682 2168 4746 Chaldaai
2227 4692 2284 4746 et
2343 4685 2500 4766 magi
2531 4685 2934 4761 decollentur,
2970 4685 3074 4747 sed
3111 4704 3217 4764 pro
3249 4687 3362 4747 hoc
3394 4687 3554 4748 ferre

1907 4793 2080 4856 pmna
2113 4778 2379 4856 injuncta
2413 4786 2524 4841 est.
2560 4778 2832 4841 Breviter
2852 4778 3062 4858 igitur,
3094 4776 3555 4858 decollari,con-

1906 4867 2187 4940 cremari,
2219 4866 2277 4928 in
2309 4866 2534 4929 furcam
2569 4867 3166 4948 suspendi,lapidari,
3202 4863 3263 4928 in
3297 4866 3553 4947 profun-

1905 4955 2046 5017 dum
2082 4956 2318 5036 projici,
2377 4976 2496 5019 non
2558 4957 2873 5038 capitalem
2930 4974 3190 5036 poenam,
3220 4954 3325 5017 sed
3360 4956 3553 5021 diram

1906 5052 2159 5106 mortem
2178 5064 2331 5108 esse:
2360 5046 2676 5127 capitalem
2701 5053 2897 5108 autem
2927 5062 3166 5126 poenam
3193 5062 3326 5106 esse
3342 5044 3555 5127 depor-

1907 5133 2218 5207 tationem,
2248 5134 2741 5208 excmcationem,
2778 5153 2994 5197 manus
3026 5132 3461 5216 exsectionem,
3495 5144 3555 5198 et

1902 5222 2133 5301 reliqua
2166 5243 2297 5303 quae
2326 5223 2555 5285 reditus
2587 5232 2828 5303 tempus
2858 5222 3062 5304 punito
3097 5221 3331 5298 dant,et
3363 5232 3426 5285 ut
3449 5224 3556 5287 diu

1902 5312 2001 5393 qui
2025 5311 2816 5392 deliquit,puniatur,[illum
2840 5310 3109 5392 omnino]
3128 5313 3554 5374 exterminant:

1904 5418 2039 5463 cum
2075 5419 2141 5461 ex
2175 5400 2306 5463 aliis
2339 5399 2565 5475 multis,
2596 5408 2723 5463 tum
2757 5420 2896 5464 vero
2929 5401 3110 5463 etiam
3141 5418 3212 5463 ex
3245 5402 3340 5463 bis
3372 5402 3554 5465 colli-

1902 5506 2073 5568 gens,
2096 5489 2381 5569 dic,quod
2404 5507 2779 5572 quaecunque
2793 5490 2932 5571 jura
2958 5490 3238 5572 praesenti
3262 5491 3554 5555 doctrina)

1902 5577 2201 5639 contraria
2234 5577 2293 5639 in
2326 5576 2511 5641 Basil.
2554 5578 2962 5660 inveniuntur,
2999 5579 3228 5660 digesta
3254 5579 3401 5656 sint,
3435 5598 3549 5643 nec

1907 5666 2070 5748 (quia
2086 5666 2227 5747 jure
2248 5679 2560 5765 receptum
2585 5670 2684 5746 sit,
2718 5668 3056 5753 ut,quaudo
3089 5669 3550 5734 constitutiones
