4052 6222
487 379 636 450 1111

1666 389 1934 453 PHOTII
1983 349 2501 452 nummaria
2543 387 2656 454 ap.

3699 383 3870 455 1112

483 527 546 582 et
577 517 809 597 digesta
833 513 906 578 de
932 533 1047 578 una
1065 515 1401 599 eademque
1425 515 1522 597 [re
1539 517 1802 601 diversa]
1825 529 2123 601 statuunt,

2212 521 2360 579 λουσι
2421 536 2642 604 κρατεῖν
2675 539 2689 554 ⁸
2737 521 3049 601 νενόμισται
3099 522 3204 600 γὰρ
3263 521 3661 602 προτιμοτέρας
3707 523 3871 579 εἶναι

481 608 604 670 illa:
631 606 880 686 digestis
912 605 1331 688 praeferantur)
1358 609 1779 672 auctoritatem
1794 611 1952 690 juris
1975 609 2127 671 obti-

484 714 631 758 nere
647 695 930 758 debeant:
958 695 1206 775 et,quod
1233 696 1468 774 legibus
1491 698 1894 778 omnibusque
1916 699 2131 762 Novel-

481 785 578 859 lis,
612 793 677 846 ut
707 784 1028 864 benignius
1088 784 1252 864 leges
1303 787 1806 866 interpretemur,
1841 796 2018 868 atque
2047 787 2130 848 ita

480 875 812 937 sententias
843 875 1126 946 feramus,
1166 875 1420 954 placeat.
1482 874 1570 937 Ne
1627 877 1829 956 itaque
1861 877 2128 952 mireris,

481 962 806 1026 concilium
829 963 1568 1044 Constantinopolitanum
1599 965 1974 1046 temporibus
2001 983 2133 1026 san—

479 1051 734 1116 ctissimi
762 1051 922 1114 illius
955 1052 1311 1132 patriarchae
1341 1053 1548 1115 domni
1581 1055 1892 1116 Michaelis
1915 1053 2131 1135 Oxitae,

478 1151 545 1204 ut
575 1142 867 1221 Bogomili
900 1151 1468 1218 concremarentur,
1491 1153 1546 1205 et
1570 1144 1852 1206 statuisse
1875 1153 1934 1208 et
1957 1163 2132 1206 man-

480 1230 680 1294 dasse.
716 1232 860 1294 Veri
883 1231 1044 1294 enim
1078 1233 1278 1295 simile
1310 1242 1426 1310 est,
1458 1233 1533 1296 de
1563 1233 1799 1313 legibus
1831 1242 1970 1297 tunc
2001 1243 2126 1295 tra-

479 1328 704 1384 ctatum
760 1339 880 1384 non
940 1321 1147 1384 fuisse.
1199 1322 1355 1394 Quin
1390 1322 1611 1404 potius,
1645 1323 1802 1403 quod
1838 1322 2127 1403 Bogomili

481 1409 789 1473 mordicus
814 1418 872 1472 et
889 1408 1197 1472 obstinate
1220 1429 1346 1473 sua:
1369 1411 1586 1473 haeresi
1607 1411 2130 1482 inhaerentes,tan-

479 1517 659 1581 quam
687 1500 1066 1578 [constantizn
1088 1501 1232 1581 suae]
1249 1500 2131 1575 testimonium,concrematie-

478 1607 618 1651 nem
645 1588 1098 1670 praecipuerint,
1130 1588 1253 1670 Ego
1297 1598 1499 1651 autem
1522 1590 1722 1653 sciens
1745 1590 1973 1652 nullum
2007 1607 2128 1651 un-

480 1695 660 1761 quam
690 1697 985 1740 canonem
1010 1679 1371 1760 supplicium
1401 1681 1749 1759 permisisse
1787 1684 1940 1759 (non
1965 1679 2126 1741 enim

482 1766 900 1830 ecclesiastica
930 1767 1046 1842 lex,
1111 1768 1219 1830 sed
1274 1768 1492 1849 civilis,
1525 1770 1872 1851 corporales
1923 1784 2130 1846 poenas

2208 613 2303 676 τὰς
2332 611 2593 679 διατάξεις
2627 620 2732 671 τῶν
2762 612 3014 692 δι’(έστων
3047 613 3171 671 ἔνθα
3202 617 3322 690 περὶ
3378 623 3471 673 τοῦ
3529 615 3693 671 αὒτοῦ
3760 614 3870 668 καὶ

2213 701 2328 766 ἐνὸς
2365 707 2707 778 νομοθετοῦσί
2749 725 2826 764 τι.
2877 705 2976 762 Καὶ
3019 703 3101 759 ὅτι
3144 717 3265 769 τοῖς
3310 703 3497 778 νόμοις
3558 701 3718 758 δοκεῖ
3769 700 3872 755 καῖ

2213 791 2410 856 πάσαις
2475 805 2598 856 ταῖς
2673 803 2906 871 Νεαραϊς
2953 791 3039 848 ἐπὶ
3083 793 3146 848 τὸ
3191 789 3695 870 φιλανθρωπότερον
3737 790 3872 851 τοὺς

2215 880 2409 954 νόμους
2454 881 2859 960 ἑρμηνεύεσθαι,
2895 881 2983 938 καὶ
3026 879 3167 937 οὕτω
3225 881 3319 942 τὰς
3377 880 3676 959 ἀποφάσεις
3710 881 3874 956 γίνε-

2214 971 2358 1032 σθαι,
2391 970 2477 1036 Μὴ
2521 979 2647 1048 γοόν
2679 971 2958 1045 θαυμάσῃς
3002 969 3084 1026 ὅτι
3132 971 3167 1037 ἡ
3199 967 3254 1024 ὲν
3290 967 3877 1028 Κωνσταντινουπόλει

2215 1056 2426 1124 σύνοδος
2485 1059 2573 1117 ἐπὶ
2611 1061 2717 1117 τῶν
2747 1062 2966 1138 ἡμερῶν
3025 1068 3122 1118 τοῦ
3183 1060 3488 1136 ἁγιωτάτου
3520 1059 3880 1138 πατριάρχου

2215 1147 2394 1222 κυρίου
2449 1150 2671 1228 Μιχαῆ)
2737 1152 2832 1207 τοῦ
2889 1147 3088 1214 Ὀξειτ,
3153 1147 3371 1226 διέγνω,
3443 1150 3532 1204 καί
3595 1148 3879 1226 ἑπέτρεχι

2213 1240 2469 1304 καυθῆναι
2528 1238 2899 1316 Βωγομίλους.
2962 1239 3117 1302 Εἰκὸς
3166 1238 3267 1316 γάρ
3316 1237 3428 1294 ἐστι
3460 1238 3538 1313 μὴ
3592 1259 3874 1311 τρακται-

2211 1327 2398 1392 σθῆναι
2439 1327 2561 1383 τότε
2603 1329 2727 1390 τοὺς
2773 1327 2992 1406 νόμους,
3024 1325 3121 1382 καί
3178 1324 3388 1400 μᾶ)λον
3444 1323 3528 1383 ὅτι
3557 1326 3682 1382 τότε
3723 1325 3876 1399 ἆμε-

2210 1417 2444 1479 ταθετως
2477 1419 2700 1496 ἔχοντες
2751 1417 2846 1484 τῆς
2888 1417 3084 1478 οἶκειας
3145 1415 3397 1492 αἶρέσεως
3442 1417 3489 1471 οἱ
3545 1413 3877 1493 Βωγόμιλοι

2211 1505 2283 1568 ὡς
2338 1506 2628 1584 μαρτύριον
2698 1503 3043 1584 πρυήρπαζον
3128 1504 3230 1571 τὴν
3314 1511 3525 1563 καῦσιν.
3588 1503 3748 1582 Ἐγὼ
3817 1503 3872 1558 δὲ

2211 1590 2360 1656 εἰδὼς
2414 1593 2624 1668 μηδένα
2672 1595 2872 1652 κανόνα
2922 1594 3209 1674 ἑπιτράψαι
3255 1592 3387 1651 ποτὲ
3430 1595 3729 1672 τιμωρίαν,
3791 1591 3874 1648 ὅτι

2210 1682 2348 1757 μηδὲ
2395 1683 2542 1740 οἶδεν
2574 1687 2602 1742 ὁ
2650 1683 3098 1752 ἒκκλησιαστικὸς
3157 1681 3323 1757 νόμος
3367 1683 3685 1758 σωματικὰς
3742 1704 3875 1739 ποι-

2209 1774 2328 1846 νάς,
2363 1773 2484 1832 ἀλλ’
2511 1777 2539 1832 ὁ
2569 1773 2872 1837 πολιτικός.
2911 1775 3008 1832 Καὶ
3039 1773 3118 1829 ἔτι
3149 1773 3405 1848 θαυμάζω
3451 1777 3562 1836 πῶς
3594 1773 3875 1839 τοιαύτην

481 1856 2495 1941 ιιονῑι),θῐίειωηιιιηιηίτοιηιιοηιοόοεοηοὶὶίυιηίείίιις-Βδισίγνωσιν
2523 1863 2646 1921 τότε
2693 1866 2728 1931 ἡ
2779 1860 2994 1929 συνόδος
3041 1861 3268 1941 ἐξέθετο,
3317 1861 3603 1919 ἐκκόπτειν
3649 1864 3765 1940 γὰρ
3813 1863 3878 1919 ὲκ

483 1945 647 2007 modi
672 1957 794 2006 tum
829 1945 1034 2008 tulerit
1061 1946 1766 2029 sententiam.Siquidem
1795 1947 2072 2009 excidere
2092 1966 2127 2008 e

481 2031 962 2096 Christianorum
997 2054 1250 2116 corpore
1308 2037 1624 2098 haereticos
1673 2037 1834 2098 docti
1865 2055 2073 2097 sumus
2107 2054 2121 2095 :

480 2124 779 2204 supplicio
807 2132 1006 2185 autem
1041 2125 1208 2206 ipsos
1239 2125 1483 2188 afﬁcere
1513 2145 1634 2188 non
1666 2124 2127 2189 didicimus.Ve-

481 2229 614 2273 rum
644 2231 778 2274 eum
805 2211 1094 2276 obstinati
1133 2222 1300 2288 sunt,
1335 2213 1500 2276 civili
1530 2215 1650 2294 legi
1685 2214 2000 2288 tradimus,
2036 2222 2124 2274 at-

481 2319 600 2381 que
630 2319 664 2364 a
696 2301 1147 2381 magistratibus
1202 2305 1262 2364 in
1315 2303 1452 2366 illos
1482 2305 1796 2366 sententie
1827 2303 2123 2370 feruntur.

569 2388 812 2455 Textus.
848 2391 1058 2456 Const.
1093 2393 1151 2457 6.
1191 2392 1310 2466 Qui
1343 2393 1649 2455 elementa
1683 2392 1945 2469 turbant,
1979 2402 2123 2468 etc.,

482 2480 674 2562 itaque
702 2481 781 2544 ad
810 2478 1236 2563 deportentur,
1270 2489 1338 2546 ut
1357 2499 1500 2563 pag.
1531 2482 1675 2546 289.

563 2745 897 2811 Scholium.
929 2748 1084 2810 Nota
1113 2748 1291 2810 etiam
1325 2765 1396 2810 ex
1439 2749 1722 2829 praesenti
1773 2768 1904 2831 cap.
1965 2751 2125 2832 quod

484 2854 684 2917 neque
713 2846 837 2899 uta
869 2836 1079 2899 bestiis
1139 2837 1585 2918 interimantur,
1646 2838 1746 2919 qui
1781 2858 1886 2919 per
1921 2859 2126 2902 manes

481 2923 764 2987 inimicos
801 2945 940 2988 suos
973 2925 1281 3001 occidunt,
1312 2928 1616 3006 receperit
1647 2930 1904 2990 const.6.
1936 2929 2120 2993 Basil.

480 3015 747 3078 inserta:
782 3017 888 3077 sed
921 3015 1101 3078 etiam
1136 3017 1247 3078 hos
1279 3016 1477 3096 gladio
1500 3017 1696 3096 puniri
1719 3019 2119 3082 constituerit.

481 3103 770 3166 Attendas
805 3105 990 3183 igitur
1023 3105 1201 3184 paulo
1235 3115 1374 3166 ante
1407 3106 1645 3185 scriptae
1683 3116 1900 3169 nostra:
1929 3108 2123 3169 inter-

2209 1960 2301 2010 τοῦ
2357 1953 2609 2028 σώματος
2662 1960 2771 2009 τῶν
2825 1951 3156 2031 Χριστιανῶν
3202 1952 3320 2016 τοὺς
3371 1953 3670 2030 αἱρετικοὺς
3722 1950 3876 2007 δεδι-

2209 2040 2473 2124 δάγμεθα,
2531 2054 2795 2121 τιμωρεῖν
2848 2041 2904 2098 δὲ
2965 2041 3157 2107 αὐτοὺς
3222 2045 3317 2100 οὐκ
3360 2041 3655 2118 ἐμάθομεν,
3727 2040 3878 2097 ἀλλὰ

2209 2132 2564 2199 ἀμεταθέτους
2608 2130 2761 2194 ὄντας
2807 2128 3153 2210 παραδιδόναι
3213 2135 3292 2204 τῷ
3349 2129 3619 2204 πολιτικῷ
3681 2132 3872 2208 νόμῳ,

2207 2223 2295 2278 καὶ
2325 2222 2468 2298 παρὰ
2510 2229 2616 2279 τῶν
2658 2222 2939 2302 ἀρχοντων
2996 2228 3097 2286 τὰς
3147 2221 3287 2278 κατᾶ
3318 2221 3521 2278 τούτων
3551 2219 3876 2301 ἀποφάσεις

2209 2308 2540 2390 ἐκφέρεσθαι.

2294 2401 2572 2474 Κείμενον,
2609 2399 2766 2460 Διάτ.
2811 2397 2889 2474 ς·’
2935 2399 2996 2456 Οἱ
3053 2397 3117 2454 τᾶ
3179 2410 3436 2477 στοιχεῖα
3470 2397 3879 2477 ταράσσοντες,

2210 2487 2246 2556 ἢ
2275 2489 2398 2553 τοὺς
2453 2488 2700 2569 ἰχθροὺς,
2759 2511 2814 2549 ιι.
2875 2510 2929 2552 τ.
2971 2485 3055 2565 λ.,
3099 2501 3293 2568 usque
3322 2483 3396 2547 ad
3427 2486 3462 2554 ἢ
3489 2488 3557 2542 τὰ
3592 2491 3701 2554 τῆς
3741 2485 3883 2550 ἰδίας

2207 2577 2490 2654 θρησκείας
2566 2575 3006 2658 δημοσιεύοντες,
3089 2575 3596 2655 δεπορτατεύονται.
3672 2573 3886 2658 Supra

2207 2682 2340 2745 pag.
2378 2664 2520 2730 289.

2289 2754 2550 2835 Σχόλιον,
2588 2758 2902 2832 Σημείωσαι
2931 2755 3020 2813 καὶ
3054 2753 3161 2811 ἀπὸ
3193 2761 3285 2812 τοῦ
3316 2754 3584 2832 παρόντος
3617 2775 3760 2834 κεφ.
3799 2756 3884 2812 ὅτι

2208 2843 2326 2901 ούδέ
2371 2847 2429 2902 τὸ
2471 2849 2675 2924 θηρίοις
2719 2846 3050 2924 ἀναιρεῖσθαι
3115 2845 3236 2908 τοὺς
3301 2841 3386 2899 διὰ
3430 2841 3722 2918 δαιμόνων
3774 2867 3887 2926 ερο-

2209 2935 2456 2996 νεύοντας
2487 2936 2609 3001 τοὺς
2640 2935 2864 3014 ἐχθροὺς
2895 2936 3090 3007 αὐτῶν,
3127 2931 3340 2998 ἐδέξατο
3368 2933 3403 3000 ἡ
3437 2931 3580 2994 Emit.
3618 2935 3655 3001 ἡ
3693 2956 3883 2991 κατα-

2209 3027 2509 3101 στρωθετσα
2553 3023 2609 3080 ἐν
2651 3037 2770 3088 τοῖς
2803 3022 3146 3095 Βασιλικοῖς,
3181 3021 3319 3077 ἀλλὰ
3352 3025 3438 3078 καὶ
3469 3023 3704 3088 τούτους
3742 3023 3881 3105 ξίφει

2208 3116 2560 3190 τιμωρεῖσθαι
2608 3110 2914 3191 διωρίσατο,
2973 3111 3213 3191 πρόσχες
3260 3110 3350 3166 οὖν
3392 3110 3461 3185 τῇ
3491 3109 3730 3167 ὄπισθεν
3778 3136 3882 3191 γε-

483 3193 834 3272 pretationi.
871 3193 1076 3256 Const.
1111 3194 1172 3268 6,
1202 3194 1474 3273 ejusdem
1509 3196 1600 3257 tit.
1634 3204 1694 3257 et
1723 3196 1826 3260 lib.
1863 3197 1998 3259 cod.
2033 3207 2124 3258 est

2212 3201 2493 3279 γραμμένῃ
2538 3189 2794 3279 ἑρμηνείᾳ
2827 3200 3013 3277 ἡμῶν.
3046 3189 3110 3258 Ἠ
3141 3189 3223 3274 ς’
3255 3199 3397 3260 διάτ.
3428 3209 3524 3258 τοῦ
3556 3204 3736 3259 αὺτοῦ
3771 3189 3880 3267 τίτ,

484 3283 574 3346 tit.
608 3282 708 3356 39,
737 3283 842 3344 lib.
872 3302 939 3344 ιι
984 3283 1170 3348 Basil.
1202 3283 1303 3365 99,
1341 3283 1503 3364 quod
1534 3284 1624 3346 sic
1655 3285 1832 3346 habet
1869 3308 1881 3349 :
1917 3287 2018 3366 qui
2049 3287 2123 3349 ad

482 3373 829 3434 nocendum
863 3373 1210 3434 hominibus
1240 3392 1448 3435 manes
1481 3386 1759 3448 evocant,
1781 3376 1978 3454 gladio
2004 3395 2122 3456 pu-

481 3461 750 3524 niuntor.
808 3460 1172 3524 Constitutio
1221 3465 1281 3536 7,
1319 3472 1409 3524 est
1438 3482 1574 3543 cap.
1632 3465 1902 3544 ejusdem
1939 3467 2029 3530 tit.
2065 3475 2128 3530 et

478 3549 587 3612 lib.
645 3567 821 3619 xxvtl,
888 3551 1048 3632 quod
1110 3552 1194 3613 ita
1257 3551 1387 3612 ait:
1455 3552 1860 3632 Dignitatibus
1893 3554 2127 3634 praediti

479 3641 798 3702 termentis
823 3659 943 3701 non
982 3650 1122 3702 sunt
1146 3641 1412 3716 obnoxii,
1446 3642 1562 3703 nisi
1603 3648 1662 3702 in
1687 3643 1942 3704 crimine
1974 3645 2128 3706 laasaa

473 3729 830 3808 vmajestatis.
870 3728 987 3792 Sed
1013 3732 1138 3792 etsi
1163 3731 1263 3810 qui
1297 3730 1476 3808 magi,
1511 3739 1615 3793 aut
1643 3732 2126 3810 qualemcunque

479 3817 790 3880 divinandi
823 3828 1014 3880 artem
1051 3819 1289 3881 modice
1323 3820 1597 3899 proﬁteri
1621 3821 1987 3900 deprehensi
2006 3822 2130 3884 fue-

477 3908 623 3989 rint,
660 3909 824 3970 nullo
857 3908 1162 3988 dignitatis
1214 3909 1522 3988 privilegio
1544 3919 1808 3972 utuntor.
1839 3913 2130 3974 Convenit

2205 3291 2292 3346 καὶ
2336 3288 2542 3365 βιϐλίου
2572 3300 2664 3349 τοῦ
2711 3289 2964 3362 κώδικος,
3018 3288 3131 3344 ἔστι
3162 3297 3255 3346 τοῦ
3285 3287 3366 3346 λθ⁹
3394 3290 3498 3351 τίτ,
3532 3297 3635 3346 τοὺ
3687 3290 3740 3356 ξ’
3787 3293 3881 3368 βι-

2204 3375 2353 3435 ϐλίου
2382 3385 2487 3434 τῶν
2518 3379 2819 3437 Βασιλικῶν
2849 3401 2972 3460 neq).
2992 3377 3306 3458 κζ’,ούτως
3334 3377 3494 3458 ἐχονο
3525 3381 3592 3436 Οἱ
3625 3380 3707 3442 εἰς
3744 3381 3882 3456 βλᾶο

2205 3465 2308 3534 ὄην
2340 3469 2632 3545 ἀνθρώπων
2671 3468 2926 3544 δαίμονας
2973 3467 3399 3543 ἐπικαλούμενοι
3427 3465 3562 3547 Si?“
3596 3471 3880 3547 τιμωρεί-

2465 3561 2478 3580 ι
2593 3558 2608 3579 ε
2637 3557 2660 3575 λ
2701 3559 2712 3579 θ
2808 3557 2830 3578 ιι
3176 3567 3198 3576 ς.
3275 3558 3288 3579 ν
3366 3563 3386 3573 υ
3460 3558 3469 3573 ι
3598 3554 3628 3576 ρ
3678 3560 3692 3580 ρ
3864 3560 3881 3581 ν

2208 3561 2440 3620 σθωσαν.
2486 3565 2530 3615 Η
2561 3566 2589 3630 ζ
2633 3575 2776 3621 οιατ.
2810 3581 2919 3614 εστι
2951 3578 3076 3637 κεφ.
3110 3579 3204 3616 του
3235 3579 3391 3614 αυτου
3421 3556 3765 3632 τιτ.βιολιου
3793 3568 3862 3630 κζ

2208 3645 2365 3725 λόγον
2409 3645 2575 3710 οὕτως
2620 3665 2634 3677 ⁶
2687 3651 2747 3706 Οἱ
2792 3647 3141 3723 ἂξιωματικοὶ
3184 3648 3290 3726 οὔχ
3315 3646 3634 3702 ὑπόκεινται
3686 3649 3880 3725 βασά-

2210 3758 2321 3797 νοις
2383 3741 2426 3792 εἱ
2470 3739 2548 3812 μὴ
2592 3739 2680 3795 ἰπὶ
2730 3742 2830 3807 τῆς
2895 3737 3299 3802 καθοσιώσεως,
3349 3737 3406 3792 Εἰ
3465 3733 3518 3790 δὲ
3566 3739 3661 3792 καί
3736 3760 3882 3803 τινες

2211 3827 2457 3903 εύρεθῶσι
2520 3828 2741 3904 γόητες,
2790 3827 2826 3894 ἢ
2885 3823 3206 3896 οἱανδήποτε
3251 3825 3468 3902 μετρίαν
3508 3825 3882 3904 ἱπαγγελλό-

2211 3935 2361 3988 μενοι
2397 3917 2650 3990 μαντείαν
2701 3913 2900 3992 μηδενί
2954 3913 3232 3990 προνομίῳ
3276 3913 3585 3989 ἀξιώματος
3646 3918 3884 3994 κεχρή-

477 3999 642 4060 enim
673 3997 941 4076 ipsorum
975 3998 1334 4072 facinori,ut
1366 4017 1572 4076 pinnas
1620 4000 1804 4072 luant,
1842 4002 1890 4063 si
1925 4002 1984 4061 in
2019 4021 2124 4062 co-

2212 4007 2436 4062 σθωσαν.
2473 4005 2672 4084 Πρέπει
2716 4007 2816 4084 γὰρ
2848 4012 2923 4078 τῷ
2957 4004 3224 4079 γινομένῳ
3268 4001 3396 4082 παρ’
3455 4007 3633 4060 αὒτῶν
3686 4006 3883 4082 ἁμαρ-

477 4085 686 4147 mitatu
709 4085 1053 4166 [principis]
1081 4085 1141 4146 id
1165 4088 1730 4150 committant.Vide
1757 4090 1954 4167 Igitur,
1972 4109 2126 4170 quo-

2212 4094 2408 4162 τήματι
2454 4095 2514 4150 τὸ
2564 4099 2919 4172 τιμωρεῖσθαι
2955 4094 3145 4157 αὐτούς
3201 4092 3292 4148 ὶαν
3351 4092 3406 4148 ἐν
3469 4099 3545 4165 τῷ
3576 4096 3883 4167 κομιτάτῳ

480 4173 659 4234 modo
686 4176 783 4234 hic
827 4191 1067 4254 quoque
1091 4175 1401 4254 aruspices
1425 4177 1648 4258 quique
1671 4195 1744 4238 ex
1766 4179 2018 4239 somniis
2041 4179 2126 4241 di-

2212 4184 2444 4239 τοιοῦτον
2505 4183 2932 4260 ἁμαρτήσουσιν,
2999 4179 3108 4239 Ἴδε
3171 4181 3310 4260 ’γοῧν
3371 4182 3446 4245 ὡς
3498 4181 3591 4236 καὶ
3637 4181 3882 4240 ἰ-οτειῦθα

476 4262 918 4336 vinant,omissi
935 4270 1078 4338 Sint,
1103 4282 1172 4325 ac
1187 4263 1630 4346 qualiscunque
1645 4265 1929 4328 divinatio
1943 4268 2121 4329 latius

2212 4273 2428 4348 παρείθη
2486 4276 2549 4329 τὸ
2589 4279 2696 4328 τῶν
2754 4271 3136 4329 οἰωνοσκόπων
3182 4273 3276 4327 καὶ
3319 4270 3380 4328 τὸ
3436 4276 3545 4326 τῶν
3586 4290 3878 4345 μαντευο-

479 4350 893 4440 prohibeatur.
929 4351 1226 4440 Similiter
1257 4353 1463 4428 etiam,
1501 4365 1564 4416 ut
1596 4365 1886 4434 negantes
1917 4367 2124 4418 contra

2212 4360 2378 4434 μένων
2432 4359 2503 4416 δι’
2535 4363 2774 4440 ὀνείρων,
2807 4363 2896 4418 καὶ
2924 4359 3190 4426 ἔκολασθη
3223 4359 3558 4437 πλατύτερον
3591 4361 3653 4416 τὸ
3691 4363 3880 4417 ὁπωσ-

477 4439 822 4518 geni-ralem
849 4439 1296 4522 regulam,quze
1325 4450 1708 4504 accusatores
1741 4446 2124 4522 [criminatio-

2212 4447 2403 4518 δήποτε
2463 4453 2840 4525 μαντεύεσθαι.
2906 4442 3179 4512 Ὠσαύτως
3225 4452 3450 4525 παρείθη
3499 4450 3589 4504 καὶ
3633 4452 3705 4505 τὸ
3753 4450 3878 4516 ξει-

479 4527 644 4618 nem]
699 4527 956 4608 probare
989 4529 1138 4611 vult,
1171 4550 1416 4592 omnino
1449 4530 1530 4612 [in
1591 4535 1800 4596 aculeo
1851 4535 2121 4616 ungulis]

2212 4542 2323 4595 σθαι
2367 4541 2489 4604 τοὺς
2555 4540 2910 4618 ἀρνουμένους
2968 4539 3182 4601 πάντως
3261 4539 3395 4595 κατὰ
3465 4538 3567 4604 τὴν
3629 4540 3879 4596 καθόλου

477 4616 812 4688 sulcantur,
873 4619 1159 4678 omissum
1221 4630 1333 4680 est.
1392 4619 1641 4681 Constit.
1698 4623 2012 4704 8estcap.
2046 4624 2123 4687 28

2212 4625 2497 4701 παράδοσιν
2557 4630 2656 4695 τὴν
2701 4628 3031 4685 ἀπαιτοῦσαν
3090 4625 3458 4683 ἀποδεικνύειν
3517 4626 3643 4686 τοὺς
3731 4651 3879 4684 κατ-

476 4705 748 4796 ejusdem
781 4706 882 4779 39,
909 4707 1005 4768 tit.
1036 4707 1201 4783 quod
1233 4708 1321 4770 sic
1351 4707 1557 4783 habet,
1578 4719 1643 4772 ut
1677 4711 1733 4772 in
1765 4713 2123 4793 compendio

2212 4719 2458 4794 ηγόρους,
2505 4708 2567 4775 Ἠ
2607 4717 2663 4786 η’
2716 4715 2857 4777 διάτ.
2895 4717 3005 4774 ἔστι
3037 4737 3161 4796 κεφ,
3197 4714 3289 4782 κη’
3320 4724 3413 4772 τοῦ
3447 4715 3612 4773 αύτοῦ
3635 4715 3731 4773 λθ⁹
3763 4719 3880 4777 τίτ,

478 4794 854 4886 prepositum
903 4805 1007 4886 est
1065 4796 1268 4860 Const.
1327 4801 1392 4878 9,
1446 4807 1536 4859 est
1594 4799 1678 4860 ult
1737 4819 1871 4882 cap.
1909 4803 1996 4863 tit.
2047 4804 2124 4866 39

2212 4805 2372 4868 οὕτως
2417 4806 2547 4886 ἕχον
2591 4808 2662 4872 ὡς
2723 4807 3056 4882 συνωψίσθη.
3105 4810 3171 4864 Ἡ
3229 4803 3278 4861 θ’
3335 4802 3478 4868 διατ,
3555 4804 3674 4860 ἔστι
3746 4829 3881 4885 χες..

473 4884 748 4965 ejusdem
808 4901 844 4946 L
899 4883 1036 4960 lib.,
1096 4887 1258 4966 quod
1294 4887 1504 4949 eadem
1542 4900 1767 4951 narrat.
1799 4891 2055 4955 Constit.
2089 4893 2126 4952 3

477 4974 568 5036 tit.
595 4974 632 5033 4
659 4973 806 5035 lib.t
840 4973 975 5034 cod.
1013 4982 1106 5034 est
1139 4993 1270 5055 cap.
1310 4977 1386 5039 26
1410 4977 1502 5040 tit.
1530 4979 1602 5036 l7
1627 4977 2012 5059 lib.vn,quod
2045 4981 2124 5042 ita

477 5061 696 5124 habet:
726 5061 930 5124 Primo
989 5061 1261 5128 Paschali
1293 5065 1416 5140 die,
1466 5065 1642 5127 etiam
1680 5069 1841 5130 nulla
1874 5070 2121 5150 speciali

476 5151 869 5230 imperatoria
897 5151 1173 5230 jussione
1207 5155 1265 5215 in
1305 5155 1420 5216 huc
1454 5157 1880 5233 praeveniente,
1915 5178 2123 5220 omnes

477 5239 580 5319 qui
612 5240 672 5299 in
706 5241 1054 5301 carceribus
1102 5251 1266 5316 sunt,
1325 5243 1709 5306 absolvantur
1744 5264 1756 5309 :
1797 5247 1913 5308 nisi
1945 5249 1994 5308 si
2029 5258 2125 5309 aut

478 5327 834 5416 sacrilegus,
869 5338 970 5389 aut
1001 5330 1265 5408 adulter,
1303 5343 1404 5394 aut
1436 5334 1730 5413 virginum
1761 5345 1990 5416 raptor,
2023 5346 2128 5399 aut

477 5414 892 5495 sepulcrorum
927 5417 1202 5499 violator,
1238 5430 1342 5482 aut
1373 5425 1675 5485 veneticus
1707 5426 1779 5485 sit
1822 5414 1846 5488 ;⁷
1871 5426 1984 5485 nisi
2017 5427 2124 5487 fal-

479 5515 937 5593 sam_inonetam
965 5519 1265 5587 exceptat:
1293 5511 1407 5571 nisi
1433 5511 1523 5571 vel
1550 5513 1853 5576 homicida
1879 5515 1966 5575 vel
1985 5534 2123 5593 par-

478 5591 794 5684 ricida,vel
810 5595 1094 5684 adversus
1111 5599 1445 5677 principem
1465 5600 1748 5662 urbemve
1765 5591 2124 5684 [quidpiam]

482 5681 725 5748 molitus
772 5683 850 5743 sit
903 5682 1102 5752 Const.
1157 5701 1297 5752 vero
1346 5686 1416 5748 10
1451 5687 1615 5760 tit.—4
1648 5688 1754 5758 lib.
1787 5681 1829 5769 ι,
1865 5681 1999 5753 cod.
2037 5681 2128 5758 est

2205 4895 2518 4952 τελευταῖον
2574 4899 2668 4952 τού
2711 4893 2790 4952 λθ’
2837 4897 2937 4952 τίτ.
2983 4919 3077 4954 του
3121 4896 3281 4952 αὒτοῦ
3322 4893 3366 4959 ξ’
3425 4891 3539 4968 βιϐ.
3598 4896 3668 4950 τὰ
3745 4897 3886 4952 αὔτα

2206 4982 2420 5050 διεξιὸν.
2455 4982 2517 5040 Ἦ
2549 4985 2600 5063 γ’
2633 4983 2769 5044 διάτ.
2819 4987 2911 5040 τοῦ
2956 4983 3002 5040 δ’
3049 4987 3154 5047 τίτ,
3199 4991 3293 5039 τοῦ
3336 4981 3389 5038 α’
3425 4980 3534 5058 βιϐ.
3595 4991 3697 5040 τοῦ
3763 4988 3888 5042 κώ-

2205 5072 2349 5136 δικος
2412 5072 2523 5129 ἔστι
2569 5095 2689 5152 καφ.
2754 5072 2866 5148 κζ’
2910 5077 3006 5131 τού
3065 5073 3132 5146 ιζ’
3164 5073 3265 5132 τίτ.
3302 5077 3395 5128 τοῦ
3427 5069 3475 5141 ζ’
3508 5068 3737 5145 βιϐλίου
3787 5076 3885 5132 οὖ-

2208 5185 2312 5228 τως
2353 5161 2488 5240 ἕχον
2525 5181 2539 5197 ⁶
2574 5169 2654 5238 Τῇ
2688 5163 2874 5242 πρώτῃ
2919 5170 3022 5219 τῶν
3067 5159 3396 5240 Πασχαλίωο
3453 5161 3713 5235 ἡμερῶν,
3785 5165 3888 5218 ιιιί

2207 5253 2284 5326 μὴ
2339 5250 2626 5328 βασιλικῆς
2683 5249 2856 5317 ίδικῆς
2914 5251 3002 5308 ini
3063 5253 3234 5322 τούτῳ
3291 5245 3728 5316 καταλαϐούσης
3782 5274 3885 5308 ιιι-

2205 5341 2456 5410 λεύσεως,
2492 5340 2687 5405 πάντες
2718 5340 2765 5395 οἱ
2796 5340 2850 5395 ἑν
2900 5339 3168 5418 φυλακαῖς
3214 5335 3662 5414 ἁπολυέσθωσαν,
3709 5340 3759 5394 εἰ
3796 5342 3878 5412 μὴ

2207 5429 2304 5502 ἄρα
2332 5428 2604 5509 ἱεροσυλος
2637 5429 2802 5504 ἔστιν,
2836 5431 2872 5498 ἢ
2905 5433 3128 5510 μοιχὸς,
3183 5429 3220 5496 ἢ
3269 5426 3542 5504 παρθένων
3597 5429 3808 5504 ἅρπαξ,
3845 5433 3881 5495 ἢ

2206 5516 2584 5598 τυμϐωρύχος,
2641 5518 2678 5585 ἦ
2724 5522 3033 5598 φαρμακὸς,
3085 5518 3121 5585 ἢ
3175 5517 3396 5592 μονίταν
3457 5514 3725 5582 πλάστην
3761 5519 3878 5573 ἔστι

2208 5606 2654 5686 καταδεξάμενος,
2714 5607 2751 5674 ἢ
2811 5607 3024 5686 φονεὺς,
3086 5606 3123 5674 ἢ
3183 5625 3570 5683 πατροκτονος,
3632 5604 3668 5670 ἢ
3734 5609 3879 5661 κατὰ

2206 5693 2492 5782 βασιλύως,
2556 5696 2588 5766 ἢ
2651 5693 2861 5760 πολεως
2905 5694 3400 5782 μηχανησάμενος,
3439 5695 3540 5750 Καὶ
3573 5695 3607 5768 ἡ
3645 5694 3688 5752 ι’
3724 5693 3873 5760 διότ,

4029 3017 4038 3080 l

4031 3083 4049 3162 l
