  <div class='ocr_page' id='page_1' title='image "/cluster/home/n/w/nwhite01/storage/ocr_20150623/104/hvd.32044073502163/577.png"; bbox 0 0 4052 6222; ppageno 0'>
   <div class='ocr_carea' id='block_1_1' title="bbox 471 273 2108 393">
    <p class='ocr_par' dir='ltr' id='par_1_1' title="bbox 471 273 2108 393">
     <span class='ocr_line' id='line_1_1' title="bbox 471 273 2108 393; baseline 0.003 -40"><span class='ocrx_word' id='word_1_1' title='bbox 471 273 623 353; x_wconf 72' lang='lat' dir='ltr'><strong>tua</strong></span> <span class='ocrx_word' id='word_1_2' title='bbox 1625 290 1891 393; x_wconf 76' lang='lat' dir='ltr'><strong>PHOTII</strong></span> <span class='ocrx_word' id='word_1_3' title='bbox 1946 293 2108 358; x_wconf 64' lang='lat' dir='ltr'><strong>PATJ</strong></span> 
     </span>
    </p>
   </div>
   <div class='ocr_carea' id='block_1_2' title="bbox 2194 273 3797 393">
    <p class='ocr_par' dir='ltr' id='par_1_2' title="bbox 2194 290 3797 367">
     <span class='ocr_line' id='line_1_2' title="bbox 2194 290 3797 367; baseline 0.006 -10"><span class='ocrx_word' id='word_1_4' title='bbox 2194 290 2464 360; x_wconf 63' lang='lat' dir='ltr'><strong>ARCHE</strong></span> <span class='ocrx_word' id='word_1_5' title='bbox 2516 296 2631 362; x_wconf 85' lang='lat' dir='ltr'><strong>GP.</strong></span> <span class='ocrx_word' id='word_1_6' title='bbox 3666 294 3797 367; x_wconf 71' lang='lat' dir='ltr'><strong>lllb</strong></span> 
     </span>
    </p>
   </div>
   <div class='ocr_carea' id='block_1_3' title="bbox 414 419 2108 515">
    <p class='ocr_par' dir='ltr' id='par_1_3' title="bbox 414 419 2107 496">
     <span class='ocr_line' id='line_1_3' title="bbox 414 419 2107 496; baseline 0.005 -9"><span class='ocrx_word' id='word_1_7' title='bbox 414 419 419 425; x_wconf 83' lang='grc'><em>’</em></span> <span class='ocrx_word' id='word_1_8' title='bbox 459 422 745 490; x_wconf 88' lang='lat' dir='ltr'><strong>neficium</strong></span> <span class='ocrx_word' id='word_1_9' title='bbox 792 422 870 492; x_wconf 84' lang='lat' dir='ltr'><strong>ad</strong></span> <span class='ocrx_word' id='word_1_10' title='bbox 920 428 1089 492; x_wconf 90' lang='lat' dir='ltr'><strong>illum</strong></span> <span class='ocrx_word' id='word_1_11' title='bbox 1141 423 1631 492; x_wconf 86' lang='lat' dir='ltr'><strong>calumniandum</strong></span> <span class='ocrx_word' id='word_1_12' title='bbox 1691 439 2107 496; x_wconf 87' lang='lat' dir='ltr'><strong>convertunto.</strong></span> 
     </span>
    </p>
   </div>
   <div class='ocr_carea' id='block_1_4' title="bbox 2194 419 3804 515">
    <p class='ocr_par' dir='ltr' id='par_1_4' title="bbox 2194 430 3804 515">
     <span class='ocr_line' id='line_1_4' title="bbox 2194 430 3804 515; baseline 0.003 -26"><span class='ocrx_word' id='word_1_13' title='bbox 2194 431 2387 515; x_wconf 73' lang='grc' dir='ltr'>ἀδεῶς,</span> <span class='ocrx_word' id='word_1_14' title='bbox 2432 435 2520 492; x_wconf 83' lang='grc' dir='ltr'><strong>καὶ</strong></span> <span class='ocrx_word' id='word_1_15' title='bbox 2562 435 2641 509; x_wconf 76' lang='grc' dir='ltr'>μὴ</span> <span class='ocrx_word' id='word_1_16' title='bbox 2682 434 2780 504; x_wconf 76' lang='grc' dir='ltr'><strong>τὴν</strong></span> <span class='ocrx_word' id='word_1_17' title='bbox 2822 440 2916 492; x_wconf 82' lang='grc' dir='ltr'>τοῦ</span> <span class='ocrx_word' id='word_1_18' title='bbox 2948 440 3080 494; x_wconf 82' lang='grc' dir='ltr'>Θεοῦ</span> <span class='ocrx_word' id='word_1_19' title='bbox 3122 430 3430 515; x_wconf 73' lang='grc' dir='ltr'><strong>φιλοτιμίαν</strong></span> <span class='ocrx_word' id='word_1_20' title='bbox 3463 434 3540 499; x_wconf 77' lang='grc' dir='ltr'>εἰς</span> <span class='ocrx_word' id='word_1_21' title='bbox 3571 433 3665 503; x_wconf 75' lang='grc' dir='ltr'><strong>τὴν</strong></span> <span class='ocrx_word' id='word_1_22' title='bbox 3698 436 3804 494; x_wconf 78' lang='grc' dir='ltr'>κατ’</span> 
     </span>
    </p>
   </div>
   <div class='ocr_carea' id='block_1_5' title="bbox 458 515 2108 604">
    <p class='ocr_par' dir='ltr' id='par_1_5' title="bbox 458 515 2108 603">
     <span class='ocr_line' id='line_1_5' title="bbox 458 515 2108 603; baseline 0.003 -25"><span class='ocrx_word' id='word_1_23' title='bbox 458 515 784 595; x_wconf 78' lang='lat' dir='ltr'><strong>Postquam</strong></span> <span class='ocrx_word' id='word_1_24' title='bbox 835 538 975 582; x_wconf 89' lang='lat' dir='ltr'><strong>vero</strong></span> <span class='ocrx_word' id='word_1_25' title='bbox 1032 520 1146 582; x_wconf 90' lang='lat' dir='ltr'><strong>hoc</strong></span> <span class='ocrx_word' id='word_1_26' title='bbox 1179 519 1311 599; x_wconf 77' lang='lat' dir='ltr'><strong>lege</strong></span> <span class='ocrx_word' id='word_1_27' title='bbox 1344 538 1702 581; x_wconf 86' lang='lat' dir='ltr'><strong>concessum</strong></span> <span class='ocrx_word' id='word_1_28' title='bbox 1739 531 1852 595; x_wconf 90' lang='lat' dir='ltr'><strong>est,</strong></span> <span class='ocrx_word' id='word_1_29' title='bbox 1888 540 2108 603; x_wconf 87' lang='lat' dir='ltr'><strong>super—</strong></span> 
     </span>
    </p>
   </div>
   <div class='ocr_carea' id='block_1_6' title="bbox 2194 515 3805 604">
    <p class='ocr_par' dir='ltr' id='par_1_6' title="bbox 2194 522 3805 604">
     <span class='ocr_line' id='line_1_6' title="bbox 2194 522 3805 604; baseline 0.003 -26"><span class='ocrx_word' id='word_1_30' title='bbox 2194 524 2352 584; x_wconf 78' lang='grc' dir='ltr'>αὐτοῦ</span> <span class='ocrx_word' id='word_1_31' title='bbox 2412 524 2763 604; x_wconf 68' lang='grc' dir='ltr'><strong>συκοφαντίαν</strong></span> <span class='ocrx_word' id='word_1_32' title='bbox 2834 524 3191 601; x_wconf 82' lang='grc' dir='ltr'>πρεπὲτωσάν</span> <span class='ocrx_word' id='word_1_33' title='bbox 3232 545 3396 590; x_wconf 86' lang='grc' dir='ltr'>τινες.</span> <span class='ocrx_word' id='word_1_34' title='bbox 3444 522 3665 594; x_wconf 77' lang='grc' dir='ltr'>Ἐπειδῆ</span> <span class='ocrx_word' id='word_1_35' title='bbox 3704 528 3805 583; x_wconf 84' lang='grc' dir='ltr'>τοί-</span> 
     </span>
    </p>
   </div>
   <div class='ocr_carea' id='block_1_7' title="bbox 458 606 2109 691">
    <p class='ocr_par' dir='ltr' id='par_1_7' title="bbox 458 606 2109 691">
     <span class='ocr_line' id='line_1_7' title="bbox 458 606 2109 691; baseline 0.002 -25"><span class='ocrx_word' id='word_1_36' title='bbox 458 606 645 667; x_wconf 84' lang='lat' dir='ltr'><strong>ﬂuum</strong></span> <span class='ocrx_word' id='word_1_37' title='bbox 677 607 860 669; x_wconf 89' lang='lat' dir='ltr'><strong>fuerit</strong></span> <span class='ocrx_word' id='word_1_38' title='bbox 908 609 982 669; x_wconf 93' lang='lat' dir='ltr'><strong>de</strong></span> <span class='ocrx_word' id='word_1_39' title='bbox 1029 627 1100 671; x_wconf 91' lang='lat' dir='ltr'><strong>eo</strong></span> <span class='ocrx_word' id='word_1_40' title='bbox 1152 627 1364 689; x_wconf 86' lang='lat' dir='ltr'><strong>preces</strong></span> <span class='ocrx_word' id='word_1_41' title='bbox 1414 609 1682 672; x_wconf 73' lang='lat' dir='ltr'><strong>offerre:</strong></span> <span class='ocrx_word' id='word_1_42' title='bbox 1716 612 1940 691; x_wconf 82' lang='lat' dir='ltr'><strong>quippe</strong></span> <span class='ocrx_word' id='word_1_43' title='bbox 1973 629 2109 673; x_wconf 91' lang='lat' dir='ltr'><strong>cum</strong></span> 
     </span>
    </p>
   </div>
   <div class='ocr_carea' id='block_1_8' title="bbox 458 695 2112 778">
    <p class='ocr_par' dir='ltr' id='par_1_8' title="bbox 458 695 2112 778">
     <span class='ocr_line' id='line_1_8' title="bbox 458 695 2112 778; baseline 0.003 -24"><span class='ocrx_word' id='word_1_44' title='bbox 458 695 742 776; x_wconf 86' lang='lat' dir='ltr'><strong>princeps</strong></span> <span class='ocrx_word' id='word_1_45' title='bbox 792 699 1060 760; x_wconf 91' lang='lat' dir='ltr'><strong>omnium</strong></span> <span class='ocrx_word' id='word_1_46' title='bbox 1116 717 1328 777; x_wconf 82' lang='lat' dir='ltr'><strong>preces</strong></span> <span class='ocrx_word' id='word_1_47' title='bbox 1381 699 1765 778; x_wconf 84' lang='lat' dir='ltr'><strong>praevenerit.</strong></span> <span class='ocrx_word' id='word_1_48' title='bbox 1815 702 1880 761; x_wconf 91' lang='lat' dir='ltr'><strong>ln</strong></span> <span class='ocrx_word' id='word_1_49' title='bbox 1913 701 2112 762; x_wconf 89' lang='lat' dir='ltr'><strong>alieno</strong></span> 
     </span>
    </p>
   </div>
   <div class='ocr_carea' id='block_1_9' title="bbox 450 784 2117 868">
    <p class='ocr_par' dir='ltr' id='par_1_9' title="bbox 450 784 2117 868">
     <span class='ocr_line' id='line_1_9' title="bbox 450 784 2117 868; baseline 0.004 -27"><span class='ocrx_word' id='word_1_50' title='bbox 450 800 631 861; x_wconf 89' lang='lat' dir='ltr'><strong>porro</strong></span> <span class='ocrx_word' id='word_1_51' title='bbox 663 784 818 854; x_wconf 85' lang='lat' dir='ltr'><strong>loco.</strong></span> <span class='ocrx_word' id='word_1_52' title='bbox 861 805 1055 867; x_wconf 90' lang='lat' dir='ltr'><strong>neque</strong></span> <span class='ocrx_word' id='word_1_53' title='bbox 1090 788 1272 848; x_wconf 91' lang='lat' dir='ltr'><strong>invito</strong></span> <span class='ocrx_word' id='word_1_54' title='bbox 1311 806 1507 867; x_wconf 88' lang='lat' dir='ltr'><strong>neque</strong></span> <span class='ocrx_word' id='word_1_55' title='bbox 1535 788 1714 868; x_wconf 79' lang='lat' dir='ltr'><strong>[non]</strong></span> <span class='ocrx_word' id='word_1_56' title='bbox 1745 789 1986 850; x_wconf 88' lang='lat' dir='ltr'><strong>volente</strong></span> <span class='ocrx_word' id='word_1_57' title='bbox 2015 794 2117 849; x_wconf 87' lang='lat' dir='ltr'><strong>aut</strong></span> 
     </span>
    </p>
   </div>
   <div class='ocr_carea' id='block_1_10' title="bbox 448 870 2112 958">
    <p class='ocr_par' dir='ltr' id='par_1_10' title="bbox 448 870 2112 958">
     <span class='ocr_line' id='line_1_10' title="bbox 448 870 2112 958; baseline 0.009 -28"><span class='ocrx_word' id='word_1_58' title='bbox 448 870 767 950; x_wconf 78' lang='lat' dir='ltr'><strong>ignorante</strong></span> <span class='ocrx_word' id='word_1_59' title='bbox 796 875 1064 951; x_wconf 90' lang='lat' dir='ltr'><strong>domino,</strong></span> <span class='ocrx_word' id='word_1_60' title='bbox 1100 878 1412 958; x_wconf 83' lang='lat' dir='ltr'><strong>quisquam</strong></span> <span class='ocrx_word' id='word_1_61' title='bbox 1448 877 1800 938; x_wconf 88' lang='lat' dir='ltr'><strong>thesaurum</strong></span> <span class='ocrx_word' id='word_1_62' title='bbox 1836 897 2112 958; x_wconf 65' lang='lat' dir='ltr'><strong>quaerere</strong></span> 
     </span>
    </p>
   </div>
   <div class='ocr_carea' id='block_1_11' title="bbox 452 960 2111 1045">
    <p class='ocr_par' dir='ltr' id='par_1_11' title="bbox 452 960 2111 1045">
     <span class='ocr_line' id='line_1_11' title="bbox 452 960 2111 1045; baseline 0.005 -24"><span class='ocrx_word' id='word_1_63' title='bbox 452 960 671 1023; x_wconf 89' lang='lat' dir='ltr'><strong>audeto</strong></span> <span class='ocrx_word' id='word_1_64' title='bbox 703 983 717 1023; x_wconf 90' lang='lat'><strong>:</strong></span> <span class='ocrx_word' id='word_1_65' title='bbox 753 964 858 1026; x_wconf 89' lang='lat' dir='ltr'><strong>sed</strong></span> <span class='ocrx_word' id='word_1_66' title='bbox 891 965 1018 1028; x_wconf 84' lang='lat' dir='ltr'><strong>sive</strong></span> <span class='ocrx_word' id='word_1_67' title='bbox 1049 983 1266 1045; x_wconf 82' lang='lat' dir='ltr'><strong>preces</strong></span> <span class='ocrx_word' id='word_1_68' title='bbox 1300 964 1616 1041; x_wconf 88' lang='lat' dir='ltr'><strong>obtulerit,</strong></span> <span class='ocrx_word' id='word_1_69' title='bbox 1643 966 1768 1026; x_wconf 89' lang='lat' dir='ltr'><strong>sive</strong></span> <span class='ocrx_word' id='word_1_70' title='bbox 1802 985 1923 1027; x_wconf 88' lang='lat' dir='ltr'><strong>non</strong></span> <span class='ocrx_word' id='word_1_71' title='bbox 1952 966 2111 1029; x_wconf 88' lang='lat' dir='ltr'><strong>obla-</strong></span> 
     </span>
    </p>
   </div>
   <div class='ocr_carea' id='block_1_12' title="bbox 460 1049 2110 1133">
    <p class='ocr_par' dir='ltr' id='par_1_12' title="bbox 460 1049 2110 1133">
     <span class='ocr_line' id='line_1_12' title="bbox 460 1049 2110 1133; baseline 0.005 -24"><span class='ocrx_word' id='word_1_72' title='bbox 460 1049 539 1113; x_wconf 89' lang='lat' dir='ltr'><strong>tis</strong></span> <span class='ocrx_word' id='word_1_73' title='bbox 570 1053 860 1132; x_wconf 87' lang='lat' dir='ltr'><strong>precibus</strong></span> <span class='ocrx_word' id='word_1_74' title='bbox 909 1063 1117 1117; x_wconf 89' lang='lat' dir='ltr'><strong>contra</strong></span> <span class='ocrx_word' id='word_1_75' title='bbox 1176 1056 1333 1116; x_wconf 90' lang='lat' dir='ltr'><strong>hanc</strong></span> <span class='ocrx_word' id='word_1_76' title='bbox 1386 1053 1578 1133; x_wconf 78' lang='lat' dir='ltr'><strong>legem</strong></span> <span class='ocrx_word' id='word_1_77' title='bbox 1631 1054 1690 1115; x_wconf 88' lang='lat' dir='ltr'><strong>iu</strong></span> <span class='ocrx_word' id='word_1_78' title='bbox 1742 1055 1944 1117; x_wconf 88' lang='lat' dir='ltr'><strong>alieno</strong></span> <span class='ocrx_word' id='word_1_79' title='bbox 1979 1058 2110 1119; x_wconf 91' lang='lat' dir='ltr'><strong>loco</strong></span> 
     </span>
    </p>
   </div>
   <div class='ocr_carea' id='block_1_13' title="bbox 457 1139 2112 1209">
    <p class='ocr_par' dir='ltr' id='par_1_13' title="bbox 457 1139 2112 1209">
     <span class='ocr_line' id='line_1_13' title="bbox 457 1139 2112 1209; baseline 0.004 -7"><span class='ocrx_word' id='word_1_80' title='bbox 457 1143 786 1205; x_wconf 87' lang='lat' dir='ltr'><strong>scrutando</strong></span> <span class='ocrx_word' id='word_1_81' title='bbox 818 1145 1167 1207; x_wconf 80' lang='lat' dir='ltr'><strong>thesaurum</strong></span> <span class='ocrx_word' id='word_1_82' title='bbox 1220 1143 1517 1205; x_wconf 85' lang='lat' dir='ltr'><strong>invenerit</strong></span> <span class='ocrx_word' id='word_1_83' title='bbox 1554 1162 1569 1206; x_wconf 89' lang='lat'>:</span> <span class='ocrx_word' id='word_1_84' title='bbox 1604 1144 1846 1207; x_wconf 90' lang='lat' dir='ltr'><strong>inventa</strong></span> <span class='ocrx_word' id='word_1_85' title='bbox 1888 1146 1962 1207; x_wconf 89' lang='lat' dir='ltr'><strong>ad</strong></span> <span class='ocrx_word' id='word_1_86' title='bbox 1995 1139 2112 1209; x_wconf 76' lang='lat' dir='ltr'><strong>loci</strong></span> 
     </span>
    </p>
   </div>
   <div class='ocr_carea' id='block_1_14' title="bbox 458 1230 2107 1315">
    <p class='ocr_par' dir='ltr' id='par_1_14' title="bbox 458 1230 2107 1315">
     <span class='ocr_line' id='line_1_14' title="bbox 458 1230 2107 1315; baseline 0.004 -23"><span class='ocrx_word' id='word_1_87' title='bbox 458 1230 772 1294; x_wconf 88' lang='lat' dir='ltr'><strong>dominum</strong></span> <span class='ocrx_word' id='word_1_88' title='bbox 833 1235 1174 1315; x_wconf 90' lang='lat' dir='ltr'><strong>pertinento</strong></span> <span class='ocrx_word' id='word_1_89' title='bbox 1210 1250 1224 1293; x_wconf 92' lang='lat'><strong>:</strong></span> <span class='ocrx_word' id='word_1_90' title='bbox 1289 1234 1566 1295; x_wconf 82' lang='lat' dir='ltr'><strong>inventor</strong></span> <span class='ocrx_word' id='word_1_91' title='bbox 1592 1242 1791 1295; x_wconf 89' lang='lat' dir='ltr'><strong>autem</strong></span> <span class='ocrx_word' id='word_1_92' title='bbox 1829 1244 2107 1315; x_wconf 86' lang='lat' dir='ltr'><strong>tanquam</strong></span> 
     </span>
    </p>
   </div>
   <div class='ocr_carea' id='block_1_15' title="bbox 458 1321 2103 1404">
    <p class='ocr_par' dir='ltr' id='par_1_15' title="bbox 458 1321 2103 1404">
     <span class='ocr_line' id='line_1_15' title="bbox 458 1321 2103 1404; baseline 0.004 -23"><span class='ocrx_word' id='word_1_93' title='bbox 458 1321 563 1400; x_wconf 90' lang='lat' dir='ltr'><strong>qui</strong></span> <span class='ocrx_word' id='word_1_94' title='bbox 620 1322 815 1401; x_wconf 80' lang='lat' dir='ltr'><strong>legem</strong></span> <span class='ocrx_word' id='word_1_95' title='bbox 876 1323 1287 1399; x_wconf 88' lang='lat' dir='ltr'><strong>temeraverit,</strong></span> <span class='ocrx_word' id='word_1_96' title='bbox 1370 1324 1762 1385; x_wconf 91' lang='lat' dir='ltr'><strong>vehementer</strong></span> <span class='ocrx_word' id='word_1_97' title='bbox 1841 1326 2103 1404; x_wconf 89' lang='lat' dir='ltr'><strong>punitor.</strong></span> 
     </span>
    </p>
   </div>
   <div class='ocr_carea' id='block_1_16' title="bbox 458 1409 2106 1496">
    <p class='ocr_par' dir='ltr' id='par_1_16' title="bbox 458 1409 2106 1496">
     <span class='ocr_line' id='line_1_16' title="bbox 458 1409 2106 1496; baseline 0.002 -24"><span class='ocrx_word' id='word_1_98' title='bbox 458 1409 628 1484; x_wconf 88' lang='lat' dir='ltr'><strong>Quod</strong></span> <span class='ocrx_word' id='word_1_99' title='bbox 661 1414 712 1474; x_wconf 89' lang='lat' dir='ltr'><strong>si</strong></span> <span class='ocrx_word' id='word_1_100' title='bbox 744 1432 878 1476; x_wconf 90' lang='lat' dir='ltr'><strong>cum</strong></span> <span class='ocrx_word' id='word_1_101' title='bbox 907 1432 1105 1496; x_wconf 90' lang='lat' dir='ltr'><strong>neque</strong></span> <span class='ocrx_word' id='word_1_102' title='bbox 1136 1412 1469 1494; x_wconf 65' lang='lat' dir='ltr'><strong>quaesisset,</strong></span> <span class='ocrx_word' id='word_1_103' title='bbox 1505 1431 1702 1492; x_wconf 76' lang='lat' dir='ltr'><strong>neque</strong></span> <span class='ocrx_word' id='word_1_104' title='bbox 1751 1431 1967 1494; x_wconf 86' lang='lat' dir='ltr'><strong>preces</strong></span> <span class='ocrx_word' id='word_1_105' title='bbox 1992 1414 2106 1476; x_wconf 86' lang='lat' dir='ltr'><strong>ob-</strong></span> 
     </span>
    </p>
   </div>
   <div class='ocr_carea' id='block_1_17' title="bbox 461 1500 2104 1576">
    <p class='ocr_par' dir='ltr' id='par_1_17' title="bbox 461 1500 2104 1576">
     <span class='ocr_line' id='line_1_17' title="bbox 461 1500 2104 1576; baseline 0.002 -14"><span class='ocrx_word' id='word_1_106' title='bbox 461 1500 713 1576; x_wconf 87' lang='lat' dir='ltr'><strong>tulisset,</strong></span> <span class='ocrx_word' id='word_1_107' title='bbox 766 1503 872 1565; x_wconf 84' lang='lat' dir='ltr'><strong>sed</strong></span> <span class='ocrx_word' id='word_1_108' title='bbox 932 1504 1076 1566; x_wconf 91' lang='lat' dir='ltr'><strong>dum</strong></span> <span class='ocrx_word' id='word_1_109' title='bbox 1132 1503 1280 1564; x_wconf 91' lang='lat' dir='ltr'><strong>forte</strong></span> <span class='ocrx_word' id='word_1_110' title='bbox 1325 1512 1553 1576; x_wconf 91' lang='lat' dir='ltr'><strong>araret,</strong></span> <span class='ocrx_word' id='word_1_111' title='bbox 1587 1502 1812 1565; x_wconf 84' lang='lat' dir='ltr'><strong>aliasve</strong></span> <span class='ocrx_word' id='word_1_112' title='bbox 1848 1504 2104 1566; x_wconf 83' lang='lat' dir='ltr'><strong>alienam</strong></span> 
     </span>
    </p>
   </div>
   <div class='ocr_carea' id='block_1_18' title="bbox 460 1591 2105 1668">
    <p class='ocr_par' dir='ltr' id='par_1_18' title="bbox 460 1591 2105 1668">
     <span class='ocr_line' id='line_1_18' title="bbox 460 1591 2105 1668; baseline 0.002 -18"><span class='ocrx_word' id='word_1_113' title='bbox 460 1596 681 1651; x_wconf 88' lang='lat' dir='ltr'><strong>terram</strong></span> <span class='ocrx_word' id='word_1_114' title='bbox 714 1592 965 1666; x_wconf 86' lang='lat' dir='ltr'><strong>coleret,</strong></span> <span class='ocrx_word' id='word_1_115' title='bbox 1001 1611 1119 1653; x_wconf 91' lang='lat' dir='ltr'><strong>non</strong></span> <span class='ocrx_word' id='word_1_116' title='bbox 1147 1591 1561 1668; x_wconf 84' lang='lat' dir='ltr'><strong>perscrutandi</strong></span> <span class='ocrx_word' id='word_1_117' title='bbox 1590 1593 1786 1653; x_wconf 90' lang='lat' dir='ltr'><strong>studio</strong></span> <span class='ocrx_word' id='word_1_118' title='bbox 1816 1592 1877 1653; x_wconf 93' lang='lat' dir='ltr'><strong>in</strong></span> <span class='ocrx_word' id='word_1_119' title='bbox 1909 1594 2105 1655; x_wconf 91' lang='lat' dir='ltr'><strong>alieno</strong></span> 
     </span>
    </p>
   </div>
   <div class='ocr_carea' id='block_1_19' title="bbox 458 1677 2101 1762">
    <p class='ocr_par' dir='ltr' id='par_1_19' title="bbox 458 1677 2101 1762">
     <span class='ocr_line' id='line_1_19' title="bbox 458 1677 2101 1762; baseline 0.004 -23"><span class='ocrx_word' id='word_1_120' title='bbox 458 1677 594 1741; x_wconf 88' lang='lat' dir='ltr'><strong>loco</strong></span> <span class='ocrx_word' id='word_1_121' title='bbox 652 1680 868 1762; x_wconf 89' lang='lat' dir='ltr'><strong>aliquis</strong></span> <span class='ocrx_word' id='word_1_122' title='bbox 929 1682 1276 1744; x_wconf 85' lang='lat' dir='ltr'><strong>thesaurum</strong></span> <span class='ocrx_word' id='word_1_123' title='bbox 1320 1680 1617 1760; x_wconf 89' lang='lat' dir='ltr'><strong>repererit</strong></span> <span class='ocrx_word' id='word_1_124' title='bbox 1658 1700 1672 1741; x_wconf 91' lang='lat'>:</span> <span class='ocrx_word' id='word_1_125' title='bbox 1722 1682 2101 1745; x_wconf 83' lang='lat' dir='ltr'><strong>inventorum</strong></span> 
     </span>
    </p>
   </div>
   <div class='ocr_carea' id='block_1_20' title="bbox 2194 612 3809 693">
    <p class='ocr_par' dir='ltr' id='par_1_20' title="bbox 2194 612 3809 693">
     <span class='ocr_line' id='line_1_20' title="bbox 2194 612 3809 693; baseline 0.001 -24"><span class='ocrx_word' id='word_1_126' title='bbox 2194 636 2283 669; x_wconf 90' lang='grc' dir='ltr'><strong>νυν</strong></span> <span class='ocrx_word' id='word_1_127' title='bbox 2343 622 2501 671; x_wconf 82' lang='grc' dir='ltr'>τοῦτο</span> <span class='ocrx_word' id='word_1_128' title='bbox 2569 612 2720 688; x_wconf 85' lang='grc' dir='ltr'>νόμῳ</span> <span class='ocrx_word' id='word_1_129' title='bbox 2776 613 3187 693; x_wconf 75' lang='grc' dir='ltr'>ἐπιτέτραπται,</span> <span class='ocrx_word' id='word_1_130' title='bbox 3253 616 3343 670; x_wconf 83' lang='grc' dir='ltr'><strong>καὶ</strong></span> <span class='ocrx_word' id='word_1_131' title='bbox 3420 617 3665 687; x_wconf 81' lang='grc' dir='ltr'>περιττόν</span> <span class='ocrx_word' id='word_1_132' title='bbox 3714 615 3809 673; x_wconf 70' lang='grc' dir='ltr'>ἔστι</span> 
     </span>
    </p>
   </div>
   <div class='ocr_carea' id='block_1_21' title="bbox 2195 699 3809 779">
    <p class='ocr_par' dir='ltr' id='par_1_21' title="bbox 2195 699 3809 779">
     <span class='ocr_line' id='line_1_21' title="bbox 2195 699 3809 779; baseline 0.002 -22"><span class='ocrx_word' id='word_1_133' title='bbox 2195 699 2403 771; x_wconf 74' lang='grc' dir='ltr'>δεήσεις</span> <span class='ocrx_word' id='word_1_134' title='bbox 2478 700 2767 760; x_wconf 68' lang='grc' dir='ltr'><strong>ἐπιδιδόναι</strong></span> <span class='ocrx_word' id='word_1_135' title='bbox 2838 704 2957 779; x_wconf 90' lang='grc' dir='ltr'>περί</span> <span class='ocrx_word' id='word_1_136' title='bbox 3017 703 3231 777; x_wconf 70' lang='grc' dir='ltr'>τούτου,</span> <span class='ocrx_word' id='word_1_137' title='bbox 3286 705 3359 764; x_wconf 79' lang='grc' dir='ltr'>ὡς</span> <span class='ocrx_word' id='word_1_138' title='bbox 3418 711 3513 761; x_wconf 76' lang='grc' dir='ltr'>τοῦ</span> <span class='ocrx_word' id='word_1_139' title='bbox 3568 704 3809 779; x_wconf 81' lang='grc' dir='ltr'>βασιλέως</span> 
     </span>
    </p>
   </div>
   <div class='ocr_carea' id='block_1_22' title="bbox 2196 791 3812 872">
    <p class='ocr_par' dir='ltr' id='par_1_22' title="bbox 2196 791 3812 872">
     <span class='ocr_line' id='line_1_22' title="bbox 2196 791 3812 872; baseline 0.001 -25"><span class='ocrx_word' id='word_1_140' title='bbox 2196 792 2290 851; x_wconf 72' lang='grc' dir='ltr'>τὰς</span> <span class='ocrx_word' id='word_1_141' title='bbox 2348 791 2561 849; x_wconf 69' lang='grc' dir='ltr'>πάντων</span> <span class='ocrx_word' id='word_1_142' title='bbox 2607 791 2815 861; x_wconf 76' lang='grc' dir='ltr'><strong>δεήσεις</strong></span> <span class='ocrx_word' id='word_1_143' title='bbox 2859 794 3276 872; x_wconf 77' lang='grc' dir='ltr'>προφθάνοντες.</span> <span class='ocrx_word' id='word_1_144' title='bbox 3324 792 3416 849; x_wconf 85' lang='grc' dir='ltr'><strong>Ἐν</strong></span> <span class='ocrx_word' id='word_1_145' title='bbox 3459 792 3719 871; x_wconf 74' lang='grc' dir='ltr'><strong>ἀλλοτρίῳ</strong></span> <span class='ocrx_word' id='word_1_146' title='bbox 3766 793 3812 849; x_wconf 69' lang='grc' dir='ltr'>δὲ</span> 
     </span>
    </p>
   </div>
   <div class='ocr_carea' id='block_1_23' title="bbox 2194 878 3810 964">
    <p class='ocr_par' dir='ltr' id='par_1_23' title="bbox 2194 878 3810 964">
     <span class='ocr_line' id='line_1_23' title="bbox 2194 878 3810 964; baseline 0.002 -28"><span class='ocrx_word' id='word_1_147' title='bbox 2194 881 2345 953; x_wconf 84' lang='grc' dir='ltr'>τόπῳ</span> <span class='ocrx_word' id='word_1_148' title='bbox 2387 878 2522 955; x_wconf 79' lang='grc' dir='ltr'>μηδὲ</span> <span class='ocrx_word' id='word_1_149' title='bbox 2567 879 2813 956; x_wconf 63' lang='grc' dir='ltr'>ἔχοντος,</span> <span class='ocrx_word' id='word_1_150' title='bbox 2873 880 3010 957; x_wconf 62' lang='grc' dir='ltr'>μηδέ</span> <span class='ocrx_word' id='word_1_151' title='bbox 3053 880 3381 959; x_wconf 79' lang='grc' dir='ltr'>βουλομένου</span> <span class='ocrx_word' id='word_1_152' title='bbox 3428 882 3526 938; x_wconf 73' lang='grc' dir='ltr'>τοῖ’)</span> <span class='ocrx_word' id='word_1_153' title='bbox 3555 881 3810 964; x_wconf 85' lang='grc' dir='ltr'>δεσπότου,</span> 
     </span>
    </p>
   </div>
   <div class='ocr_carea' id='block_1_24' title="bbox 2194 969 3814 1050">
    <p class='ocr_par' dir='ltr' id='par_1_24' title="bbox 2194 969 3814 1050">
     <span class='ocr_line' id='line_1_24' title="bbox 2194 969 3814 1050; baseline 0.002 -26"><span class='ocrx_word' id='word_1_154' title='bbox 2194 969 2230 1037; x_wconf 74' lang='grc' dir='ltr'><strong>ἢ</strong></span> <span class='ocrx_word' id='word_1_155' title='bbox 2262 969 2583 1046; x_wconf 80' lang='grc' dir='ltr'>ἀγνοοῦντος</span> <span class='ocrx_word' id='word_1_156' title='bbox 2615 969 2874 1044; x_wconf 72' lang='grc' dir='ltr'>τολμάτω</span> <span class='ocrx_word' id='word_1_157' title='bbox 2911 992 2991 1035; x_wconf 87' lang='grc' dir='ltr'><strong>τις</strong></span> <span class='ocrx_word' id='word_1_158' title='bbox 3038 971 3329 1042; x_wconf 75' lang='grc' dir='ltr'>ἀναζητεῖν</span> <span class='ocrx_word' id='word_1_159' title='bbox 3356 972 3651 1050; x_wconf 83' lang='grc' dir='ltr'>θησαυρὸν,</span> <span class='ocrx_word' id='word_1_160' title='bbox 3695 971 3814 1028; x_wconf 74' lang='grc' dir='ltr'><strong>ἀλλᾶ</strong></span> 
     </span>
    </p>
   </div>
   <div class='ocr_carea' id='block_1_25' title="bbox 2195 1056 3813 1138">
    <p class='ocr_par' dir='ltr' id='par_1_25' title="bbox 2195 1056 3813 1138">
     <span class='ocr_line' id='line_1_25' title="bbox 2195 1056 3813 1138; baseline 0.002 -26"><span class='ocrx_word' id='word_1_161' title='bbox 2195 1057 2307 1113; x_wconf 76' lang='grc' dir='ltr'>εἴτε</span> <span class='ocrx_word' id='word_1_162' title='bbox 2365 1056 2548 1125; x_wconf 77' lang='grc' dir='ltr'>δέησιν</span> <span class='ocrx_word' id='word_1_163' title='bbox 2606 1058 2969 1133; x_wconf 71' lang='grc' dir='ltr'>ὶπιδεδωιιὼς,</span> <span class='ocrx_word' id='word_1_164' title='bbox 3030 1059 3146 1115; x_wconf 75' lang='grc' dir='ltr'>εἴτε</span> <span class='ocrx_word' id='word_1_165' title='bbox 3209 1060 3299 1115; x_wconf 80' lang='grc' dir='ltr'><strong>καὶ</strong></span> <span class='ocrx_word' id='word_1_166' title='bbox 3368 1062 3543 1138; x_wconf 83' lang='grc' dir='ltr'>χωρὶς</span> <span class='ocrx_word' id='word_1_167' title='bbox 3601 1059 3813 1129; x_wconf 73' lang='grc' dir='ltr'>δεήσεως</span> 
     </span>
    </p>
   </div>
   <div class='ocr_carea' id='block_1_26' title="bbox 2195 1146 3815 1226">
    <p class='ocr_par' dir='ltr' id='par_1_26' title="bbox 2195 1146 3815 1226">
     <span class='ocr_line' id='line_1_26' title="bbox 2195 1146 3815 1226; baseline 0.002 -25"><span class='ocrx_word' id='word_1_168' title='bbox 2195 1146 2481 1224; x_wconf 73' lang='grc' dir='ltr'>ἐρευνήσας</span> <span class='ocrx_word' id='word_1_169' title='bbox 2539 1149 2683 1226; x_wconf 78' lang='grc' dir='ltr'>παρὰ</span> <span class='ocrx_word' id='word_1_170' title='bbox 2724 1158 2909 1207; x_wconf 80' lang='grc' dir='ltr'>τοῦτον</span> <span class='ocrx_word' id='word_1_171' title='bbox 2941 1149 3032 1205; x_wconf 79' lang='grc' dir='ltr'><strong>τὸν</strong></span> <span class='ocrx_word' id='word_1_172' title='bbox 3063 1149 3228 1223; x_wconf 76' lang='grc' dir='ltr'>νόμον</span> <span class='ocrx_word' id='word_1_173' title='bbox 3280 1148 3407 1226; x_wconf 67' lang='grc' dir='ltr'>εὕρῃ</span> <span class='ocrx_word' id='word_1_174' title='bbox 3450 1172 3536 1213; x_wconf 89' lang='grc' dir='ltr'><strong>τις</strong></span> <span class='ocrx_word' id='word_1_175' title='bbox 3568 1148 3623 1204; x_wconf 74' lang='grc' dir='ltr'>ἰν</span> <span class='ocrx_word' id='word_1_176' title='bbox 3665 1149 3815 1205; x_wconf 67' lang='grc' dir='ltr'>ἄλλο.</span> 
     </span>
    </p>
   </div>
   <div class='ocr_carea' id='block_1_27' title="bbox 2192 1236 3815 1317">
    <p class='ocr_par' dir='ltr' id='par_1_27' title="bbox 2192 1236 3815 1317">
     <span class='ocr_line' id='line_1_27' title="bbox 2192 1236 3815 1317; baseline 0.001 -25"><span class='ocrx_word' id='word_1_177' title='bbox 2192 1237 2320 1311; x_wconf 84' lang='grc' dir='ltr'>τρίῳ</span> <span class='ocrx_word' id='word_1_178' title='bbox 2374 1237 2527 1309; x_wconf 87' lang='grc' dir='ltr'>τόπῳ</span> <span class='ocrx_word' id='word_1_179' title='bbox 2595 1239 2883 1315; x_wconf 76' lang='grc' dir='ltr'>θησαυρὸν,</span> <span class='ocrx_word' id='word_1_180' title='bbox 2944 1236 3234 1317; x_wconf 78' lang='grc' dir='ltr'>διαφερέτω</span> <span class='ocrx_word' id='word_1_181' title='bbox 3300 1239 3401 1313; x_wconf 81' lang='grc' dir='ltr'>μὲν</span> <span class='ocrx_word' id='word_1_182' title='bbox 3470 1245 3551 1297; x_wconf 82' lang='grc' dir='ltr'><strong>τῶ</strong></span> <span class='ocrx_word' id='word_1_183' title='bbox 3605 1236 3815 1315; x_wconf 74' lang='grc' dir='ltr'>δεσπότῃ</span> 
     </span>
    </p>
   </div>
   <div class='ocr_carea' id='block_1_28' title="bbox 2190 1325 3814 1405">
    <p class='ocr_par' dir='ltr' id='par_1_28' title="bbox 2190 1325 3814 1405">
     <span class='ocr_line' id='line_1_28' title="bbox 2190 1325 3814 1405; baseline 0.001 -24"><span class='ocrx_word' id='word_1_184' title='bbox 2190 1333 2284 1381; x_wconf 81' lang='grc' dir='ltr'>τοῦ</span> <span class='ocrx_word' id='word_1_185' title='bbox 2342 1327 2509 1384; x_wconf 80' lang='grc' dir='ltr'>τόπου</span> <span class='ocrx_word' id='word_1_186' title='bbox 2550 1326 2617 1381; x_wconf 78' lang='grc' dir='ltr'><strong>τὰ</strong></span> <span class='ocrx_word' id='word_1_187' title='bbox 2659 1325 2955 1404; x_wconf 70' lang='grc' dir='ltr'>εὑρεθέντα,</span> <span class='ocrx_word' id='word_1_188' title='bbox 2990 1329 3017 1382; x_wconf 82' lang='grc' dir='ltr'>ὁ</span> <span class='ocrx_word' id='word_1_189' title='bbox 3047 1325 3103 1381; x_wconf 76' lang='grc' dir='ltr'>δὲ</span> <span class='ocrx_word' id='word_1_190' title='bbox 3130 1328 3295 1403; x_wconf 74' lang='grc' dir='ltr'>εὑρὼν</span> <span class='ocrx_word' id='word_1_191' title='bbox 3352 1328 3427 1391; x_wconf 80' lang='grc' dir='ltr'>ὡς</span> <span class='ocrx_word' id='word_1_192' title='bbox 3467 1326 3711 1405; x_wconf 71' lang='grc' dir='ltr'>παραϐὰς</span> <span class='ocrx_word' id='word_1_193' title='bbox 3739 1330 3814 1387; x_wconf 77' lang='grc' dir='ltr'><strong>τὸν</strong></span> 
     </span>
    </p>
   </div>
   <div class='ocr_carea' id='block_1_29' title="bbox 2189 1412 3812 1493">
    <p class='ocr_par' dir='ltr' id='par_1_29' title="bbox 2189 1412 3812 1493">
     <span class='ocr_line' id='line_1_29' title="bbox 2189 1412 3812 1493; baseline 0.001 -23"><span class='ocrx_word' id='word_1_194' title='bbox 2189 1416 2353 1485; x_wconf 84' lang='grc' dir='ltr'>νόμον</span> <span class='ocrx_word' id='word_1_195' title='bbox 2407 1412 2648 1493; x_wconf 64' lang='grc' dir='ltr'>σφοδρῶς</span> <span class='ocrx_word' id='word_1_196' title='bbox 2706 1415 3062 1491; x_wconf 73' lang='grc' dir='ltr'>τιμωρείσθω,</span> <span class='ocrx_word' id='word_1_197' title='bbox 3111 1415 3239 1473; x_wconf 79' lang='grc' dir='ltr'>Ἐὰν</span> <span class='ocrx_word' id='word_1_198' title='bbox 3303 1415 3359 1471; x_wconf 81' lang='grc' dir='ltr'>δὲ</span> <span class='ocrx_word' id='word_1_199' title='bbox 3404 1416 3528 1472; x_wconf 71' lang='grc' dir='ltr'>οὐδὲ</span> <span class='ocrx_word' id='word_1_200' title='bbox 3570 1418 3812 1492; x_wconf 76' lang='grc' dir='ltr'>ζητήσας,</span> 
     </span>
    </p>
   </div>
   <div class='ocr_carea' id='block_1_30' title="bbox 2190 1502 3815 1585">
    <p class='ocr_par' dir='ltr' id='par_1_30' title="bbox 2190 1502 3815 1585">
     <span class='ocr_line' id='line_1_30' title="bbox 2190 1502 3815 1585; baseline 0.002 -25"><span class='ocrx_word' id='word_1_201' title='bbox 2190 1502 2308 1562; x_wconf 70' lang='grc' dir='ltr'>οὐδὲ</span> <span class='ocrx_word' id='word_1_202' title='bbox 2351 1502 2562 1574; x_wconf 76' lang='grc' dir='ltr'>δεήσεις</span> <span class='ocrx_word' id='word_1_203' title='bbox 2595 1503 2957 1577; x_wconf 63' lang='grc' dir='ltr'>ἐπιδεδωκὼς,</span> <span class='ocrx_word' id='word_1_204' title='bbox 2991 1503 3131 1561; x_wconf 74' lang='grc' dir='ltr'>ἀλλὰ</span> <span class='ocrx_word' id='word_1_205' title='bbox 3161 1507 3216 1559; x_wconf 74' lang='grc' dir='ltr'><strong>εν</strong></span> <span class='ocrx_word' id='word_1_206' title='bbox 3246 1512 3323 1580; x_wconf 83' lang='grc' dir='ltr'><strong>τῷ</strong></span> <span class='ocrx_word' id='word_1_207' title='bbox 3372 1507 3547 1585; x_wconf 79' lang='grc' dir='ltr'>τυχὸν</span> <span class='ocrx_word' id='word_1_208' title='bbox 3591 1506 3815 1585; x_wconf 75' lang='grc' dir='ltr'>ἀροτριᾷν</span> 
     </span>
    </p>
   </div>
   <div class='ocr_carea' id='block_1_31' title="bbox 2191 1591 3815 1673">
    <p class='ocr_par' dir='ltr' id='par_1_31' title="bbox 2191 1591 3815 1673">
     <span class='ocr_line' id='line_1_31' title="bbox 2191 1591 3815 1673; baseline 0.002 -25"><span class='ocrx_word' id='word_1_209' title='bbox 2191 1594 2290 1661; x_wconf 80' lang='grc' dir='ltr'>τὴν</span> <span class='ocrx_word' id='word_1_210' title='bbox 2349 1593 2453 1671; x_wconf 80' lang='grc' dir='ltr'>γῆν</span> <span class='ocrx_word' id='word_1_211' title='bbox 2511 1593 2548 1659; x_wconf 72' lang='grc' dir='ltr'><strong>ἦ</strong></span> <span class='ocrx_word' id='word_1_212' title='bbox 2599 1591 2777 1656; x_wconf 79' lang='grc' dir='ltr'>ἄλλως</span> <span class='ocrx_word' id='word_1_213' title='bbox 2809 1600 2922 1657; x_wconf 84' lang='grc' dir='ltr'>πῶς</span> <span class='ocrx_word' id='word_1_214' title='bbox 2968 1599 3225 1671; x_wconf 80' lang='grc' dir='ltr'>γεωργῶν</span> <span class='ocrx_word' id='word_1_215' title='bbox 3268 1596 3368 1662; x_wconf 78' lang='grc' dir='ltr'>τὴν</span> <span class='ocrx_word' id='word_1_216' title='bbox 3411 1594 3699 1672; x_wconf 71' lang='grc' dir='ltr'>ἀλλοτρίαν</span> <span class='ocrx_word' id='word_1_217' title='bbox 3732 1596 3815 1673; x_wconf 74' lang='grc' dir='ltr'>γῆν</span> 
     </span>
    </p>
   </div>
   <div class='ocr_carea' id='block_1_32' title="bbox 2188 1681 3816 1763">
    <p class='ocr_par' dir='ltr' id='par_1_32' title="bbox 2188 1681 3816 1763">
     <span class='ocr_line' id='line_1_32' title="bbox 2188 1681 3816 1763; baseline 0.001 -23"><span class='ocrx_word' id='word_1_218' title='bbox 2188 1687 2249 1742; x_wconf 79' lang='grc' dir='ltr'>οὐ</span> <span class='ocrx_word' id='word_1_219' title='bbox 2279 1684 2415 1740; x_wconf 81' lang='grc' dir='ltr'>κατὰ</span> <span class='ocrx_word' id='word_1_220' title='bbox 2444 1681 2681 1750; x_wconf 78' lang='grc' dir='ltr'>σπουδὴν</span> <span class='ocrx_word' id='word_1_221' title='bbox 2713 1682 2937 1755; x_wconf 81' lang='grc' dir='ltr'>ἔρευνῶν</span> <span class='ocrx_word' id='word_1_222' title='bbox 2968 1681 3093 1759; x_wconf 73' lang='grc' dir='ltr'>εὕρῃ</span> <span class='ocrx_word' id='word_1_223' title='bbox 3124 1705 3205 1747; x_wconf 87' lang='grc' dir='ltr'><strong>τις</strong></span> <span class='ocrx_word' id='word_1_224' title='bbox 3264 1683 3316 1740; x_wconf 77' lang='grc' dir='ltr'>ἰν</span> <span class='ocrx_word' id='word_1_225' title='bbox 3375 1682 3649 1763; x_wconf 76' lang='grc' dir='ltr'>ἀλλοτρίῳ</span> <span class='ocrx_word' id='word_1_226' title='bbox 3687 1685 3816 1758; x_wconf 82' lang='grc' dir='ltr'>τόπῳ</span> 
     </span>
    </p>
   </div>
   <div class='ocr_carea' id='block_1_33' title="bbox 462 1765 2108 1851">
    <p class='ocr_par' dir='ltr' id='par_1_33' title="bbox 462 1765 2106 1851">
     <span class='ocr_line' id='line_1_33' title="bbox 462 1765 2106 1851; baseline 0.004 -24"><span class='ocrx_word' id='word_1_227' title='bbox 462 1765 781 1830; x_wconf 88' lang='lat' dir='ltr'><strong>dimidium</strong></span> <span class='ocrx_word' id='word_1_228' title='bbox 808 1770 1244 1851; x_wconf 87' lang='lat' dir='ltr'><strong>ipselucrator,</strong></span> <span class='ocrx_word' id='word_1_229' title='bbox 1275 1770 1529 1831; x_wconf 90' lang='lat' dir='ltr'><strong>alterum</strong></span> <span class='ocrx_word' id='word_1_230' title='bbox 1554 1787 1694 1830; x_wconf 88' lang='lat' dir='ltr'><strong>vero</strong></span> <span class='ocrx_word' id='word_1_231' title='bbox 1716 1770 1832 1832; x_wconf 92' lang='lat' dir='ltr'><strong>loci</strong></span> <span class='ocrx_word' id='word_1_232' title='bbox 1865 1772 2106 1834; x_wconf 88' lang='lat' dir='ltr'><strong>domino</strong></span> 
     </span>
    </p>
   </div>
   <div class='ocr_carea' id='block_1_34' title="bbox 2194 1765 3815 1851">
    <p class='ocr_par' dir='ltr' id='par_1_34' title="bbox 2194 1770 3815 1850">
     <span class='ocr_line' id='line_1_34' title="bbox 2194 1770 3815 1850; baseline 0.001 -22"><span class='ocrx_word' id='word_1_233' title='bbox 2194 1774 2483 1850; x_wconf 78' lang='grc' dir='ltr'>θησαυρὸν,</span> <span class='ocrx_word' id='word_1_234' title='bbox 2514 1774 2582 1828; x_wconf 69' lang='grc' dir='ltr'><strong>τδ</strong></span> <span class='ocrx_word' id='word_1_235' title='bbox 2609 1773 2707 1846; x_wconf 78' lang='grc' dir='ltr'>μὲν</span> <span class='ocrx_word' id='word_1_236' title='bbox 2764 1770 2932 1840; x_wconf 72' lang='grc' dir='ltr'>ἥμισυ</span> <span class='ocrx_word' id='word_1_237' title='bbox 2988 1773 3094 1828; x_wconf 80' lang='grc' dir='ltr'><strong>τῶν</strong></span> <span class='ocrx_word' id='word_1_238' title='bbox 3150 1774 3471 1850; x_wconf 79' lang='grc' dir='ltr'>εὑρεθέντων</span> <span class='ocrx_word' id='word_1_239' title='bbox 3514 1776 3672 1839; x_wconf 75' lang='grc' dir='ltr'>αὐτὸς</span> <span class='ocrx_word' id='word_1_240' title='bbox 3712 1795 3815 1849; x_wconf 81' lang='grc' dir='ltr'>κερ-</span> 
     </span>
    </p>
   </div>
   <div class='ocr_carea' id='block_1_35' title="bbox 461 1851 2099 1939">
    <p class='ocr_par' dir='ltr' id='par_1_35' title="bbox 461 1851 2099 1939">
     <span class='ocr_line' id='line_1_35' title="bbox 461 1851 2099 1939; baseline 0.004 -24"><span class='ocrx_word' id='word_1_241' title='bbox 461 1851 623 1917; x_wconf 91' lang='lat' dir='ltr'><strong>dato.</strong></span> <span class='ocrx_word' id='word_1_242' title='bbox 662 1855 905 1930; x_wconf 68' lang='lat' dir='ltr'><strong>Quaeras</strong></span> <span class='ocrx_word' id='word_1_243' title='bbox 934 1859 1113 1920; x_wconf 92' lang='lat' dir='ltr'><strong>etiam</strong></span> <span class='ocrx_word' id='word_1_244' title='bbox 1152 1858 1260 1922; x_wconf 89' lang='lat' dir='ltr'><strong>lib.</strong></span> <span class='ocrx_word' id='word_1_245' title='bbox 1294 1856 1479 1920; x_wconf 88' lang='lat' dir='ltr'><strong>Basil.</strong></span> <span class='ocrx_word' id='word_1_246' title='bbox 1509 1876 1603 1934; x_wconf 85' lang='lat' dir='ltr'><strong>xv,</strong></span> <span class='ocrx_word' id='word_1_247' title='bbox 1638 1858 1730 1922; x_wconf 91' lang='lat' dir='ltr'><strong>tit.</strong></span> <span class='ocrx_word' id='word_1_248' title='bbox 1767 1861 1825 1931; x_wconf 86' lang='lat' dir='ltr'><strong>l,</strong></span> <span class='ocrx_word' id='word_1_249' title='bbox 1853 1860 2099 1939; x_wconf 85' lang='lat' dir='ltr'><strong>cap.6&#39;7,</strong></span> 
     </span>
    </p>
   </div>
   <div class='ocr_carea' id='block_1_36' title="bbox 386 1947 2102 2029">
    <p class='ocr_par' dir='ltr' id='par_1_36' title="bbox 386 1947 2102 2029">
     <span class='ocr_line' id='line_1_36' title="bbox 386 1947 2102 2029; baseline 0.003 -24"><span class='ocrx_word' id='word_1_250' title='bbox 386 1988 389 1997; x_wconf 81' lang='lat'><strong>.</strong></span> <span class='ocrx_word' id='word_1_251' title='bbox 458 1956 655 2006; x_wconf 88' lang='lat' dir='ltr'><strong>const.</strong></span> <span class='ocrx_word' id='word_1_252' title='bbox 693 1948 749 2021; x_wconf 80' lang='lat' dir='ltr'><strong>l,</strong></span> <span class='ocrx_word' id='word_1_253' title='bbox 810 1947 900 2011; x_wconf 92' lang='lat' dir='ltr'><strong>tit.</strong></span> <span class='ocrx_word' id='word_1_254' title='bbox 956 1948 1012 2027; x_wconf 86' lang='lat'><strong>7,</strong></span> <span class='ocrx_word' id='word_1_255' title='bbox 1066 1949 1221 2012; x_wconf 83' lang='lat' dir='ltr'><strong>llb.l</strong></span> <span class='ocrx_word' id='word_1_256' title='bbox 1278 1948 1420 2009; x_wconf 86' lang='lat' dir='ltr'><strong>cod.</strong></span> <span class='ocrx_word' id='word_1_257' title='bbox 1454 1957 1545 2009; x_wconf 93' lang='lat' dir='ltr'><strong>est</strong></span> <span class='ocrx_word' id='word_1_258' title='bbox 1576 1967 1706 2029; x_wconf 89' lang='lat' dir='ltr'><strong>cap.</strong></span> <span class='ocrx_word' id='word_1_259' title='bbox 1740 1947 1842 2024; x_wconf 89' lang='lat'><strong>23,</strong></span> <span class='ocrx_word' id='word_1_260' title='bbox 1878 1949 1969 2009; x_wconf 92' lang='lat' dir='ltr'><strong>tit.</strong></span> <span class='ocrx_word' id='word_1_261' title='bbox 2004 1948 2102 2021; x_wconf 76' lang='lat'><strong>54,</strong></span> 
     </span>
    </p>
   </div>
   <div class='ocr_carea' id='block_1_37' title="bbox 458 2032 2106 2119">
    <p class='ocr_par' dir='ltr' id='par_1_37' title="bbox 458 2032 2106 2119">
     <span class='ocr_line' id='line_1_37' title="bbox 458 2032 2106 2119; baseline 0.002 -23"><span class='ocrx_word' id='word_1_262' title='bbox 458 2032 572 2099; x_wconf 91' lang='lat' dir='ltr'><strong>lib.</strong></span> <span class='ocrx_word' id='word_1_263' title='bbox 603 2034 784 2098; x_wconf 86' lang='lat' dir='ltr'><strong>Basil.</strong></span> <span class='ocrx_word' id='word_1_264' title='bbox 820 2054 919 2113; x_wconf 86' lang='lat' dir='ltr'><strong>Lx,</strong></span> <span class='ocrx_word' id='word_1_265' title='bbox 954 2039 1111 2119; x_wconf 92' lang='lat' dir='ltr'><strong>quod</strong></span> <span class='ocrx_word' id='word_1_266' title='bbox 1147 2056 1429 2119; x_wconf 85' lang='lat' dir='ltr'><strong>expresse</strong></span> <span class='ocrx_word' id='word_1_267' title='bbox 1460 2038 1665 2111; x_wconf 89' lang='lat' dir='ltr'><strong>habet,</strong></span> <span class='ocrx_word' id='word_1_268' title='bbox 1722 2049 1785 2099; x_wconf 92' lang='lat' dir='ltr'><strong>ut</strong></span> <span class='ocrx_word' id='word_1_269' title='bbox 1816 2039 2106 2119; x_wconf 82' lang='lat' dir='ltr'><strong>scriptum</strong></span> 
     </span>
    </p>
   </div>
   <div class='ocr_carea' id='block_1_38' title="bbox 459 2127 2105 2210">
    <p class='ocr_par' dir='ltr' id='par_1_38' title="bbox 459 2127 2105 2210">
     <span class='ocr_line' id='line_1_38' title="bbox 459 2127 2105 2210; baseline 0.004 -27"><span class='ocrx_word' id='word_1_270' title='bbox 459 2132 575 2188; x_wconf 89' lang='lat' dir='ltr'><strong>est.</strong></span> <span class='ocrx_word' id='word_1_271' title='bbox 636 2128 841 2193; x_wconf 83' lang='lat' dir='ltr'><strong>Const.</strong></span> <span class='ocrx_word' id='word_1_272' title='bbox 905 2127 942 2188; x_wconf 90' lang='lat'><strong>2</strong></span> <span class='ocrx_word' id='word_1_273' title='bbox 996 2129 1269 2208; x_wconf 90' lang='lat' dir='ltr'><strong>ejusdem</strong></span> <span class='ocrx_word' id='word_1_274' title='bbox 1323 2130 1414 2191; x_wconf 91' lang='lat' dir='ltr'><strong>tit.</strong></span> <span class='ocrx_word' id='word_1_275' title='bbox 1468 2136 1529 2189; x_wconf 81' lang='lat' dir='ltr'><strong>el.</strong></span> <span class='ocrx_word' id='word_1_276' title='bbox 1573 2128 1681 2189; x_wconf 89' lang='lat' dir='ltr'><strong>lib.</strong></span> <span class='ocrx_word' id='word_1_277' title='bbox 1719 2138 1969 2210; x_wconf 91' lang='lat' dir='ltr'><strong>estcap.</strong></span> <span class='ocrx_word' id='word_1_278' title='bbox 2003 2129 2105 2203; x_wconf 72' lang='lat'><strong>24,</strong></span> 
     </span>
    </p>
   </div>
   <div class='ocr_carea' id='block_1_39' title="bbox 461 2213 2108 2299">
    <p class='ocr_par' dir='ltr' id='par_1_39' title="bbox 461 2213 2108 2299">
     <span class='ocr_line' id='line_1_39' title="bbox 461 2213 2108 2299; baseline 0.003 -25"><span class='ocrx_word' id='word_1_279' title='bbox 461 2213 735 2294; x_wconf 76' lang='lat' dir='ltr'><strong>ejusdem</strong></span> <span class='ocrx_word' id='word_1_280' title='bbox 770 2216 861 2281; x_wconf 90' lang='lat' dir='ltr'><strong>tit.</strong></span> <span class='ocrx_word' id='word_1_281' title='bbox 894 2226 953 2280; x_wconf 90' lang='lat' dir='ltr'><strong>et</strong></span> <span class='ocrx_word' id='word_1_282' title='bbox 991 2218 1098 2282; x_wconf 89' lang='lat' dir='ltr'><strong>lib.</strong></span> <span class='ocrx_word' id='word_1_283' title='bbox 1133 2217 1341 2293; x_wconf 89' lang='lat' dir='ltr'><strong>Basil.,</strong></span> <span class='ocrx_word' id='word_1_284' title='bbox 1376 2217 1535 2299; x_wconf 90' lang='lat' dir='ltr'><strong>quod</strong></span> <span class='ocrx_word' id='word_1_285' title='bbox 1587 2218 1675 2279; x_wconf 92' lang='lat' dir='ltr'><strong>sic</strong></span> <span class='ocrx_word' id='word_1_286' title='bbox 1716 2218 1923 2293; x_wconf 89' lang='lat' dir='ltr'><strong>habet,</strong></span> <span class='ocrx_word' id='word_1_287' title='bbox 1958 2228 2021 2279; x_wconf 91' lang='lat' dir='ltr'><strong>ut</strong></span> <span class='ocrx_word' id='word_1_288' title='bbox 2046 2218 2108 2279; x_wconf 90' lang='lat' dir='ltr'><strong>in</strong></span> 
     </span>
    </p>
   </div>
   <div class='ocr_carea' id='block_1_40' title="bbox 459 2304 2105 2388">
    <p class='ocr_par' dir='ltr' id='par_1_40' title="bbox 459 2304 2105 2388">
     <span class='ocr_line' id='line_1_40' title="bbox 459 2304 2105 2388; baseline 0.002 -24"><span class='ocrx_word' id='word_1_289' title='bbox 459 2304 822 2385; x_wconf 80' lang='lat' dir='ltr'><strong>compendio</strong></span> <span class='ocrx_word' id='word_1_290' title='bbox 856 2307 1228 2388; x_wconf 83' lang='lat' dir='ltr'><strong>propositum</strong></span> <span class='ocrx_word' id='word_1_291' title='bbox 1258 2315 1371 2370; x_wconf 91' lang='lat' dir='ltr'><strong>est.</strong></span> <span class='ocrx_word' id='word_1_292' title='bbox 1406 2308 1615 2369; x_wconf 79' lang='lat' dir='ltr'><strong>Const.</strong></span> <span class='ocrx_word' id='word_1_293' title='bbox 1650 2306 1687 2368; x_wconf 89' lang='lat'><strong>3</strong></span> <span class='ocrx_word' id='word_1_294' title='bbox 1719 2316 1810 2368; x_wconf 91' lang='lat' dir='ltr'><strong>est</strong></span> <span class='ocrx_word' id='word_1_295' title='bbox 1838 2326 1971 2386; x_wconf 86' lang='lat' dir='ltr'><strong>cap.</strong></span> <span class='ocrx_word' id='word_1_296' title='bbox 2003 2306 2105 2382; x_wconf 84' lang='lat'><strong>25,</strong></span> 
     </span>
    </p>
   </div>
   <div class='ocr_carea' id='block_1_41' title="bbox 460 2393 2103 2477">
    <p class='ocr_par' dir='ltr' id='par_1_41' title="bbox 460 2393 2103 2477">
     <span class='ocr_line' id='line_1_41' title="bbox 460 2393 2103 2477; baseline 0.002 -24"><span class='ocrx_word' id='word_1_297' title='bbox 460 2393 618 2473; x_wconf 90' lang='lat' dir='ltr'><strong>quod</strong></span> <span class='ocrx_word' id='word_1_298' title='bbox 671 2395 757 2457; x_wconf 89' lang='lat' dir='ltr'><strong>sic</strong></span> <span class='ocrx_word' id='word_1_299' title='bbox 814 2396 997 2459; x_wconf 84' lang='lat' dir='ltr'><strong>habet</strong></span> <span class='ocrx_word' id='word_1_300' title='bbox 1033 2418 1047 2461; x_wconf 90' lang='lat'>:</span> <span class='ocrx_word' id='word_1_301' title='bbox 1099 2396 1212 2469; x_wconf 90' lang='lat' dir='ltr'><strong>Qui</strong></span> <span class='ocrx_word' id='word_1_302' title='bbox 1248 2408 1524 2459; x_wconf 90' lang='lat' dir='ltr'><strong>sanctum</strong></span> <span class='ocrx_word' id='word_1_303' title='bbox 1559 2397 1855 2477; x_wconf 91' lang='lat' dir='ltr'><strong>baptisma</strong></span> <span class='ocrx_word' id='word_1_304' title='bbox 1887 2396 2103 2477; x_wconf 86' lang='lat' dir='ltr'><strong>prodit,</strong></span> 
     </span>
    </p>
   </div>
   <div class='ocr_carea' id='block_1_42' title="bbox 461 2482 2109 2566">
    <p class='ocr_par' dir='ltr' id='par_1_42' title="bbox 461 2482 2109 2566">
     <span class='ocr_line' id='line_1_42' title="bbox 461 2482 2109 2566; baseline 0.002 -24"><span class='ocrx_word' id='word_1_305' title='bbox 461 2482 872 2546; x_wconf 90' lang='lat' dir='ltr'><strong>testimonium</strong></span> <span class='ocrx_word' id='word_1_306' title='bbox 930 2503 1053 2547; x_wconf 89' lang='lat' dir='ltr'><strong>uon</strong></span> <span class='ocrx_word' id='word_1_307' title='bbox 1112 2485 1277 2560; x_wconf 89' lang='lat' dir='ltr'><strong>dicit,</strong></span> <span class='ocrx_word' id='word_1_308' title='bbox 1332 2504 1530 2566; x_wconf 85' lang='lat' dir='ltr'><strong>neque</strong></span> <span class='ocrx_word' id='word_1_309' title='bbox 1562 2494 1985 2547; x_wconf 89' lang='lat' dir='ltr'><strong>testamentum</strong></span> <span class='ocrx_word' id='word_1_310' title='bbox 2020 2485 2109 2545; x_wconf 91' lang='lat' dir='ltr'><strong>fa-</strong></span> 
     </span>
    </p>
   </div>
   <div class='ocr_carea' id='block_1_43' title="bbox 460 2569 2111 2655">
    <p class='ocr_par' dir='ltr' id='par_1_43' title="bbox 460 2569 2111 2655">
     <span class='ocr_line' id='line_1_43' title="bbox 460 2569 2111 2655; baseline 0.002 -24"><span class='ocrx_word' id='word_1_311' title='bbox 460 2569 565 2644; x_wconf 92' lang='lat' dir='ltr'><strong>cit,</strong></span> <span class='ocrx_word' id='word_1_312' title='bbox 618 2590 818 2651; x_wconf 87' lang='lat' dir='ltr'><strong>neque</strong></span> <span class='ocrx_word' id='word_1_313' title='bbox 871 2573 977 2635; x_wconf 90' lang='lat' dir='ltr'><strong>ulli</strong></span> <span class='ocrx_word' id='word_1_314' title='bbox 1030 2573 1090 2635; x_wconf 92' lang='lat' dir='ltr'><strong>in</strong></span> <span class='ocrx_word' id='word_1_315' title='bbox 1125 2575 1474 2636; x_wconf 66' lang='lat' dir='ltr'><strong>haereditate</strong></span> <span class='ocrx_word' id='word_1_316' title='bbox 1503 2574 1795 2638; x_wconf 90' lang='lat' dir='ltr'><strong>succedit.</strong></span> <span class='ocrx_word' id='word_1_317' title='bbox 1829 2574 2111 2655; x_wconf 81' lang='lat' dir='ltr'><strong>Apostata</strong></span> 
     </span>
    </p>
   </div>
   <div class='ocr_carea' id='block_1_44' title="bbox 463 2659 2109 2743">
    <p class='ocr_par' dir='ltr' id='par_1_44' title="bbox 463 2659 2109 2743">
     <span class='ocr_line' id='line_1_44' title="bbox 463 2659 2109 2743; baseline 0.002 -21"><span class='ocrx_word' id='word_1_318' title='bbox 463 2659 623 2722; x_wconf 87' lang='lat' dir='ltr'><strong>enim</strong></span> <span class='ocrx_word' id='word_1_319' title='bbox 686 2660 965 2726; x_wconf 86' lang='lat' dir='ltr'><strong>habetur.</strong></span> <span class='ocrx_word' id='word_1_320' title='bbox 1023 2664 1453 2726; x_wconf 84' lang='lat' dir='ltr'><strong>Animadverte</strong></span> <span class='ocrx_word' id='word_1_321' title='bbox 1515 2663 1714 2743; x_wconf 79' lang='lat' dir='ltr'><strong>igitur,</strong></span> <span class='ocrx_word' id='word_1_322' title='bbox 1748 2664 1805 2726; x_wconf 91' lang='lat' dir='ltr'><strong>id</strong></span> <span class='ocrx_word' id='word_1_323' title='bbox 1839 2663 2003 2742; x_wconf 89' lang='lat' dir='ltr'><strong>quod</strong></span> <span class='ocrx_word' id='word_1_324' title='bbox 2047 2669 2109 2726; x_wconf 88' lang='lat' dir='ltr'><strong>in</strong></span> 
     </span>
    </p>
   </div>
   <div class='ocr_carea' id='block_1_45' title="bbox 462 2751 2109 2832">
    <p class='ocr_par' dir='ltr' id='par_1_45' title="bbox 462 2751 2109 2832">
     <span class='ocr_line' id='line_1_45' title="bbox 462 2751 2109 2832; baseline 0.003 -23"><span class='ocrx_word' id='word_1_325' title='bbox 462 2757 624 2810; x_wconf 90' lang='lat' dir='ltr'><strong>textu</strong></span> <span class='ocrx_word' id='word_1_326' title='bbox 660 2751 913 2829; x_wconf 92' lang='lat' dir='ltr'><strong>positum</strong></span> <span class='ocrx_word' id='word_1_327' title='bbox 948 2761 1059 2824; x_wconf 87' lang='lat' dir='ltr'><strong>est,</strong></span> <span class='ocrx_word' id='word_1_328' title='bbox 1096 2771 1170 2814; x_wconf 91' lang='lat' dir='ltr'><strong>ne</strong></span> <span class='ocrx_word' id='word_1_329' title='bbox 1204 2752 1531 2832; x_wconf 87' lang='lat' dir='ltr'><strong>[videlicet]</strong></span> <span class='ocrx_word' id='word_1_330' title='bbox 1590 2752 1929 2814; x_wconf 90' lang='lat' dir='ltr'><strong>istiusmodi</strong></span> <span class='ocrx_word' id='word_1_331' title='bbox 1972 2771 2109 2814; x_wconf 91' lang='lat' dir='ltr'><strong>cum</strong></span> 
     </span>
    </p>
   </div>
   <div class='ocr_carea' id='block_1_46' title="bbox 458 2839 2113 2922">
    <p class='ocr_par' dir='ltr' id='par_1_46' title="bbox 458 2839 2113 2922">
     <span class='ocr_line' id='line_1_46' title="bbox 458 2839 2113 2922; baseline -0.001 -17"><span class='ocrx_word' id='word_1_332' title='bbox 458 2839 813 2905; x_wconf 83' lang='lat' dir='ltr'><strong>hominibus</strong></span> <span class='ocrx_word' id='word_1_333' title='bbox 840 2852 1298 2916; x_wconf 85' lang='lat' dir='ltr'><strong>conversentur,</strong></span> <span class='ocrx_word' id='word_1_334' title='bbox 1354 2850 1437 2915; x_wconf 92' lang='lat' dir='ltr'><strong>et,</strong></span> <span class='ocrx_word' id='word_1_335' title='bbox 1491 2861 1566 2903; x_wconf 89' lang='lat' dir='ltr'><strong>ue</strong></span> <span class='ocrx_word' id='word_1_336' title='bbox 1595 2841 1710 2921; x_wconf 89' lang='lat' dir='ltr'><strong>ipsi</strong></span> <span class='ocrx_word' id='word_1_337' title='bbox 1745 2842 2113 2922; x_wconf 62' lang='lat' dir='ltr'><strong>poenitentia;</strong></span> 
     </span>
    </p>
   </div>
   <div class='ocr_carea' id='block_1_47' title="bbox 459 2929 2110 3011">
    <p class='ocr_par' dir='ltr' id='par_1_47' title="bbox 459 2929 2110 3011">
     <span class='ocr_line' id='line_1_47' title="bbox 459 2929 2110 3011; baseline 0.002 -22"><span class='ocrx_word' id='word_1_338' title='bbox 459 2936 694 3011; x_wconf 78' lang='lat' dir='ltr'><strong>tempus</strong></span> <span class='ocrx_word' id='word_1_339' title='bbox 724 2929 1011 3008; x_wconf 88' lang='lat' dir='ltr'><strong>habeant,</strong></span> <span class='ocrx_word' id='word_1_340' title='bbox 1047 2950 1166 2993; x_wconf 89' lang='lat' dir='ltr'><strong>non</strong></span> <span class='ocrx_word' id='word_1_341' title='bbox 1200 2950 1336 2993; x_wconf 90' lang='lat' dir='ltr'><strong>esse</strong></span> <span class='ocrx_word' id='word_1_342' title='bbox 1371 2931 1641 2993; x_wconf 87' lang='lat' dir='ltr'><strong>additum</strong></span> <span class='ocrx_word' id='word_1_343' title='bbox 1676 2932 1736 2993; x_wconf 91' lang='lat' dir='ltr'><strong>in</strong></span> <span class='ocrx_word' id='word_1_344' title='bbox 1766 2930 1973 3006; x_wconf 88' lang='lat' dir='ltr'><strong>Basil.,</strong></span> <span class='ocrx_word' id='word_1_345' title='bbox 2006 2931 2110 2992; x_wconf 69' lang='lat' dir='ltr'><strong>and</strong></span> 
     </span>
    </p>
   </div>
   <div class='ocr_carea' id='block_1_48' title="bbox 462 3019 2110 3100">
    <p class='ocr_par' dir='ltr' id='par_1_48' title="bbox 462 3019 2110 3100">
     <span class='ocr_line' id='line_1_48' title="bbox 462 3019 2110 3100; baseline 0.002 -22"><span class='ocrx_word' id='word_1_346' title='bbox 462 3025 742 3099; x_wconf 83' lang='lat' dir='ltr'><strong>tanquam</strong></span> <span class='ocrx_word' id='word_1_347' title='bbox 773 3019 848 3081; x_wconf 89' lang='lat' dir='ltr'><strong>ab</strong></span> <span class='ocrx_word' id='word_1_348' title='bbox 878 3020 1248 3083; x_wconf 83' lang='lat' dir='ltr'><strong>humanitate</strong></span> <span class='ocrx_word' id='word_1_349' title='bbox 1280 3021 1574 3092; x_wconf 84' lang='lat' dir='ltr'><strong>alienum,</strong></span> <span class='ocrx_word' id='word_1_350' title='bbox 1622 3022 1960 3100; x_wconf 68' lang='lat' dir='ltr'><strong>eapulsum.</strong></span> <span class='ocrx_word' id='word_1_351' title='bbox 1987 3019 2110 3082; x_wconf 84' lang='lat' dir='ltr'><strong>Ita-</strong></span> 
     </span>
    </p>
   </div>
   <div class='ocr_carea' id='block_1_49' title="bbox 2190 1858 3813 1941">
    <p class='ocr_par' dir='ltr' id='par_1_49' title="bbox 2190 1858 3813 1941">
     <span class='ocr_line' id='line_1_49' title="bbox 2190 1858 3813 1941; baseline 0.002 -25"><span class='ocrx_word' id='word_1_352' title='bbox 2190 1859 2440 1941; x_wconf 81' lang='grc' dir='ltr'>δαινὲτω,</span> <span class='ocrx_word' id='word_1_353' title='bbox 2471 1863 2532 1918; x_wconf 79' lang='grc' dir='ltr'><strong>τὸ</strong></span> <span class='ocrx_word' id='word_1_354' title='bbox 2561 1860 2615 1916; x_wconf 82' lang='grc' dir='ltr'>δὲ</span> <span class='ocrx_word' id='word_1_355' title='bbox 2647 1860 2811 1935; x_wconf 74' lang='grc' dir='ltr'>ἥμισυ</span> <span class='ocrx_word' id='word_1_356' title='bbox 2845 1858 3035 1916; x_wconf 81' lang='grc' dir='ltr'>διδότω</span> <span class='ocrx_word' id='word_1_357' title='bbox 3092 1868 3166 1934; x_wconf 85' lang='grc' dir='ltr'>τῷ</span> <span class='ocrx_word' id='word_1_358' title='bbox 3223 1860 3463 1937; x_wconf 78' lang='grc' dir='ltr'>δεσπότῃ</span> <span class='ocrx_word' id='word_1_359' title='bbox 3509 1869 3604 1919; x_wconf 79' lang='grc' dir='ltr'>τοῦ</span> <span class='ocrx_word' id='word_1_360' title='bbox 3647 1862 3813 1924; x_wconf 76' lang='grc' dir='ltr'>τόπου.</span> 
     </span>
    </p>
   </div>
   <div class='ocr_carea' id='block_1_50' title="bbox 2191 1948 3814 2031">
    <p class='ocr_par' dir='ltr' id='par_1_50' title="bbox 2191 1948 3814 2031">
     <span class='ocr_line' id='line_1_50' title="bbox 2191 1948 3814 2031; baseline 0.001 -26"><span class='ocrx_word' id='word_1_361' title='bbox 2191 1952 2348 2021; x_wconf 74' lang='grc' dir='ltr'>Ζήτει</span> <span class='ocrx_word' id='word_1_362' title='bbox 2380 1954 2467 2007; x_wconf 81' lang='grc' dir='ltr'><strong>καὶ</strong></span> <span class='ocrx_word' id='word_1_363' title='bbox 2497 1949 2702 2028; x_wconf 89' lang='grc' dir='ltr'>βιϐλίον</span> <span class='ocrx_word' id='word_1_364' title='bbox 2733 1951 2840 2007; x_wconf 78' lang='grc' dir='ltr'><strong>τῶν</strong></span> <span class='ocrx_word' id='word_1_365' title='bbox 2874 1948 3175 2006; x_wconf 81' lang='grc' dir='ltr'>Βασιλικῶν</span> <span class='ocrx_word' id='word_1_366' title='bbox 3215 1948 3306 2023; x_wconf 82' lang='grc' dir='ltr'>ιε’,</span> <span class='ocrx_word' id='word_1_367' title='bbox 3338 1952 3457 2014; x_wconf 86' lang='grc' dir='ltr'>τίτ.</span> <span class='ocrx_word' id='word_1_368' title='bbox 3493 1951 3575 2025; x_wconf 88' lang='grc' dir='ltr'>α’,</span> <span class='ocrx_word' id='word_1_369' title='bbox 3613 1974 3726 2031; x_wconf 75' lang='grc' dir='ltr'>κεφ.</span> <span class='ocrx_word' id='word_1_370' title='bbox 3756 1950 3814 2024; x_wconf 79' lang='grc' dir='ltr'><strong>ξ’,</strong></span> 
     </span>
    </p>
   </div>
   <div class='ocr_carea' id='block_1_51' title="bbox 2188 2036 3812 2116">
    <p class='ocr_par' dir='ltr' id='par_1_51' title="bbox 2188 2036 3812 2116">
     <span class='ocr_line' id='line_1_51' title="bbox 2188 2036 3812 2116; baseline 0.001 -21"><span class='ocrx_word' id='word_1_371' title='bbox 2188 2042 2224 2109; x_wconf 76' lang='grc' dir='ltr'>ἡ</span> <span class='ocrx_word' id='word_1_372' title='bbox 2270 2040 2323 2095; x_wconf 86' lang='grc' dir='ltr'>α’</span> <span class='ocrx_word' id='word_1_373' title='bbox 2370 2037 2513 2102; x_wconf 86' lang='grc' dir='ltr'>διάτ.</span> <span class='ocrx_word' id='word_1_374' title='bbox 2575 2047 2670 2096; x_wconf 84' lang='grc' dir='ltr'><strong>τοῦ</strong></span> <span class='ocrx_word' id='word_1_375' title='bbox 2711 2038 2759 2112; x_wconf 87' lang='grc' dir='ltr'>ζ’</span> <span class='ocrx_word' id='word_1_376' title='bbox 2803 2041 2907 2100; x_wconf 85' lang='grc' dir='ltr'>τίτ.</span> <span class='ocrx_word' id='word_1_377' title='bbox 2956 2040 3053 2095; x_wconf 81' lang='grc' dir='ltr'>τοῦ</span> <span class='ocrx_word' id='word_1_378' title='bbox 3096 2038 3148 2095; x_wconf 87' lang='grc' dir='ltr'>α’</span> <span class='ocrx_word' id='word_1_379' title='bbox 3192 2036 3400 2115; x_wconf 78' lang='grc' dir='ltr'>βιϐλίου</span> <span class='ocrx_word' id='word_1_380' title='bbox 3443 2047 3541 2096; x_wconf 79' lang='grc' dir='ltr'>τοῦ</span> <span class='ocrx_word' id='word_1_381' title='bbox 3585 2038 3812 2116; x_wconf 82' lang='grc' dir='ltr'>κώδικος,</span> 
     </span>
    </p>
   </div>
   <div class='ocr_carea' id='block_1_52' title="bbox 2191 2126 3816 2208">
    <p class='ocr_par' dir='ltr' id='par_1_52' title="bbox 2191 2126 3816 2208">
     <span class='ocr_line' id='line_1_52' title="bbox 2191 2126 3816 2208; baseline 0 -23"><span class='ocrx_word' id='word_1_382' title='bbox 2191 2126 2303 2185; x_wconf 78' lang='grc' dir='ltr'>ἔστι</span> <span class='ocrx_word' id='word_1_383' title='bbox 2348 2149 2472 2208; x_wconf 77' lang='grc' dir='ltr'>κεφ,</span> <span class='ocrx_word' id='word_1_384' title='bbox 2520 2128 2608 2207; x_wconf 83' lang='grc' dir='ltr'><strong>κγ’</strong></span> <span class='ocrx_word' id='word_1_385' title='bbox 2653 2131 2749 2185; x_wconf 76' lang='grc' dir='ltr'><strong>τοῦ</strong></span> <span class='ocrx_word' id='word_1_386' title='bbox 2790 2126 2867 2183; x_wconf 89' lang='grc' dir='ltr'><strong>νδ’</strong></span> <span class='ocrx_word' id='word_1_387' title='bbox 2911 2128 3016 2190; x_wconf 85' lang='grc' dir='ltr'>τίτ.</span> <span class='ocrx_word' id='word_1_388' title='bbox 3062 2135 3158 2185; x_wconf 78' lang='grc' dir='ltr'><strong>τοῦ</strong></span> <span class='ocrx_word' id='word_1_389' title='bbox 3207 2127 3251 2195; x_wconf 82' lang='grc' dir='ltr'><strong>ξ’</strong></span> <span class='ocrx_word' id='word_1_390' title='bbox 3283 2126 3493 2203; x_wconf 87' lang='grc' dir='ltr'>βιϐλίου</span> <span class='ocrx_word' id='word_1_391' title='bbox 3523 2135 3630 2184; x_wconf 82' lang='grc' dir='ltr'>τῶν</span> <span class='ocrx_word' id='word_1_392' title='bbox 3676 2138 3816 2185; x_wconf 83' lang='grc' dir='ltr'>Βασι-</span> 
     </span>
    </p>
   </div>
   <div class='ocr_carea' id='block_1_53' title="bbox 2190 2214 3816 2297">
    <p class='ocr_par' dir='ltr' id='par_1_53' title="bbox 2190 2214 3816 2297">
     <span class='ocr_line' id='line_1_53' title="bbox 2190 2214 3816 2297; baseline -0.001 -24"><span class='ocrx_word' id='word_1_393' title='bbox 2190 2217 2356 2274; x_wconf 79' lang='grc' dir='ltr'>λικῶν</span> <span class='ocrx_word' id='word_1_394' title='bbox 2420 2216 2589 2282; x_wconf 69' lang='grc' dir='ltr'>οὕτως</span> <span class='ocrx_word' id='word_1_395' title='bbox 2646 2217 2781 2297; x_wconf 77' lang='grc' dir='ltr'>ἕχον</span> <span class='ocrx_word' id='word_1_396' title='bbox 2838 2218 3040 2295; x_wconf 80' lang='grc' dir='ltr'>ῥητῶς,</span> <span class='ocrx_word' id='word_1_397' title='bbox 3087 2218 3161 2279; x_wconf 83' lang='grc' dir='ltr'>ὡς</span> <span class='ocrx_word' id='word_1_398' title='bbox 3211 2218 3451 2297; x_wconf 68' lang='grc' dir='ltr'>ἒγρᾶφη.</span> <span class='ocrx_word' id='word_1_399' title='bbox 3501 2214 3569 2274; x_wconf 83' lang='grc' dir='ltr'><strong><em>Ἦ</em></strong></span> <span class='ocrx_word' id='word_1_400' title='bbox 3616 2216 3816 2294; x_wconf 75' lang='grc' dir='ltr'>β’διάτ.</span> 
     </span>
    </p>
   </div>
   <div class='ocr_carea' id='block_1_54' title="bbox 2187 2304 3818 2384">
    <p class='ocr_par' dir='ltr' id='par_1_54' title="bbox 2187 2304 3818 2384">
     <span class='ocr_line' id='line_1_54' title="bbox 2187 2304 3818 2384; baseline 0 -21"><span class='ocrx_word' id='word_1_401' title='bbox 2187 2317 2282 2367; x_wconf 73' lang='grc' dir='ltr'>τοῦ</span> <span class='ocrx_word' id='word_1_402' title='bbox 2331 2308 2492 2365; x_wconf 71' lang='grc' dir='ltr'>αὐτοῦ</span> <span class='ocrx_word' id='word_1_403' title='bbox 2534 2308 2642 2369; x_wconf 86' lang='grc' dir='ltr'>τίτ.</span> <span class='ocrx_word' id='word_1_404' title='bbox 2688 2310 2787 2363; x_wconf 61' lang='grc' dir='ltr'>καὶ</span> <span class='ocrx_word' id='word_1_405' title='bbox 2833 2305 3040 2383; x_wconf 83' lang='grc' dir='ltr'>βιϐλίου</span> <span class='ocrx_word' id='word_1_406' title='bbox 3083 2305 3197 2362; x_wconf 82' lang='grc' dir='ltr'>’ἐστι</span> <span class='ocrx_word' id='word_1_407' title='bbox 3240 2328 3366 2384; x_wconf 77' lang='grc' dir='ltr'>κεφ,</span> <span class='ocrx_word' id='word_1_408' title='bbox 3412 2304 3498 2361; x_wconf 82' lang='grc' dir='ltr'>κδ’</span> <span class='ocrx_word' id='word_1_409' title='bbox 3550 2313 3641 2363; x_wconf 83' lang='grc' dir='ltr'>τοῦ</span> <span class='ocrx_word' id='word_1_410' title='bbox 3681 2306 3818 2363; x_wconf 66' lang='grc' dir='ltr'>αὐτοῦ</span> 
     </span>
    </p>
   </div>
   <div class='ocr_carea' id='block_1_55' title="bbox 2189 2392 3818 2475">
    <p class='ocr_par' dir='ltr' id='par_1_55' title="bbox 2189 2392 3818 2475">
     <span class='ocr_line' id='line_1_55' title="bbox 2189 2392 3818 2475; baseline 0.001 -28"><span class='ocrx_word' id='word_1_411' title='bbox 2189 2395 2293 2454; x_wconf 86' lang='grc' dir='ltr'>τίτ.</span> <span class='ocrx_word' id='word_1_412' title='bbox 2348 2396 2437 2451; x_wconf 78' lang='grc' dir='ltr'><strong>καί</strong></span> <span class='ocrx_word' id='word_1_413' title='bbox 2492 2392 2699 2472; x_wconf 84' lang='grc' dir='ltr'>βιϐλίου</span> <span class='ocrx_word' id='word_1_414' title='bbox 2728 2397 2833 2451; x_wconf 81' lang='grc' dir='ltr'>τῶν</span> <span class='ocrx_word' id='word_1_415' title='bbox 2882 2393 3211 2469; x_wconf 78' lang='grc' dir='ltr'>Βασιλικῶν,</span> <span class='ocrx_word' id='word_1_416' title='bbox 3244 2394 3411 2459; x_wconf 77' lang='grc' dir='ltr'>οὕτως</span> <span class='ocrx_word' id='word_1_417' title='bbox 3444 2394 3580 2475; x_wconf 77' lang='grc' dir='ltr'>ἕχον</span> <span class='ocrx_word' id='word_1_418' title='bbox 3609 2396 3681 2460; x_wconf 82' lang='grc' dir='ltr'><strong>ὡς</strong></span> <span class='ocrx_word' id='word_1_419' title='bbox 3709 2416 3818 2450; x_wconf 86' lang='grc' dir='ltr'>συν-</span> 
     </span>
    </p>
   </div>
   <div class='ocr_carea' id='block_1_56' title="bbox 2192 2475 3816 2565">
    <p class='ocr_par' dir='ltr' id='par_1_56' title="bbox 2192 2475 3816 2565">
     <span class='ocr_line' id='line_1_56' title="bbox 2192 2475 3816 2565; baseline 0.001 -26"><span class='ocrx_word' id='word_1_420' title='bbox 2192 2485 2425 2558; x_wconf 72' lang='grc' dir='ltr'>ωψίσθη.</span> <span class='ocrx_word' id='word_1_421' title='bbox 2471 2486 2548 2541; x_wconf 79' lang='grc' dir='ltr'><strong>Ἥ</strong></span> <span class='ocrx_word' id='word_1_422' title='bbox 2593 2481 2646 2562; x_wconf 84' lang='grc' dir='ltr'>γ’</span> <span class='ocrx_word' id='word_1_423' title='bbox 2691 2482 2834 2543; x_wconf 85' lang='grc' dir='ltr'>διάτ.</span> <span class='ocrx_word' id='word_1_424' title='bbox 2867 2483 2981 2540; x_wconf 77' lang='grc' dir='ltr'>ἔστι</span> <span class='ocrx_word' id='word_1_425' title='bbox 3011 2505 3138 2563; x_wconf 73' lang='grc' dir='ltr'>κεφ,</span> <span class='ocrx_word' id='word_1_426' title='bbox 3171 2483 3252 2539; x_wconf 79' lang='grc' dir='ltr'>κε’</span> <span class='ocrx_word' id='word_1_427' title='bbox 3312 2482 3484 2548; x_wconf 71' lang='grc' dir='ltr'>οὕτως</span> <span class='ocrx_word' id='word_1_428' title='bbox 3548 2483 3680 2565; x_wconf 77' lang='grc' dir='ltr'>ἔχον</span> <span class='ocrx_word' id='word_1_429' title='bbox 3717 2502 3732 2519; x_wconf 80' lang='grc'><em>’</em></span> <span class='ocrx_word' id='word_1_430' title='bbox 3770 2475 3816 2541; x_wconf 78' lang='grc' dir='ltr'>Ὀ</span> 
     </span>
    </p>
   </div>
   <div class='ocr_carea' id='block_1_57' title="bbox 2191 2571 3815 2651">
    <p class='ocr_par' dir='ltr' id='par_1_57' title="bbox 2191 2571 3815 2651">
     <span class='ocr_line' id='line_1_57' title="bbox 2191 2571 3815 2651; baseline -0.002 -22"><span class='ocrx_word' id='word_1_431' title='bbox 2191 2571 2467 2650; x_wconf 78' lang='grc' dir='ltr'>προδιδοὺς</span> <span class='ocrx_word' id='word_1_432' title='bbox 2525 2574 2587 2630; x_wconf 81' lang='grc' dir='ltr'>τὸ</span> <span class='ocrx_word' id='word_1_433' title='bbox 2660 2572 2814 2651; x_wconf 83' lang='grc' dir='ltr'>ἅγιον</span> <span class='ocrx_word' id='word_1_434' title='bbox 2898 2572 3175 2650; x_wconf 76' lang='grc' dir='ltr'>βάπτισμα</span> <span class='ocrx_word' id='word_1_435' title='bbox 3256 2574 3315 2629; x_wconf 78' lang='grc' dir='ltr'>οὗ</span> <span class='ocrx_word' id='word_1_436' title='bbox 3373 2586 3665 2651; x_wconf 76' lang='grc' dir='ltr'>μαρτυρεῖ,</span> <span class='ocrx_word' id='word_1_437' title='bbox 3722 2572 3815 2628; x_wconf 73' lang='grc' dir='ltr'>οὔτι</span> 
     </span>
    </p>
   </div>
   <div class='ocr_carea' id='block_1_58' title="bbox 2189 2659 3815 2742">
    <p class='ocr_par' dir='ltr' id='par_1_58' title="bbox 2189 2659 3815 2742">
     <span class='ocr_line' id='line_1_58' title="bbox 2189 2659 3815 2742; baseline 0 -25"><span class='ocrx_word' id='word_1_438' title='bbox 2189 2659 2503 2741; x_wconf 79' lang='grc' dir='ltr'>διατίθεται,</span> <span class='ocrx_word' id='word_1_439' title='bbox 2556 2660 2673 2719; x_wconf 66' lang='grc' dir='ltr'>οὕτε</span> <span class='ocrx_word' id='word_1_440' title='bbox 2732 2661 2895 2719; x_wconf 76' lang='grc' dir='ltr'>ἄλλον</span> <span class='ocrx_word' id='word_1_441' title='bbox 2951 2660 3282 2742; x_wconf 84' lang='grc' dir='ltr'>διαδέχεται,</span> <span class='ocrx_word' id='word_1_442' title='bbox 3358 2661 3676 2730; x_wconf 79' lang='grc' dir='ltr'>ἀποστάτης</span> <span class='ocrx_word' id='word_1_443' title='bbox 3731 2662 3815 2739; x_wconf 74' lang='grc' dir='ltr'><strong>γὰρ</strong></span> 
     </span>
    </p>
   </div>
   <div class='ocr_carea' id='block_1_59' title="bbox 2193 2749 3815 2832">
    <p class='ocr_par' dir='ltr' id='par_1_59' title="bbox 2193 2749 3815 2832">
     <span class='ocr_line' id='line_1_59' title="bbox 2193 2749 3815 2832; baseline -0.001 -25"><span class='ocrx_word' id='word_1_444' title='bbox 2193 2766 2423 2811; x_wconf 79' lang='grc' dir='ltr'>νοεῖται.</span> <span class='ocrx_word' id='word_1_445' title='bbox 2473 2751 2720 2832; x_wconf 82' lang='grc' dir='ltr'>Πρόσχες</span> <span class='ocrx_word' id='word_1_446' title='bbox 2766 2754 2853 2808; x_wconf 78' lang='grc' dir='ltr'>οὖν</span> <span class='ocrx_word' id='word_1_447' title='bbox 2885 2751 2965 2808; x_wconf 79' lang='grc' dir='ltr'><strong>ὅτι</strong></span> <span class='ocrx_word' id='word_1_448' title='bbox 3008 2753 3071 2807; x_wconf 78' lang='grc' dir='ltr'>τὸ</span> <span class='ocrx_word' id='word_1_449' title='bbox 3104 2752 3351 2826; x_wconf 80' lang='grc' dir='ltr'>κείμενον</span> <span class='ocrx_word' id='word_1_450' title='bbox 3395 2751 3450 2807; x_wconf 78' lang='grc' dir='ltr'>ἐν</span> <span class='ocrx_word' id='word_1_451' title='bbox 3511 2756 3593 2825; x_wconf 76' lang='grc' dir='ltr'>τῷ</span> <span class='ocrx_word' id='word_1_452' title='bbox 3651 2749 3815 2807; x_wconf 78' lang='grc' dir='ltr'>πλάτει</span> 
     </span>
    </p>
   </div>
   <div class='ocr_carea' id='block_1_60' title="bbox 2192 2838 3815 2920">
    <p class='ocr_par' dir='ltr' id='par_1_60' title="bbox 2192 2838 3815 2920">
     <span class='ocr_line' id='line_1_60' title="bbox 2192 2838 3815 2920; baseline -0.001 -23"><span class='ocrx_word' id='word_1_453' title='bbox 2192 2841 2314 2911; x_wconf 81' lang='grc' dir='ltr'>περὶ</span> <span class='ocrx_word' id='word_1_454' title='bbox 2367 2848 2462 2898; x_wconf 85' lang='grc' dir='ltr'>τοῦ</span> <span class='ocrx_word' id='word_1_455' title='bbox 2518 2841 2597 2916; x_wconf 74' lang='grc' dir='ltr'>μὴ</span> <span class='ocrx_word' id='word_1_456' title='bbox 2656 2840 3169 2920; x_wconf 66' lang='grc' dir='ltr'>συναναστρέφεσθαι</span> <span class='ocrx_word' id='word_1_457' title='bbox 3214 2840 3337 2906; x_wconf 72' lang='grc' dir='ltr'>τοὺς</span> <span class='ocrx_word' id='word_1_458' title='bbox 3393 2841 3693 2920; x_wconf 82' lang='grc' dir='ltr'>τοιούτους,</span> <span class='ocrx_word' id='word_1_459' title='bbox 3744 2838 3815 2895; x_wconf 81' lang='grc' dir='ltr'><strong>καὶ</strong></span> 
     </span>
    </p>
   </div>
   <div class='ocr_carea' id='block_1_61' title="bbox 2194 2930 3817 3010">
    <p class='ocr_par' dir='ltr' id='par_1_61' title="bbox 2194 2930 3817 3010">
     <span class='ocr_line' id='line_1_61' title="bbox 2194 2930 3817 3010; baseline 0 -23"><span class='ocrx_word' id='word_1_460' title='bbox 2194 2932 2311 3008; x_wconf 81' lang='grc' dir='ltr'>περὶ</span> <span class='ocrx_word' id='word_1_461' title='bbox 2371 2931 2463 2989; x_wconf 75' lang='grc' dir='ltr'><strong>τοῦ</strong></span> <span class='ocrx_word' id='word_1_462' title='bbox 2527 2932 2606 3007; x_wconf 78' lang='grc' dir='ltr'>μὴ</span> <span class='ocrx_word' id='word_1_463' title='bbox 2687 2930 2837 3010; x_wconf 78' lang='grc' dir='ltr'>ἔχειν</span> <span class='ocrx_word' id='word_1_464' title='bbox 2897 2931 3087 2995; x_wconf 65' lang='grc' dir='ltr'>αὖτοὺς</span> <span class='ocrx_word' id='word_1_465' title='bbox 3144 2932 3328 3009; x_wconf 80' lang='grc' dir='ltr'>καιρὸν</span> <span class='ocrx_word' id='word_1_466' title='bbox 3398 2931 3717 3003; x_wconf 81' lang='grc' dir='ltr'>μετανοίας,</span> <span class='ocrx_word' id='word_1_467' title='bbox 3768 2932 3817 2987; x_wconf 65' lang='lat' dir='ltr'><strong>o’i</strong></span> 
     </span>
    </p>
   </div>
   <div class='ocr_carea' id='block_1_62' title="bbox 2193 3016 3815 3098">
    <p class='ocr_par' dir='ltr' id='par_1_62' title="bbox 2193 3016 3815 3098">
     <span class='ocr_line' id='line_1_62' title="bbox 2193 3016 3815 3098; baseline -0.002 -22"><span class='ocrx_word' id='word_1_468' title='bbox 2193 3020 2489 3097; x_wconf 79' lang='grc' dir='ltr'>προσετέθη</span> <span class='ocrx_word' id='word_1_469' title='bbox 2521 3023 2575 3077; x_wconf 64' lang='grc' dir='ltr'>ἓν</span> <span class='ocrx_word' id='word_1_470' title='bbox 2606 3033 2725 3083; x_wconf 73' lang='grc' dir='ltr'>τοῖς</span> <span class='ocrx_word' id='word_1_471' title='bbox 2756 3017 3107 3092; x_wconf 68' lang='grc' dir='ltr'>Βασιλιιιοῐς,</span> <span class='ocrx_word' id='word_1_472' title='bbox 3140 3016 3261 3074; x_wconf 81' lang='grc' dir='ltr'>ἀλλ’</span> <span class='ocrx_word' id='word_1_473' title='bbox 3303 3017 3547 3098; x_wconf 56' lang='grc' dir='ltr'>ἐδιώχθη</span> <span class='ocrx_word' id='word_1_474' title='bbox 3577 3021 3650 3082; x_wconf 80' lang='grc' dir='ltr'>ὥς</span> <span class='ocrx_word' id='word_1_475' title='bbox 3678 3016 3815 3095; x_wconf 61' lang='grc' dir='ltr'>ἄφιλα</span> 
     </span>
    </p>
   </div>
   <div class='ocr_carea' id='block_1_63' title="bbox 459 3108 2108 3189">
    <p class='ocr_par' dir='ltr' id='par_1_63' title="bbox 459 3110 2108 3189">
     <span class='ocr_line' id='line_1_63' title="bbox 459 3110 2108 3189; baseline 0.002 -21"><span class='ocrx_word' id='word_1_476' title='bbox 459 3126 575 3188; x_wconf 90' lang='lat' dir='ltr'><strong>que</strong></span> <span class='ocrx_word' id='word_1_477' title='bbox 610 3119 857 3189; x_wconf 87' lang='lat' dir='ltr'><strong>propter</strong></span> <span class='ocrx_word' id='word_1_478' title='bbox 916 3110 1041 3171; x_wconf 63' lang='lat' dir='ltr'><strong>haec</strong></span> <span class='ocrx_word' id='word_1_479' title='bbox 1101 3111 1280 3171; x_wconf 86' lang='lat' dir='ltr'><strong>etiam</strong></span> <span class='ocrx_word' id='word_1_480' title='bbox 1341 3110 1524 3172; x_wconf 88' lang='lat' dir='ltr'><strong>Basil.</strong></span> <span class='ocrx_word' id='word_1_481' title='bbox 1587 3111 1914 3172; x_wconf 88' lang='lat' dir='ltr'><strong>architecto</strong></span> <span class='ocrx_word' id='word_1_482' title='bbox 1974 3117 2108 3171; x_wconf 90' lang='lat' dir='ltr'><strong>sunt</strong></span> 
     </span>
    </p>
   </div>
   <div class='ocr_carea' id='block_1_64' title="bbox 2194 3108 3814 3189">
    <p class='ocr_par' dir='ltr' id='par_1_64' title="bbox 2195 3108 3814 3189">
     <span class='ocr_line' id='line_1_64' title="bbox 2195 3108 3814 3189; baseline -0.003 -23"><span class='ocrx_word' id='word_1_483' title='bbox 2195 3109 2617 3187; x_wconf 84' lang='grc' dir='ltr'>ανθρωπότερον,</span> <span class='ocrx_word' id='word_1_484' title='bbox 2693 3108 3045 3189; x_wconf 69' lang='grc' dir='ltr'>εὖχαριστέοδ</span> <span class='ocrx_word' id='word_1_485' title='bbox 3115 3108 3206 3164; x_wconf 81' lang='grc' dir='ltr'>οὖν</span> <span class='ocrx_word' id='word_1_486' title='bbox 3279 3115 3355 3181; x_wconf 76' lang='grc' dir='ltr'><strong>τῷ</strong></span> <span class='ocrx_word' id='word_1_487' title='bbox 3414 3108 3714 3183; x_wconf 77' lang='grc' dir='ltr'>συνθεμένῳ</span> <span class='ocrx_word' id='word_1_488' title='bbox 3762 3108 3814 3162; x_wconf 70' lang='grc' dir='ltr'>τὰ</span> 
     </span>
    </p>
   </div>
   <div class='ocr_carea' id='block_1_65' title="bbox 458 3199 2109 3281">
    <p class='ocr_par' dir='ltr' id='par_1_65' title="bbox 458 3199 2109 3281">
     <span class='ocr_line' id='line_1_65' title="bbox 458 3199 2109 3281; baseline 0.001 -21"><span class='ocrx_word' id='word_1_489' title='bbox 458 3199 707 3276; x_wconf 66' lang='lat' dir='ltr'><strong>agenda;</strong></span> <span class='ocrx_word' id='word_1_490' title='bbox 763 3201 987 3277; x_wconf 63' lang='lat' dir='ltr'><strong>gratiae.</strong></span> <span class='ocrx_word' id='word_1_491' title='bbox 1051 3200 1297 3263; x_wconf 83' lang='lat' dir='ltr'><strong>Novella</strong></span> <span class='ocrx_word' id='word_1_492' title='bbox 1353 3200 1673 3262; x_wconf 85' lang='lat' dir='ltr'><strong>Justiniani</strong></span> <span class='ocrx_word' id='word_1_493' title='bbox 1725 3199 1827 3267; x_wconf 84' lang='lat'><strong>3‘7.</strong></span> <span class='ocrx_word' id='word_1_494' title='bbox 1872 3217 2004 3281; x_wconf 59' lang='lat' dir='ltr'><strong>qua)</strong></span> <span class='ocrx_word' id='word_1_495' title='bbox 2033 3200 2109 3261; x_wconf 89' lang='lat' dir='ltr'><strong>de</strong></span> 
     </span>
    </p>
   </div>
   <div class='ocr_carea' id='block_1_66' title="bbox 456 3286 2108 3369">
    <p class='ocr_par' dir='ltr' id='par_1_66' title="bbox 456 3286 2108 3369">
     <span class='ocr_line' id='line_1_66' title="bbox 456 3286 2108 3369; baseline 0 -20"><span class='ocrx_word' id='word_1_496' title='bbox 456 3286 749 3350; x_wconf 88' lang='lat' dir='ltr'><strong>Ecclesiis</strong></span> <span class='ocrx_word' id='word_1_497' title='bbox 822 3288 1124 3352; x_wconf 84' lang='lat' dir='ltr'><strong>Africanis</strong></span> <span class='ocrx_word' id='word_1_498' title='bbox 1199 3289 1495 3369; x_wconf 83' lang='lat' dir='ltr'><strong>[tractat].</strong></span> <span class='ocrx_word' id='word_1_499' title='bbox 1554 3307 1673 3351; x_wconf 91' lang='lat' dir='ltr'><strong>non</strong></span> <span class='ocrx_word' id='word_1_500' title='bbox 1739 3298 1829 3350; x_wconf 90' lang='lat' dir='ltr'><strong>est</strong></span> <span class='ocrx_word' id='word_1_501' title='bbox 1884 3289 2108 3350; x_wconf 89' lang='lat' dir='ltr'><strong>inserta</strong></span> 
     </span>
    </p>
   </div>
   <div class='ocr_carea' id='block_1_67' title="bbox 457 3375 2109 3442">
    <p class='ocr_par' dir='ltr' id='par_1_67' title="bbox 457 3375 2109 3442">
     <span class='ocr_line' id='line_1_67' title="bbox 457 3375 2109 3442; baseline -0.002 -2"><span class='ocrx_word' id='word_1_502' title='bbox 457 3375 641 3440; x_wconf 87' lang='lat' dir='ltr'><strong>Basil.</strong></span> <span class='ocrx_word' id='word_1_503' title='bbox 696 3378 901 3442; x_wconf 86' lang='lat' dir='ltr'><strong>Const.</strong></span> <span class='ocrx_word' id='word_1_504' title='bbox 960 3379 999 3439; x_wconf 75' lang='grc'><strong>4</strong></span> <span class='ocrx_word' id='word_1_505' title='bbox 1055 3379 1374 3440; x_wconf 88' lang='lat' dir='ltr'><strong>memorati</strong></span> <span class='ocrx_word' id='word_1_506' title='bbox 1432 3378 1463 3439; x_wconf 79' lang='grc' dir='ltr'><em>Ἰ</em></span> <span class='ocrx_word' id='word_1_507' title='bbox 1520 3379 1607 3439; x_wconf 90' lang='lat' dir='ltr'><strong>tit.</strong></span> <span class='ocrx_word' id='word_1_508' title='bbox 1660 3377 1767 3439; x_wconf 92' lang='lat' dir='ltr'><strong>lib.</strong></span> <span class='ocrx_word' id='word_1_509' title='bbox 1804 3378 1984 3440; x_wconf 85' lang='lat' dir='ltr'><strong>icod.</strong></span> <span class='ocrx_word' id='word_1_510' title='bbox 2018 3386 2109 3439; x_wconf 91' lang='lat' dir='ltr'><strong>est</strong></span> 
     </span>
    </p>
   </div>
   <div class='ocr_carea' id='block_1_68' title="bbox 459 3466 2108 3548">
    <p class='ocr_par' dir='ltr' id='par_1_68' title="bbox 459 3466 2108 3548">
     <span class='ocr_line' id='line_1_68' title="bbox 459 3466 2108 3548; baseline -0.001 -18"><span class='ocrx_word' id='word_1_511' title='bbox 459 3486 594 3548; x_wconf 88' lang='lat' dir='ltr'><strong>cap.</strong></span> <span class='ocrx_word' id='word_1_512' title='bbox 629 3466 728 3541; x_wconf 90' lang='lat'><strong>26,</strong></span> <span class='ocrx_word' id='word_1_513' title='bbox 766 3468 911 3530; x_wconf 90' lang='lat' dir='ltr'><strong>dicti</strong></span> <span class='ocrx_word' id='word_1_514' title='bbox 962 3467 1041 3529; x_wconf 76' lang='grc'><strong>54</strong></span> <span class='ocrx_word' id='word_1_515' title='bbox 1092 3468 1182 3530; x_wconf 90' lang='lat' dir='ltr'><strong>tit.</strong></span> <span class='ocrx_word' id='word_1_516' title='bbox 1236 3468 1343 3529; x_wconf 93' lang='lat' dir='ltr'><strong>lib.</strong></span> <span class='ocrx_word' id='word_1_517' title='bbox 1376 3485 1473 3544; x_wconf 83' lang='lat' dir='ltr'><strong>Lx,</strong></span> <span class='ocrx_word' id='word_1_518' title='bbox 1505 3470 1662 3545; x_wconf 87' lang='lat' dir='ltr'><strong>quod</strong></span> <span class='ocrx_word' id='word_1_519' title='bbox 1691 3468 1778 3528; x_wconf 87' lang='lat' dir='ltr'><strong>sic</strong></span> <span class='ocrx_word' id='word_1_520' title='bbox 1810 3466 2009 3541; x_wconf 87' lang='lat' dir='ltr'><strong>habet,</strong></span> <span class='ocrx_word' id='word_1_521' title='bbox 2045 3475 2108 3528; x_wconf 91' lang='lat' dir='ltr'><strong>ut</strong></span> 
     </span>
    </p>
   </div>
   <div class='ocr_carea' id='block_1_69' title="bbox 451 3555 2100 3637">
    <p class='ocr_par' dir='ltr' id='par_1_69' title="bbox 451 3555 2100 3637">
     <span class='ocr_line' id='line_1_69' title="bbox 451 3555 2100 3637; baseline -0.002 -19"><span class='ocrx_word' id='word_1_522' title='bbox 451 3555 517 3619; x_wconf 90' lang='lat' dir='ltr'><strong>in</strong></span> <span class='ocrx_word' id='word_1_523' title='bbox 549 3557 909 3636; x_wconf 84' lang='lat' dir='ltr'><strong>compendio</strong></span> <span class='ocrx_word' id='word_1_524' title='bbox 970 3558 1339 3637; x_wconf 84' lang='lat' dir='ltr'><strong>prepositum</strong></span> <span class='ocrx_word' id='word_1_525' title='bbox 1392 3570 1507 3619; x_wconf 85' lang='lat' dir='ltr'><strong>est.</strong></span> <span class='ocrx_word' id='word_1_526' title='bbox 1539 3559 1744 3620; x_wconf 89' lang='lat' dir='ltr'><strong>Const.</strong></span> <span class='ocrx_word' id='word_1_527' title='bbox 1779 3561 1814 3616; x_wconf 81' lang='grc'><strong>5</strong></span> <span class='ocrx_word' id='word_1_528' title='bbox 1847 3564 1937 3616; x_wconf 88' lang='lat' dir='ltr'><strong>est</strong></span> <span class='ocrx_word' id='word_1_529' title='bbox 1968 3574 2100 3632; x_wconf 86' lang='lat' dir='ltr'><strong>cap.</strong></span> 
     </span>
    </p>
   </div>
   <div class='ocr_carea' id='block_1_70' title="bbox 455 3645 2104 3726">
    <p class='ocr_par' dir='ltr' id='par_1_70' title="bbox 455 3645 2104 3726">
     <span class='ocr_line' id='line_1_70' title="bbox 455 3645 2104 3726; baseline 0 -20"><span class='ocrx_word' id='word_1_530' title='bbox 455 3647 530 3707; x_wconf 83' lang='lat'><strong>27</strong></span> <span class='ocrx_word' id='word_1_531' title='bbox 592 3645 862 3725; x_wconf 82' lang='lat' dir='ltr'><strong>ejusdem</strong></span> <span class='ocrx_word' id='word_1_532' title='bbox 917 3649 1005 3710; x_wconf 86' lang='lat' dir='ltr'><strong>tit.</strong></span> <span class='ocrx_word' id='word_1_533' title='bbox 1066 3656 1125 3708; x_wconf 92' lang='lat' dir='ltr'><strong>et</strong></span> <span class='ocrx_word' id='word_1_534' title='bbox 1179 3645 1287 3707; x_wconf 91' lang='lat' dir='ltr'><strong>lib.</strong></span> <span class='ocrx_word' id='word_1_535' title='bbox 1333 3646 1493 3726; x_wconf 90' lang='lat' dir='ltr'><strong>quod</strong></span> <span class='ocrx_word' id='word_1_536' title='bbox 1543 3646 1752 3706; x_wconf 90' lang='lat' dir='ltr'><strong>eadem</strong></span> <span class='ocrx_word' id='word_1_537' title='bbox 1800 3654 2104 3707; x_wconf 89' lang='lat' dir='ltr'><strong>recenset.</strong></span> 
     </span>
    </p>
   </div>
   <div class='ocr_carea' id='block_1_71' title="bbox 456 3733 2102 3817">
    <p class='ocr_par' dir='ltr' id='par_1_71' title="bbox 456 3733 2102 3817">
     <span class='ocr_line' id='line_1_71' title="bbox 456 3733 2102 3817; baseline -0.002 -20"><span class='ocrx_word' id='word_1_538' title='bbox 456 3737 664 3797; x_wconf 89' lang='lat' dir='ltr'><strong>Const.</strong></span> <span class='ocrx_word' id='word_1_539' title='bbox 718 3735 754 3796; x_wconf 87' lang='lat'><strong>6</strong></span> <span class='ocrx_word' id='word_1_540' title='bbox 786 3743 876 3797; x_wconf 90' lang='lat' dir='ltr'><strong>est</strong></span> <span class='ocrx_word' id='word_1_541' title='bbox 906 3753 1040 3817; x_wconf 84' lang='lat' dir='ltr'><strong>cap.</strong></span> <span class='ocrx_word' id='word_1_542' title='bbox 1072 3736 1148 3799; x_wconf 86' lang='lat'><strong>28</strong></span> <span class='ocrx_word' id='word_1_543' title='bbox 1183 3736 1344 3797; x_wconf 88' lang='lat' dir='ltr'><strong>illius</strong></span> <span class='ocrx_word' id='word_1_544' title='bbox 1377 3734 1466 3797; x_wconf 91' lang='lat' dir='ltr'><strong>tit.</strong></span> <span class='ocrx_word' id='word_1_545' title='bbox 1501 3733 1662 3815; x_wconf 88' lang='lat' dir='ltr'><strong>quod</strong></span> <span class='ocrx_word' id='word_1_546' title='bbox 1692 3734 1973 3796; x_wconf 87' lang='lat' dir='ltr'><strong>similiter</strong></span> <span class='ocrx_word' id='word_1_547' title='bbox 1997 3734 2102 3814; x_wconf 91' lang='lat' dir='ltr'><strong>ju-</strong></span> 
     </span>
    </p>
   </div>
   <div class='ocr_carea' id='block_1_72' title="bbox 457 3822 580 3886">
    <p class='ocr_par' dir='ltr' id='par_1_72' title="bbox 457 3822 580 3886">
     <span class='ocr_line' id='line_1_72' title="bbox 457 3822 580 3886; baseline -0.016 -1"><span class='ocrx_word' id='word_1_548' title='bbox 457 3822 580 3886; x_wconf 92' lang='lat' dir='ltr'><strong>bet.</strong></span> 
     </span>
    </p>
   </div>
   <div class='ocr_carea' id='block_1_73' title="bbox 550 3912 2101 3995">
    <p class='ocr_par' dir='ltr' id='par_1_73' title="bbox 550 3912 2101 3995">
     <span class='ocr_line' id='line_1_73' title="bbox 550 3912 2101 3995; baseline 0.001 -21"><span class='ocrx_word' id='word_1_549' title='bbox 550 3912 794 3977; x_wconf 76' lang='lat' dir='ltr'><strong>Textus.</strong></span> <span class='ocrx_word' id='word_1_550' title='bbox 830 3913 966 3977; x_wconf 92' lang='lat' dir='ltr'><strong>Lib.</strong></span> <span class='ocrx_word' id='word_1_551' title='bbox 1001 3931 1019 3976; x_wconf 82' lang='grc' dir='ltr'><strong>ι</strong></span> <span class='ocrx_word' id='word_1_552' title='bbox 1055 3914 1143 3977; x_wconf 92' lang='lat' dir='ltr'><strong>tit.</strong></span> <span class='ocrx_word' id='word_1_553' title='bbox 1179 3914 1240 3987; x_wconf 89' lang='lat'><strong>9,</strong></span> <span class='ocrx_word' id='word_1_554' title='bbox 1276 3921 1470 3976; x_wconf 90' lang='lat' dir='ltr'><strong>const.</strong></span> <span class='ocrx_word' id='word_1_555' title='bbox 1507 3914 1624 3977; x_wconf 87' lang='lat' dir='ltr'><strong>l8:</strong></span> <span class='ocrx_word' id='word_1_556' title='bbox 1654 3913 1924 3988; x_wconf 75' lang='lat' dir='ltr'><strong>Judteus,</strong></span> <span class='ocrx_word' id='word_1_557' title='bbox 1958 3922 2101 3995; x_wconf 90' lang='lat' dir='ltr'><strong>etc.,</strong></span> 
     </span>
    </p>
   </div>
   <div class='ocr_carea' id='block_1_74' title="bbox 458 4003 1913 4084">
    <p class='ocr_par' dir='ltr' id='par_1_74' title="bbox 458 4003 1913 4084">
     <span class='ocr_line' id='line_1_74' title="bbox 458 4003 1913 4084; baseline -0.005 -15"><span class='ocrx_word' id='word_1_558' title='bbox 458 4020 651 4084; x_wconf 72' lang='lat' dir='ltr'><strong>usque</strong></span> <span class='ocrx_word' id='word_1_559' title='bbox 681 4003 761 4065; x_wconf 82' lang='lat' dir='ltr'><strong>ad</strong></span> <span class='ocrx_word' id='word_1_560' title='bbox 790 4004 1175 4069; x_wconf 86' lang='lat' dir='ltr'><strong>cantharidas</strong></span> <span class='ocrx_word' id='word_1_561' title='bbox 1209 4004 1472 4079; x_wconf 90' lang='lat' dir='ltr'><strong>dederit,</strong></span> <span class='ocrx_word' id='word_1_562' title='bbox 1504 4010 1570 4066; x_wconf 84' lang='lat' dir='ltr'><strong>ut</strong></span> <span class='ocrx_word' id='word_1_563' title='bbox 1595 4021 1738 4082; x_wconf 85' lang='lat' dir='ltr'><strong>pag.</strong></span> <span class='ocrx_word' id='word_1_564' title='bbox 1773 4003 1913 4065; x_wconf 85' lang='lat'><strong>767.</strong></span> 
     </span>
    </p>
   </div>
   <div class='ocr_carea' id='block_1_75' title="bbox 456 4168 2102 4260">
    <p class='ocr_par' dir='ltr' id='par_1_75' title="bbox 456 4168 2102 4260">
     <span class='ocr_line' id='line_1_75' title="bbox 456 4168 2102 4260; baseline 0 -19"><span class='ocrx_word' id='word_1_565' title='bbox 456 4168 457 4177; x_wconf 49' lang='grc'><em>“</em></span> <span class='ocrx_word' id='word_1_566' title='bbox 543 4179 1175 4244; x_wconf 80' lang='lat' dir='ltr'><strong>Scholium.Const.l8</strong></span> <span class='ocrx_word' id='word_1_567' title='bbox 1199 4182 1333 4244; x_wconf 85' lang='lat' dir='ltr'><strong>tit.9</strong></span> <span class='ocrx_word' id='word_1_568' title='bbox 1358 4180 1498 4244; x_wconf 83' lang='lat' dir='ltr'><strong>lib.l</strong></span> <span class='ocrx_word' id='word_1_569' title='bbox 1524 4179 1980 4260; x_wconf 77' lang='lat' dir='ltr'><strong>cod.estcap.4l</strong></span> <span class='ocrx_word' id='word_1_570' title='bbox 2016 4178 2102 4241; x_wconf 90' lang='lat' dir='ltr'><strong>tit.</strong></span> 
     </span>
    </p>
   </div>
   <div class='ocr_carea' id='block_1_76' title="bbox 464 4269 2109 4349">
    <p class='ocr_par' dir='ltr' id='par_1_76' title="bbox 464 4269 2109 4349">
     <span class='ocr_line' id='line_1_76' title="bbox 464 4269 2109 4349; baseline -0.002 -17"><span class='ocrx_word' id='word_1_571' title='bbox 464 4276 490 4332; x_wconf 79' lang='lat' dir='ltr'><strong>l</strong></span> <span class='ocrx_word' id='word_1_572' title='bbox 526 4270 631 4333; x_wconf 88' lang='lat' dir='ltr'><strong>lib.</strong></span> <span class='ocrx_word' id='word_1_573' title='bbox 659 4287 676 4331; x_wconf 88' lang='grc' dir='ltr'><strong>ι</strong></span> <span class='ocrx_word' id='word_1_574' title='bbox 702 4269 1053 4346; x_wconf 86' lang='lat' dir='ltr'><strong>Basil.quod</strong></span> <span class='ocrx_word' id='word_1_575' title='bbox 1078 4269 1349 4338; x_wconf 78' lang='lat' dir='ltr'><strong>habet,ut</strong></span> <span class='ocrx_word' id='word_1_576' title='bbox 1374 4271 1433 4331; x_wconf 92' lang='lat' dir='ltr'><strong>in</strong></span> <span class='ocrx_word' id='word_1_577' title='bbox 1461 4269 1822 4347; x_wconf 79' lang='lat' dir='ltr'><strong>compendio</strong></span> <span class='ocrx_word' id='word_1_578' title='bbox 1844 4269 2109 4349; x_wconf 82' lang='lat' dir='ltr'><strong>proposi-</strong></span> 
     </span>
    </p>
   </div>
   <div class='ocr_carea' id='block_1_77' title="bbox 2193 3194 3813 3275">
    <p class='ocr_par' dir='ltr' id='par_1_77' title="bbox 2193 3194 3813 3275">
     <span class='ocr_line' id='line_1_77' title="bbox 2193 3194 3813 3275; baseline -0.002 -21"><span class='ocrx_word' id='word_1_579' title='bbox 2193 3197 2475 3273; x_wconf 79' lang='grc' dir='ltr'>Βασιλικὰ,</span> <span class='ocrx_word' id='word_1_580' title='bbox 2518 3199 2606 3255; x_wconf 86' lang='grc' dir='ltr'><strong>καὶ</strong></span> <span class='ocrx_word' id='word_1_581' title='bbox 2636 3197 2721 3254; x_wconf 81' lang='grc' dir='ltr'><strong>διὰ</strong></span> <span class='ocrx_word' id='word_1_582' title='bbox 2767 3207 2948 3275; x_wconf 76' lang='grc' dir='ltr'>τοῦτο,</span> <span class='ocrx_word' id='word_1_583' title='bbox 2982 3199 3016 3265; x_wconf 79' lang='grc' dir='ltr'><strong>ἡ</strong></span> <span class='ocrx_word' id='word_1_584' title='bbox 3062 3196 3143 3269; x_wconf 82' lang='grc' dir='ltr'><strong>λζ’</strong></span> <span class='ocrx_word' id='word_1_585' title='bbox 3196 3194 3629 3260; x_wconf 75' lang='grc' dir='ltr'>ἰουστινιάνειος</span> <span class='ocrx_word' id='word_1_586' title='bbox 3676 3197 3813 3274; x_wconf 78' lang='grc' dir='ltr'>νεαρὰ</span> 
     </span>
    </p>
   </div>
   <div class='ocr_carea' id='block_1_78' title="bbox 2191 3283 3813 3366">
    <p class='ocr_par' dir='ltr' id='par_1_78' title="bbox 2191 3283 3813 3366">
     <span class='ocr_line' id='line_1_78' title="bbox 2191 3283 3813 3366; baseline -0.001 -23"><span class='ocrx_word' id='word_1_587' title='bbox 2191 3289 2223 3355; x_wconf 73' lang='grc' dir='ltr'><strong>ἡ</strong></span> <span class='ocrx_word' id='word_1_588' title='bbox 2266 3286 2393 3365; x_wconf 79' lang='grc' dir='ltr'>περί</span> <span class='ocrx_word' id='word_1_589' title='bbox 2466 3290 2574 3344; x_wconf 82' lang='grc' dir='ltr'>τῶν</span> <span class='ocrx_word' id='word_1_590' title='bbox 2634 3286 2980 3353; x_wconf 78' lang='grc' dir='ltr'>Ἐκκλησιῶν</span> <span class='ocrx_word' id='word_1_591' title='bbox 3043 3283 3313 3366; x_wconf 74' lang='grc' dir='ltr'>Ἀφρικῆς</span> <span class='ocrx_word' id='word_1_592' title='bbox 3373 3286 3431 3343; x_wconf 71' lang='lat'><strong>03</strong></span> <span class='ocrx_word' id='word_1_593' title='bbox 3492 3286 3813 3363; x_wconf 79' lang='grc' dir='ltr'>κατεστρώθη</span> 
     </span>
    </p>
   </div>
   <div class='ocr_carea' id='block_1_79' title="bbox 2187 3373 3810 3453">
    <p class='ocr_par' dir='ltr' id='par_1_79' title="bbox 2187 3373 3810 3453">
     <span class='ocr_line' id='line_1_79' title="bbox 2187 3373 3810 3453; baseline -0.002 -21"><span class='ocrx_word' id='word_1_594' title='bbox 2187 3377 2260 3442; x_wconf 86' lang='grc' dir='ltr'><strong>εἰς</strong></span> <span class='ocrx_word' id='word_1_595' title='bbox 2292 3377 2359 3432; x_wconf 78' lang='grc' dir='ltr'>τὰ</span> <span class='ocrx_word' id='word_1_596' title='bbox 2390 3376 2673 3436; x_wconf 76' lang='grc' dir='ltr'>Βασιλιγᾶ.</span> <span class='ocrx_word' id='word_1_597' title='bbox 2734 3375 2800 3432; x_wconf 83' lang='grc' dir='ltr'>Ἢ</span> <span class='ocrx_word' id='word_1_598' title='bbox 2833 3373 2876 3430; x_wconf 78' lang='grc' dir='ltr'>δ’</span> <span class='ocrx_word' id='word_1_599' title='bbox 2909 3373 3051 3436; x_wconf 75' lang='grc' dir='ltr'>διᾶτ.</span> <span class='ocrx_word' id='word_1_600' title='bbox 3087 3386 3179 3434; x_wconf 80' lang='grc' dir='ltr'>τοῦ</span> <span class='ocrx_word' id='word_1_601' title='bbox 3233 3373 3621 3453; x_wconf 68' lang='grc' dir='ltr'>διαληφθέντος</span> <span class='ocrx_word' id='word_1_602' title='bbox 3652 3373 3696 3447; x_wconf 79' lang='grc' dir='ltr'>ζ’</span> <span class='ocrx_word' id='word_1_603' title='bbox 3722 3380 3810 3435; x_wconf 81' lang='grc' dir='ltr'>τίτ.</span> 
     </span>
    </p>
   </div>
   <div class='ocr_carea' id='block_1_80' title="bbox 2187 3462 3814 3543">
    <p class='ocr_par' dir='ltr' id='par_1_80' title="bbox 2187 3462 3814 3543">
     <span class='ocr_line' id='line_1_80' title="bbox 2187 3462 3814 3543; baseline 0.001 -21"><span class='ocrx_word' id='word_1_604' title='bbox 2187 3474 2281 3523; x_wconf 80' lang='grc' dir='ltr'>τοῦ</span> <span class='ocrx_word' id='word_1_605' title='bbox 2335 3465 2388 3521; x_wconf 86' lang='grc' dir='ltr'>α’</span> <span class='ocrx_word' id='word_1_606' title='bbox 2431 3463 2638 3541; x_wconf 89' lang='grc' dir='ltr'>βιϐλίου</span> <span class='ocrx_word' id='word_1_607' title='bbox 2686 3469 2778 3523; x_wconf 71' lang='grc' dir='ltr'>τοῦ</span> <span class='ocrx_word' id='word_1_608' title='bbox 2824 3462 3076 3543; x_wconf 83' lang='grc' dir='ltr'>κώδικος,</span> <span class='ocrx_word' id='word_1_609' title='bbox 3123 3463 3236 3521; x_wconf 77' lang='grc' dir='ltr'>ἔστι</span> <span class='ocrx_word' id='word_1_610' title='bbox 3299 3485 3423 3543; x_wconf 81' lang='grc' dir='ltr'>κεφ.</span> <span class='ocrx_word' id='word_1_611' title='bbox 3470 3463 3588 3540; x_wconf 67' lang='grc' dir='ltr'><strong>κζ’</strong></span> <span class='ocrx_word' id='word_1_612' title='bbox 3619 3473 3706 3523; x_wconf 78' lang='grc' dir='ltr'>τοῦ</span> <span class='ocrx_word' id='word_1_613' title='bbox 3735 3463 3814 3539; x_wconf 77' lang='grc' dir='ltr'><strong>ῥη-</strong></span> 
     </span>
    </p>
   </div>
   <div class='ocr_carea' id='block_1_81' title="bbox 2185 3551 3809 3634">
    <p class='ocr_par' dir='ltr' id='par_1_81' title="bbox 2185 3551 3809 3634">
     <span class='ocr_line' id='line_1_81' title="bbox 2185 3551 3809 3634; baseline -0.002 -23"><span class='ocrx_word' id='word_1_614' title='bbox 2185 3554 2365 3616; x_wconf 80' lang='grc' dir='ltr'>θέντος</span> <span class='ocrx_word' id='word_1_615' title='bbox 2412 3551 2490 3610; x_wconf 83' lang='grc' dir='ltr'><strong>νδ’</strong></span> <span class='ocrx_word' id='word_1_616' title='bbox 2529 3556 2633 3617; x_wconf 90' lang='grc' dir='ltr'>τίτ.</span> <span class='ocrx_word' id='word_1_617' title='bbox 2678 3561 2773 3612; x_wconf 80' lang='grc' dir='ltr'>τοῦ</span> <span class='ocrx_word' id='word_1_618' title='bbox 2829 3552 2875 3619; x_wconf 78' lang='grc' dir='ltr'><strong>ξ’</strong></span> <span class='ocrx_word' id='word_1_619' title='bbox 2935 3551 3144 3631; x_wconf 87' lang='grc' dir='ltr'>βιϐλίου</span> <span class='ocrx_word' id='word_1_620' title='bbox 3202 3552 3371 3616; x_wconf 64' lang='grc' dir='ltr'>οὕτως</span> <span class='ocrx_word' id='word_1_621' title='bbox 3414 3552 3553 3634; x_wconf 73' lang='grc' dir='ltr'>’ἔχον</span> <span class='ocrx_word' id='word_1_622' title='bbox 3596 3555 3669 3617; x_wconf 80' lang='grc' dir='ltr'>ὡς</span> <span class='ocrx_word' id='word_1_623' title='bbox 3700 3574 3809 3607; x_wconf 84' lang='grc' dir='ltr'>συν-</span> 
     </span>
    </p>
   </div>
   <div class='ocr_carea' id='block_1_82' title="bbox 2189 3636 3809 3724">
    <p class='ocr_par' dir='ltr' id='par_1_82' title="bbox 2189 3636 3809 3724">
     <span class='ocr_line' id='line_1_82' title="bbox 2189 3636 3809 3724; baseline -0.001 -24"><span class='ocrx_word' id='word_1_624' title='bbox 2189 3645 2427 3720; x_wconf 79' lang='grc' dir='ltr'>ωψίσθη,</span> <span class='ocrx_word' id='word_1_625' title='bbox 2492 3636 2555 3701; x_wconf 72' lang='grc' dir='ltr'><strong>Ἠ</strong></span> <span class='ocrx_word' id='word_1_626' title='bbox 2609 3641 2654 3699; x_wconf 88' lang='grc' dir='ltr'>ε’</span> <span class='ocrx_word' id='word_1_627' title='bbox 2699 3642 2842 3707; x_wconf 81' lang='grc' dir='ltr'>διάτ,</span> <span class='ocrx_word' id='word_1_628' title='bbox 2904 3641 3018 3699; x_wconf 78' lang='grc' dir='ltr'>’ἐστι</span> <span class='ocrx_word' id='word_1_629' title='bbox 3061 3664 3187 3724; x_wconf 69' lang='lat' dir='ltr'><strong>imp.</strong></span> <span class='ocrx_word' id='word_1_630' title='bbox 3247 3639 3328 3714; x_wconf 79' lang='grc' dir='ltr'>κζ’</span> <span class='ocrx_word' id='word_1_631' title='bbox 3387 3645 3484 3699; x_wconf 74' lang='grc' dir='ltr'><strong>τοῦ</strong></span> <span class='ocrx_word' id='word_1_632' title='bbox 3542 3643 3698 3699; x_wconf 76' lang='grc' dir='ltr'>αὒτοῦ</span> <span class='ocrx_word' id='word_1_633' title='bbox 3726 3641 3809 3698; x_wconf 86' lang='grc' dir='ltr'>τίτ.</span> 
     </span>
    </p>
   </div>
   <div class='ocr_carea' id='block_1_83' title="bbox 2189 3729 3812 3809">
    <p class='ocr_par' dir='ltr' id='par_1_83' title="bbox 2189 3729 3812 3809">
     <span class='ocr_line' id='line_1_83' title="bbox 2189 3729 3812 3809; baseline -0.004 -20"><span class='ocrx_word' id='word_1_634' title='bbox 2189 3734 2278 3789; x_wconf 84' lang='grc' dir='ltr'><strong>καὶ</strong></span> <span class='ocrx_word' id='word_1_635' title='bbox 2331 3730 2538 3809; x_wconf 87' lang='grc' dir='ltr'>βιϐλίοῦ</span> <span class='ocrx_word' id='word_1_636' title='bbox 2594 3734 2663 3790; x_wconf 81' lang='grc' dir='ltr'><strong>τὰ</strong></span> <span class='ocrx_word' id='word_1_637' title='bbox 2715 3732 2850 3791; x_wconf 69' lang='grc' dir='ltr'>αὐτὰ</span> <span class='ocrx_word' id='word_1_638' title='bbox 2906 3730 3120 3805; x_wconf 78' lang='grc' dir='ltr'>διεξιὸν,</span> <span class='ocrx_word' id='word_1_639' title='bbox 3184 3733 3273 3789; x_wconf 81' lang='grc' dir='ltr'><strong>καὶ</strong></span> <span class='ocrx_word' id='word_1_640' title='bbox 3334 3733 3367 3799; x_wconf 65' lang='grc' dir='ltr'>ἦ</span> <span class='ocrx_word' id='word_1_641' title='bbox 3427 3731 3509 3807; x_wconf 88' lang='grc' dir='ltr'><strong>ς·’</strong></span> <span class='ocrx_word' id='word_1_642' title='bbox 3553 3731 3685 3791; x_wconf 82' lang='grc' dir='ltr'>διάτ.</span> <span class='ocrx_word' id='word_1_643' title='bbox 3718 3729 3812 3784; x_wconf 75' lang='grc' dir='ltr'>ἔστι</span> 
     </span>
    </p>
   </div>
   <div class='ocr_carea' id='block_1_84' title="bbox 2190 3819 3807 3901">
    <p class='ocr_par' dir='ltr' id='par_1_84' title="bbox 2190 3819 3807 3901">
     <span class='ocr_line' id='line_1_84' title="bbox 2190 3819 3807 3901; baseline -0.001 -25"><span class='ocrx_word' id='word_1_644' title='bbox 2190 3842 2310 3901; x_wconf 77' lang='grc' dir='ltr'>κεφ.</span> <span class='ocrx_word' id='word_1_645' title='bbox 2347 3819 2440 3888; x_wconf 86' lang='grc' dir='ltr'><strong>κη’</strong></span> <span class='ocrx_word' id='word_1_646' title='bbox 2471 3829 2566 3878; x_wconf 65' lang='grc' dir='ltr'><strong>τοῦ</strong></span> <span class='ocrx_word' id='word_1_647' title='bbox 2606 3822 2850 3877; x_wconf 80' lang='grc' dir='ltr'>τοιούτου</span> <span class='ocrx_word' id='word_1_648' title='bbox 2905 3820 3010 3878; x_wconf 90' lang='grc' dir='ltr'>τίτ.</span> <span class='ocrx_word' id='word_1_649' title='bbox 3075 3821 3275 3895; x_wconf 80' lang='grc' dir='ltr'>ὁμοίως</span> <span class='ocrx_word' id='word_1_650' title='bbox 3308 3819 3807 3899; x_wconf 79' lang='grc' dir='ltr'>παρακελευόμενον.</span> 
     </span>
    </p>
   </div>
   <div class='ocr_carea' id='block_1_85' title="bbox 2273 3906 3806 3983">
    <p class='ocr_par' dir='ltr' id='par_1_85' title="bbox 2273 3906 3806 3983">
     <span class='ocr_line' id='line_1_85' title="bbox 2273 3906 3806 3983; baseline -0.005 -15"><span class='ocrx_word' id='word_1_651' title='bbox 2273 3912 2547 3983; x_wconf 84' lang='grc' dir='ltr'>Κείμενον,</span> <span class='ocrx_word' id='word_1_652' title='bbox 2585 3907 2794 3966; x_wconf 83' lang='grc' dir='ltr'>Βιϐλίον</span> <span class='ocrx_word' id='word_1_653' title='bbox 2826 3909 2902 3983; x_wconf 87' lang='grc' dir='ltr'><strong>α’,</strong></span> <span class='ocrx_word' id='word_1_654' title='bbox 2936 3910 3039 3970; x_wconf 89' lang='grc' dir='ltr'>τίτ.</span> <span class='ocrx_word' id='word_1_655' title='bbox 3083 3907 3155 3982; x_wconf 80' lang='grc' dir='ltr'><strong>θ’,</strong></span> <span class='ocrx_word' id='word_1_656' title='bbox 3210 3906 3350 3967; x_wconf 82' lang='grc' dir='ltr'>διάτ.</span> <span class='ocrx_word' id='word_1_657' title='bbox 3403 3907 3510 3983; x_wconf 86' lang='grc' dir='ltr'>ιη’,</span> <span class='ocrx_word' id='word_1_658' title='bbox 3546 3906 3806 3978; x_wconf 72' lang='grc' dir='ltr'>Ἰουδαῖος,</span> 
     </span>
    </p>
   </div>
   <div class='ocr_carea' id='block_1_86' title="bbox 2190 3994 3808 4077">
    <p class='ocr_par' dir='ltr' id='par_1_86' title="bbox 2190 3994 3808 4077">
     <span class='ocr_line' id='line_1_86' title="bbox 2190 3994 3808 4077; baseline -0.009 -14"><span class='ocrx_word' id='word_1_659' title='bbox 2190 4019 2246 4062; x_wconf 81' lang='grc' dir='ltr'><strong>κ.</strong></span> <span class='ocrx_word' id='word_1_660' title='bbox 2290 4020 2344 4061; x_wconf 76' lang='grc' dir='ltr'>τ.</span> <span class='ocrx_word' id='word_1_661' title='bbox 2404 3997 2487 4074; x_wconf 88' lang='grc' dir='ltr'>λ.,</span> <span class='ocrx_word' id='word_1_662' title='bbox 2554 4015 2744 4077; x_wconf 85' lang='lat' dir='ltr'><strong>usque</strong></span> <span class='ocrx_word' id='word_1_663' title='bbox 2804 3995 2879 4058; x_wconf 91' lang='lat' dir='ltr'><strong>ad</strong></span> <span class='ocrx_word' id='word_1_664' title='bbox 2937 3997 2971 4065; x_wconf 75' lang='grc' dir='ltr'>ἢ</span> <span class='ocrx_word' id='word_1_665' title='bbox 3032 3994 3434 4077; x_wconf 87' lang='grc' dir='ltr'>μανδρογοραν,</span> <span class='ocrx_word' id='word_1_666' title='bbox 3496 3998 3535 4064; x_wconf 73' lang='grc' dir='ltr'>ἢ</span> <span class='ocrx_word' id='word_1_667' title='bbox 3585 3994 3808 4073; x_wconf 77' lang='grc' dir='ltr'>κανθαρίι-</span> 
     </span>
    </p>
   </div>
   <div class='ocr_carea' id='block_1_87' title="bbox 2189 4085 2308 4150">
    <p class='ocr_par' dir='ltr' id='par_1_87' title="bbox 2189 4085 2308 4150">
     <span class='ocr_line' id='line_1_87' title="bbox 2189 4085 2308 4150; baseline -0.025 0"><span class='ocrx_word' id='word_1_668' title='bbox 2189 4085 2308 4150; x_wconf 79' lang='grc' dir='ltr'>δας.</span> 
     </span>
    </p>
   </div>
   <div class='ocr_carea' id='block_1_88' title="bbox 2270 4166 3807 4256">
    <p class='ocr_par' dir='ltr' id='par_1_88' title="bbox 2270 4166 3807 4256">
     <span class='ocr_line' id='line_1_88' title="bbox 2270 4166 3807 4256; baseline -0.001 -25"><span class='ocrx_word' id='word_1_669' title='bbox 2270 4175 2529 4256; x_wconf 80' lang='grc' dir='ltr'>Σχόλιον.</span> <span class='ocrx_word' id='word_1_670' title='bbox 2569 4166 2631 4232; x_wconf 67' lang='grc' dir='ltr'><em>Ἠ</em></span> <span class='ocrx_word' id='word_1_671' title='bbox 2687 4174 2766 4242; x_wconf 84' lang='grc' dir='ltr'><strong>ιη’</strong></span> <span class='ocrx_word' id='word_1_672' title='bbox 2815 4174 2955 4234; x_wconf 73' lang='grc' dir='ltr'>διάτ.</span> <span class='ocrx_word' id='word_1_673' title='bbox 3009 4185 3103 4235; x_wconf 78' lang='grc' dir='ltr'>τοῦ</span> <span class='ocrx_word' id='word_1_674' title='bbox 3133 4171 3184 4232; x_wconf 82' lang='grc' dir='ltr'>α’</span> <span class='ocrx_word' id='word_1_675' title='bbox 3214 4172 3424 4251; x_wconf 85' lang='grc' dir='ltr'>βιϐλίου</span> <span class='ocrx_word' id='word_1_676' title='bbox 3456 4181 3551 4231; x_wconf 75' lang='grc' dir='ltr'>τοῦ</span> <span class='ocrx_word' id='word_1_677' title='bbox 3581 4172 3807 4247; x_wconf 83' lang='grc' dir='ltr'>κώδικος,</span> 
     </span>
    </p>
   </div>
   <div class='ocr_carea' id='block_1_89' title="bbox 2189 4261 3807 4344">
    <p class='ocr_par' dir='ltr' id='par_1_89' title="bbox 2189 4261 3807 4344">
     <span class='ocr_line' id='line_1_89' title="bbox 2189 4261 3807 4344; baseline -0.004 -22"><span class='ocrx_word' id='word_1_678' title='bbox 2189 4265 2302 4323; x_wconf 74' lang='grc' dir='ltr'>’ἐστι</span> <span class='ocrx_word' id='word_1_679' title='bbox 2337 4287 2456 4344; x_wconf 79' lang='grc' dir='ltr'>κεφ.</span> <span class='ocrx_word' id='word_1_680' title='bbox 2490 4261 2586 4340; x_wconf 76' lang='grc' dir='ltr'>μα’</span> <span class='ocrx_word' id='word_1_681' title='bbox 2623 4272 2717 4322; x_wconf 84' lang='grc' dir='ltr'>τοῦ</span> <span class='ocrx_word' id='word_1_682' title='bbox 2747 4262 2799 4320; x_wconf 82' lang='grc' dir='ltr'>α’</span> <span class='ocrx_word' id='word_1_683' title='bbox 2830 4266 2936 4327; x_wconf 87' lang='grc' dir='ltr'>τίτ.</span> <span class='ocrx_word' id='word_1_684' title='bbox 2969 4274 3061 4324; x_wconf 80' lang='grc' dir='ltr'><strong>τοῦ</strong></span> <span class='ocrx_word' id='word_1_685' title='bbox 3109 4262 3161 4321; x_wconf 80' lang='grc' dir='ltr'>α’</span> <span class='ocrx_word' id='word_1_686' title='bbox 3213 4261 3421 4341; x_wconf 82' lang='grc' dir='ltr'>βιϐλίου</span> <span class='ocrx_word' id='word_1_687' title='bbox 3476 4263 3644 4326; x_wconf 70' lang='grc' dir='ltr'>οὕτως</span> <span class='ocrx_word' id='word_1_688' title='bbox 3698 4262 3807 4342; x_wconf 78' lang='grc' dir='ltr'>ἕχον</span> 
     </span>
    </p>
   </div>
   <div class='ocr_carea' id='block_1_90' title="bbox 462 4352 2108 4440">
    <p class='ocr_par' dir='ltr' id='par_1_90' title="bbox 462 4358 2108 4440">
     <span class='ocr_line' id='line_1_90' title="bbox 462 4358 2108 4440; baseline -0.001 -20"><span class='ocrx_word' id='word_1_689' title='bbox 462 4369 587 4423; x_wconf 90' lang='lat' dir='ltr'><strong>tum</strong></span> <span class='ocrx_word' id='word_1_690' title='bbox 601 4368 712 4419; x_wconf 92' lang='lat' dir='ltr'><strong>est:</strong></span> <span class='ocrx_word' id='word_1_691' title='bbox 733 4361 1168 4440; x_wconf 80' lang='lat' dir='ltr'><strong>excepto,quod</strong></span> <span class='ocrx_word' id='word_1_692' title='bbox 1187 4358 1427 4421; x_wconf 70' lang='lat' dir='ltr'><strong>Judzeus</strong></span> <span class='ocrx_word' id='word_1_693' title='bbox 1450 4359 1784 4438; x_wconf 86' lang='lat' dir='ltr'><strong>capitaliter</strong></span> <span class='ocrx_word' id='word_1_694' title='bbox 1809 4359 2108 4437; x_wconf 84' lang='lat' dir='ltr'><strong>puniatur.</strong></span> 
     </span>
    </p>
   </div>
   <div class='ocr_carea' id='block_1_91' title="bbox 2194 4352 3805 4440">
    <p class='ocr_par' dir='ltr' id='par_1_91' title="bbox 2194 4352 3805 4433">
     <span class='ocr_line' id='line_1_91' title="bbox 2194 4352 3805 4433; baseline -0.003 -22"><span class='ocrx_word' id='word_1_695' title='bbox 2194 4358 2265 4422; x_wconf 85' lang='grc' dir='ltr'><strong>ὡς</strong></span> <span class='ocrx_word' id='word_1_696' title='bbox 2314 4355 2645 4431; x_wconf 82' lang='grc' dir='ltr'>συνωψίσθη,</span> <span class='ocrx_word' id='word_1_697' title='bbox 2698 4352 2820 4411; x_wconf 77' lang='grc' dir='ltr'>Ξίνευ</span> <span class='ocrx_word' id='word_1_698' title='bbox 2864 4361 2954 4411; x_wconf 75' lang='grc' dir='ltr'>τοῦ</span> <span class='ocrx_word' id='word_1_699' title='bbox 2998 4354 3303 4433; x_wconf 78' lang='grc' dir='ltr'>κεφαλικῶς</span> <span class='ocrx_word' id='word_1_700' title='bbox 3348 4357 3697 4430; x_wconf 79' lang='grc' dir='ltr'>τιμωρεῖσθαι</span> <span class='ocrx_word' id='word_1_701' title='bbox 3731 4353 3805 4407; x_wconf 81' lang='grc' dir='ltr'>τὸν</span> 
     </span>
    </p>
   </div>
   <div class='ocr_carea' id='block_1_92' title="bbox 386 4446 2107 4533">
    <p class='ocr_par' dir='ltr' id='par_1_92' title="bbox 386 4446 2107 4533">
     <span class='ocr_line' id='line_1_92' title="bbox 386 4446 2107 4533; baseline -0.001 -24"><span class='ocrx_word' id='word_1_702' title='bbox 386 4525 397 4533; x_wconf 29' lang='grc' dir='ltr'><strong>ν</strong></span> <span class='ocrx_word' id='word_1_703' title='bbox 463 4447 529 4509; x_wconf 90' lang='lat' dir='ltr'><strong>ld</strong></span> <span class='ocrx_word' id='word_1_704' title='bbox 552 4465 806 4526; x_wconf 86' lang='lat' dir='ltr'><strong>namque</strong></span> <span class='ocrx_word' id='word_1_705' title='bbox 830 4447 889 4507; x_wconf 92' lang='lat' dir='ltr'><strong>in</strong></span> <span class='ocrx_word' id='word_1_706' title='bbox 914 4450 1222 4511; x_wconf 88' lang='lat' dir='ltr'><strong>Basil.non</strong></span> <span class='ocrx_word' id='word_1_707' title='bbox 1245 4457 1336 4509; x_wconf 83' lang='lat' dir='ltr'><strong>est</strong></span> <span class='ocrx_word' id='word_1_708' title='bbox 1355 4446 2107 4533; x_wconf 80' lang='lat' dir='ltr'><strong>positum.Digest.7,tit.2,</strong></span> 
     </span>
    </p>
   </div>
   <div class='ocr_carea' id='block_1_93' title="bbox 463 4532 2107 4617">
    <p class='ocr_par' dir='ltr' id='par_1_93' title="bbox 463 4532 2107 4617">
     <span class='ocr_line' id='line_1_93' title="bbox 463 4532 2107 4617; baseline -0.003 -20"><span class='ocrx_word' id='word_1_709' title='bbox 463 4537 572 4598; x_wconf 91' lang='lat' dir='ltr'><strong>lib.</strong></span> <span class='ocrx_word' id='word_1_710' title='bbox 600 4553 681 4615; x_wconf 84' lang='lat' dir='ltr'><strong>ix,</strong></span> <span class='ocrx_word' id='word_1_711' title='bbox 702 4536 820 4615; x_wconf 78' lang='lat' dir='ltr'><strong>dig.</strong></span> <span class='ocrx_word' id='word_1_712' title='bbox 850 4548 939 4598; x_wconf 88' lang='lat' dir='ltr'><strong>est</strong></span> <span class='ocrx_word' id='word_1_713' title='bbox 964 4540 1163 4599; x_wconf 79' lang='lat' dir='ltr'><strong>thema</strong></span> <span class='ocrx_word' id='word_1_714' title='bbox 1185 4540 1243 4611; x_wconf 82' lang='lat'><strong>&#39;7,</strong></span> <span class='ocrx_word' id='word_1_715' title='bbox 1273 4536 1812 4617; x_wconf 81' lang='lat' dir='ltr'><strong>tit.3,lib.Lx.quod</strong></span> <span class='ocrx_word' id='word_1_716' title='bbox 1836 4536 1920 4598; x_wconf 91' lang='lat' dir='ltr'><strong>ait</strong></span> <span class='ocrx_word' id='word_1_717' title='bbox 1956 4557 1969 4599; x_wconf 88' lang='lat'><strong>:</strong></span> <span class='ocrx_word' id='word_1_718' title='bbox 1998 4532 2107 4607; x_wconf 90' lang='lat' dir='ltr'><strong>Qui</strong></span> 
     </span>
    </p>
   </div>
   <div class='ocr_carea' id='block_1_94' title="bbox 462 4623 2108 4705">
    <p class='ocr_par' dir='ltr' id='par_1_94' title="bbox 462 4623 2108 4705">
     <span class='ocr_line' id='line_1_94' title="bbox 462 4623 2108 4705; baseline -0.003 -17"><span class='ocrx_word' id='word_1_719' title='bbox 462 4645 583 4689; x_wconf 91' lang='lat' dir='ltr'><strong>non</strong></span> <span class='ocrx_word' id='word_1_720' title='bbox 607 4625 853 4698; x_wconf 88' lang='lat' dir='ltr'><strong>occidit,</strong></span> <span class='ocrx_word' id='word_1_721' title='bbox 872 4627 977 4686; x_wconf 89' lang='lat' dir='ltr'><strong>sed</strong></span> <span class='ocrx_word' id='word_1_722' title='bbox 1002 4627 1210 4686; x_wconf 82' lang='lat' dir='ltr'><strong>mortis</strong></span> <span class='ocrx_word' id='word_1_723' title='bbox 1232 4644 1469 4687; x_wconf 89' lang='lat' dir='ltr'><strong>causam</strong></span> <span class='ocrx_word' id='word_1_724' title='bbox 1500 4624 1773 4705; x_wconf 64' lang='lat' dir='ltr'><strong>praestitit</strong></span> <span class='ocrx_word' id='word_1_725' title='bbox 1798 4628 1983 4704; x_wconf 86' lang='lat' dir='ltr'><strong>(puta,</strong></span> <span class='ocrx_word' id='word_1_726' title='bbox 2008 4623 2108 4702; x_wconf 91' lang='lat' dir='ltr'><strong>qui</strong></span> 
     </span>
    </p>
   </div>
   <div class='ocr_carea' id='block_1_95' title="bbox 462 4713 2109 4795">
    <p class='ocr_par' dir='ltr' id='par_1_95' title="bbox 462 4713 2109 4795">
     <span class='ocr_line' id='line_1_95' title="bbox 462 4713 2109 4795; baseline -0.003 -18"><span class='ocrx_word' id='word_1_727' title='bbox 462 4733 759 4777; x_wconf 87' lang='lat' dir='ltr'><strong>venenum</strong></span> <span class='ocrx_word' id='word_1_728' title='bbox 787 4734 891 4795; x_wconf 91' lang='lat' dir='ltr'><strong>pro</strong></span> <span class='ocrx_word' id='word_1_729' title='bbox 935 4715 1406 4794; x_wconf 83' lang='lat' dir='ltr'><strong>medicamento,</strong></span> <span class='ocrx_word' id='word_1_730' title='bbox 1440 4723 1542 4774; x_wconf 86' lang='lat' dir='ltr'><strong>aut</strong></span> <span class='ocrx_word' id='word_1_731' title='bbox 1584 4714 1844 4790; x_wconf 74' lang='lat' dir='ltr'><strong>gladium</strong></span> <span class='ocrx_word' id='word_1_732' title='bbox 1886 4713 2109 4775; x_wconf 85' lang='lat' dir='ltr'><strong>furenti</strong></span> 
     </span>
    </p>
   </div>
   <div class='ocr_carea' id='block_1_96' title="bbox 466 4802 2108 4884">
    <p class='ocr_par' dir='ltr' id='par_1_96' title="bbox 466 4802 2108 4884">
     <span class='ocr_line' id='line_1_96' title="bbox 466 4802 2108 4884; baseline -0.002 -17"><span class='ocrx_word' id='word_1_733' title='bbox 466 4805 657 4884; x_wconf 87' lang='lat' dir='ltr'><strong>dedit)</strong></span> <span class='ocrx_word' id='word_1_734' title='bbox 690 4806 749 4865; x_wconf 89' lang='lat' dir='ltr'><strong>in</strong></span> <span class='ocrx_word' id='word_1_735' title='bbox 782 4805 1019 4876; x_wconf 88' lang='lat' dir='ltr'><strong>factum,</strong></span> <span class='ocrx_word' id='word_1_736' title='bbox 1057 4823 1175 4865; x_wconf 82' lang='lat' dir='ltr'><strong>non</strong></span> <span class='ocrx_word' id='word_1_737' title='bbox 1214 4803 1460 4883; x_wconf 91' lang='lat' dir='ltr'><strong>[autem)</strong></span> <span class='ocrx_word' id='word_1_738' title='bbox 1495 4805 1625 4881; x_wconf 80' lang='lat' dir='ltr'><strong>lege</strong></span> <span class='ocrx_word' id='word_1_739' title='bbox 1670 4802 1901 4884; x_wconf 86' lang='lat' dir='ltr'><strong>Aquilia</strong></span> <span class='ocrx_word' id='word_1_740' title='bbox 1935 4812 2108 4863; x_wconf 87' lang='lat' dir='ltr'><strong>tene-</strong></span> 
     </span>
    </p>
   </div>
   <div class='ocr_carea' id='block_1_97' title="bbox 465 4890 2113 4973">
    <p class='ocr_par' dir='ltr' id='par_1_97' title="bbox 465 4890 2113 4973">
     <span class='ocr_line' id='line_1_97' title="bbox 465 4890 2113 4973; baseline 0 -22"><span class='ocrx_word' id='word_1_741' title='bbox 465 4896 566 4958; x_wconf 90' lang='lat' dir='ltr'><strong>tur</strong></span> <span class='ocrx_word' id='word_1_742' title='bbox 593 4895 807 4973; x_wconf 77' lang='lat' dir='ltr'><strong>digest.</strong></span> <span class='ocrx_word' id='word_1_743' title='bbox 842 4895 903 4968; x_wconf 90' lang='lat'><strong>8,</strong></span> <span class='ocrx_word' id='word_1_744' title='bbox 929 4901 1020 4956; x_wconf 89' lang='lat' dir='ltr'><strong>est</strong></span> <span class='ocrx_word' id='word_1_745' title='bbox 1042 4898 1077 4955; x_wconf 91' lang='lat'>8</span> <span class='ocrx_word' id='word_1_746' title='bbox 1109 4911 1240 4973; x_wconf 89' lang='lat' dir='ltr'><strong>cap.</strong></span> <span class='ocrx_word' id='word_1_747' title='bbox 1278 4893 1547 4971; x_wconf 86' lang='lat' dir='ltr'><strong>ejusdem</strong></span> <span class='ocrx_word' id='word_1_748' title='bbox 1578 4892 1667 4953; x_wconf 89' lang='lat' dir='ltr'><strong>tit.</strong></span> <span class='ocrx_word' id='word_1_749' title='bbox 1704 4904 1760 4952; x_wconf 91' lang='lat' dir='ltr'><strong>et</strong></span> <span class='ocrx_word' id='word_1_750' title='bbox 1788 4890 1893 4954; x_wconf 90' lang='lat' dir='ltr'><strong>lib.</strong></span> <span class='ocrx_word' id='word_1_751' title='bbox 1926 4890 2113 4952; x_wconf 90' lang='lat' dir='ltr'><strong>Simi-</strong></span> 
     </span>
    </p>
   </div>
   <div class='ocr_carea' id='block_1_98' title="bbox 468 4981 2114 5061">
    <p class='ocr_par' dir='ltr' id='par_1_98' title="bbox 468 4981 2114 5061">
     <span class='ocr_line' id='line_1_98' title="bbox 468 4981 2114 5061; baseline -0.002 -17"><span class='ocrx_word' id='word_1_752' title='bbox 468 4983 607 5044; x_wconf 90' lang='lat' dir='ltr'><strong>liter</strong></span> <span class='ocrx_word' id='word_1_753' title='bbox 636 4989 811 5043; x_wconf 85' lang='lat' dir='ltr'><strong>etiam</strong></span> <span class='ocrx_word' id='word_1_754' title='bbox 846 4983 882 5046; x_wconf 89' lang='lat'>9</span> <span class='ocrx_word' id='word_1_755' title='bbox 915 4983 1037 5060; x_wconf 82' lang='lat' dir='ltr'><strong>dig.</strong></span> <span class='ocrx_word' id='word_1_756' title='bbox 1084 4982 1145 5055; x_wconf 79' lang='grc'>4,</span> <span class='ocrx_word' id='word_1_757' title='bbox 1183 4982 1273 5042; x_wconf 89' lang='lat' dir='ltr'><strong>tit.</strong></span> <span class='ocrx_word' id='word_1_758' title='bbox 1311 4988 1371 5056; x_wconf 76' lang='lat'><strong>2,</strong></span> <span class='ocrx_word' id='word_1_759' title='bbox 1407 4981 1517 5042; x_wconf 88' lang='lat' dir='ltr'><strong>lib.</strong></span> <span class='ocrx_word' id='word_1_760' title='bbox 1554 4999 1610 5061; x_wconf 69' lang='grc' dir='ltr'>κ,</span> <span class='ocrx_word' id='word_1_761' title='bbox 1646 4981 1765 5060; x_wconf 79' lang='lat' dir='ltr'><strong>dig.</strong></span> <span class='ocrx_word' id='word_1_762' title='bbox 1798 4989 1887 5041; x_wconf 92' lang='lat' dir='ltr'><strong>est</strong></span> <span class='ocrx_word' id='word_1_763' title='bbox 1913 4981 2114 5041; x_wconf 82' lang='lat' dir='ltr'><strong>thema</strong></span> 
     </span>
    </p>
   </div>
   <div class='ocr_carea' id='block_1_99' title="bbox 467 5067 2111 5152">
    <p class='ocr_par' dir='ltr' id='par_1_99' title="bbox 467 5067 2111 5152">
     <span class='ocr_line' id='line_1_99' title="bbox 467 5067 2111 5152; baseline -0.004 -18"><span class='ocrx_word' id='word_1_764' title='bbox 467 5073 530 5143; x_wconf 88' lang='lat'><strong>2,</strong></span> <span class='ocrx_word' id='word_1_765' title='bbox 564 5090 696 5152; x_wconf 90' lang='lat' dir='ltr'><strong>cap.</strong></span> <span class='ocrx_word' id='word_1_766' title='bbox 730 5071 789 5143; x_wconf 78' lang='grc'>4,</span> <span class='ocrx_word' id='word_1_767' title='bbox 824 5072 915 5134; x_wconf 93' lang='lat' dir='ltr'><strong>tit.</strong></span> <span class='ocrx_word' id='word_1_768' title='bbox 949 5075 1010 5147; x_wconf 90' lang='lat'><strong>3,</strong></span> <span class='ocrx_word' id='word_1_769' title='bbox 1047 5070 1152 5132; x_wconf 90' lang='lat' dir='ltr'><strong>lib.</strong></span> <span class='ocrx_word' id='word_1_770' title='bbox 1179 5069 1483 5149; x_wconf 81' lang='lat' dir='ltr'><strong>xut,quod</strong></span> <span class='ocrx_word' id='word_1_771' title='bbox 1512 5070 1598 5130; x_wconf 86' lang='lat' dir='ltr'><strong>sic</strong></span> <span class='ocrx_word' id='word_1_772' title='bbox 1632 5069 1808 5131; x_wconf 89' lang='lat' dir='ltr'><strong>habet</strong></span> <span class='ocrx_word' id='word_1_773' title='bbox 1841 5090 1854 5132; x_wconf 91' lang='lat'>:</span> <span class='ocrx_word' id='word_1_774' title='bbox 1889 5067 2111 5148; x_wconf 74' lang='lat' dir='ltr'><strong>Excep-</strong></span> 
     </span>
    </p>
   </div>
   <div class='ocr_carea' id='block_1_100' title="bbox 467 5157 2110 5239">
    <p class='ocr_par' dir='ltr' id='par_1_100' title="bbox 467 5157 2110 5239">
     <span class='ocr_line' id='line_1_100' title="bbox 467 5157 2110 5239; baseline -0.002 -19"><span class='ocrx_word' id='word_1_775' title='bbox 467 5160 544 5221; x_wconf 88' lang='lat' dir='ltr'><strong>tis</strong></span> <span class='ocrx_word' id='word_1_776' title='bbox 576 5158 921 5220; x_wconf 86' lang='lat' dir='ltr'><strong>nominibus</strong></span> <span class='ocrx_word' id='word_1_777' title='bbox 939 5160 1187 5239; x_wconf 66' lang='lat' dir='ltr'><strong>reliqua)</strong></span> <span class='ocrx_word' id='word_1_778' title='bbox 1209 5178 1308 5220; x_wconf 89' lang='lat' dir='ltr'><strong>res</strong></span> <span class='ocrx_word' id='word_1_779' title='bbox 1333 5158 1714 5221; x_wconf 88' lang='lat' dir='ltr'><strong>deducuntur</strong></span> <span class='ocrx_word' id='word_1_780' title='bbox 1737 5159 1795 5219; x_wconf 92' lang='lat' dir='ltr'><strong>in</strong></span> <span class='ocrx_word' id='word_1_781' title='bbox 1814 5157 2110 5239; x_wconf 89' lang='lat' dir='ltr'><strong>judicium</strong></span> 
     </span>
    </p>
   </div>
   <div class='ocr_carea' id='block_1_101' title="bbox 471 5246 2117 5319">
    <p class='ocr_par' dir='ltr' id='par_1_101' title="bbox 471 5246 2117 5319">
     <span class='ocr_line' id='line_1_101' title="bbox 471 5246 2117 5319; baseline -0.001 -11"><span class='ocrx_word' id='word_1_782' title='bbox 471 5247 712 5308; x_wconf 65' lang='lat' dir='ltr'><strong>familia:</strong></span> <span class='ocrx_word' id='word_1_783' title='bbox 742 5248 1138 5310; x_wconf 62' lang='lat' dir='ltr'><strong>erciscundae.</strong></span> <span class='ocrx_word' id='word_1_784' title='bbox 1174 5248 1325 5311; x_wconf 83' lang='lat' dir='ltr'><strong>Mala</strong></span> <span class='ocrx_word' id='word_1_785' title='bbox 1356 5253 1533 5310; x_wconf 87' lang='lat' dir='ltr'><strong>etiam</strong></span> <span class='ocrx_word' id='word_1_786' title='bbox 1569 5246 2028 5319; x_wconf 88' lang='lat' dir='ltr'><strong>medicamenta,</strong></span> <span class='ocrx_word' id='word_1_787' title='bbox 2057 5255 2117 5308; x_wconf 88' lang='lat' dir='ltr'><strong>et</strong></span> 
     </span>
    </p>
   </div>
   <div class='ocr_carea' id='block_1_102' title="bbox 473 5336 2115 5417">
    <p class='ocr_par' dir='ltr' id='par_1_102' title="bbox 473 5336 2115 5417">
     <span class='ocr_line' id='line_1_102' title="bbox 473 5336 2115 5417; baseline 0.001 -21"><span class='ocrx_word' id='word_1_788' title='bbox 473 5337 683 5415; x_wconf 74' lang='lat' dir='ltr'><strong>magici</strong></span> <span class='ocrx_word' id='word_1_789' title='bbox 744 5336 1094 5412; x_wconf 87' lang='lat' dir='ltr'><strong>similesque</strong></span> <span class='ocrx_word' id='word_1_790' title='bbox 1147 5338 1287 5399; x_wconf 91' lang='lat' dir='ltr'><strong>libri</strong></span> <span class='ocrx_word' id='word_1_791' title='bbox 1352 5359 1365 5395; x_wconf 87' lang='lat'><strong>:</strong></span> <span class='ocrx_word' id='word_1_792' title='bbox 1429 5338 1533 5400; x_wconf 87' lang='lat' dir='ltr'><strong>sed</strong></span> <span class='ocrx_word' id='word_1_793' title='bbox 1579 5337 1801 5417; x_wconf 83' lang='lat' dir='ltr'><strong>judicis</strong></span> <span class='ocrx_word' id='word_1_794' title='bbox 1849 5336 2115 5398; x_wconf 85' lang='lat' dir='ltr'><strong>officium</strong></span> 
     </span>
    </p>
   </div>
   <div class='ocr_carea' id='block_1_103' title="bbox 471 5426 2114 5508">
    <p class='ocr_par' dir='ltr' id='par_1_103' title="bbox 471 5426 2114 5508">
     <span class='ocr_line' id='line_1_103' title="bbox 471 5426 2114 5508; baseline 0 -20"><span class='ocrx_word' id='word_1_795' title='bbox 471 5433 585 5499; x_wconf 84' lang='lat' dir='ltr'><strong>est,</strong></span> <span class='ocrx_word' id='word_1_796' title='bbox 621 5434 684 5487; x_wconf 92' lang='lat' dir='ltr'><strong>ut</strong></span> <span class='ocrx_word' id='word_1_797' title='bbox 733 5426 860 5487; x_wconf 80' lang='lat' dir='ltr'><strong>h&#39;ec</strong></span> <span class='ocrx_word' id='word_1_798' title='bbox 921 5427 1191 5507; x_wconf 85' lang='lat' dir='ltr'><strong>protinus</strong></span> <span class='ocrx_word' id='word_1_799' title='bbox 1246 5436 1611 5508; x_wconf 88' lang='lat' dir='ltr'><strong>corrumpat.</strong></span> <span class='ocrx_word' id='word_1_800' title='bbox 1649 5430 1782 5492; x_wconf 88' lang='lat' dir='ltr'><strong>Non</strong></span> <span class='ocrx_word' id='word_1_801' title='bbox 1832 5428 2114 5489; x_wconf 88' lang='lat' dir='ltr'><strong>dividun-</strong></span> 
     </span>
    </p>
   </div>
   <div class='ocr_carea' id='block_1_104' title="bbox 474 5517 2113 5599">
    <p class='ocr_par' dir='ltr' id='par_1_104' title="bbox 474 5517 2113 5599">
     <span class='ocr_line' id='line_1_104' title="bbox 474 5517 2113 5599; baseline 0.002 -24"><span class='ocrx_word' id='word_1_802' title='bbox 474 5523 573 5577; x_wconf 90' lang='lat' dir='ltr'><strong>tur</strong></span> <span class='ocrx_word' id='word_1_803' title='bbox 601 5524 821 5591; x_wconf 90' lang='lat' dir='ltr'><strong>autem,</strong></span> <span class='ocrx_word' id='word_1_804' title='bbox 858 5534 990 5595; x_wconf 79' lang='lat' dir='ltr'><strong>quae</strong></span> <span class='ocrx_word' id='word_1_805' title='bbox 1041 5534 1111 5576; x_wconf 73' lang='lat' dir='ltr'><strong>ex</strong></span> <span class='ocrx_word' id='word_1_806' title='bbox 1164 5518 1479 5594; x_wconf 73' lang='lat' dir='ltr'><strong>sacrilegio</strong></span> <span class='ocrx_word' id='word_1_807' title='bbox 1509 5518 1601 5579; x_wconf 86' lang='lat' dir='ltr'><strong>vel</strong></span> <span class='ocrx_word' id='word_1_808' title='bbox 1643 5517 1915 5599; x_wconf 89' lang='lat' dir='ltr'><strong>peculatu</strong></span> <span class='ocrx_word' id='word_1_809' title='bbox 1948 5534 2113 5597; x_wconf 68' lang='lat' dir='ltr'><strong>qua:-</strong></span> 
     </span>
    </p>
   </div>
   <div class='ocr_carea' id='block_1_105' title="bbox 472 5603 2115 5689">
    <p class='ocr_par' dir='ltr' id='par_1_105' title="bbox 472 5603 2115 5689">
     <span class='ocr_line' id='line_1_105' title="bbox 472 5603 2115 5689; baseline 0 -23"><span class='ocrx_word' id='word_1_810' title='bbox 472 5604 588 5668; x_wconf 81' lang='lat' dir='ltr'><strong>sita</strong></span> <span class='ocrx_word' id='word_1_811' title='bbox 615 5612 776 5682; x_wconf 85' lang='lat' dir='ltr'><strong>sunt,</strong></span> <span class='ocrx_word' id='word_1_812' title='bbox 836 5603 929 5670; x_wconf 84' lang='lat' dir='ltr'><strong>vel</strong></span> <span class='ocrx_word' id='word_1_813' title='bbox 958 5603 1042 5687; x_wconf 85' lang='lat' dir='ltr'><strong>vi,</strong></span> <span class='ocrx_word' id='word_1_814' title='bbox 1075 5613 1175 5666; x_wconf 85' lang='lat' dir='ltr'><strong>aut</strong></span> <span class='ocrx_word' id='word_1_815' title='bbox 1227 5623 1600 5689; x_wconf 70' lang='lat' dir='ltr'><strong>aggressum.</strong></span> <span class='ocrx_word' id='word_1_816' title='bbox 1658 5605 2115 5673; x_wconf 70' lang='lat' dir='ltr'><strong>Animadverte:</strong></span> 
     </span>
    </p>
   </div>
   <div class='ocr_carea' id='block_1_106' title="bbox 2194 4442 3807 4523">
    <p class='ocr_par' dir='ltr' id='par_1_106' title="bbox 2194 4442 3807 4523">
     <span class='ocr_line' id='line_1_106' title="bbox 2194 4442 3807 4523; baseline -0.006 -21"><span class='ocrx_word' id='word_1_817' title='bbox 2194 4442 2480 4506; x_wconf 74' lang='grc' dir='ltr'>Ἰουδαῖον.</span> <span class='ocrx_word' id='word_1_818' title='bbox 2541 4453 2707 4503; x_wconf 81' lang='grc' dir='ltr'>Τοῦτο</span> <span class='ocrx_word' id='word_1_819' title='bbox 2740 4445 2840 4523; x_wconf 79' lang='grc' dir='ltr'><strong>γὰρ</strong></span> <span class='ocrx_word' id='word_1_820' title='bbox 2871 4443 2968 4500; x_wconf 77' lang='grc' dir='ltr'><strong>οὒκ</strong></span> <span class='ocrx_word' id='word_1_821' title='bbox 2997 4443 3150 4509; x_wconf 79' lang='grc' dir='ltr'>ἐτέθη</span> <span class='ocrx_word' id='word_1_822' title='bbox 3184 4443 3258 4507; x_wconf 85' lang='grc' dir='ltr'><strong>είς</strong></span> <span class='ocrx_word' id='word_1_823' title='bbox 3308 4443 3373 4498; x_wconf 76' lang='grc' dir='ltr'>τὰ</span> <span class='ocrx_word' id='word_1_824' title='bbox 3433 4442 3710 4500; x_wconf 75' lang='grc' dir='ltr'>Βασιλικά.</span> <span class='ocrx_word' id='word_1_825' title='bbox 3750 4443 3807 4498; x_wconf 71' lang='grc' dir='ltr'><strong>τὸ</strong></span> 
     </span>
    </p>
   </div>
   <div class='ocr_carea' id='block_1_107' title="bbox 2190 4529 3806 4610">
    <p class='ocr_par' dir='ltr' id='par_1_107' title="bbox 2190 4529 3806 4610">
     <span class='ocr_line' id='line_1_107' title="bbox 2190 4529 3806 4610; baseline -0.001 -22"><span class='ocrx_word' id='word_1_826' title='bbox 2190 4533 2237 4605; x_wconf 82' lang='grc' dir='ltr'><strong>ζ’</strong></span> <span class='ocrx_word' id='word_1_827' title='bbox 2301 4532 2433 4592; x_wconf 78' lang='grc' dir='ltr'>διατ.</span> <span class='ocrx_word' id='word_1_828' title='bbox 2500 4536 2595 4589; x_wconf 80' lang='grc' dir='ltr'>τοῦ</span> <span class='ocrx_word' id='word_1_829' title='bbox 2632 4534 2682 4610; x_wconf 90' lang='grc' dir='ltr'>β’</span> <span class='ocrx_word' id='word_1_830' title='bbox 2742 4535 2848 4596; x_wconf 84' lang='grc' dir='ltr'>τίτ.</span> <span class='ocrx_word' id='word_1_831' title='bbox 2894 4541 2989 4590; x_wconf 81' lang='grc' dir='ltr'>τοῦ</span> <span class='ocrx_word' id='word_1_832' title='bbox 3048 4532 3095 4589; x_wconf 87' lang='grc' dir='ltr'>θ’</span> <span class='ocrx_word' id='word_1_833' title='bbox 3141 4530 3343 4610; x_wconf 87' lang='grc' dir='ltr'>βιϐλίου</span> <span class='ocrx_word' id='word_1_834' title='bbox 3396 4538 3502 4588; x_wconf 78' lang='grc' dir='ltr'><strong>τῶν</strong></span> <span class='ocrx_word' id='word_1_835' title='bbox 3541 4531 3674 4589; x_wconf 79' lang='grc' dir='ltr'>διάτ.</span> <span class='ocrx_word' id='word_1_836' title='bbox 3715 4529 3806 4587; x_wconf 74' lang='grc' dir='ltr'>ἔστι</span> 
     </span>
    </p>
   </div>
   <div class='ocr_carea' id='block_1_108' title="bbox 2194 4619 3806 4701">
    <p class='ocr_par' dir='ltr' id='par_1_108' title="bbox 2194 4619 3806 4701">
     <span class='ocr_line' id='line_1_108' title="bbox 2194 4619 3806 4701; baseline -0.002 -22"><span class='ocrx_word' id='word_1_837' title='bbox 2194 4623 2329 4697; x_wconf 84' lang='grc' dir='ltr'>θὲμα</span> <span class='ocrx_word' id='word_1_838' title='bbox 2383 4619 2430 4694; x_wconf 87' lang='grc' dir='ltr'><strong>ζ’</strong></span> <span class='ocrx_word' id='word_1_839' title='bbox 2484 4624 2577 4679; x_wconf 70' lang='grc' dir='ltr'>τοῦ</span> <span class='ocrx_word' id='word_1_840' title='bbox 2606 4622 2661 4701; x_wconf 86' lang='grc' dir='ltr'>γ’</span> <span class='ocrx_word' id='word_1_841' title='bbox 2690 4623 2793 4685; x_wconf 88' lang='grc' dir='ltr'>τίτ.</span> <span class='ocrx_word' id='word_1_842' title='bbox 2829 4630 2920 4681; x_wconf 82' lang='grc' dir='ltr'>τοῦ</span> <span class='ocrx_word' id='word_1_843' title='bbox 2949 4623 2992 4688; x_wconf 79' lang='grc' dir='ltr'><strong>ξ’</strong></span> <span class='ocrx_word' id='word_1_844' title='bbox 3024 4619 3252 4699; x_wconf 86' lang='grc' dir='ltr'>βιϐλίου,</span> <span class='ocrx_word' id='word_1_845' title='bbox 3314 4620 3495 4699; x_wconf 84' lang='grc' dir='ltr'>λέγον⁶</span> <span class='ocrx_word' id='word_1_846' title='bbox 3529 4619 3590 4679; x_wconf 84' lang='grc' dir='ltr'>Ὀ</span> <span class='ocrx_word' id='word_1_847' title='bbox 3620 4621 3693 4694; x_wconf 77' lang='grc' dir='ltr'><strong>μὴ</strong></span> <span class='ocrx_word' id='word_1_848' title='bbox 3719 4640 3806 4698; x_wconf 76' lang='grc' dir='ltr'><strong>φο-</strong></span> 
     </span>
    </p>
   </div>
   <div class='ocr_carea' id='block_1_109' title="bbox 2192 4709 3802 4790">
    <p class='ocr_par' dir='ltr' id='par_1_109' title="bbox 2192 4709 3802 4790">
     <span class='ocr_line' id='line_1_109' title="bbox 2192 4709 3802 4790; baseline -0.002 -21"><span class='ocrx_word' id='word_1_849' title='bbox 2192 4713 2406 4785; x_wconf 83' lang='grc' dir='ltr'>νεύσας,</span> <span class='ocrx_word' id='word_1_850' title='bbox 2438 4710 2576 4768; x_wconf 67' lang='lat' dir='ltr'><strong>am</strong></span> <span class='ocrx_word' id='word_1_851' title='bbox 2621 4712 2790 4768; x_wconf 75' lang='grc' dir='ltr'>αἰτίαν</span> <span class='ocrx_word' id='word_1_852' title='bbox 2846 4713 3073 4771; x_wconf 76' lang='grc' dir='ltr'>θανάτου</span> <span class='ocrx_word' id='word_1_853' title='bbox 3130 4709 3371 4772; x_wconf 80' lang='grc' dir='ltr'>δεδωκὼς</span> <span class='ocrx_word' id='word_1_854' title='bbox 3403 4712 3475 4788; x_wconf 67' lang='grc' dir='ltr'><strong>τῇ</strong></span> <span class='ocrx_word' id='word_1_855' title='bbox 3502 4709 3802 4790; x_wconf 72' lang='grc' dir='ltr'>ἶμφάιιτοὺμ,</span> 
     </span>
    </p>
   </div>
   <div class='ocr_carea' id='block_1_110' title="bbox 2193 4798 3803 4879">
    <p class='ocr_par' dir='ltr' id='par_1_110' title="bbox 2193 4798 3803 4879">
     <span class='ocr_line' id='line_1_110' title="bbox 2193 4798 3803 4879; baseline -0.004 -23"><span class='ocrx_word' id='word_1_856' title='bbox 2193 4806 2255 4862; x_wconf 72' lang='grc' dir='ltr'>οὗ</span> <span class='ocrx_word' id='word_1_857' title='bbox 2285 4808 2361 4875; x_wconf 79' lang='grc' dir='ltr'>τῷ</span> <span class='ocrx_word' id='word_1_858' title='bbox 2388 4800 2671 4875; x_wconf 80' lang='grc' dir='ltr'>Ἀκουιλίῳ</span> <span class='ocrx_word' id='word_1_859' title='bbox 2724 4803 3032 4876; x_wconf 78' lang='grc' dir='ltr'>ὑπόκειται,</span> <span class='ocrx_word' id='word_1_860' title='bbox 3092 4801 3164 4865; x_wconf 82' lang='grc' dir='ltr'>ὥς</span> <span class='ocrx_word' id='word_1_861' title='bbox 3218 4802 3246 4857; x_wconf 87' lang='grc' dir='ltr'>ὁ</span> <span class='ocrx_word' id='word_1_862' title='bbox 3278 4798 3525 4863; x_wconf 83' lang='grc' dir='ltr'>δεδωκὼς</span> <span class='ocrx_word' id='word_1_863' title='bbox 3556 4801 3803 4879; x_wconf 75' lang='grc' dir='ltr'>φάρμακον</span> 
     </span>
    </p>
   </div>
   <div class='ocr_carea' id='block_1_111' title="bbox 2192 4885 3802 4971">
    <p class='ocr_par' dir='ltr' id='par_1_111' title="bbox 2192 4885 3802 4971">
     <span class='ocr_line' id='line_1_111' title="bbox 2192 4885 3802 4971; baseline -0.002 -24"><span class='ocrx_word' id='word_1_864' title='bbox 2192 4891 2306 4947; x_wconf 77' lang='grc' dir='ltr'>ἀντὶ</span> <span class='ocrx_word' id='word_1_865' title='bbox 2363 4892 2616 4967; x_wconf 82' lang='grc' dir='ltr'>ἰατρείας,</span> <span class='ocrx_word' id='word_1_866' title='bbox 2669 4891 2704 4959; x_wconf 75' lang='grc' dir='ltr'>ἢ</span> <span class='ocrx_word' id='word_1_867' title='bbox 2748 4891 2893 4971; x_wconf 77' lang='grc' dir='ltr'>ξίφος</span> <span class='ocrx_word' id='word_1_868' title='bbox 2943 4894 3004 4947; x_wconf 81' lang='grc' dir='ltr'>τὸ</span> <span class='ocrx_word' id='word_1_869' title='bbox 3063 4890 3397 4965; x_wconf 84' lang='grc' dir='ltr'>μαινομένῳ,</span> <span class='ocrx_word' id='word_1_870' title='bbox 3456 4893 3529 4949; x_wconf 83' lang='grc' dir='ltr'>Τὸ</span> <span class='ocrx_word' id='word_1_871' title='bbox 3591 4887 3645 4956; x_wconf 83' lang='grc' dir='ltr'>η’</span> <span class='ocrx_word' id='word_1_872' title='bbox 3685 4885 3802 4944; x_wconf 74' lang='grc' dir='ltr'>διάτ.</span> 
     </span>
    </p>
   </div>
   <div class='ocr_carea' id='block_1_112' title="bbox 2193 4977 3803 5060">
    <p class='ocr_par' dir='ltr' id='par_1_112' title="bbox 2193 4977 3803 5060">
     <span class='ocr_line' id='line_1_112' title="bbox 2193 4977 3803 5060; baseline -0.001 -24"><span class='ocrx_word' id='word_1_873' title='bbox 2193 4978 2305 5036; x_wconf 62' lang='grc' dir='ltr'>ἔστι</span> <span class='ocrx_word' id='word_1_874' title='bbox 2364 4978 2423 5046; x_wconf 87' lang='grc' dir='ltr'>η’</span> <span class='ocrx_word' id='word_1_875' title='bbox 2473 5001 2593 5060; x_wconf 76' lang='grc' dir='ltr'>κεφ.</span> <span class='ocrx_word' id='word_1_876' title='bbox 2643 4980 2736 5036; x_wconf 79' lang='grc' dir='ltr'>τοῦ</span> <span class='ocrx_word' id='word_1_877' title='bbox 2798 4982 2960 5036; x_wconf 65' lang='grc' dir='ltr'>αὑτοῦ</span> <span class='ocrx_word' id='word_1_878' title='bbox 3022 4978 3128 5043; x_wconf 85' lang='grc' dir='ltr'>τίτ.</span> <span class='ocrx_word' id='word_1_879' title='bbox 3174 4981 3262 5035; x_wconf 85' lang='grc' dir='ltr'><strong>καὶ</strong></span> <span class='ocrx_word' id='word_1_880' title='bbox 3304 4979 3533 5055; x_wconf 84' lang='grc' dir='ltr'>βιϐλίου,</span> <span class='ocrx_word' id='word_1_881' title='bbox 3579 4977 3803 5037; x_wconf 69' lang='grc' dir='ltr'>ὡσαύτως</span> 
     </span>
    </p>
   </div>
   <div class='ocr_carea' id='block_1_113' title="bbox 2194 5065 3801 5151">
    <p class='ocr_par' dir='ltr' id='par_1_113' title="bbox 2194 5065 3801 5151">
     <span class='ocr_line' id='line_1_113' title="bbox 2194 5065 3801 5151; baseline -0.007 -26"><span class='ocrx_word' id='word_1_882' title='bbox 2194 5070 2282 5125; x_wconf 84' lang='grc' dir='ltr'><strong>καὶ</strong></span> <span class='ocrx_word' id='word_1_883' title='bbox 2323 5070 2383 5125; x_wconf 81' lang='grc' dir='ltr'>τὸ</span> <span class='ocrx_word' id='word_1_884' title='bbox 2415 5067 2486 5143; x_wconf 89' lang='grc' dir='ltr'>θ’,</span> <span class='ocrx_word' id='word_1_885' title='bbox 2520 5070 2579 5125; x_wconf 81' lang='grc' dir='ltr'>τὸ</span> <span class='ocrx_word' id='word_1_886' title='bbox 2608 5067 2655 5124; x_wconf 85' lang='grc' dir='ltr'>δ’</span> <span class='ocrx_word' id='word_1_887' title='bbox 2696 5066 2865 5151; x_wconf 46' lang='grc' dir='ltr'>δισίτί</span> <span class='ocrx_word' id='word_1_888' title='bbox 2892 5077 2984 5126; x_wconf 77' lang='grc' dir='ltr'>τοῦ</span> <span class='ocrx_word' id='word_1_889' title='bbox 3041 5068 3093 5145; x_wconf 89' lang='grc' dir='ltr'>β’</span> <span class='ocrx_word' id='word_1_890' title='bbox 3151 5070 3257 5131; x_wconf 81' lang='grc' dir='ltr'>τίτ.</span> <span class='ocrx_word' id='word_1_891' title='bbox 3295 5075 3388 5126; x_wconf 80' lang='grc' dir='ltr'>τοῦ</span> <span class='ocrx_word' id='word_1_892' title='bbox 3423 5065 3459 5124; x_wconf 83' lang='grc' dir='ltr'>ι’</span> <span class='ocrx_word' id='word_1_893' title='bbox 3490 5065 3686 5144; x_wconf 75' lang='grc' dir='ltr'>βιϐλίου</span> <span class='ocrx_word' id='word_1_894' title='bbox 3713 5068 3801 5120; x_wconf 83' lang='grc' dir='ltr'>τῶν</span> 
     </span>
    </p>
   </div>
   <div class='ocr_carea' id='block_1_114' title="bbox 2196 5148 3804 5237">
    <p class='ocr_par' dir='ltr' id='par_1_114' title="bbox 2196 5148 3804 5237">
     <span class='ocr_line' id='line_1_114' title="bbox 2196 5148 3804 5237; baseline -0.001 -24"><span class='ocrx_word' id='word_1_895' title='bbox 2196 5156 2335 5216; x_wconf 80' lang='grc' dir='ltr'>διάτ.</span> <span class='ocrx_word' id='word_1_896' title='bbox 2397 5155 2508 5214; x_wconf 78' lang='grc' dir='ltr'>ἔστι</span> <span class='ocrx_word' id='word_1_897' title='bbox 2543 5158 2680 5233; x_wconf 86' lang='grc' dir='ltr'>θέμα</span> <span class='ocrx_word' id='word_1_898' title='bbox 2723 5157 2773 5235; x_wconf 85' lang='grc' dir='ltr'>β’</span> <span class='ocrx_word' id='word_1_899' title='bbox 2817 5148 2911 5214; x_wconf 69' lang='grc' dir='ltr'>τοῦ</span> <span class='ocrx_word' id='word_1_900' title='bbox 2953 5156 2999 5213; x_wconf 78' lang='grc' dir='ltr'>δ’</span> <span class='ocrx_word' id='word_1_901' title='bbox 3060 5179 3184 5237; x_wconf 69' lang='grc' dir='ltr'>κεφ.</span> <span class='ocrx_word' id='word_1_902' title='bbox 3232 5163 3325 5214; x_wconf 79' lang='grc' dir='ltr'>τοῦ</span> <span class='ocrx_word' id='word_1_903' title='bbox 3361 5157 3415 5235; x_wconf 85' lang='grc' dir='ltr'>γ’</span> <span class='ocrx_word' id='word_1_904' title='bbox 3455 5159 3558 5219; x_wconf 89' lang='grc' dir='ltr'>τίτ.</span> <span class='ocrx_word' id='word_1_905' title='bbox 3601 5161 3688 5212; x_wconf 79' lang='grc' dir='ltr'>τοῦ</span> <span class='ocrx_word' id='word_1_906' title='bbox 3724 5148 3804 5227; x_wconf 79' lang='grc' dir='ltr'>μβ’</span> 
     </span>
    </p>
   </div>
   <div class='ocr_carea' id='block_1_115' title="bbox 2197 5240 3802 5326">
    <p class='ocr_par' dir='ltr' id='par_1_115' title="bbox 2197 5240 3802 5326">
     <span class='ocr_line' id='line_1_115' title="bbox 2197 5240 3802 5326; baseline -0.005 -24"><span class='ocrx_word' id='word_1_907' title='bbox 2197 5246 2403 5324; x_wconf 86' lang='grc' dir='ltr'>βιϐλίου</span> <span class='ocrx_word' id='word_1_908' title='bbox 2432 5247 2597 5309; x_wconf 66' lang='grc' dir='ltr'>οὕτως</span> <span class='ocrx_word' id='word_1_909' title='bbox 2633 5245 2787 5326; x_wconf 78' lang='grc' dir='ltr'>ἕχον·</span> <span class='ocrx_word' id='word_1_910' title='bbox 2817 5245 3197 5325; x_wconf 76' lang='grc' dir='ltr'>Ἐξῃρημένων</span> <span class='ocrx_word' id='word_1_911' title='bbox 3228 5246 3335 5303; x_wconf 79' lang='grc' dir='ltr'><strong>τῶν</strong></span> <span class='ocrx_word' id='word_1_912' title='bbox 3367 5253 3546 5324; x_wconf 69' lang='grc' dir='ltr'>γραῶν</span> <span class='ocrx_word' id='word_1_913' title='bbox 3577 5245 3637 5301; x_wconf 76' lang='grc' dir='ltr'><strong>τὰ</strong></span> <span class='ocrx_word' id='word_1_914' title='bbox 3664 5240 3802 5299; x_wconf 76' lang='grc' dir='ltr'>λοιπὰ</span> 
     </span>
    </p>
   </div>
   <div class='ocr_carea' id='block_1_116' title="bbox 2204 5328 3801 5416">
    <p class='ocr_par' dir='ltr' id='par_1_116' title="bbox 2204 5328 3801 5416">
     <span class='ocr_line' id='line_1_116' title="bbox 2204 5328 3801 5416; baseline -0.005 -23"><span class='ocrx_word' id='word_1_915' title='bbox 2204 5337 2490 5416; x_wconf 72' lang='grc' dir='ltr'>πράγματα</span> <span class='ocrx_word' id='word_1_916' title='bbox 2548 5337 2876 5415; x_wconf 76' lang='grc' dir='ltr'>κατάγονται</span> <span class='ocrx_word' id='word_1_917' title='bbox 2939 5338 3012 5392; x_wconf 75' lang='lat' dir='ltr'><strong>civ</strong></span> <span class='ocrx_word' id='word_1_918' title='bbox 3067 5337 3128 5392; x_wconf 82' lang='grc' dir='ltr'><strong>τὸ</strong></span> <span class='ocrx_word' id='word_1_919' title='bbox 3206 5333 3437 5413; x_wconf 68' lang='grc' dir='ltr'>διαίρων</span> <span class='ocrx_word' id='word_1_920' title='bbox 3487 5336 3553 5412; x_wconf 64' lang='grc' dir='ltr'><strong>τῇ</strong></span> <span class='ocrx_word' id='word_1_921' title='bbox 3602 5328 3801 5413; x_wconf 56' lang='lat' dir='ltr'><strong>capulis</strong></span> 
     </span>
    </p>
   </div>
   <div class='ocr_carea' id='block_1_117' title="bbox 2196 5416 3800 5505">
    <p class='ocr_par' dir='ltr' id='par_1_117' title="bbox 2196 5416 3800 5505">
     <span class='ocr_line' id='line_1_117' title="bbox 2196 5416 3800 5505; baseline -0.006 -23"><span class='ocrx_word' id='word_1_922' title='bbox 2196 5426 2287 5482; x_wconf 76' lang='grc' dir='ltr'>τὸν</span> <span class='ocrx_word' id='word_1_923' title='bbox 2316 5424 2515 5502; x_wconf 79' lang='grc' dir='ltr'>κλῆρον</span> <span class='ocrx_word' id='word_1_924' title='bbox 2562 5423 2929 5505; x_wconf 77' lang='grc' dir='ltr'>δικαστήριον,</span> <span class='ocrx_word' id='word_1_925' title='bbox 2987 5425 3074 5482; x_wconf 82' lang='grc' dir='ltr'><strong>καὶ</strong></span> <span class='ocrx_word' id='word_1_926' title='bbox 3134 5425 3202 5481; x_wconf 73' lang='grc' dir='ltr'>τὰ</span> <span class='ocrx_word' id='word_1_927' title='bbox 3232 5426 3375 5481; x_wconf 83' lang='grc' dir='ltr'>κακὰ</span> <span class='ocrx_word' id='word_1_928' title='bbox 3427 5424 3690 5504; x_wconf 77' lang='grc' dir='ltr'>φάρμακα,</span> <span class='ocrx_word' id='word_1_929' title='bbox 3728 5416 3800 5473; x_wconf 75' lang='grc' dir='ltr'><strong>καὶ</strong></span> 
     </span>
    </p>
   </div>
   <div class='ocr_carea' id='block_1_118' title="bbox 2195 5506 3794 5594">
    <p class='ocr_par' dir='ltr' id='par_1_118' title="bbox 2195 5506 3794 5594">
     <span class='ocr_line' id='line_1_118' title="bbox 2195 5506 3794 5594; baseline -0.005 -23"><span class='ocrx_word' id='word_1_930' title='bbox 2195 5515 2261 5571; x_wconf 68' lang='grc' dir='ltr'>τὰ</span> <span class='ocrx_word' id='word_1_931' title='bbox 2290 5515 2495 5591; x_wconf 77' lang='grc' dir='ltr'>μαγικὰ</span> <span class='ocrx_word' id='word_1_932' title='bbox 2525 5511 2705 5591; x_wconf 82' lang='grc' dir='ltr'>βιϐλία</span> <span class='ocrx_word' id='word_1_933' title='bbox 2746 5516 2833 5570; x_wconf 84' lang='grc' dir='ltr'><strong>καὶ</strong></span> <span class='ocrx_word' id='word_1_934' title='bbox 2864 5515 2928 5570; x_wconf 72' lang='grc' dir='ltr'><strong>τὰ</strong></span> <span class='ocrx_word' id='word_1_935' title='bbox 2987 5514 3175 5592; x_wconf 83' lang='grc' dir='ltr'>ὃμοια,</span> <span class='ocrx_word' id='word_1_936' title='bbox 3235 5512 3373 5569; x_wconf 79' lang='grc' dir='ltr'>ἀλλὰ</span> <span class='ocrx_word' id='word_1_937' title='bbox 3429 5510 3656 5594; x_wconf 70' lang='grc' dir='ltr'>ὀφρίκιόν</span> <span class='ocrx_word' id='word_1_938' title='bbox 3702 5506 3794 5594; x_wconf 63' lang='grc' dir='ltr'>ἐστι</span> 
     </span>
    </p>
   </div>
   <div class='ocr_carea' id='block_1_119' title="bbox 2197 5591 3795 5686">
    <p class='ocr_par' dir='ltr' id='par_1_119' title="bbox 2197 5591 3795 5686">
     <span class='ocr_line' id='line_1_119' title="bbox 2197 5591 3795 5686; baseline -0.005 -24"><span class='ocrx_word' id='word_1_939' title='bbox 2197 5612 2289 5665; x_wconf 71' lang='grc' dir='ltr'>τοῦ</span> <span class='ocrx_word' id='word_1_940' title='bbox 2343 5602 2595 5665; x_wconf 72' lang='grc' dir='ltr'>δικαστοῦ</span> <span class='ocrx_word' id='word_1_941' title='bbox 2651 5604 2991 5686; x_wconf 76' lang='grc' dir='ltr'>παραχρῆμα</span> <span class='ocrx_word' id='word_1_942' title='bbox 3045 5603 3111 5663; x_wconf 74' lang='grc' dir='ltr'>τὰ</span> <span class='ocrx_word' id='word_1_943' title='bbox 3162 5591 3399 5665; x_wconf 60' lang='grc' dir='ltr'>τοιαῦτα</span> <span class='ocrx_word' id='word_1_944' title='bbox 3458 5591 3691 5686; x_wconf 51' lang='grc' dir='ltr'>φθείρειν.</span> <span class='ocrx_word' id='word_1_945' title='bbox 3738 5591 3795 5650; x_wconf 73' lang='lat'><strong>0&#39;5</strong></span> 
     </span>
    </p>
   </div>
  </div>
