3930 6218
172 352 331 432 1117

1056 369 1555 443 NOMOGANON.
1619 408 1684 423 —
1741 372 1901 440 TtT.
1948 375 2056 457 Ix,
2104 376 2268 443 CAP.
2317 368 2539 445 xxvt.

3288 456 3297 463 ι
3392 366 3545 444 1118

165 497 371 595 διαιρεῖ
411 499 466 595 δὲ
514 500 582 595 τᾷ
648 500 771 595 ἀπὸ,
825 504 1119 595 ἱεροσυλίας
1192 508 1478 584 κτηθέντα,
1525 507 1561 580 ἢ
1603 510 1669 568 τὰ
1710 510 1913 571 ἀπὸλὶ

1958 511 2109 588 itur,
2136 512 2293 595 quod
2327 514 2388 575 in
2420 513 2551 594 Dig.
2599 511 2887 591 scriptum
2922 510 3020 589 sit,
3057 531 3132 577 ne
3165 508 3379 595 magici
3403 510 3548 575 libri

168 590 344 667 δήμου
388 590 685 673 κλαπέντα,
744 593 779 660 ἢ
840 593 1053 674 ἐφόδου.
1116 598 1364 678 Πρόσχες
1406 601 1578 660 τοίνυν
1623 599 1705 657 ὅτι
1764 600 1818 657 ἐν

168 679 277 754 μὶν
327 694 446 743 τοῖς
504 678 773 760 διγέστοις
845 684 1144 762 γέγραπται
1226 691 1303 762 μὴ
1366 685 1687 767 διαιρεῖσθαι
1754 691 1819 746 τὰ

167 771 376 849 μαγικὰ
419 767 625 846 βιϐλία,
675 772 763 827 καὶ
806 773 872 829 τὰ
917 775 1056 829 κατὰ
1099 774 1381 854 φάρμακα.
1419 769 1477 835 Ὀ
1510 777 1565 834 δὲ
1598 779 1818 856 βασιλι-

167 861 267 922 κὸς
324 859 468 936 λέγει
537 858 853 939 διαιρεῖσθαι
916 870 1107 936 ταῦτα,
1179 867 1266 921 καὶ
1328 865 1441 922 ἔστι
1485 870 1621 924 κατὰ
1680 869 1819 926 πολὺ

163 946 543 1028 ἀκριϐέστερον
587 950 650 1005 16
691 957 785 1007 106
826 950 1140 1033 Βασιλνκοῦ,
1211 956 1298 1010 καὶ
1368 963 1533 1012 ταῦτα
1584 959 1685 1037 γὰρ
1742 960 1817 1023 ὡς

166 1035 432 1101 δεσπότας
489 1040 769 1116 γινόμενα,
829 1038 1009 1104 καλῶς
1068 1041 1415 1122 διαιροῦνται,
1487 1035 1702 1125 Ἐτέρδυ
1760 1046 1816 1104 δὲ

165 1127 336 1206 λόγου
378 1127 485 1184 ἐστὶ
526 1129 588 1184 16
634 1129 874 1186 καίεσθαι
919 1130 1054 1187 αὐτὰ
1126 1133 1351 1212 ὀφρικίῳ
1410 1141 1503 1191 τοῦ
1561 1133 1815 1193 δικαστοῦ

160 1214 253 1273 διὰ
285 1218 350 1274 τὰ
391 1218 452 1273 16
482 1218 559 1292 μή
590 1238 735 1282 τινας
779 1217 839 1274 ἐκ
868 1220 1072 1276 τούτων
1114 1219 1403 1297 βλαϐῆναι.
1439 1225 1509 1281 Τὸ
1553 1223 1634 1280 λε’
1665 1223 1804 1288 διάτ.

158 1311 263 1363 106
305 1305 359 1361 α’
399 1306 503 1368 τίτ,
540 1308 633 1362 106
678 1305 754 1373 ιη’
779 1305 985 1384 βιϐλίου
1016 1314 1123 1365 τῶν
1150 1308 1291 1368 διατ.
1326 1309 1437 1369 ἔστι
1468 1312 1604 1387 θέμα
1634 1313 1685 1392 γ’
1716 1315 1812 1371 106

160 1392 247 1451 λε’
294 1417 415 1475 κεφ.
457 1402 549 1452 106
593 1395 647 1453 α’
689 1398 792 1456 τίτ.
841 1405 936 1454 106
981 1397 1047 1455 ιϐ’
1091 1397 1299 1475 βιϐλίου
1358 1408 1467 1459 τῶν
1509 1402 1811 1461 Βασιλικῶν

159 1486 368 1562 ὁμοίως
398 1484 552 1565 ἔχον,
586 1487 658 1544 Τὸ
689 1485 756 1542 ιε’
787 1485 928 1549 διάτ.
960 1494 1054 1545 τοῦ
1087 1488 1125 1544 ι’
1184 1491 1287 1554 τίτ,
1341 1501 1432 1551 106
1478 1490 1566 1568 μζ’
1608 1491 1814 1569 βιϐλίου

1904 602 2183 684 malaque
2197 605 2634 666 medicamenta
2651 603 3026 667 dividantur:
3044 604 3435 669 Basil.autem
3454 604 3577 666 illa'

1900 690 2084 753 dividi
2109 691 2295 755 dicat.
2325 693 2520 774 Atque
2547 694 2695 755 illud
2719 692 3025 775 [quidem]
3050 693 3434 757 Basil.multo
3466 703 3558 756 est

1903 782 2195 846 exactius.
2232 782 2417 845 Recte
2451 789 2611 845 enim
2645 783 2997 845 dividuntur
3036 780 3167 859 illa',
3219 791 3285 843 ut
3333 802 3466 863 quae
3493 783 3557 845 in

1902 870 2174 934 dominio
2204 873 2451 935 fuerint.
2493 870 2562 934 Ut
2592 880 2789 933 autem
2824 873 3025 934 ofﬁcio
3047 872 3273 953 judicis
3303 871 3553 933 combu-

1900 961 2395 1036 rantur,alterius
2426 960 2674 1023 rationis
2699 970 2793 1023 est
2826 979 2840 1025 :
2880 981 2955 1024 ne
2992 962 3314 1040 [videlicet]
3340 979 3410 1023 ex
3433 960 3555 1023 illis

1899 1048 2203 1129 aliquibus
2256 1058 2569 1111 noceatur.
2617 1049 2841 1127 Digest.
2891 1050 2993 1124 35,
3029 1053 3112 1112 tit.
3153 1052 3211 1120 1,
3243 1050 3350 1113 lib.
3385 1067 3547 1125 xvnr,

1898 1137 2124 1216 dig.est
2159 1139 2361 1202 thema
2383 1140 2693 1221 3,cap.35,
2719 1142 2810 1202 tit.
2846 1140 2904 1220 1,
2935 1138 3041 1203 lib.
3066 1158 3162 1202 nx
3194 1139 3551 1219 Basilquod

1896 1228 2175 1290 eumdem
2236 1228 2560 1290 admodum
2623 1227 2827 1289 habet.
2886 1229 3119 1307 Digest.
3180 1229 3281 1304 15,
3321 1229 3547 1303 ιὶι.10,

1893 1315 2003 1378 lib.
2041 1333 2221 1393 XLVII,
2256 1317 2377 1396 dig.
2415 1326 2510 1380 est
2542 1337 2673 1398 cap.
2713 1320 2812 1390 15,
2847 1317 2938 1379 tit.
2973 1318 3070 1393 91,
3108 1317 3216 1378 lib.
3250 1334 3329 1379 Lx
3359 1318 3545 1382 Basil.

1894 1405 2052 1487 quod
2086 1405 2296 1468 eadem
2323 1406 2494 1485 dicit,
2529 1416 2779 1486 excepto
2819 1407 2978 1490 quod
3018 1406 3549 1469 constitutionibus
3610 1474 3629 1485 I

1898 1496 2306 1577 teneatur,qui
2325 1515 2434 1577 per
2447 1496 2830 1575 astrologiam
2847 1497 3099 1558 aliamve
3118 1495 3543 1557 divinationem

155 1581 276 1632 τῶν
320 1573 631 1657 διατάξεων,
678 1576 790 1634 ἔστι
847 1598 970 1658 κεφ.
1028 1576 1094 1634 ιε’
1141 1587 1235 1637 106
1277 1584 1359 1637 κα’
1393 1583 1497 1644 τίτ.
1529 1588 1622 1638 τοῦ
1647 1580 1690 1647 ξ’
1721 1584 1810 1659 βι-
1896 1584 1913 1644 1

1962 1602 2089 1646 rem
2124 1573 2367 1662 dixerit,
2404 1586 2505 1666 qui
2538 1604 2658 1647 non
2682 1573 2843 1649 ierat.
2880 1586 3007 1648 Hoc
3037 1585 3198 1647 enim
3233 1587 3291 1646 in
3328 1584 3544 1646 eodem

152 1663 315 1721 ϐλίου
355 1672 460 1721 τῶν
505 1665 806 1723 Βασιλικῶν
851 1668 918 1723 τὰ
978 1668 1108 1724 αὖτᾶ
1162 1668 1347 1749 λέγον,
1399 1668 1523 1728 ἄνευ
1551 1671 1644 1728 106
1672 1673 1808 1729 ὑπό·
1895 1693 1913 1735 ε

1958 1693 2028 1755 ῳ.
2062 1694 2180 1735 non
2216 1684 2308 1736 est
2338 1663 2624 1755 positum,
2658 1675 2764 1738 sed
2805 1676 2865 1735 in
2902 1677 3166 1736 themate
3199 1680 3233 1737 8
3268 1673 3544 1755 ejusdem

155 1759 369 1811 κεισϐαι
399 1768 519 1819 ταῖς
572 1754 836 1822 διατάξεσι
879 1759 972 1814 τὸν
1030 1756 1099 1814 δι’
1131 1759 1509 1840 ἀστρολογίας,
1545 1761 1581 1829 ἢ
1625 1762 1811 1841 ἑτέρας
1893 1782 1913 1824 ί

2067 1763 2281 1842 digest.
2315 1754 2374 1845 Ξ,
2419 1768 2508 1828 tit.
2544 1767 2604 1841 8,
2640 1764 2749 1829 lib.
2782 1781 2989 1838 XLVIII,
3023 1764 3144 1841 dig.
3178 1772 3272 1827 est
3306 1754 3444 1840 Cap.
3479 1763 3540 1835 3,

153 1845 415 1922 μαντείας
460 1846 678 1902 εἰπόντα
722 1845 965 1914 κλέπτην
1006 1848 1098 1904 τὸν
1153 1850 1232 1922 μὴ
1294 1847 1445 1911 ὄντα.
1501 1857 1665 1908 T0610
1708 1852 1808 1929 γὰρ
1834 1843 1913 1915 Bt

1958 1843 1987 1914 ιζ
2016 1852 2115 1929 39,
2141 1853 2247 1915 lib.
2272 1843 2553 1917 Lx‘Basil.
2582 1856 2739 1935 quod
2761 1854 2974 1917 eadem
3001 1854 3129 1916 fere
3145 1852 3459 1933 dicit,quae
3483 1852 3546 1913 in

152 1938 258 1993 οὒκ
299 1933 455 2024 έτέϐη
501 1936 573 1997 εἰς
618 1936 676 2024 16
725 1938 864 2024 ,αὐτὸ
919 1958 1045 2015 κεφ.
1100 1936 1240 1994 ἀλλὰ
1293 1941 1366 2001 εἷς
1423 1939 1558 2015 θέμα
1612 1940 1671 2005 η’
1716 1943 1810 1996 106
1891 1951 1909 2003 ι

1958 1950 2053 2004 xtn
2076 1942 2302 2024 scripta
2331 1953 2499 2007 sunt.
2525 1933 2925 2008 Additautem
2949 1942 3132 2005 Basil.
3160 1951 3223 2003 ut
3248 1942 3347 2023 qui
3375 1959 3545 2002 ama-

146 2023 471 2113 (1610621129.
508 2026 581 2082 T6
610 2023 662 2101 β’
714 2023 855 2089 διάτ,
916 2025 1129 2113 1061f
1173 2028 1276 2089 τίτ.
1312 2038 1405 2088 106
1454 2029 1555 2104 μη’
1600 2028 1807 2106 βιϐλίου
1888 2040 1910 2091 ι

1958 2031 2043 2093 ria
2065 2023 2561 2110 conficiunt,post
2583 2032 3052 2113 publicationem
3070 2032 3365 2093 honorum
3386 2030 3547 2093 rele-

149 2117 265 2169 τῶν
296 2112 431 2174 διατ.
468 2114 580 2171 ἔστι
610 2135 735 2194 κεφ,
769 2113 822 2193 γ’
853 2122 946 2172 106
977 2112 1056 2171 λθ’
1088 2117 1193 2175 τίτ.
1245 2125 1338 2174 106
1386 2115 1431 2183 ξ’
1460 2116 1665 2194 βιϐλίου
1696 2124 1805 2174 τῶν
1886 2140 1913 2200 ε

1964 2120 2283 2194 ntnr.Quaa
2306 2140 2448 2183 vero
2473 2122 2547 2183 de
2573 2112 2982 2202 pigmentario
3004 2121 3227 2201 scripta
3247 2120 3547 2194 sunt,co|-

147 2202 460 2261 Βασιλικῶν
490 2206 555 2261 τὰ
600 2204 729 2261 αὔτα
773 2201 971 2284 σχεδὸν
1002 2204 1160 2284 λέγον
1210 2207 1310 2262 ὃσα
1354 2208 1428 2272 εἷς
1489 2208 1550 2263 τὸ
1614 2208 1800 2283 κείμε-
1887 2209 1913 2269 l.

1958 2218 2078 2271 cata
2109 2219 2246 2272 sunt
2291 2211 2349 2270 in
2376 2201 2643 2272 themate
2666 2209 2993 2289 3ejusdem
3021 2228 3181 2288 cap.,
3217 2208 3372 2288 quod
3406 2207 3488 2268 ait
3524 2223 3539 2269 :

148 2314 247 2349 νον
280 2293 611 2373 ἐγράφησαν.
651 2285 708 2350 ’0
758 2292 813 2349 δὲ
862 2293 1145 2360 Βασιλικὸς
1194 2296 1509 2373 προστίθησι
1540 2297 1637 2363 τὴν
1666 2296 1800 2370 μετὰ
1883 2296 1913 2357 Ε

2003 2298 2443 2378 pigmentarius
2489 2299 2731 2379 [etiam]
2754 2285 2882 2379 'qui
2906 2285 3138 2360 temere
3159 2285 3338 2359 alicui
3361 2296 3533 2358 cicu-

146 2381 469 2458 δημεύσεως
503 2383 705 2463 ξΞορίαν
760 2383 899 2439 κατᾶ
956 2389 1064 2439 τῶν
1120 2385 1416 2441 ποιούντων
1460 2387 1524 2440 τὰ
1582 2383 1795 2463 φίλτρα.
1884 2398 1913 2445 t.‘

1958 2406 2025 2459 m,
2054 2388 2521 2463 salamandram,
2555 2388 2887 2463 aconitum,
2927 2387 3390 2467 pityocampam,
3429 2382 3535 2445 bu—

144 2480 233 2534 Τα
291 2473 344 2530 δὲ
416 2475 684 2555 γραφέντα
756 2471 1019 2549 περὶτοῦ
1061 2476 1431 2552 πημενταρίου
1485 2474 1796 2553 ἆνετάχθη-
1885 2493 1913 2555 p

1958 2477 2157 2552 estim,
2197 2477 2677 2555 mandragoram,
2712 2486 2812 2537 aut
2842 2476 3227 2537 cantharidas
3256 2473 3449 2536 dedit.

145 2586 251 2621 σαν
284 2566 362 2629 εἷς
391 2567 451 2621 16
493 2564 544 2644 γ’
575 2564 709 2640 θέμα
752 2570 843 2622 106
886 2566 1044 2624 06106
1073 2563 1127 2643 γ’
1172 2586 1294 2645 κεφ.
1328 2564 1606 2643 λέγοντος
1657 2566 1755 2623 Καὶ
1786 2568 1814 2621 6
1845 2568 2210 2646 πημεντάριος
2249 2574 2522 2647 προπετῶς
2557 2566 2727 2630 διδούς
2761 2589 2860 2623 τινι
2905 2567 3153 2647 κώνειον,
3184 2566 3220 2635 ἢ
3248 2563 3531 2640 σαλαμάν.

139 2660 299 2732 ὃραν,
330 2653 367 2722 ἢ
397 2652 668 2733 ἆκόνινον,
705 2653 736 2722 ἢ
778 2653 1188 2727 πιτυοκάμπην,
1218 2654 1252 2722 ἦ
1282 2652 1637 2733 βούϐρωστιν,
1668 2652 1702 2721 ἢ
1735 2651 2129 2737 μανδραγόραν,
2163 2657 2197 2725 ἢ
2242 2655 2576 2735 κανθαρίδας.

229 2744 509 2819 Κείμενον.
536 2744 682 2804 Δίατ.
717 2741 817 2820 ιγ’,
860 2740 921 2801 ’0
977 2750 1146 2799 ποιῶν
1177 2744 1354 2810 θυσίας
1411 2743 1795 2822 ἀπηγορευμέ-

1970 2746 2211 2807 Textus.
2245 2745 2471 2825 Digest.
2529 2743 2629 2810 13.
2664 2743 2778 2817 Qui
2810 2746 3010 2818 vetita,
3048 2751 3193 2819 etc.,
3229 2757 3423 2823 usque
3452 2740 3532 2804 ad

137 2856 264 2912 νας,
313 2857 368 2896 κ.
403 2856 459 2895 τ.
493 2832 576 2909 λ.,
620 2848 810 2912 usque
868 2830 941 2892 ad
1001 2832 1091 2888 έάν
1134 2856 1215 2897 τις
1260 2837 1321 2890 ὲκ
1377 2835 1562 2890 τούτου
1604 2831 1796 2888 τελευ-
1878 2852 1907 2895 s

1958 2835 2242 2915 pplicium
2273 2836 2585 2915 inﬂigitur,
2619 2842 2685 2897 ut
2705 2852 2851 2914 pag.
2883 2835 3026 2896 767.

146 2924 484 3092 ’ήέἔόλιοι
552 3013 625 3070 T6
684 3010 756 3089 ιγ’
812 3010 952 3075 διάτ.
995 3012 1106 3069 ἔστι
1138 3011 1230 3071 106
1264 3011 1421 3069 αὐτοῦ
1460 3009 1667 3088 βιϐλίου
1711 3011 1797 3067 καὶ

126 3102 243 3160 τίτ.
281 3123 407 3178 κεφ.
442 3102 492 3157 θ’
524 3102 591 3158 τὰ
621 3103 753 3159 αὐτὰ
784 3100 966 3181 λέγον.
1006 3104 1078 3161 Τὸ
1118 3100 1212 3169 κη’
1253 3100 1393 3163 διάτ.
1450 3107 1543 3157 τοῦ
1576 3100 1643 3156 ιϐ’
1688 3101 1791 3161 τίτ,

130 3198 235 3249 τοῦ
268 3189 374 3266 μὴ’
400 3188 611 3267 βιϐλίου
667 3193 761 3247 οὐκ
809 3190 964 3259 ἐτέθη
1010 3194 1083 3255 εἷς
1128 3191 1195 3247 τὰ
1241 3189 1525 3263 Βασιλικα,
1586 3190 1674 3245 καὶ
1733 3190 1795 3243 16

134 3279 236 3348 λη’
301 3278 442 3343 διαίτ,
500 3287 595 3338 106
650 3280 718 3337 ιϐ’
776 3281 881 3341 τίτ.
937 3288 1029 3337 τοῦ
1089 3283 1246 3337 αὐτοῦ
1306 3276 1405 3353 μη⁹
1447 3276 1657 3354 βιϐλίου
1687 3282 1793 3334 τῶν

134 3370 461 3448 διατάξεων,
507 3369 614 3425 ’ἐστι
657 3368 792 3444 ϐέμκ
835 3368 914 3444 ς’
959 3379 1052 3427 106
1095 3369 1183 3436 λη’
1231 3390 1356 3447 κεφ.
1404 3374 1498 3423 106
1541 3365 1626 3423 να’
1682 3368 1790 3428 τίτ,

132 3472 236 3521 τοῦ
268 3461 314 3526 Ξ⁹
342 3457 573 3538 βιϐλίου,
604 3458 770 3525 οὕτως
802 3458 933 3539 ἔχον
966 3462 1040 3523 ὡς
1102 3458 1334 3537 ὶγράφη.
1371 3455 1668 3533 Ἀνάγνωθι
1710 3457 1797 3512 κ²ὶ

131 3553 265 3612 τοὺς
301 3549 582 3624 κειμένους
622 3550 844 3611 κανόνας
876 3549 936 3605 ἐκ
973 3556 1050 3623 τῷ
1081 3547 1132 3603 κ’
1163 3569 1286 3624 κεφ,
1325 3553 1410 3602 τοῦ
1443 3545 1514 3623 ιγ’
1570 3546 1671 3607 τίτ,
1704 3550 1797 3601 τοῦ

132 3640 411 3718 παρόντος
472 3637 848 3715 συντάγματος
904 3646 999 3695 106
1074 3635 1417 3700 διδάσκοντος
1466 3636 1584 3711 περὶ
1650 3635 1795 3690 ἀπο-

127 3736 383 3808 στατῶν,
442 3731 536 3784 καί
593 3731 789 3807 θυτῶν,
844 3729 934 3784 καὶ
990 3728 1204 3806 μάγων,
1280 3727 1368 3782 καὶ
1426 3723 1791 3804 ἀστρολόγων,

130 3820 562 3897 μαθηματικῶν,
599 3816 867 3891 μαντέων,
903 3818 993 3873 καὶ
1022 3816 1356 3893 περιπίπτων,

221 3908 482 3968 ΚΕΦΑΛ.
534 3904 682 3980 κζ’.
727 3938 804 3950 -
852 3908 983 3986 Περὶ
1027 3905 1364 3984 ἐπισκόπων,
1409 3903 1445 3971 ἢ
1494 3901 1787 3982 κληρικῶν,

120 3998 452 4057 τυπτόντων
484 3995 521 4063 ἢ
550 3996 903 4075 φονευόντων.

214 4085 571 4145 Ἀποστόλων
614 4087 792 4141 κανὼν
841 4082 944 4157 κζ’,
1000 4084 1107 4158 Eg"
1138 4099 1154 4115 '
1201 4082 1418 4141 συνόδου
1448 4084 1499 4140 α’
1527 4082 1624 4140 καῖ
1650 4080 1702 4159 β’
1736 4081 1790 4138 έν

117 4180 208 4251 τῷ
254 4183 372 4249 ναῷ
398 4182 506 4232 τῶν
541 4166 737 4254 Ἀγίων
766 4172 1118 4231 Ἀποστόλων
1160 4175 1338 4231 κανὼν
1376 4172 1426 4230 θ’
1457 4189 1471 4204 ⁶
1511 4171 1791 4229 Βασιλείου

120 4268 316 4325 κανὼν
347 4263 449 4323 π’.

217 4354 506 4428 Κείμενον,
562 4354 629 4410 Ἠ
694 4352 746 4429 β’
806 4351 950 4415 διάτ.
1010 4357 1101 4408 106
1147 4349 1198 4407 α’
1242 4351 1349 4410 τίτ.
1402 4356 1510 4406 τῶν
1566 4355 1785 4428 Νεαρῶν

1960 2921 2300 2985 Scholium.
2337 2923 2562 3002 Digest.
2616 2922 2717 2997 13,
2773 2930 2864 2984 est
2895 2921 3170 3001 ejusdem
3205 2918 3312 2983 lib.
3346 2928 3406 2981 et
3432 2919 3523 2981 tit-

1883 3028 2013 3090 cap.
2051 3011 2112 3091 9,
2148 3011 2307 3092 quod
2343 3012 2551 3073 eadem
2583 3010 2754 3073 dicit.
2788 3010 3009 3089 Digest.
3035 3009 3136 3086 98,
3160 3010 3249 3070 tit.
3288 3011 3379 3080 l9,
3416 3007 3523 3070 lib.
3634 3086 3641 3091 ν

1878 3116 2081 3173 XLVIII,
2119 3118 2240 3161 non
2272 3110 2359 3162 est
2395 3100 2655 3180 positum
2691 3100 2751 3161 in
2808 3099 2992 3164 Basil.
3031 3100 3108 3162 Et
3146 3098 3268 3175 dig.
3298 3096 3396 3172 38,
3428 3096 3525 3158 tit.

1880 3189 1977 3264 19,
2007 3190 2279 3268 ejusdem
2306 3206 2485 3251 xum
2516 3188 2623 3252 lib.
2654 3188 2776 3267 dig.
2806 3198 2896 3250 est
2927 3189 3130 3250 thema
3160 3188 3223 3262 6,
3258 3204 3393 3264 cap.
3424 3185 3528 3265 38,

1880 3280 1970 3340 tit.
2005 3283 2106 3351 51,
2141 3278 2246 3339 lib.
2286 3296 2379 3349 1.x,
2414 3278 2573 3359 quod
2606 3277 2786 3340 habet
2816 3287 2884 3339 ut
2939 3278 3230 3359 scripturn
3265 3284 3377 3337 est.
3412 3277 3526 3337 Le-
3584 3298 3595 3305 ί

1877 3384 1980 3441 gas
2011 3366 2219 3447 [vero]
2255 3368 2431 3428 etiam
2458 3386 2724 3428 canones
2755 3374 2813 3428 tn
2847 3385 2979 3449 cap.
3015 3368 3118 3445 9.0,
3154 3366 3245 3429 tit.
3280 3366 3357 3427 13
3383 3382 3532 3443 prae-

1881 3457 2071 3517 sentis
2100 3456 2302 3535 operis
2334 3458 2581 3535 positos.
2636 3456 2795 3537 quod
2846 3456 2920 3517 de
2950 3455 3260 3536 apostatis,
3289 3453 3524 3515 sacriﬁ-

1880 3544 2208 3625 catoribus,
2243 3545 2453 3623 magis,
2481 3545 2981 3619 incantatoribus,
3016 3542 3355 3621 astrologis,
3393 3558 3524 3601 ma-

1882 3634 2245 3709 thematicis,
2281 3634 2740 3715 divinatoribus,
2774 3643 2836 3696 et
2874 3632 3140 3695 amuleta
3167 3629 3525 3713 appenden-

1878 3722 2039 3785 tibus
2062 3724 2261 3786 docet.

1957 3901 2122 3965 CAP.
2156 3900 2362 3963 XXVI.
2408 3928 2487 3946 -
2535 3901 2625 3964 De
2675 3900 2972 3981 episcopis
3029 3906 3086 3961 ct
3117 3897 3380 3981 clericis,
3415 3898 3525 3981 qui

1865 3992 2251 4073 percutiunt,
2288 3997 2395 4053 aut
2428 3992 2737 4053 occidunt.

1953 4081 2380 4160 Apostolorum
2417 4098 2608 4142 canon
2647 4079 2748 4153 9'1,
2798 4078 2920 4155 65;
2969 4096 3084 4140 con
3127 4076 3215 4138 ilii
3250 4076 3425 4157 primi
3461 4084 3522 4138 et

1872 4170 2124 4232 secundi
2156 4171 2216 4231 in
2246 4170 2374 4233 aede
2411 4173 2768 4234 Sanctorum
2816 4168 3241 4249 Apostolorum
3275 4166 3519 4247 [habiti]

1874 4277 2065 4320 canon
2100 4263 2177 4334 9;
2212 4259 2419 4321 Basilii
2451 4278 2645 4321 canon
2677 4259 2779 4321 55.

1958 4351 2200 4411 Tactus.
2235 4348 2440 4412 Const.
2472 4348 2533 4418 2,
2592 4349 2685 4409 tit.
2721 4352 2747 4409 1
2786 4346 3194 4423 Novellarum,
3230 4355 3376 4422 etc.,
3410 4364 3520 4406 us-

120 4427 459 4521 ἆπαγορεύει
490 4443 590 4517 μὲν
619 4427 738 4505 τοὶς
798 4441 1146 4522 ἐπισκόποις,
1195 4464 1250 4504 κ,
1286 4439 1456 4517 τ,,λ.,
1490 4427 1689 4519 usque
1711 4437 1785 4499 ad
1807 4427 1903 4518 Dq

1958 4455 1985 4499 ε
2016 4440 2094 4500 ad
2124 4439 2429 4500 hominem
2463 4438 2707 4514 occidit,
2747 4446 2816 4500 ut
2843 4455 2989 4519 pag.
3026 4436 3160 4499 770.

124 4535 222 4592 καὶ
253 4532 516 4613 φονεύσας
551 4531 851 4608 ἄνθρωπον.

213 4620 485 4700 Σχόλιον,
517 4620 582 4675 Ἦ
614 4620 665 4696 β’
716 4619 860 4679 διάτ.
912 4628 1004 4678 106
1036 4619 1085 4677 α’
1118 4622 1227 4684 τίτ,
1260 4627 1366 4677 τῶν
1399 4621 1615 4697 Νεαρῶν
1675 4618 1787 4675 ’ἑστι

122 4714 301 4791 νεαρὰ
346 4710 770 4775 Ἰουστινιᾶνειος
833 4708 952 4789 ρκγ’
1008 4710 1231 4786 κειμένη
1292 4710 1346 4767 ἰν
1377 4708 1567 4787 βιϐλίῳ
1597 4709 1649 4787 γ’
1681 4709 1786 4766 τῶν

122 4799 469 4877 Βασιλικῶν,
515 4800 617 4860 τίτ.
666 4798 742 4873 α’,
789 4822 910 4879 κεφ.
960 4799 1068 4873 κε’,
1118 4803 1143 4856 6
1190 4801 1276 4855 καὶ
1328 4799 1447 4879 ἔχει
1496 4798 1666 4863 οὕτως
1716 4801 1787 4864 ὡς

121 4890 412 4958 ἅδηλώϐη.
464 4882 521 4948 Ὀ
560 4888 597 4944 ι’
644 4889 750 4949 τίτ.
797 4889 894 4947 106
936 4887 1025 4966 μζ’
1068 4886 1275 4966 βιϐλίου
1317 4896 1422 4945 τῶν
1460 4888 1600 4951 διατ,
1632 4890 1719 4944 καὶ
1760 4890 1787 4943 6

118 4980 211 5037 λε’
241 4981 353 5041 τίτ.
385 4987 474 5037 106
504 4977 550 5035 θ’
581 4976 790 5055 βιϐλίου
821 4979 915 5035 106
953 4976 1208 5051 κώδικος,
1240 4979 1329 5034 καὶ
1359 4980 1387 5034 6
1418 4977 1500 5048 λζ’
1532 4976 1787 5044 ἐτέθησαν

118 5073 200 5133 εἷς
232 5071 335 5126 τὸν
383 5068 471 5125 κα⁹
518 5071 623 5129 τίτ.
670 5074 763 5124 τοῦ
807 5066 851 5134 ξ’
904 5066 1110 5145 βιϐλίου
1153 5074 1259 5125 τῶν
1318 5066 1619 5123 Βασιλικῶν
1662 5066 1787 5123 Ἀπ’

118 5164 302 5225 ,αὐτῆς
363 5158 545 5237 ἀρχῆς
576 5158 665 5213 καὶ
700 5159 850 5228 ζήτει
877 5156 1101 5236 διάφορα
1132 5157 1320 5215 τούτου
1346 5175 1468 5232 κεφ.
1503 5157 1566 5213 '0
1598 5155 1652 5211 α’
1679 5160 1784 5218 τίτ,

115 5258 222 5307 106
255 5244 361 5322 μη’
391 5245 600 5322 βιϐλίου
628 5252 736 5302 τῶν
766 5244 1057 5312 διατάξεων
1088 5246 1244 5311 ἐτέθη
1276 5246 1348 5308 εἷς
1381 5246 1437 5299 τὸ
1485 5243 1529 5309 ξ’
1558 5242 1786 5325 βιϐλίον,

115 5340 229 5397 τίτ.
279 5336 396 5415 λγ’,
431 5358 552 5414 κεφ.
582 5333 657 5409 α’,
693 5337 781 5392 καὶ
826 5336 910 5415 ἐφ’
955 5337 1103 5403 ἐξῆς.
1142 5327 1201 5393 ’0
1234 5333 1336 5408 ις’
1366 5335 1468 5391 τίτ.
1504 5341 1597 5390 τοῦ
1626 5332 1674 5391 θ’
1705 5336 1789 5411 βι-

114 5426 275 5486 ϐλίου
318 5433 416 5482 106
458 5424 686 5491 κώδικος
726 5438 909 5482 κεῖται
961 5428 1033 5489 εἷς
1080 5422 1286 5502 βιϐλίον
1320 5422 1364 5489 ξ’
1393 5424 1482 5479 καὶ
1523 5426 1635 5497 τίτ,
1700 5422 1776 5480 λθ⁹

119 5538 249 5596 κεφ.
286 5514 363 5592 ιγ’
396 5516 484 5572 καὶ
515 5515 598 5594 ἔφ’
631 5514 754 5581 ἑξῆς
801 5513 1096 5593 ’Λνάγνωϐι
1125 5514 1216 5570 οὖν
1261 5514 1367 5570 ἀπὸ
1416 5514 1618 5569 τούτων
1677 5515 1783 5568 τῶν

115 5602 271 5683 βιϐλ.
308 5606 416 5664 τίτ.
448 5605 536 5659 καὶ
569 5624 694 5683 κεφ,
740 5602 988 5684 διαφορα,
1033 5606 1121 5660 καὶ
1180 5604 1270 5660 τὸν
1322 5600 1377 5670 η’
1439 5601 1635 5658 κανόνα
1688 5608 1783 5657 106

116 5695 283 5779 ἁγίου
330 5691 635 5779 Βασιλείου,
696 5693 791 5751 καὶ
863 5694 964 5764 τὴν
1040 5692 1095 5751 ὲν
1152 5692 1296 5771 αὖτῷ
1352 5694 1600 5753 τεθεῖσαν
1661 5690 1781 5770 περὶ

1955 4614 2288 4679 Scholium.
2325 4616 2575 4679 Constit.
2611 4616 2648 4676 2
2681 4617 2770 4677 tit.
2805 4618 2833 4678 1
2870 4615 3378 4688 Novellarum,est
3408 4632 3522 4675 n0-

1872 4705 2024 4767 vella
2046 4703 2371 4767 Justiniani
2396 4705 2508 4767 193
2525 4705 2869 4786 posita[qne
2892 4708 3013 4785 est]
3040 4706 3099 4766 in
3126 4702 3517 4778 lib.Basil.m,

1869 4796 1960 4856 tit.
1998 4797 2055 4876 1,
2090 4814 2220 4876 cap.
2256 4797 2357 4869 95,
2387 4796 2546 4876 quod
2602 4794 2805 4868 habet,
2859 4804 2923 4855 ut
2968 4794 3371 4873 significatum
3400 4801 3518 4853 est.

1868 4886 1987 4946 Tit.
2017 4884 2110 4958 10,
2146 4887 2251 4947 lib.
2285 4902 2445 4947 XLVII
2480 4884 2703 4961 Digest.
2740 4893 2799 4944 et
2829 4883 2930 4957 35,
2967 4882 3073 4943 lib.
3108 4899 3168 4971 rx
3198 4876 3518 4971 cod.positi
3630 4966 3639 4971 _

1871 4983 2011 5036 sunt
2040 4975 2099 5035 in
2126 4974 2213 5037 tit.
2239 4974 2338 5053 21,
2375 4973 2480 5036 lib.
2508 4974 2687 5034 Basil.
2718 4989 2817 5047 ιχ,
2853 4971 2925 5033 ab
2963 4971 3096 5050 ipso
3128 4967 3519 5048 initio,cujus

1874 5064 2055 5126 multa
2079 5061 2577 5144 cap.quzere.Tit.
2616 5067 2639 5121 1
2682 5061 2785 5122 lib.
2822 5077 3005 5123 xum
3038 5058 3252 5137 digest.
3288 5055 3516 5133 positus

1869 5164 1960 5215 est
1990 5155 2050 5213 in
2074 5153 2181 5214 lib.
2216 5170 2308 5227 Lx,
2341 5152 2432 5213 tit.
2469 5152 2569 5225 31,
2608 5169 2747 5228 cap.
2787 5152 2843 5223 t,
2879 5157 2936 5209 et
2966 5144 3402 5228 deinceps.Tit.
3446 5146 3516 5206 16

1868 5243 1974 5305 lib.
2003 5260 2058 5303 Ix
2081 5242 2217 5303 cod.
2255 5243 2485 5321 positus
2510 5248 2599 5300 est
2622 5239 2681 5299 in
2702 5238 2807 5298 lib.
2833 5238 3041 5313 1.x,tit.
3070 5235 3169 5315 39,
3196 5253 3328 5316 cap.
3357 5233 3429 5295 13
3458 5240 3520 5296 et

1868 5330 2270 5409 deinceps.Ex
2295 5329 2388 5389 his
2406 5328 2588 5406 igitur
2607 5326 2781 5390 lib.et
2806 5326 2903 5387 tit.
2929 5325 3165 5387 diversa
3189 5343 3320 5405 cap.
3356 5323 3513 5402 lege.

1866 5420 1950 5482 Ac
1980 5420 2135 5498 [lege
2159 5419 2335 5480 etiam
2344 5417 2414 5491 18
2442 5434 2735 5477 canonem
2761 5414 2954 5477 sancti
2981 5413 3512 5494 Basilii,positam-

1866 5527 1983 5588 que
2008 5508 2065 5567 in
2082 5524 2153 5568 eo
2168 5506 2243 5568 de
2268 5504 2594 5567 homicidis
2616 5504 2910 5566 novellam
2937 5501 3322 5581 imperatoris
3336 5502 3514 5563 dom-

1866 5599 1925 5658 ni
1942 5595 2233 5659 Manuelis
2250 5593 2542 5656 Comneni
2555 5591 3200 5674 .Digest.5,tit.19,lib.
3219 5608 3404 5655 xnvm
3427 5600 3517 5652 est

1863 5687 2066 5753 thema
2095 5683 2157 5772 2,
2192 5703 2328 5770 cap.
2360 5686 2425 5763 5,
2462 5682 2553 5753 tit.
2583 5684 2685 5763 51,
2739 5682 2850 5748 lih.
2900 5699 2999 5763 ιιι,
3036 5681 3200 5765 quod
3227 5696 3512 5762 api-esse
