4052 6222
520 308 672 378 1119
1702 313 1969 381 PHOTII
2012 320 2120 381 PA'

2225 319 2536 384 IARCHAS
2573 321 2690 386 CP.
3700 324 3825 392 1120

512 448 726 513 eadem
757 444 927 517 dicit.
986 449 1215 534 Digest.
1276 453 1378 525 11,
1439 459 1530 515 est
1560 452 1761 515 thema
1791 452 1850 527 3,
1881 472 2015 533 cap.
2057 454 2112 516 11

2240 453 2444 533 φονέων
2515 455 2700 531 νεαρὸν
2772 462 2864 512 τοῦ
2921 453 3188 531 βασιλέως
3251 454 3431 532 κυρίου
3480 454 3709 525 Μανουῆλ
3756 470 3832 521 τοῦ

511 539 788 622 ejusdem
819 544 921 623 51,
957 542 1048 606 tit.
1084 544 1243 623 quod
1274 542 1524 605 omnino
1559 543 1770 605 eadem
1802 551 2031 604 narrat.

2245 545 2548 617 Κομνηνοῦ,
2582 548 2653 602 Τὸ
2683 540 2729 599 ε’
2767 543 2908 603 διάτ.
2958 553 3053 602 τοῦ
3085 544 3152 602 ιδ’
3208 545 3312 606 τίτ.
3360 553 3453 603 τοῦ
3496 545 3588 617 un’
3639 546 3832 624 βιϐλίον,

514 629 626 688 ἴστι
668 632 802 707 θέμα
832 630 885 708 β’
928 639 1022 691 τοῦ
1051 633 1095 688 ε’
1147 654 1270 711 amp.
1303 642 1395 691 τοῦ
1424 633 1508 690 να’
1553 633 1658 693 τίτ.
1691 641 1784 690 τοῦ
1814 632 1855 699 ξ’
1903 631 2110 710 βιϐλίου
2153 630 2219 687 τὰ
2265 633 2399 689 αὐτὰ
2425 632 2584 712 λέγον
2625 633 2827 711 ῥητῶς.
2876 636 2948 692 Τὸ
2976 630 3033 691 δὲ
3065 633 3140 692 ια’
3192 633 3336 698 διάτ,
3369 634 3480 692 ἔστι
3531 635 3655 710 θέμα
3694 638 3740 716 γ’
3762 647 3837 697 τοᾰ

515 726 592 776 ια’
625 741 745 799 κεφ.
778 731 872 780 τοῦ
902 721 1059 780 αὖτοό
1088 720 1170 779 να’
1202 722 1306 783 τίτ.
1341 724 1406 779 τὰ
1437 723 1570 782 αὒτᾶ
1597 720 1786 789 διεξιὸν
1819 720 2274 799 ἀπαραλλάκτως,

594 805 765 871 CAP.
801 807 983 875 XVII.
1017 845 1094 857 —
1148 812 1234 873 De
1278 813 1578 891 episcopis
1634 819 1693 871 et
1738 808 2007 889 clericis,
2058 810 2165 889 qui

2332 817 2581 871 ΚΕΦΑΛ.
2631 811 2757 873 ΚΖ’.
2802 844 2882 857 -
2926 814 3052 892 Περὶ
3092 812 3437 893 ἐπισκόπων,
3480 815 3572 871 καὶ
3610 812 3838 894 κληρικῶν

510 894 647 957 alea
677 895 927 966 ludunt.
966 898 1385 975 inebriantur,
1428 898 1775 978 spectacula
1805 900 2033 968 visunt.
2060 917 2110 960 se

2248 897 2598 975 κυϐευόντων,
2653 902 2688 970 ἢ
2775 902 3216 983 μεθυσκομένων,
3289 906 3327 971 ἢ
3388 903 3531 965 θέαις
3603 903 3838 981 παραϐαλ-

506 984 725 1065 pulcra
754 988 1016 1059 uiolant.
1045 990 1373 1068 furantur,
1405 990 1700 1069 pejorant,
1754 988 2106 1067 fanerantu;

2244 988 2447 1046 λόντων
2479 1037 2497 1070 ,
2582 987 3081 1070 τυμϐωρυχούντων
3105 1039 3124 1067 ,
3210 990 3553 1048 κλεπτόντων
3579 1040 3595 1068 ,
3686 994 3838 1073 ιπιορ-

510 1076 788 1139 semisser
819 1078 1092 1158 [usuras]
1138 1080 1415 1160 capiunt,
1470 1088 1577 1140 aut
1609 1078 1786 1141 aliud
1815 1077 1936 1141 sibi
1981 1084 2110 1157 tur;

2242 1078 2477 1134 κούντων
2511 1125 2529 1158 ,
2610 1082 2932 1150 τοκιζόντων
3015 1080 3051 1149 ἢ
3135 1078 3523 1156 λαμϐανόντων
3602 1080 3835 1159 ἡμιολίας,

516 1165 759 1229 lucrum
800 1169 1175 1248 excogitant.

2243 1166 2279 1236 ἢ
2365 1167 2543 1245 ἕτερον
2643 1170 2871 1249 αἰσχρὸν
2984 1171 3199 1235 ἑαυτοῖς
3298 1171 3649 1228 ἐπινοούντων
3737 1171 3839 1250 κέρα

2245 1256 2358 1321 δος.

592 1344 1025 1426 Apostolorum
1084 1364 1281 1409 canon
1340 1344 1444 1419 25,
1498 1343 1602 1419 42,
1634 1345 1736 1418 43,
1771 1345 1885 1419 li4;
1919 1331 2160 1405 concilii

2322 1345 2670 1404 Ἀποστόλων
2697 1349 2874 1405 κανὼν
2905 1348 3010 1427 κε’,
3047 1348 3166 1424 μβ’,
3199 1347 3320 1429 μγ⁹,
3352 1347 3442 1423 μδ⁹
3472 1367 3489 1384 ⁸
3531 1347 3733 1405 συνόδου
3759 1357 3840 1408 Νι-

511 1430 737 1495 Νἰεωιιί
769 1452 969 1497 canon
1000 1436 1069 1498 17
1102 1457 1121 1514 ;
1153 1434 1480 1498 Laudiceni
1531 1452 1728 1496 canon
1762 1434 1824 1507 4,
1855 1433 1977 1507 54;
2009 1432 2111 1495 Cal

2243 1436 2395 1497 καίας
2439 1438 2615 1493 κανὼν
2649 1437 2715 1509 ιζ’
2749 1444 2851 1505 τῆς
2901 1438 2955 1494 ἄν
3012 1438 3294 1510 Λαοδικείᾳ
3338 1439 3517 1495 κανὼν
3562 1435 3631 1516 δ’,
3662 1436 3728 1492 vd’
3767 1443 3842 1504 τῆς

511 1522 893 1599 thaginensis
923 1543 1116 1588 canon
1140 1526 1203 1600 5,
1242 1524 1315 1590 16
1341 1523 1620 1600 ;concilii
1644 1530 1801 1585 sexti
1834 1540 2027 1584 canon
2055 1524 2111 1583 1(

2241 1524 2295 1580 ἰν
2329 1527 2666 1604 Καρθαγέννῃ
2723 1528 2901 1584 κανὼν
2947 1526 3017 1599 ε’,
3074 1526 3173 1600 ις’
3206 1548 3221 1562 ·
3257 1527 3476 1585 συνόδου
3509 1527 3585 1601 ς’
3616 1526 3772 1584 κανών
3795 1523 3841 1601 ι’,

510 1608 616 1684 23,
648 1611 748 1693 24,
781 1613 883 1689 50,
916 1614 986 1676 51
1019 1634 1038 1696 ;
1094 1613 1338 1677 concilii
1393 1612 1622 1678 Nicaeui
1676 1610 1929 1674 secundi
1964 1629 2110 1673 cano

2312 1612 2326 1633 ν
2426 1612 2466 1633 κο
2547 1616 2564 1640 9
2690 1615 2705 1637 ν
2899 1615 2940 1638 ιι
3187 1618 3197 1634 ο
3330 1619 3343 1635 \
3423 1615 3438 1636 τ
3589 1616 3601 1636 ι
3671 1614 3728 1646 κν,

2244 1636 2307 1692 κγ
2336 1661 2352 1687 ,
2387 1634 2447 1671 κο
2475 1664 2493 1696 ,
2518 1641 2543 1670 ν
2571 1663 2588 1691 ,
2624 1639 2686 1673 να
2733 1636 2747 1649 ·
2784 1637 3005 1674 συνοοου
3039 1627 3262 1681 Νικαιας
3297 1640 3356 1673 το
3385 1618 3420 1694 β
3466 1638 3639 1674 κανων
3668 1634 3694 1672 ο
3759 1624 3844 1673 Βα-

510 1698 587 1776 4;
620 1698 824 1763 Basilii
854 1721 1054 1764 canon
1080 1704 1179 1775 14,
1220 1708 1319 1780 17,
1346 1702 1449 1765 29.

1433 1746 1449 1763 ,
2183 1772 2216 1780 _
2240 1702 2439 1761 σιλείου
2469 1706 2645 1762 κανών
2677 1705 2767 1776 ιδ’,
2798 1705 2887 1780 ιζ’,
2923 1702 3031 1765 κθ’.

598 1788 847 1853 Toxlus.
882 1791 1088 1855 Const.
1124 1772 1198 1856 34
1232 1772 1323 1857 tit.
1354 1795 1395 1856 4
1421 1792 1531 1855 lib.
1564 1794 1591 1856 1
1625 1790 1760 1853 cod.
1798 1789 2155 1870 Episcopus,
2183 1772 2198 1824 ¹

2326 1797 2608 1869 Κείμενον.
2672 1772 2885 1853 Ἠνλδί
2921 1793 3063 1857 διάτ,
3097 1801 3189 1851 τοῦ
3220 1793 3267 1850 δ’
3322 1796 3429 1856 τίτ.
3479 1802 3574 1852 τοῦ
3604 1792 3656 1851 α’
3680 1792 3845 1871 βιϐλίου

513 1887 663 1960 ειε.,
694 1898 889 1962 usque
920 1883 1000 1945 ad
1030 1882 1418 1960 imminuant,
1449 1890 1519 1944 ut
1545 1898 1685 1962 pag.
1718 1880 1860 1957 298,
1893 1877 2036 1943 299.

2246 1889 2335 1938 τοῦ
2366 1883 2617 1962 κώδικος,
2650 1887 2835 1965 φησὶν,
2870 1908 2924 1944 κ.
2958 1907 3011 1945 τ.
3044 1882 3129 1958 λ.,
3163 1902 3354 1964 usque
3403 1883 3479 1945 ad
3517 1882 3846 1960 ἐπιδεικνυμέ-

2242 1993 2339 2039 νης
2370 1972 2621 2033 ἐλαττοῦν
2652 1977 2742 2032 τὸν
2772 1974 2994 2054 χρόνον.
3031 1970 3224 2053 Supra
3252 1992 3385 2052 pag.
3418 1974 3562 2038 998.

586 2056 926 2124 Scholium.
979 2059 1185 2125 Const.
1249 2062 1329 2125 34
1360 2061 1453 2123 tit.
1489 2062 1529 2123 4
1557 2059 1665 2122 lib.
1699 2058 1886 2121 icod.
1923 2076 2045 2120 non
2071 2065 2164 2118 est

2321 2061 2583 2141 Σχόλιον.
2630 2064 2698 2121 ’Β
2728 2063 2811 2121 λδ’
2859 2064 3000 2126 διάτ.
3047 2075 3143 2123 τοῦ
3198 2062 3244 2118 δ’
3293 2066 3402 2124 τίτ.
3447 2071 3543 2122 τοῦ
3588 2061 3637 2119 α’
3677 2058 3844 2137 βιϐλίου

510 2147 706 2228 posita
733 2148 795 2210 in
851 2149 1036 2214 Basil.
1093 2153 1352 2215 Constit.
1390 2155 1427 2210 2
1459 2151 1551 2214 tit.
1590 2152 1614 2212 1
1653 2150 2035 2210 Novellarum
2067 2166 2110 2209 ει

2244 2157 2333 2207 τοῦ
2364 2150 2588 2212 κώδικος
2614 2152 2711 2209 οὒκ
2742 2153 2898 2220 ὶτέθη
2930 2155 3004 2217 εἰς
3036 2154 3103 2209 τὰ
3131 2151 3417 2216 Βασιλικᾶ,
3451 2151 3522 2210 Ἠ
3551 2150 3605 2207 δὲ
3647 2151 3693 2227 β’
3726 2149 3844 2213 διάτ.

506 2237 752 2300 novella
777 2235 1103 2304 Iustiniani
1134 2243 1274 2316 423,
1313 2241 1503 2322 posita
1550 2240 1698 2321 [que
1718 2241 1838 2320 est]
1867 2239 1927 2299 in
1961 2239 2106 2300 lib.1

2240 2246 2333 2296 τοῦ
2370 2238 2421 2296 α’
2464 2243 2565 2300 τίτ.
2614 2248 2722 2299 τῶν
2784 2247 3000 2319 Νεαρῶν
3065 2241 3178 2297 ἔστι
3233 2243 3394 2318 νεαρὰ
3453 2240 3840 2304 Ἰουστινιάνιιος

507 2326 698 2389 Basil.
733 2327 827 2390 tit.
863 2330 922 2407 1,
955 2349 1090 2411 cap.
1123 2331 1185 2403 2,
1217 2330 1376 2411 quod
1410 2327 1833 2411 complectitur
1861 2344 2107 2408 quascuu

2240 2326 2354 2405 ρκγ¹
2409 2329 2637 2405 κειμένη
2693 2329 2748 2386 ἰν
2801 2327 2992 2402 ϐιϐλίῳ
3047 2327 3101 2409 γ’
3168 2336 3273 2387 τῶν
3318 2328 3619 2387 Βασιλικῶν
3674 2330 3765 2390 τίτ.
3801 2324 3840 2382 α’

507 2432 625 2497 que
656 2418 719 2478 in
748 2426 911 2482 textu
940 2420 1384 2502 comprehensa
1413 2427 1576 2480 sunt.

2240 2437 2355 2495 κεφ.
2388 2418 2499 2496 κβ’,
2533 2417 2947 2495 διαλαμϐάνοντι
2978 2418 3080 2478 ὅσα
3108 2421 3185 2484 εἷς
3215 2421 3278 2475 τὸ
3302 2420 3552 2495 κείμενον
3580 2416 3840 2497 διιλήφθη-

2229 2528 2356 2570 σοιν.

591 2592 837 2658 Textus.
873 2597 1006 2659 Non
1037 2598 1215 2660 modo
1274 2599 1573 2678 peierare,
1630 2603 1777 2677 etc.,
1835 2610 2025 2675 usque
2064 2594 2150 2656 ad

2316 2599 2592 2673 Κείμενον.
2629 2598 2700 2659 Οὔ
2731 2600 2898 2674 μόνον
2956 2599 3235 2678 ἐπιορκεῖν
3294 2598 3563 2657 κωλύεται
3596 2596 3838 2674 κληρικδς,

509 2680 733 2745 dictum
767 2684 1026 2761 videtur,
1059 2693 1125 2750 ut
1151 2704 1295 2768 pag.
1329 2685 1471 2767 298,
1503 2686 1648 2748 299.

2240 2709 2284 2748 κ.
2306 2711 2358 2751 τ.
2392 2688 2475 2768 λ.,
2511 2705 2701 2769 usque
2730 2688 2806 2750 ad
2836 2691 3164 2769 ὑπερθέσεως
3194 2688 3288 2748 ἐπί
3320 2694 3428 2747 τῶν
3455 2685 3694 2768 βοναφίδι
3720 2688 3840 2766 ἀγω-

2230 2783 2365 2855 γῶν,
2399 2774 2594 2857 Supra
2624 2796 2757 2858 pag.
2793 2778 2937 2853 298,
2972 2777 3117 2842 299.

583 2860 913 2927 Scholium.
951 2864 1204 2927 Constit.
1237 2864 1317 2926 25
1343 2864 1441 2927 tit.
1475 2868 1512 2926 3
1542 2863 1652 2925 lib.
1685 2880 1706 2924 ι
1735 2862 1873 2926 cod.
1907 2880 2028 2923 non
2059 2874 2152 2924 est

2315 2867 2572 2946 Σχόλιον-
2622 2865 2687 2924 Ἦ
2747 2869 2829 2926 κε’
2890 2867 3036 2933 διάτ.
3094 2878 3188 2928 τοῦ
3236 2868 3289 2947 γ’
3326 2869 3431 2929 τίτ.
3478 2876 3571 2926 τοῦ
3601 2866 3648 2924 α’
3676 2864 3842 2944 βιϐλίου

508 2961 758 3031 excepta
814 2954 876 3015 in
935 2954 1116 3017 Basil.
1152 2955 1358 3018 Const.
1394 2954 1430 3018 3
1462 2954 1554 3016 tit.
1596 2954 1668 3015 l2
1699 2952 1804 3014 lib.
1838 2969 1858 3013 ι
1889 2953 2024 3013 cod.
2063 2969 2108 3013 ει

2243 2956 2327 3013 τοῦ
2382 2955 2609 3020 κώδικος
2693 2959 2788 3015 οὒκ
2875 2956 3143 3039 ιξελήφθη
3223 2960 3301 3022 εἷς
3355 2959 3424 3015 τὰ
3477 2957 3750 3016 Βασιλικᾶ.
3794 2954 3843 3010 Ἥ

508 3057 646 3118 cap.
669 3043 765 3115 11,
795 3043 921 3106 tit.t
939 3092 956 3118 ,
982 3044 1137 3107 lib.v
1154 3046 1313 3108 Basil
1347 3044 1505 3125 quod
1526 3043 1818 3105 insertum
1842 3049 1933 3103 est
1957 3043 2108 3104 inter

2243 3052 2288 3124 γ’
2328 3043 2466 3104 διάτ.
2497 3054 2588 3103 τοῦ
2621 3044 2692 3123 ιβ’
2723 3048 2834 3109 τίτ,
2881 3055 2974 3105 τοῦ
3006 3047 3057 3103 α⁹
3085 3046 3294 3124 βιϐλίου
3346 3055 3439 3106 τοῦ
3499 3047 3717 3109 κώδικος
3756 3045 3843 3100 ἔστι

509 3130 835 3225 pretatioui
857 3135 1229 3225 cap.‘z,tit.5,
1256 3132 1571 3225 praesentis
1593 3130 1981 3225 operis.qu_od
2002 3131 2104 3225 nili

2241 3154 2353 3213 κεφ.
2405 3133 2476 3190 ια’
2520 3142 2613 3192 τοῦ
2657 3136 2710 3191 α’
2753 3136 2857 3193 τίτ.
2905 3139 2998 3193 τοῦ
3041 3135 3087 3191 ε’
3116 3134 3325 3213 βιϐλίου
3382 3134 3493 3192 τῶν
3557 3136 3841 3201 Βασιλικῶν,

506 3217 583 3278 de
592 3218 996 3299 jurejurando
1016 3232 1279 3284 tractans
1306 3224 1723 3301 lege.Const.6
1745 3221 2017 3301 ejusdem
2042 3218 2106 3280 lil

2244 3223 2367 3294 ὅπερ
2397 3224 2737 3301 κατεστρώθη
2772 3228 2843 3288 εἰς
2876 3226 2977 3294 τὴν
3008 3226 3294 3299 ἑρμηνείαν
3341 3232 3436 3281 τοῦ
3494 3223 3549 3303 β’
3605 3246 3722 3303 xeo.
3772 3219 3844 3277 τοῦ

508 3315 568 3368 ει
590 3309 925 3385 tit.cod,est
949 3312 1149 3374 thema
1171 3313 1278 3374 ult.
1304 3332 1440 3394 cap.
1470 3314 1571 3393 13,
1590 3313 1680 3373 tit.
1710 3313 1763 3381 1,
1795 3310 1943 3372 lib.v
1962 3310 2108 3372 Basi

2241 3313 2283 3369 ε’
2338 3315 2443 3371 τίτ.
2508 3313 2602 3371 τοῦ
2678 3315 2943 3393 παρόντος
3000 3318 3398 3393 συντάγματος.
3456 3316 3560 3374 Καὶ
3615 3312 3841 3389 ἀνάγνωθι

507 3395 783 3484 nihilque
814 3401 891 3463 de
913 3402 1315 3484 jurejurando
1360 3411 1600 3464 tractat.
1633 3400 2032 3474 Quaerendum
2065 3419 2107 3462 e:

2240 3410 2389 3460 τοῦτο
2446 3401 2611 3477 μηδὲν
2668 3407 2786 3481 περὶ
2835 3402 2997 3482 ὅρκου
3045 3402 3433 3479 διαλαμϐάνον.
3492 3403 3560 3460 Ἥ
3609 3402 3669 3476 ς’
3672 3399 3685 3421 ⁹
3730 3399 3840 3456 διᾶτ.

505 3483 770 3563 igituran
795 3483 1067 3572 episcopi
1090 3504 1151 3555 et
1168 3492 1377 3555 clerici
1395 3492 1707 3571 conceptis
1728 3490 1929 3551 verbis
1948 3491 2105 3567 jura:

2242 3500 2325 3549 τοῦ
2366 3495 2524 3551 αὖτοῦ
2575 3491 2781 3567 βιϐλίου
2832 3495 2922 3550 καὶ
2973 3495 3080 3554 τίτ.
3139 3500 3232 3551 τόῠ
3270 3493 3500 3559 κώδικος
3560 3492 3691 3566 Θέμα
3739 3489 3842 3545 οὖσι

506 3574 873 3641 debeant.Et
899 3582 1362 3664 existimo,quod
1382 3590 1693 3661 postquam
1709 3598 1844 3661 qua;
1863 3579 2061 3659 capita
2080 3598 2106 3639 ε

2240 3581 2543 3640 τελευταῖον
2572 3590 2665 3640 τοῦ
2694 3580 2768 3660 ιγ’
2800 3604 2922 3663 κεφ.
2954 3590 3048 3640 τοῦ
3081 3582 3130 3641 α’
3161 3584 3269 3643 τίτ.
3321 3590 3415 3640 τοῦ
3461 3583 3509 3639 ε’
3542 3580 3736 3660 βιϐλίου
3758 3584 3840 3634 τῶν

511 3665 824 3729 codicibus
845 3679 1128 3751 excerpta
1151 3673 1294 3732 etin
1317 3670 1703 3751 Basil.posita
1724 3677 2111 3747 sunt,qnorul

2242 3671 2560 3751 Βασιλικῶν,
2592 3669 2741 3729 οὗδέν
2772 3694 2823 3728 τι
2872 3675 2991 3750 περὶ
3047 3674 3208 3751 ὅρκου
3264 3670 3641 3744 διαλαμϐάνει.
3690 3677 3842 3734 Ζητη-

511 3752 687 3815 etiam
719 3755 962 3819 Photius
1005 3760 1063 3821 in
1101 3768 1264 3823 textu
1303 3760 1667 3822 mentionem
1701 3759 1869 3833 fecit,
1902 3758 2109 3819 omnin

2242 3760 2353 3816 τέον
2382 3762 2471 3817 οὗν
2518 3763 2563 3816 εἰ
2611 3759 2913 3840 ὀφείλουσιν
2972 3764 3020 3818 οἱ
3078 3761 3365 3819 ἐπίσκοποι
3403 3762 3497 3818 καί
3552 3763 3601 3818 οἱ
3631 3756 3842 3832 κληρικοὶ

502 3843 903 3925 jurisjnrandi
935 3867 1056 3909 non
1097 3849 1778 3923 meminerunt,prorsus
1801 3849 2044 3910 vetitum
2076 3865 2102 3907 ε

2243 3852 2424 3931 ὅρκους
2485 3852 2681 3912 διδόναι
2743 3857 3108 3930 σωματικοὺς,
3146 3856 3243 3913 καί
3302 3856 3505 3930 νομίζω
3560 3853 3641 3911 ὅτι
3670 3848 3843 3910 inrisu

508 3951 586 3995 ne
607 3935 930 4015 episcopus
951 3947 1053 3999 aut
1075 3938 1334 4001 clericus
1350 3937 1777 4019 juret.ldcirco
1796 3938 1955 3998 enim
1977 3938 2108 3998 etial

2244 3940 2344 3999 Ξιπὸ
2394 3946 2499 4000 τῶν
2535 3941 2773 4000 κωδίκων
2822 3942 3153 4023 ἐκληφθὲντα
3209 3966 3336 4024 κεφ,
3393 3948 3485 4001 καὶ
3536 3943 3740 4000 τεθέντα
3787 3939 3844 3999 τίς

506 4039 618 4111 pro
648 4036 938 4105 concepto
964 4028 1366 4107 jurejurando
1397 4028 1719 4089 adinventa
1748 4028 1970 4106 scripta
1999 4027 2106 4108 [cal

2244 4033 2303 4089 τὰ
2344 4031 2630 4106 Βασιλικὰ,
2676 4034 2795 4111 περὶ
2850 4035 2925 4088 ὧν
2983 4036 3072 4090 καὶ
3126 4037 3154 4091 ὁ
3195 4036 3405 4101 Φώτιος
3449 4033 3638 4108 μνείαν
3692 4032 3758 4093 εἷς
3799 4028 3844 4083 τδ

505 4109 616 4193 tio]
676 4122 790 4188 est,
846 4134 979 4196 quae
1010 4129 1070 4178 et
1101 4117 1505 4179 confessionis
1536 4117 1734 4179 locum
1770 4116 2060 4189 obtineat,
2093 4136 2105 4177 ι

2244 4122 2481 4195 κείμενον
2505 4109 2778 4195 ἐποίησεν,
2815 4125 2875 4179 οὒ
2905 4123 3210 4199 μέμνηνται
3260 4124 3399 4189 ὅλως
3448 4122 3645 4198 ὅρκων,
3700 4118 3844 4177 Ἐκω·

507 4202 663 4289 quod
699 4213 1053 4284 conceptum
1080 4206 1511 4286 jusjurandum
1566 4207 1965 4286 praestitutum
2021 4225 2107 4268 era

2243 4210 2366 4277 λύθη
2415 4211 2477 4266 τὸ
2506 4213 2720 4285 ὀμνύειν
2751 4210 2891 4276 ὅλως
2935 4212 3228 4269 ἐπίσκοπον
3258 4214 3288 4282 ’ἡ
3319 4212 3602 4289 κληρικόν.
3640 4210 3730 4266 Διὰ
3766 4207 3843 4283 γὰρ

503 4288 849 4370 adimpleat.
910 4296 1196 4358 Lectores
1243 4297 1446 4378 itaque
1475 4295 1792 4376 conceptis
1824 4295 2023 4358 verbis
2045 4296 2103 4377 ju

2239 4307 2388 4357 τοῦτο
2417 4303 2505 4356 καὶ
2534 4300 2649 4357 ἀντὶ
2679 4312 2991 4374 σωματικοῦ
3050 4301 3232 4378 ὅρκου,
3267 4302 3539 4370 ἐπενοήθη
3568 4303 3603 4368 ἦ
3631 4295 3839 4377 ἱγγριφῆ

501 4395 639 4441 rare
667 4398 983 4473 perperam
1017 4394 1333 4464 coguntur.

2239 4388 2556 4453 ιαταθέσεως
2613 4388 2775 4448 τόπον
2830 4392 3131 4473 ἐπέχουσα,
3165 4393 3251 4448 καὶ
3283 4390 3670 4468 ἀναπληροῦσα
3697 4386 3785 4442 ὅσα

504 4474 812 4635 σῒρμαῖικὸς
844 4472 999 4552 ὅρκος
1031 4478 1230 4543 ποῆσαι
1275 4474 1493 4554 ἔμελλε.
1530 4479 1589 4535 Οἱ
1619 4484 1743 4556 γοῦν
1773 4477 2112 4556 ἀναγνῶσται
2157 4478 2337 4544 καλῶς
2366 4479 2758 4560 ἀναγκάζονται
2790 4466 2975 4561 ὅρκουξ
3006 4466 3331 4558 συματικοὺς
3374 4466 3600 4556 διδόναι,
3635 4466 3842 4555 ιληρικοὶ

504 4580 539 4635 γ
639 4580 665 4614 ε
687 4582 793 4623 σιν,

504 4560 604 4635 γάρ
639 4560 793 4623 εἰσιν,

583 4645 837 4716 Tascius.
869 4652 1050 4733 Atqui
1074 4660 1271 4715 const.
1305 4656 1343 4716 3
1374 4654 1465 4715 tit.
1497 4653 1538 4716 2
1565 4650 1975 4733 Novellarnm,
1999 4663 2146 4740 etc.,

2318 4660 2594 4734 Κείμενον,
2630 4659 2700 4716 ’Ἀ
2734 4658 2886 4735 μέλει
2917 4662 3007 4717 καὶ
3036 4662 3069 4728 ἡ
3121 4658 3173 4739 γ’
3220 4657 3337 4717 διάτ
3376 4676 3392 4691 ·
3426 4665 3520 4717 τοῦ
3548 4657 3601 4735 β’
3628 4659 3728 4718 τίτ,
3756 4658 3840 4740 τῶν

499 4755 693 4822 usque
722 4742 803 4805 ad
833 4742 1044 4823 ejusve
1076 4743 1417 4826 aestimatio,
1450 4750 1517 4807 ut
1545 4761 1692 4825 pag.
1726 4745 1868 4808 299.

2240 4757 2448 4828 Νεαρῶν
2505 4749 2593 4807 ἐπὶ
2646 4748 2898 4828 ληγάτων
2940 4749 3198 4827 εὗσεϐὧν,
3243 4772 3304 4814 κ,
3360 4771 3416 4811 τ.
3466 4748 3552 4827 λ.,
3589 4739 3840 4826 usquead

2231 4837 2426 4896 δίδοται
2485 4839 2547 4896 τὸ
2601 4846 2848 4919 πρᾶγμα,
2899 4839 2935 4909 ἢ
2984 4841 3019 4908 ἡ
3077 4838 3386 4915 δια-τίμησις
3442 4840 3623 4900 αὑτοῦ.
3679 4832 3845 4911 Supra

2272 4947 2365 4990 ac.
2399 4925 2544 4989 299.

580 5006 913 5072 Scholium.
939 5009 1146 5073 Const.
1172 5009 1210 5071 3
1228 5009 1359 5073 tit.2
1380 5008 1889 5091 Novellarnm,est
1910 5013 2149 5076 novella

2240 4947 2365 5009 pag.
2399 4947 2544 4989 τεν.

2311 5016 2572 5096 Σχόλιον.
2606 5014 2671 5075 Ἠ
2704 5016 2757 5095 γ’
2813 5016 2957 5078 διάτ.
3004 5018 3094 5076 τοῦ
3123 5017 3169 5096 β’
3210 5019 3316 5082 τίτ,
3348 5022 3455 5075 τῶν
3489 5016 3723 5093 Νεαρῶν,
3752 5012 3840 5068 ’ἐστι

495 5095 825 5161 Justiniaui
849 5100 1191 5180 t3l,pusita
1208 5100 1351 5181 [que
1374 5102 1495 5181 est]
1520 5101 1581 5163 in
1606 5103 2095 5177 lib.Basil.v,tit.:

2241 5095 2394 5184 veapt’z’
2444 5106 2865 5170 Ἰουστινιάνειος
2925 5106 3068 5187 ρλα’,
3129 5095 3354 5183 κειμένη
3417 5106 3471 5162 ὲν
3534 5102 3718 5183 βιϐλίῳ
3757 5100 3841 5156 τῶν

501 5202 634 5264 cap.
664 5190 726 5266 9,
762 5188 921 5267 quod
968 5189 1265 5251 insertum
1311 5201 1402 5252 est
1429 5191 1662 5253 scholio
1688 5211 1821 5272 cap.
1860 5197 1918 5267 1,
1955 5193 2047 5257 tit.
2084 5198 2101 5253 ε

2240 5194 2530 5253 Βασιλικῶν
2560 5193 2628 5266 ε’,
2662 5196 2766 5254 τίτ.
2800 5195 2879 5274 γ’,
2911 5218 3034 5275 κεφ.
3067 5197 3113 5255 θ’
3174 5194 3601 5274 καταστρωθέντι
3632 5196 3701 5257 εἷς
3730 5188 3840 5268 σχό·

499 5276 816 5366 ρτωεεηιίε
846 5277 1052 5366 operis
1082 5279 1248 5341 circa
1280 5278 1541 5342 initium.
1565 5281 1800 5344 Gratias
1832 5282 2013 5361 igitur
2039 5301 2099 5361 ag

2241 5288 2380 5341 kztuv
2424 5291 2518 5341 τοῦ
2574 5282 2625 5341 α’
2672 5305 2797 5366 neq).
2844 5292 2935 5342 τοῦ
2978 5283 3029 5361 β’
3080 5285 3188 5350 τίτ,
3250 5287 3343 5342 τοῦ
3394 5286 3647 5362 παρόντος
3678 5276 3841 5337 συντέ-

498 5362 856 5444 patriarchaa
885 5365 1231 5449 Photio,qni
1262 5379 1428 5430 recte
1458 5371 1890 5451 interpretatus
1910 5381 2000 5434 est
2020 5390 2093 5452 ep

2241 5394 2430 5451 γματος
2474 5375 2593 5451 περὶ
2644 5362 2761 5440 τὰς*
2799 5375 2999 5454 ἀρχάς.
3047 5376 3455 5454 Εὗχαριστησον
3491 5376 3577 5431 οὖν
3644 5378 3716 5445 τῷ
3755 5389 3841 5424 πα·

497 5469 716 5543 scupos
747 5460 808 5514 et
836 5454 1412 5538 clericos,tanquam
1445 5459 1502 5522 id
1529 5459 1688 5537 quod
1722 5460 2097 5536 interest,usn

2242 5460 2464 5542 ιριοίρχῃ
2525 5470 2721 5536 Φωτιφ
2809 5462 2988 5525 καλῶς
3049 5464 3438 5543 ἑρμηνεύσαντι
3497 5464 3740 5519 ἀπαιτεῖν
3786 5462 3842 5512 ὼ(

495 5557 594 5604 ras
618 5541 885 5632 exigere.
940 5543 1052 5607 Tit.
1088 5546 1128 5609 2
1160 5546 1269 5609 lib.
1305 5564 1362 5608 νι
1390 5548 1527 5609 cod.
1563 5551 1792 5629 positus
1823 5560 1916 5613 est
1944 5552 2004 5612 in
2039 5551 2095 5612 lil

2244 5541 2473 5632 ἳιαφέρον
2500 5575 2713 5627 τοκους,
2767 5554 2891 5615 τοὺς
2943 5541 3294 5627 ἐπισκοπους,
3358 5551 3445 5610 xz’
3501 5552 3619 5615 τοὺς
3673 5547 3844 5621 κληριο

493 5630 674 5704 Basil.
705 5648 804 5709 ιι,
839 5633 930 5699 tit.
966 5640 1027 5710 6,
1083 5651 1218 5717 cap.
1278 5635 1474 5719 18,1c
1502 5656 1736 5725 quaeras
1768 5640 1932 5705 varia
1962 5640 2093 5727 hujt

2239 5630 2391 5714 βιούς.
2426 5641 2486 5701 ’0
2514 5641 2565 5722 β’
2598 5663 2703 5704 τιτ.
2751 5643 2847 5703 τοῦ
2893 5641 2969 5719 ς’
3000 5641 3209 5725 βιϐλιου
3239 5642 3333 5705 τοῦ
3360 5641 3581 5710 κῶὂικος
3611 5637 3753 5705 ἐτέθη
3779 5634 3839 5696 είς
