3930 6218
194 326 343 400 1121

1114 320 1604 423 NOMOCANON.
1653 357 1729 371 —
1786 317 1944 389 φιτ.
1993 322 2102 406 1x,
2154 321 2318 390 CAP.
2366 317 2617 391 xxvn.

3398 312 3551 391 1122

185 466 398 544 βιϐλίον
445 470 551 521 τῶν
584 460 887 521 Βασιλικῶν
930 462 972 529 ξ’
1018 463 1126 526 τίτ,
1174 460 1252 537 ς”
1287 482 1411 541 καφ.
1447 458 1524 526 ιη’
1554 459 1647 515 καί
1679 459 1830 531 ζήτει
1853 469 1891 518 Δ
1916 478 2000 541 εει

2035 458 2159 523 .de
2188 459 2363 521 furtis
2390 468 2453 522 et
2481 458 2892 524 furibus.'Tit.
2955 458 2991 519 2
3048 460 3154 522 lib.
3214 477 3377 525 XLVII
3425 461 3547 542 dig.

185 557 418 636 διάφορα
448 556 634 613 τούτου
687 577 813 633 καφ.
864 555 984 632 περὶ
1038 554 1259 610 κλοπῶν
1303 553 1391 607 καὶ
1448 550 1719 615 κλεπτῶν,
1771 551 1830 609 ’0

181 647 249 704 δὲ
281 646 329 724 β’
357 648 460 707 τίτ,
492 644 584 701 τοῦ
613 644 703 718 με’
753 641 957 720 βιϐλίου
1003 649 1109 699 τῶν
1162 641 1303 703 διατ.
1339 641 1490 706 ἐτὲθη
1523 642 1597 702 εἰς
1628 639 1830 716 βιϐλίον

185 744 302 793 τῶν
344 735 646 792 Βασιλικῶν
676 732 720 800 ξ’
749 738 851 794 τίτ.
888 733 955 810 ιβ’
1005 755 1128 813 κεφ,
1176 731 1226 789 α’
1239 780 1254 805 ,
1298 733 1383 788 καὶ
1415 729 1497 808 ἐφ’
1528 728 1648 795 ἑξῆς
1680 732 1830 800 ζήτει

189 849 318 905 κεφ,
363 826 440 902 β’,
473 824 548 901 γ’,
583 823 655 897 δ’,
689 823 757 896 ε’,
792 823 857 878 τὰ
900 823 1032 879 αὐτὰ
1087 824 1310 898 λέγοντα
1369 821 1546 897 ῥητῶς
1592 819 1691 875 ὅσα
1736 820 1831 875 καί

192 918 275 981 εἰς
335 916 396 971 τὸ
465 914 712 987 κείμενον
781 913 1116 991 ἔγράτησαν,
1176 912 1332 980 Ζήτιι
1390 908 1443 963 δὲ
1504 911 1593 964 καὶ
1652 907 1831 983 ἕτερον

190 1026 318 1076 usq.
352 1009 444 1059 τοῦ
476 1003 637 1060 αὐτοῦ
669 1004 773 1064 τίτ.
819 1000 1066 1058 διδάσκον
1111 1001 1176 1056 τὰ
1233 1003 1361 1075 περὶ
1420 998 1651 1076 ἀφανοῦς
1700 996 1829 1053 ιιλο-

343 1094 433 1150 καὶ
486 1098 742 1171 φανερᾶς,
781 1091 870 1147 καὶ
924 1090 1040 1145 εἰπὲ
1097 1089 1179 1145 ὅτι
1228 1071 1327 1144 κᾶν
1355 1071 1662 1164 ἱερωμένων
1699 1086 1832 1143 κλε-

191 1188 346 1241 πτῶν
387 1186 448 1241 οὗ
487 1182 792 1257 μέμνηνται
836 1182 885 1235 οἱ
926 1186 1157 1236 τοιοῦτοι
1204 1178 1307 1237 τίτ.
1370 1174 1519 1233 Ἀλλ’
1583 1176 1697 1232 imi
1741 1173 1831 1255 ἀφ’

191 1276 273 1330 ὧν
327 1274 567 1348 νομίμων
611 1271 890 1348 ἐνάγονται
954 1272 1001 1325 οἱ
1059 1267 1263 1345 λα’ίκοὶ,
1332 1264 1383 1330 ἐξ
1428 1267 1600 1322 αὑτῶν
1652 1266 1741 1322 καὶ
1784 1267 1833 1323 οἱ

1918 551 2143 630 positus
2163 558 2254 611 est
2276 552 2335 610 in
2360 549 2469 612 lib.
2495 550 2674 611 Basil.
2701 567 2801 623 Lx,
2828 550 2917 612 tit.
2949 548 3047 624 12,
3072 556 3242 632 cap.l
3263 554 3551 630 ,ac'dein-

1914 657 2058 718 ceps
2080 658 2313 717 quazras
2341 658 2473 720 cap.
2502 641 2561 719 2,
2587 640 2648 714 3,
2682 640 2744 709 4,
2778 640 2838 719 5,
2876 658 3004 720 qua;
3028 657 3311 719 expresse
3341 645 3550 707 eadem

1916 729 2125 792 dicunt
2147 747 2278 809 quae
2300 728 2361 790 in
2383 737 2545 792 textu
2569 730 2792 807 scripta
2811 728 3100 793 sunt.Sed
3123 748 3355 811 qumras
3369 734 3551 797 etiam

1914 818 2030 879 alia
2055 819 2321 895 ejusdem
2355 817 2447 882 tit.
2481 835 2616 897 cap.
2665 838 2797 899 quae
2841 818 2918 878 de
2971 837 3081 879 nec
3134 821 3449 884 manifesto
3496 832 3558 885 et

1916 908 2234 969 manifesto
2264 908 2426 969 furto
2458 909 2698 982 docent,
2723 927 2791 970 ac
2817 906 3008 983 dicas,
3042 909 3201 989 quod
3236 913 3470 974 tametsi
3493 912 3555 976 hi

1918 998 2077 1058 tituli
2126 998 2510 1059 sacerdotum
2559 998 2759 1059 furum
2811 1016 2929 1058 non
2963 1001 3371 1072 meminerint,
3398 1011 3553 1066 atta-

1920 1104 2057 1148 men
2087 1094 2228 1167 quia
2249 1106 2325 1149 ex
2358 1088 2575 1168 quibus
2608 1088 2838 1168 legibus
2872 1090 3325 1165 conveniantur,
3360 1111 3558 1175 neque

1916 1192 2056 1236 vero
2087 1176 2461 1255 privilegium
2498 1176 2592 1238 his
2623 1177 2826 1239 datum
2872 1178 2970 1257 sit,
3001 1196 3077 1240 ne
3107 1179 3183 1241 de
3217 1180 3373 1242 furto
3403 1201 3555 1245 con-

1915 1265 2122 1326 venire
2182 1268 2459 1345 possint:
2522 1267 2868 1328 necessario
2928 1269 3233 1331 communi
3281 1269 3364 1332 de
3387 1271 3557 1336 furtis

191 1363 441 1438 κληρικοὶ
485 1361 789 1437 ὲνάγονται,
840 1359 1105 1437 προνόμια
1163 1356 1220 1412 δὲ
1272 1356 1365 1413 οὒκ
1422 1354 1576 1422 ὶδέοη
1620 1356 1831 1417 τούτοις
1912 1354 2000 1433 jul

2030 1373 2053 1415 ε
2084 1363 2144 1415 et
2173 1354 2291 1435 ipsi
2327 1356 2841 1435 constringeutur.

191 1452 305 1509 ἀπὸ
335 1450 542 1517 κλοπῆς
573 1453 652 1525 μη
698 1447 971 1526 ἐνᾶγισθαι
1016 1445 1070 1512 ἕξ
1099 1446 1341 1524 ἀνάγκης
1371 1451 1448 1520 τῷ
1489 1450 1653 1519 κοινῷ
1681 1444 1893 1515 νομίμῳ
1921 1449 1999 1518 τῷ
2028 1449 2146 1523 περὶ
2175 1450 2274 1512 τῆς
2307 1445 2513 1514 κλοπῆς
2544 1450 2633 1503 καὶ
2664 1447 2808 1503 αὐτοὶ
2838 1451 3346 1528 συεφιγλθνᾶσονται.

281 1541 560 1614 Κείμενον,
600 1537 658 1596 Ὀ
703 1537 760 1593 δὲ
791 1538 897 1593 ἀπὸ
946 1535 1272 1614 ὖμπρησμοῦ
1392 1534 1642 1611 ναυαγίου
1686 1533 1835 1607 λαμ-

2004 1533 2246 1599 Texlus.
2307 1534 2417 1608 Qui
2474 1553 2544 1596 ex
2594 1534 2882 1597 incendio
2914 1545 3015 1597 aut
3046 1536 3374 1617 naufragio,
3411 1549 3559 1618 etc.,

192 1628 368 1686 ϐἅνων
400 1628 615 1701 ἔξωθεν,
648 1650 704 1687 κ.
739 1649 794 1689 τ.
828 1627 910 1706 λ.,
944 1643 1134 1705 usque
1165 1625 1239 1685 ad
1292 1625 1366 1687 ὡς
1397 1620 1599 1700 βιϐλίον
1632 1621 1683 1702 γ’
1728 1622 1833 1681 τίτ.
1858 1639 2000 1706 ..ωδε

2034 1641 2105 1683 ue
2136 1624 2218 1685 ad
2249 1624 2339 1686 tit.
2374 1624 2433 1699 2,
2465 1624 2684 1701 digest.
2719 1624 2822 1699 26,
2855 1633 2920 1685 ut
2947 1642 3092 1705 pag.
3123 1626 3268 1688 300.

191 1718 270 1797 β’,
306 1718 447 1779 διάτ.
480 1717 558 1790 α’,
592 1716 637 1772 δ’
670 1718 757 1772 καὶ
784 1716 888 1789 ς’,
915 1732 1097 1794 supra
1124 1731 1254 1794 pag,
1290 1712 1429 1776 299.

277 1807 541 1887 Σχόλιον.
580 1806 643 1863 Ἦ
689 1805 766 1871 ιη’
821 1803 960 1862 διάτ.
1022 1810 1116 1860 τοὺ
1162 1804 1213 1878 β’
1262 1803 1363 1860 τίτ.
1398 1808 1493 1858 τοῦ
1520 1799 1599 1874 ς’
1632 1798 1837 1877 βιϐλίου

193 1905 290 1955 τοῦ
331 1895 560 1957 κώδικος
606 1894 720 1952 ἔστι
765 1894 902 1950 θέιια
946 1892 1029 1948 λε’
1069 1897 1162 1948 τοῦ
1219 1890 1299 1964 ς·’
1348 1892 1454 1951 τίτ.
1499 1899 1593 1946 τοῦ
1636 1889 1677 1955 ξ’
1723 1888 1836 1967 βιϐ.

189 1995 304 2045 τῶν
343 1986 638 2063 βασιλικῶν
684 1984 825 2041 οὕτω
869 1984 1049 2060 λέγον.
1085 1980 1213 2038 Ἐάν
1247 2004 1325 2045 τις
1377 1980 1486 2037 ἀπὸ
1516 1980 1839 2057 ἐμπρησμοῦ

194 2079 234 2144 ἢ
266 2082 515 2152 ναυαγίου
573 2072 838 2152 ἀφέληται
900 2094 977 2148 τι,
1039 2070 1076 2136 ἦ
1124 2070 1333 2143 μειώσῃ
1394 2068 1542 2131 ἐντὸς
1600 2068 1840 2123 ἐνιαυτοῦ

192 2165 495 2245 ὡρισμένου
523 2164 598 2226 εἷς
633 2164 694 2218 τὸ
745 2159 1074 2238 τετραπλοῦν
1124 2157 1440 2237 καρέχεται.
1488 2157 1634 2213 Μετὰ
1663 2155 1716 2212 δὲ
1746 2157 1839 2212 τὸν

194 2255 439 2313 ἐνιαυτὸν
469 2255 546 2315 εἷς
581 2253 642 2308 τὸ
673 2251 875 2307 ἀπλοῦν
905 2251 1039 2328 πρὸς
1089 2247 1157 2324 τῇ
1203 2246 1308 2315 ἤδη
1345 2246 1618 2324 ὡρισμεξνις⁸
1650 2250 1837 2323 ποινῇ,

196 2345 271 2403 Τὸ
307 2342 362 2399 δὲ
394 2340 625 2398 δίδοσθαι
653 2344 743 2397 καὶ
773 2348 850 2414 τῷ
878 2341 1054 2420 φίσκῳ
1082 2338 1247 2415 ἤγουν
1279 2338 1355 2411 τῷ
1386 2335 1628 2412 δημοσίῳ
1659 2338 1715 2393 τὸ
1745 2356 1841 2393 τε-

196 2433 471 2513 τραπλοῦν
515 2431 689 2496 καθὼς
733 2430 787 2486 ὲν
831 2438 909 2502 τῷ
951 2426 1143 2485 κώδικι
1200 2427 1528 2506 περιείχετο,
1571 2428 1630 2482 οὐ
1676 2446 1842 2503 προσ-

196 2524 360 2591 ιτὲθη
387 2524 446 2578 ἓν
488 2527 564 2593 τῷ
625 2518 922 2592 Βασιλικῷ,
982 2517 1205 2593 Λέγουσι
1240 2525 1366 2594 γοῦν
1394 2537 1535 2579 τινες
1570 2513 1654 2571 διὰ
1686 2523 1843 2572 τοῦτο

199 2614 284 2688 μὴ
342 2610 689 2667 ἀπαιτεῖσθαι
749 2609 893 2686 παρὰ
935 2613 1029 2663 τοῦ
1081 2604 1345 2681 δημοσίου
1391 2607 1449 2661 τὸ
1488 2603 1839 2681 τετραπλοῦν.

200 2700 363 2777 Ἐμοὶ
408 2699 459 2755 δὲ
512 2697 665 2757 δοκεῖ
721 2697 802 2754 ὅτι
860 2698 967 2753 ἀπὸ
1025 2701 1120 2751 τοῦ
1174 2697 1349 2750 εἰπεῖν
1404 2697 1497 2751 τὸν
1557 2692 1843 2751 Βασιλικὸν

199 2791 402 2871 ἔνοχον
435 2791 581 2847 εἶναι
612 2791 703 2845 τὸν
735 2788 904 2853 οὕτως
947 2786 1306 2864 ἡμαρτηκότα
1334 2785 1426 2841 σὺν
1460 2791 1537 2857 τῷ
1565 2782 1849 2862 τετραπλῷ

203 2882 299 2938 καὶ
351 2886 420 2955 τῇ
479 2877 752 2956 ὡρισμένη
812 2883 997 2953 ποινῇ,
1072 2887 1390 2952 παρίσταται
1453 2872 1702 2930 δύνασθαι
1758 2873 1848 2930 καὶ

199 2972 298 3027 τὸν
357 2967 621 3043 δημόσιον
680 2967 935 3023 ἀπαιτεῖν
978 2966 1041 3021 τὸ
1082 2962 1431 3042 τετραπλοῦν,
1466 2964 1607 3029 Φησὶ
1663 2960 1717 3017 δὲ
1762 2962 1850 3019 καὶ

200 3062 267 3117 τὸ
300 3058 389 3115 λα’
432 3080 558 3137 usq).
592 3064 685 3114 τοῦ
714 3056 768 3134 γ’
798 3057 905 3114 τίτ.
936 3062 1030 3112 τοῦ
1058 3052 1139 3131 νγ⁹
1176 3051 1384 3110 ϐιϐλίου
1414 3063 1577 3112 ταῦτα
1615 3070 1631 3085 ⁸
1670 3050 1731 3110 Ὀ
1760 3052 1851 3128 ἆρ-

205 3149 398 3219 πάζων
456 3148 492 3215 ἢ
541 3148 679 3203 κατὰ
738 3146 898 3202 δόλον
970 3141 1257 3222 κερδαίνων
1311 3141 1372 3199 ἐκ
1428 3143 1702 3221 ναυαγίου,
1775 3142 1851 3205 εἷς

210 3238 345 3295 ὅσον
401 3237 679 3293 ὑπόκειται
765 3239 843 3307 τῷ
922 3232 1271 3311 ζημιωθέντι,
1331 3234 1586 3289 τοσοῦτον
1632 3233 1722 3287 καὶ
1777 3230 1854 3305 τῷ

208 3326 460 3398 δημοσίῳ
488 3323 722 3384 δίδωσιν.
757 3321 816 3381 Ὀ
848 3322 905 3379 δὲ
950 3322 997 3379 θ’
1059 3322 1164 3382 τίτ.
1217 3327 1310 3377 τοῦ
1369 3317 1457 3395 μζ’
1500 3319 1707 3397 βιϐλίου
1748 3326 1854 3376 τῶν

207 3416 358 3475 διατ.
392 3415 547 3482 ἆτὲθη
579 3417 654 3474 εἷς
680 3435 786 3472 τιτ.
821 3412 873 3469 κ’
900 3420 998 3470 τοῦ
1045 3408 1090 3477 ξ’
1149 3408 1355 3487 βιϐλίου
1395 3416 1503 3466 τῶν
1556 3410 1856 3466 Βασιλικῶν

211 3502 656 3581 διαλαμϐάνοντα
707 3505 825 3580 περὶ
882 3510 989 3560 τῶν
1045 3500 1447 3580 ἀφαιρουμένων
1490 3499 1597 3555 ἀπὸ
1640 3499 1853 3577 ἔμπρη-

210 3602 361 3670 σμοῦ
409 3598 497 3651 καὶ
557 3592 975 3656 καταπτώσεως,
1052 3590 1210 3667 Λέγει
1294 3588 1349 3645 δὲ
1426 3591 1487 3646 τὸ
1545 3589 1697 3655 τέλος
1765 3596 1860 3645 τοῦ

212 3684 270 3743 α’
318 3707 445 3764 κεφ,
478 3686 572 3741 τοῦ
601 3689 761 3743 αὐτοῦ
786 3682 893 3742 τίτ.
925 3682 1177 3760 ἁρμόζειν
1214 3678 1470 3736 ἐπέκεινα
1499 3682 1597 3745 τῆς
1628 3702 1857 3759 χρημα-

209 3781 378 3842 τικῆς
422 3780 641 3843 ποινῆς,
710 3775 801 3829 καὶ
871 3771 1283 3851 ἔγκληματικῆν
1332 3768 1697 3834 ἐπεξελευσιν.
1764 3770 1862 3827 Καὶ

211 3867 339 3924 ’ἐστι
381 3875 538 3923 τοῦτο
588 3862 756 3919 ἰδικὸν
815 3864 888 3925 τίς
942 3863 1063 3922 τοὺς
1117 3860 1451 3938 ἁρπάζοντας
1504 3859 1611 3916 ἀπὸ
1641 3859 1862 3937 ἐμπρη-

212 3963 388 4032 σμοῦ,
434 3955 529 4011 καί
568 3950 967 4014 καταπτώσεως
1019 3954 1106 4006 και
1163 3950 1437 4026 ναυαγίου.
1498 3958 1863 4028 Τιμωροῦνται

218 4047 329 4123 γὰρ
384 4045 469 4099 καὶ
530 4046 889 4123 χρηματικὼς
940 4041 1028 4095 καὶ
1106 4036 1523 4114 ὲγυιληματικῶς
1578 4035 1709 4115 ὅπερ
1781 4038 1867 4093 ἐπὶ

215 4142 335 4192 τῶν
392 4131 574 4188 ἄλλων
641 4129 1050 4205 ἁμαρτημάτων
1105 4129 1199 4183 οὐκ
1257 4125 1393 4189 ἔστι,
1463 4128 1560 4184 Καὶ
1611 4128 1743 4207 φησί
1806 4127 1867 4182 τὸ

219 4222 302 4296 νζ’
335 4221 478 4283 διάτ.
511 4228 604 4278 τοῦ
644 4217 692 4277 θ’
741 4220 845 4299 τίτ,
890 4225 986 4275 τοῦ
1038 4213 1126 4291 μζ’
1157 4213 1363 4292 βιϐλίου
1392 4221 1500 4272 τῶν
1529 4214 1667 4275 διατ.
1701 4216 1730 4272 ’δ
1756 4216 1867 4272 ἐστι

214 4315 362 4389 θέμα
392 4309 444 4389 β’
488 4319 578 4368 103
609 4308 684 4380 νζ’
716 4331 839 4389 κεφ,
874 4307 964 4363 τοῦ
995 4304 1065 4383 ιβ’
1115 4328 1221 4368 τιτ,
1268 4306 1362 4363 τοῦ
1414 4303 1457 4370 ξ’
1502 4304 1710 4382 βιϐλίου
1760 4313 1870 4363 τῶν

224 4401 536 4463 Βασιλικῶν
594 4400 763 4461 οὕτως
821 4398 950 4477 ἕχον
1013 4398 1087 4459 ὼς
1143 4398 1471 4471 συνωψίσθη.
1527 4393 1653 4452 Ἐὰν
1696 4397 1795 4474 γὰρ
1844 4398 1871 4452 ὁ

221 4494 506 4572 ὑϐριστὴς,
542 4491 578 4559 ἢ
627 4492 656 4547 ὁ
714 4489 953 4555 κλέπτης
1012 4485 1431 4565 ἐγκληματικῶς
1482 4484 1748 4551 ἐκλυσθιὶς
1784 4508 1873 4543 τι..

224 4586 489 4659 μωρηθῇ,
537 4582 737 4647 ποινὴν
781 4581 842 4635 οὔ
904 4576 1082 4633 δίδωσι
1140 4577 1517 4655 χρηματικήν.
1564 4578 1634 4633 Τὸ
1692 4574 1873 4649 μέντοι

1858 1694 1898 1747 Β
1999 1694 2338 1775 Senonum.
2376 1694 2629 1776 causiu.
2692 1714 2767 1776 18
2807 1694 3171 1777 'ui.’2'ub.
3213 1719 3437 1781 mod.
3472 1728 3565 1783 est

1921 1800 2162 1882 cap.35,
2189 1803 2280 1865 tit.
2306 1803 2365 1873 6,
2391 1802 2494 1866 lib.
2520 1819 2594 1864 ιι
2620 1803 2827 1874 Basi|..
2856 1803 3014 1884 Quod
3037 1804 3125 1866 sic
3148 1804 3314 1867 dicit:
3342 1805 3405 1869 Si
3431 1810 3568 1891 quis

1922 1908 1991 1952 ex
2025 1890 2306 1952 incendio
2338 1893 2430 1953 vel
2466 1892 2777 1970 naufragio
2800 1892 3103 1973 quidpiam
3129 1894 3449 1959 abstulerit
3464 1904 3563 1961 aut

1923 1980 2485 2055 imminuerit,intra
2510 1982 2822 2043 deﬁnitum
2846 2001 3069 2045 annum
3096 1995 3314 2066 praeter
3326 2005 3563 2065 poenam

1922 2069 2064 2130 olim
2096 2072 2469 2143 statutam,in
2494 2072 3063 2152 quadruplum,post
3083 2092 3307 2137 annum
3329 2078 3391 2137 in
3413 2077 3567 2140 sim-

1924 2158 2083 2239 plum
2118 2167 2378 2222 tenetur.
2414 2163 2485 2223 Ut
2536 2170 2734 2223 autem
2780 2162 2925 2223 fisco
2961 2162 3141 2223 etiam
3172 2164 3571 2246 quadruplum

1925 2250 2430 2329 detur.quomodo
2459 2250 2563 2328 [id]
2591 2251 2648 2311 in
2686 2250 2821 2314 cod.
2843 2252 3417 2332 comprehendatur,
3451 2274 3573 2318 non

1929 2338 2188 2416 positum
2220 2348 2310 2401 est
2337 2340 2397 2399 in
2424 2340 2609 2402 Basil.
2634 2338 2857 2401 Dicunt
2879 2357 3023 2418 ergo
3052 2342 3323 2405 nonnulli
3344 2342 3573 2407 idcirco

1926 2428 2136 2489 iiscum
2159 2429 2563 2510 quadruplum
2589 2447 2708 2491 non
2734 2428 3250 2506 exigero.Verum,
3269 2432 3572 2514 quomodo

1926 2517 2075 2579 mihi
2106 2516 2362 2594 videtur,
2398 2517 2542 2581 inde
2593 2517 2751 2598 quod
2805 2520 2986 2582 Basil.
3018 2520 3163 2582 dicit
3193 2539 3327 2583 eum
3361 2523 3464 2603 qui
3495 2523 3575 2586 ita

1924 2607 2214 2687 peccarit,
2249 2625 2385 2670 eum
2418 2607 2753 2688 quadruplo
2783 2609 2963 2669 etiam
2992 2616 3224 2671 statutae
3255 2628 3446 2690 paena;
3473 2610 3579 2674 ob-

1927 2695 2168 2756 noxium
2185 2696 2738 2759 esse:constituitur
2750 2696 2930 2759 etiam
2946 2698 3092 2761 iiscu
3104 2717 3156 2760 In
3173 2699 3575 2783 quadruplum

1930 2784 2170 2861 exigere
2197 2787 2502 2866 posse.Ait
2523 2805 2664 2850 vero
2686 2796 2745 2850 et
2767 2787 2835 2849 3i
2875 2788 3293 2869 cap.tit.3,lib.
3320 2806 3383 2866 ι,
3408 2792 3573 2857 haec:

1932 2873 2048 2947 Qui
2070 2874 2357 2956 rapit,aut
2378 2876 2514 2938 dolo
2539 2878 2770 2939 lucrum
2801 2877 3058 2958 percipit
3076 2894 3151 2940 ex
3173 2879 3577 2961 naufragio,iu

1932 2973 2216 3045 quantum
2234 2973 2469 3027 tenetur
2490 2971 2542 3027 ei
2566 2971 2666 3045 qui
2689 2966 2909 3027 damno
2926 2967 3177 3029 aifectus
3199 2977 3578 3038 est,tantum-

1934 3054 2075 3115 dem
2097 3053 2284 3116 etiam
2302 3054 2445 3116 ilsco
2468 3054 2785 3117 dat.Porro
2808 3055 3246 3131 tit.9,lib.vau
3270 3056 3576 3140 D.g.posi—

1937 3153 2033 3203 tus
2054 3151 2143 3204 est
2166 3143 2226 3204 in
2252 3142 2651 3219 tit.?0,lib.|.x
2677 3144 2852 3206 Basil.
2881 3143 2995 3217 Qui
3019 3146 3444 3225 complectitur
3465 3159 3580 3211 tra-

1896 3247 1902 3253 '
1936 3239 2158 3293 ctatum
2174 3250 2383 3294 eorum
2407 3253 2540 3315 quae
2560 3254 2633 3297 ex
2656 3233 2935 3297 incendio
2957 3244 3015 3297 et
3036 3236 3212 3298 ruina
3233 3237 3580 3319 subripiun-

1941 3321 2222 3382 tur.Dicit
2242 3330 2437 3385 autem
2460 3323 2598 3385 linis
2618 3328 2793 3403 cap.l
2827 3324 3100 3404 ejusdem
3128 3327 3582 3409 tit.competere

1940 3427 2120 3491 supra
2146 3413 2551 3482 pecuniariam
2582 3431 2816 3495 poenam
2844 3416 3026 3478 etiam
3048 3417 3347 3479 actionem
3371 3419 3580 3481 crimi-

1939 3498 2159 3561 nalem.
2194 3499 2386 3579 Atque
2412 3512 2506 3563 est
2527 3503 2641 3563 hoc
2673 3504 2939 3582 speciale
2971 3504 3032 3566 in
3056 3504 3128 3565 iis
3150 3510 3249 3585 qui
3272 3525 3340 3568 ex
3365 3505 3582 3569 incen-

1942 3588 2583 3671 dio,ruina,naufragio
2601 3590 2788 3672 [quid]
2807 3593 3580 3673 rapiunt.Puniunturenim

1943 3685 2067 3739 tum
2092 3678 2597 3758 pecuniarie,tum
2621 3680 3041 3744 criminaliter:
3067 3683 3223 3762 quod
3248 3684 3306 3744 in
3325 3684 3461 3746 aliis
3482 3684 3584 3747 de-

1943 3765 2100 3829 lictis
2122 3786 2240 3828 non
2266 3768 2350 3847 ﬁt,
2377 3769 2891 3848 quemadmodum
2915 3771 3063 3832 dicit
3080 3771 3297 3851 digest.
3320 3775 3384 3850 7,
3401 3771 3493 3837 tit.
3518 3775 3581 3849 9,

1946 3855 2216 3920 lib.xr.vtt
2236 3856 2524 3939 dig.quod
2546 3859 2741 3939 ipsum
2769 3867 2860 3921 est
2880 3860 3085 3922 thema
3109 3861 3311 3943 ἦτορ.
3343 3863 3446 3938 57,
3486 3864 3581 3927 tit.

1946 3950 2048 4027 1‘2,
2078 3946 2188 4012 lib.
2221 3964 2294 4010 ιιι
2346 3948 2527 4010 Basil.
2590 3948 2751 4030 quod
2804 3949 3005 4024 habet,
3038 3958 3105 4012 ut
3134 3952 3194 4013 in
3227 3954 3586 4035 compendio

1951 4036 2323 4117 propositum
2348 4035 2675 4121 est.Neque
2699 4039 2860 4100 enim
2887 4039 3150 4119 injurius
3171 4051 3269 4103 aut
3292 4042 3592 4119 fur,sic'ri-

1951 4127 2159 4188 minali
2185 4129 2422 4189 actione
2442 4128 2752 4207 impetitus
2784 4130 3022 4210 punitus
3041 4130 3385 4209 sit,pmnam
3413 4152 3590 4214 pecu-

1953 4215 2202 4277 niariam
2228 4216 2514 4280 dat.Sane
2537 4218 2658 4297 dig.
2685 4218 2888 4299 93,tit.
2908 4218 2971 4300 2,
2995 4219 3103 4284 lib.
3127 4238 3285 4285 XLVII
3312 4222 3431 4303 dig.
3470 4242 3591 4285 non

1955 4312 2045 4365 est
2072 4304 2332 4385 positum
2383 4306 2443 4367 in
2493 4307 2680 4371 Basil.
2727 4306 2876 4369 Nota
2907 4316 3128 4383 tamen,
3166 4311 3320 4389 quod
3352 4315 3591 4392 quando

1955 4394 2355 4458 criminaliter
2377 4396 2452 4457 de
2470 4396 2691 4459 delicto
2709 4398 2863 4461 actio
2888 4408 3048 4460 mota
3067 4398 3337 4475 fuerit,in
3360 4402 3592 4464 crimen

1955 4483 2432 4563 subscriptiones
2461 4487 2702 4553 dentur.
2732 4485 2854 4550 Tit.
2885 4487 2926 4550 2
2969 4489 3074 4552 lib.
3109 4506 3172 4552 ru
3203 4490 3321 4569 dig.
3360 4502 3455 4553 est
3482 4492 3592 4553 lib.

1958 4575 2140 4638 Basil.
2175 4593 2293 4645 XXI,
2333 4576 2425 4637 tit.
2451 4576 2512 4651 2,
2540 4578 2643 4658 qui
2673 4577 2853 4641 docet
2878 4577 3096 4658 quibus
3127 4580 3320 4641 modis
3351 4581 3596 4643 infamia

227 4671 332 4751 4γ’
367 4671 607 4733 dmin-:06
638 4667 689 4745 β’
722 4670 822 4729 τίτ.
860 4668 952 4724 τοῦ
978 4663 1069 4743 μζ⁹
1099 4664 1303 4743 βιϐλίου
1334 4672 1439 4722 τῶν
1464 4663 1749 4730 διατάξεων
1780 4665 1877 4721 οὒκ
1954 4665 2000 4728 ix

2030 4675 2280 4744 'ogetur,
2313 4683 2381 4726 ac
2420 4666 2551 4745 lege
2584 4667 2786 4730 thema
2838 4667 2897 4748 3,
2950 4685 3085 4748 cap.
3122 4669 3177 4743 1,
3211 4668 3371 4749 quod
3399 4669 3544 4729 dicit
3579 4686 3593 4731 :

222 4764 391 4828 ἐτέθη
424 4762 497 4822 εἱς
528 4761 597 4820 τὰ
627 4758 912 4819 Βασιλικά,
947 4757 1260 4831 Σημείωσαι
1309 4754 1365 4810 δὲ
1398 4754 1478 4811 ὅτι
1508 4755 1637 4812 ὅταν
1665 4753 1871 4834 ἒγιιλη-

1958 4754 2199 4817 Infamia
2252 4762 2363 4831 est,
2404 4756 2508 4837 qui
2567 4776 2677 4819 suo
2711 4757 2958 4819 nomine
2997 4757 3163 4829 furti,
3198 4760 3250 4817 vi
3302 4758 3598 4819 bonorum

225 4856 478 4929 ματικῶς
508 4853 704 4927 κινηθῇ
734 4851 769 4917 ἠ
815 4849 922 4904 ἀπὸ
969 4846 1360 4924 ἁμαρτήματος
1419 4844 1610 4923 ἀγωγὴ
1652 4843 1878 4902 δίδονται
1953 4862 2000 4905 τε

2030 4852 2287 4925 ptorum,
2313 4845 2700 4923 injuriarum,
2733 4846 2809 4908 de
2838 4844 2976 4907 dolo
3021 4844 3224 4924 [malo]
3258 4845 3596 4921 damnatus,

223 4943 327 5001 καί
378 4940 669 5019 ἐγγραφαι,
729 4936 785 4997 Ὀ
845 4935 897 5014 β’
945 4937 1050 4998 τίτ.
1091 4943 1186 4992 τοῦ
1228 4931 1279 5013 γ’
1324 4932 1540 5011 βιϐλιου
1571 4940 1678 4991 τῶν
1735 4933 1876 4995 διατ.

1960 4943 2061 4997 aut
2101 4935 2369 4997 nondum
2403 4934 2504 4997 lite
2533 4944 2866 4997 contestata
2908 4952 3094 5016 super
3122 4934 3216 4997 his
3265 4934 3603 4999 actionibus

224 5032 350 5091 εστι
394 5028 602 5107 βιϐλίον
659 5035 765 5087 τῶν
824 5026 1127 5084 Βασιλικῶν
1176 5028 1264 5082 καὶ
1308 5026 1411 5084 τίτ.
1443 5021 1495 5102 β’
1528 5022 1791 5080 διδάσκων
1822 5025 1883 5083 Eat
1962 5024 1998 5086 d

2030 5025 2116 5087 itis
2147 5023 2418 5106 pecuniis
2443 5033 2654 5106 pactus
2684 5023 2883 5087 fuerit.

230 5123 409 5182 ποίων
442 5121 658 5198 τρόπων
692 5117 951 5196 ἰπᾶγιται
982 5116 1193 5191 ἀτιμία.
1232 5115 1329 5173 Καὶ
1363 5112 1626 5191 ἀνάγνωθι
1660 5112 1793 5189 θὲμα
1828 5112 1879 5192 γ’

229 5222 333 5271 ωδ
362 5210 418 5267 α’
462 5231 588 5289 καφ,
619 5206 801 5286 λέγον·
856 5206 1085 5281 νΑτιμός
1115 5207 1230 5262 isti
1274 5203 1369 5259 καί
1401 5205 1429 5259 ὂ
1486 5202 1601 5278 ἰδίῳ
1627 5203 1851 5276 ὀνόματι
1895 5203 2235 5284 κατακριθεΐς
2266 5204 2335 5273 τῇ
2379 5204 2497 5277 περὶ
2540 5202 2747 5271 κλοπῆς
2791 5202 2993 5283 ἀγογῇ,
3036 5204 3072 5273 ἢ
3116 5210 3183 5282 τῇ
3219 5206 3329 5285 περὶ
3359 5206 3607 5287 ἁρπαγῆς

237 5302 603 5382 πραγμάτων,
651 5298 738 5355 καὶ
768 5302 838 5374 τῇ
886 5296 1003 5367 περὶ
1032 5293 1234 5389 ὕϐρεως
1289 5293 1625 5389 ἆγωγῇ,.καὶ
1673 5292 1741 5368 τῇ
1784 5295 1905 5373 περὶ
1948 5294 2104 5352 δόλου
2145 5295 2181 5364 ἢ
2220 5296 2583 5373 συμφωνήσας
2638 5293 2768 5373 ὑπὲρ
2798 5299 2905 5353 τῶν
2958 5295 3213 5353 τοιούτων
3240 5296 3490 5376 ἀγωγῶν,
3523 5309 3612 5389 καὶ

236 5381 510 5474 χρήματα
542 5386 661 5453 δοὺς
694 5389 863 5462 μήπω
890 5384 1295 5464 προιατάρξεως
1332 5381 1654 5474 γενομένης.

326 5482 608 5554 Κείμενον,
672 5481 800 5556 Περὶ
863 5474 1234 5556 τυμϐωρύχων
1294 5473 1521 5551 γενικῶς
1580 5470 1885 5548 διαλαμϐά-

2056 5469 2301 5537 Tactus.
2337 5474 2425 5536 De
2451 5472 2867 5554 sepulcrorum
2899 5472 3310 5552 violatoribus,
3337 5482 3480 5555 etc.,
3515 5493 3610 5541 uso

236 5594 319 5632 νει
353 5575 383 5629 ὁ
416 5567 490 5648 ιβ’
535 5570 642 5630 τίτ.
685 5570 780 5625 τοῦ
823 5565 910 5643 μζ’
969 5564 1200 5645 βιϐλίου,
1245 5588 1297 5620 κ.
1347 5586 1399 5623 τ.
1446 5563 1527 5639 λ.,
1584 5580 1772 5645 usque
1814 5561 1888 5625 ad
1974 5582 2000 5647 ι]

2030 5581 2089 5627 ιε
2115 5564 2195 5629 ad
2220 5571 2412 5629 coast.
2448 5569 2485 5627 3
2516 5563 2857 5648 [traditur],
2893 5572 2961 5628 ut
2983 5582 3125 5648 pag.
3160 5563 3302 5634 300.

236 5669 341 5723 τοῦ
373 5660 606 5725 κώδικος
640 5658 745 5722 τίτ.
776 5654 823 5715 δ’
853 5656 994 5723 διάτ.
1028 5653 1106 5737 γ’,
1132 5652 1261 5732 ις’,
1295 5652 1491 5739 Supra
1519 5670 1654 5739 pag.
1686 5652 1828 5718 500.
