4052 6222
294 296 447 379 H25

1081 285 1577 377 NOMOCANON.
1627 345 1695 355 -
1756 282 1909 371 Μ.
1955 286 2065 388 1x,
2110 292 2275 371 CAP.
2322 292 2841 374 XXVIII-XXIX.

3491 289 3645 373 1126

291 449 451 526 μένου
484 446 499 453 ’
521 450 599 525 μὴ
645 449 1001 522 προκειμένης
1062 447 1228 510 αἰτίας
1261 442 1693 527 αἰσχροκερδῶς,
1739 446 1944 502 κακῶς

2050 446 2117 515 at,
2153 458 2260 520 per
2309 438 2599 519 synodum
2648 458 2682 501 a
2715 439 3068 522 praefectura
3118 424 3391 521 dojectus
3421 449 3533 516 est,
3589 449 3648 505 et

288 540 526 618 λέγουσι,
559 542 634 603 ὡς
666 540 783 612 ἐμοὶ
816 537 991 598 δοκεῖ.
1027 537 1126 593 Διά
1183 538 1284 611 γὰρ
1340 546 1495 594 τοῦτο
1548 536 1637 590 καί
1665 556 1745 597 τις
1789 535 1924 589 καθ-

289 630 590 708 ηγούμενος
635 626 893 697 ἐξεϐλήθη
952 623 1239 688 συνοδικῶς
1292 625 1398 681 ἀπὸ
1448 629 1544 690 τῆς
1576 623 1925 702 ἡγουμενείας

291 722 379 776 καὶ
409 718 704 796 καθηρέθη.

376 813 627 867 ΚΕΦΑΛ.
692 803 829 867 KH’.
892 836 963 850 ——
1014 804 1147 882 Περὶ
1189 807 1294 861 τῶν
1337 801 1772 879 βδελυσσομένων
1836 802 1927 857 τὸν

292 897 489 975 γάμον,
523 897 559 964 ἢ
591 897 682 953 τὸν
714 895 892 972 οἶνον,
928 895 965 962 ἢ
997 895 1063 950 τὰ
1094 898 1246 973 κρέα.

373 983 718 1043 Ἀποστόλων
767 983 943 1040 κανὼν
994 980 1075 1038 να’
1110 980 1214 1059 νγ’,
1249 980 1338 1055 eg
1372 1002 1384 1015 ·
1419 979 1635 1036 συνόδου
1664 977 1927 1057 Ἀγκύρας

292 1076 472 1132 κανὼν
503 1072 568 1130 ιδ’
602 1090 617 1106 ⁸
654 1071 874 1129 συνόδου
902 1069 981 1146 ς’
1012 1072 1188 1127 κανὼν
1220 1069 1321 1147 ιγ’,
1354 1067 1429 1128 λ’.

378 1167 632 1225 ΚΕΦΔΑ.
692 1159 822 1224 ΚΘ’,
887 1195 958 1206 -
1007 1161 1130 1238 Περὶ
1187 1164 1291 1215 τῶν
1355 1156 1824 1235 ἐπιτετραμμένων
1893 1156 1928 1224 ἢ

294 1251 686 1327 κεκωλυμένων
770 1251 982 1330 γάμων,
1065 1250 1153 1305 καὶ
1247 1248 1373 1326 περῖ
1467 1254 1559 1304 τοῦ
1639 1246 1929 1324 ἐρωτᾶσθαι

293 1343 418 1407 τοὺς
499 1341 844 1419 ἀναγνώστας
942 1336 1169 1418 ἐφήϐους
1255 1337 1574 1414 γενομένους
1678 1337 1722 1391 εἰ
1795 1335 1929 1411 βού-

295 1431 493 1488 λωνται
552 1443 775 1508 γαμεῖν,
835 1430 922 1484 καὶ
1003 1429 1119 1506 περὶ
1175 1424 1578 1501 παλλακισμοῦ,
1640 1426 1728 1481 καὶ
1796 1447 1931 1501 πορ-

297 1522 464 1599 νείας,
498 1524 584 1574 καὶ
616 1518 888 1597 μοιχείας.

378 1607 724 1666 Ἀποστόλων
753 1608 927 1663 κανὼν
974 1602 1065 1679 ιζ’,
1105 1602 1209 1683 ιη’,
1255 1603 1348 1679 ιϐ’,
1394 1601 1501 1683 κε’,
1546 1599 1684 1677 κς”,
1720 1601 1937 1659 συνόδου

301 1695 563 1775 Ἀγκύρας
622 1697 799 1752 κανὼν
856 1692 896 1753 ι’
929 1710 943 1725 ·
1005 1691 1222 1750 συνόδου
1294 1693 1702 1769 Νεοκαισαρεαίς
1762 1692 1938 1748 κανὼν

2011 530 2343 611 depositus.

2090 794 2251 858 CAP.
2298 793 2558 857 XXVIII.
2594 829 2672 841 --
2705 797 2789 858 De
2846 798 2939 859 his
2995 799 3101 877 qui
3159 801 3643 877 matrimonium,

2010 885 2248 958 vinum,
2284 891 2391 946 aut
2420 902 2629 946 carnes
2659 887 3114 950 abominantur.

2091 975 2515 1052 Apostolorum
2550 992 2739 1035 canon
2770 975 2869 1047 51,
2904 976 3005 1052 53,
3039 976 3153 1049 66;
3183 977 3424 1039 concilii
3455 979 3649 1060 Ancy-

2011 1063 2143 1123 rani
2166 1081 2355 1122 canon
2397 1063 2509 1136 14;
2544 1064 2788 1125 concilii
2821 1066 2974 1125 sexti
3004 1085 3197 1128 canon
3235 1067 3328 1147 I3,
3365 1070 3464 1131 30.

2093 1150 2259 1212 CAP.
2293 1149 2495 1214 XXIX.
2528 1186 2602 1197 —
2666 1151 2753 1214 De
2802 1154 3120 1232 permissis
3167 1164 3271 1217 aut
3324 1156 3652 1236 prohibitis

2013 1241 2273 1321 nuptiis,
2307 1251 2360 1303 et
2392 1242 2551 1322 quod
2581 1241 2825 1305 lectores
2866 1244 3122 1321 puberes
3177 1245 3328 1322 facti
3385 1248 3650 1309 interro—

2009 1339 2238 1408 gentur
2280 1348 2360 1392 an
2401 1334 2866 1392 matrimonium
2922 1334 3290 1395 contrahere
3337 1334 3552 1412 velint,
3597 1344 3656 1399 et

2014 1421 2088 1484 de
2114 1421 2543 1494 concubinam,
2574 1423 2960 1498 seortatione,
2993 1431 3177 1503 atque
3208 1424 3527 1489 adulterio.

2098 1598 2518 1679 Apostolorum
2564 1616 2753 1660 canon
2809 1603 2903 1674 I7,
2947 1600 3041 1680 18,
3077 1601 3173 1671 19,
3209 1601 3310 1676 25,
3345 1601 3465 1681 26;
3498 1621 3653 1666 con-

2019 1687 2145 1749 cilii
2175 1687 2476 1769 Ancyrani
2507 1706 2697 1748 canon
2732 1689 2845 1763 1ος
2881 1689 3124 1752 concilii
3152 1689 3656 1755 Neocaesariensis

301 1786 376 1860 α’,
424 1784 495 1859 θ’,
546 1784 585 1840 ι’
615 1801 630 1817 ⁸
665 1782 881 1841 συνόδου
927 1780 1268 1849 Χαλκηδόνος
1314 1783 1487 1837 κανὼν
1533 1779 1623 1861 ιδ’,
1673 1778 1762 1836 te”
1810 1803 1935 1837 συν-

2050 1797 2213 1840 :anon
2250 1780 2303 1852 1,
2353 1782 2415 1854 9,
2474 1777 2586 1851 10;
2641 1777 2878 1838 concilii
2921 1777 3434 1842 Chalcedonensis
3464 1800 3656 1844 canon

301 1860 422 1931 όδου
455 1872 827 1952 Καρθαγέννης
860 1873 1037 1929 κανὼν
1068 1869 1167 1945 ις’
1202 1888 1214 1901 ·
1252 1869 1474 1927 συνόδου
1502 1860 1615 1944 ς’,
1638 1871 1813 1926 κανὼν
1859 1869 1935 1946 γ’,

297 1960 368 2037 δν,
416 1961 520 2038 ςς,
564 1959 658 2040 ιβ’
718 1960 816 2040 ιγ’,
864 1959 988 2035 μην,
1038 1958 1125 2027 νη’
1161 1976 1174 1989 '
1216 1958 1491 2015 Βασιλείου
1516 1959 1691 2014 κανὼν
1723 1957 1801 2038 γ’,
1832 1959 1935 2034 ς”ι

296 2050 419 2129 ις’,
452 2050 546 2118 EB"
586 2055 613 2109 ὁ
646 2050 904 2131 Θεοφίλου
933 2050 994 2108 ἐκ
1028 2056 1113 2131 ,οὔ
1141 2052 1545 2124 ὑπομνηστικοῦ
1574 2048 1748 2105 κανὼν
1772 2045 1841 2124 δ’,
1866 2046 1934 2112 ε’,

379 2232 658 2305 Κείμενον.
692 2227 903 2285 Βιϐλίον
935 2225 986 2285 α’
1016 2235 1109 2285 τοῦ
1137 2224 1389 2301 κώδικος,
1437 2226 1540 2290 τίτ,
1575 2224 1651 2305 γ’,
1686 2224 1824 2283 διᾶτ.
1864 2223 1931 2281 ε’·

300 2319 429 2379 Ἐάν
461 2342 543 2384 τις
576 2320 738 2393 μόνον
768 2322 1015 2397 πειραθῇ,
1048 2340 1103 2379 κ.
1138 2340 1189 2380 τ,
1235 2316 1318 2396 λ.,
1352 2332 1541 2397 usque
1570 2313 1643 2378 Id
1698 2317 1786 2372 καὶ
1838 2317 1936 2383 τὴν

298 2412 477 2469 οὒσίαν
506 2410 680 2465 αὐτῶν
708 2411 770 2465 τὸ
798 2406 1056 2482 δημόσιον
1088 2406 1344 2482 λήψεται.

381 2498 637 2579 Σχόλιον.
687 2496 752 2555 ’Β
796 2496 839 2553 ε’
884 2496 1018 2557 διάτ.
1069 2503 1163 2553 τοῦ
1192 2494 1244 2572 γ’
1288 2494 1391 2554 τίτ.
1447 2503 1539 2551 τοῦ
1568 2492 1618 2550 α’
1662 2493 1807 2571 βιϐλ,
1843 2504 1936 2554 τοῦ

303 2587 553 2664 κώδικος,
593 2589 686 2644 καὶ
739 2589 773 2653 ἠ
817 2584 904 2661 μδ’
942 2585 1081 2648 διάτ,
1129 2605 1219 2641 του
1273 2588 1434 2643 αὒτοῦ
1493 2584 1597 2645 τίτ.
1665 2586 1760 2640 οὒκ
1817 2583 1939 2641 ἰτέ-

2030 1867 2123 1947 14,
2162 1867 2273 1937 I5;
2308 1865 2547 1927 concilii
2582 1866 3075 1942 Carthaginensis
3128 1887 3322 1931 canon
3352 1871 3427 1932 I6
3456 1892 3473 1944 ;
3504 1888 3655 1934 con-

2022 1956 2146 2019 cilii
2177 1962 2327 2018 sexti
2360 1974 2552 2018 canon
2584 1955 2646 2031 3,
2681 1956 2740 2029 4,
2776 1960 2837 2027 6,
2874 1954 2972 2031 12,
3017 1957 3114 2032 13,
3159 1958 3262 2033 48,
3296 1958 3419 2036 58;
3459 1960 3659 2023 Basilii

2021 2064 2212 2107 canon
2246 2046 2302 2121 3,
2330 2048 2392 2120 6,
2428 2046 2526 2119 16,
2560 2044 2663 2120 69,
2694 2046 2774 2108 70
2802 2066 2818 2116 ς
2863 2043 3185 2126 TheOphili
3219 2066 3287 2109 ex
3319 2054 3657 2114 commoni-

2023 2136 2175 2196 torio
2204 2151 2398 2195 canon
2421 2136 2488 2206 4,
2520 2133 2580 2196 5.

2103 2221 2347 2286 Textus.
2384 2221 2579 2311 Libri
2621 2221 2752 2284 cod.
2815 2221 2905 2311 tit.
2962 2223 3024 2297 3,
3078 2234 3266 2285 const.
3301 2226 3361 2287 5.
3407 2227 3657 2311 Siquis,

2019 2320 2164 2387 etc.,
2190 2329 2380 2393 usque
2409 2313 2486 2373 ad
2518 2310 2699 2372 ﬁscus
2726 2310 2944 2392 capiet,
2975 2320 3042 2374 ut
3065 2330 3209 2394 pag.
3244 2316 3387 2380 782.

2102 2490 2432 2554 Scholium.
2467 2489 2719 2553 Constit.
2752 2487 2793 2551 5
2835 2490 2929 2552 tit.
2962 2490 2999 2551 3
3030 2490 3137 2552 lib.
3191 2509 3211 2555 ι
3244 2495 3379 2557 cod.
3417 2505 3474 2558 et
3503 2517 3657 2563 con-

2022 2580 2144 2643 stit.
2178 2580 2255 2643 44
2289 2580 2559 2660 ejusdem
2622 2578 2709 2640 tit.
2775 2597 2893 2640 non
2950 2588 3089 2640 sunt
3142 2582 3349 2661 posita)
3379 2585 3441 2647 in
3474 2587 3662 2654 Basil.

301 2681 470 2744 θησαν
530 2679 601 2742 είς
658 2680 723 2732 τα
767 2674 1050 2750 Βασιλικὰ,
1090 2670 1208 2732 οὒδὶ
1256 2675 1292 2742 ἡ
1334 2672 1408 2752 ιγ’
1459 2670 1598 2731 διάτ.
1631 2676 1725 2730 τοῦ
1753 2671 1807 2729 α’
1836 2676 1938 2734 τίτ.

2050 2669 2232 2751 ieque
2259 2669 2477 2747 [etiam]
2511 2666 2754 2758 constit.
2783 2668 2884 2758 I3,
2919 2667 3011 2732 tit.
3046 2673 3071 2730 1
3109 2668 3665 2758 Novellarum,qua

302 2773 410 2823 τῶν
442 2774 658 2845 Νεαρῶν
689 2765 849 2845 μέρος
899 2764 1030 2822 οὖσα
1087 2769 1185 2831 τῆς
1244 2761 1667 2820 ’ίουστινιανείου
1726 2770 1942 2840 νεαρᾶς,

2050 2778 2166 2820 »πε
2221 2768 2311 2820 est
2356 2757 2617 2849 novellae
2646 2755 3063 2849 _Ju_s_tiniane£e
3114 2760 3170 2823 5.
3220 2760 3425 2843 Neque
3457 2755 3663 2849 [item]

305 2853 422 2912 οὐδὲ
467 2858 502 2924 ἡ
555 2843 609 2912 α’
670 2843 813 2914 διάτ.
859 2853 950 2911 τοῦ
992 2854 1150 2909 αὒτοῦ
1210 2853 1311 2914 τίτ.
1374 2856 1480 2908 τῶν
1524 2857 1740 2927 Νεαρῶν
1781 2852 1941 2929 μέρος

2050 2857 2221 2911 :onst.
2248 2853 2270 2906 1
2314 2846 2588 2926 ejusdem
2617 2844 2712 2906 tit.
2743 2843 2971 2908 Novell.
3009 2866 3141 2929 qua
3173 2868 3311 2931 pars
3343 2862 3433 2915 est
3456 2843 3667 2921 novel:-

306 2945 434 3002 οὖσα
468 2950 563 3012 τῆς
593 2942 672 3019 ς’
698 2942 1124 3002 ’[ουστινιανείου
1156 2947 1368 3017 νεαρᾶς,

2050 2956 2097 3000 ω
2119 2937 2510 2999 Justinianea:
2541 2936 2602 2998 6.

388 3033 697 3110 Σημείωσαι
744 3035 861 3112 περὶ
902 3038 1010 3089 τῶν
1040 3030 1374 3088 ἐκπεσόντων
1403 3035 1501 3098 τῆς
1537 3030 1854 3111 ἱερωσύνης,
1898 3034 1989 3090 καὶ
2049 3028 2249 3110 γυναιξὶ
2299 3030 2723 3101 συνῳκησάντων
2756 3028 2846 3083 καὶ
2894 3030 3092 3086 τούτων
3146 3035 3666 3114 τεκνοποιησάντων,

312 3123 390 3198 μὴ
450 3122 911 3203 συγχωρουμένων
982 3122 1056 3184 είς
1098 3118 1432 3198 κληρονόμον
1490 3120 1663 3176 αὐτῶν
1720 3119 2008 3196 κληθῆναι,
2059 3118 2188 3195 pilo,
2245 3117 2384 3183 ὅλως
2440 3116 2687 3175 δύνασθαι
2745 3122 2811 3176 τὰ
2869 3122 3085 3176 τοιαῦτά
3144 3118 3325 3178 παιδία
3374 3124 3409 3193 ἢ
3466 3128 3670 3203 γνήσια

308 3213 509 3270 τούτων
539 3213 800 3279 κληθῆναι
836 3211 871 3279 ἢ
913 3212 1131 3289 φυσικὰ,
1176 3209 1212 3277 ἢ
1243 3206 1362 3265 καθ’
1412 3211 1521 3266 οἱον
1551 3206 1751 3278 δήποτε
1783 3215 1979 3287 τρόπον
2039 3207 2341 3288 περιελθεῖν
2371 3230 2490 3264 τινα
2534 3214 2641 3263 τῶν
2686 3211 3014 3289 πραγμάτων
3073 3212 3243 3269 dimi”
3275 3215 3404 3293 πρὸς
3453 3216 3668 3297 αὖτοὺς,

307 3302 344 3370 ἢ
402 3303 523 3364 τοὺς
573 3300 972 3376 μητροπολίτας
1018 3304 1215 3371 αὐτῶν,
1268 3296 1406 3354 ἀλλὰ
1447 3298 1514 3353 τὰ
1576 3300 1842 3375 προσόντα
1904 3299 2074 3355 πάντα
2136 3298 2279 3370 αὖτῷ
2332 3295 2622 3371 λαμϐάνειν
2667 3321 2761 3361 τας
2819 3298 2935 3355 κατ’
2997 3300 3185 3364 αὐτοὺς
3244 3300 3565 3371 Ἐκκλησίας

305 3393 429 3454 τοὺς
486 3390 737 3468 κλήρους.
797 3391 926 3454 Τοὺς
978 3387 1031 3444 δὲ
1068 3387 1308 3445 τοιοῦτόν
1369 3408 1419 3442 τι
1469 3384 1781 3462 τολμῶντας
1841 3388 1976 3462 μετά
2019 3378 2119 3454 τὴν
2164 3388 2261 3452 τῆς
2319 3386 2610 3464 ἱερωσύνης
2656 3388 2923 3465 γύμνωσιν
2973 3388 3050 3462 μὴ
3104 3388 3421 3463 δυναμένους
3482 3394 3564 3459 εἴς
3623 3411 3715 3453 τι.

307 3482 564 3555 κοσμικὸν
626 3478 850 3554 ἄξίωμα,
885 3478 922 3545 ἢ
980 3478 1254 3557 στρατείαν
1315 3474 1642 3555 ἀναχθῆναι,
1685 3474 1823 3532 ἆλλᾶ
1879 3474 2247 3538 ἰδιωτεύοντας
2319 3474 2491 3531 πάντα
2548 3475 2639 3531 τόν
2699 3476 2918 3555 χρόνον,
2965 3475 3155 3541 ’Ὀπως
3215 3475 3269 3533 δὲ
3332 3480 3571 3561 σήμερον
3616 3491 3676 3546 οὗ

309 3569 628 3650 φυλάττεται
657 3589 812 3625 τουτο
842 3567 1044 3636 ἀγνοῶ.

395 3659 672 3733 Κείμενον.
709 3658 807 3714 Καὶ
862 3658 896 3724 ἡ
951 3656 1002 3732 β’
1062 3651 1203 3717 διᾶτ,
1237 3662 1329 3712 τοῦ
1362 3658 1519 3715 αὐτοῦ
1548 3654 1680 3726 τίτ.,
1717 3653 1794 3711 ἔτι
1825 3652 1953 3712 Ἐὰν

312 3747 630 3826 βουλευτὴς,
664 3769 716 3804 κ.
752 3768 805 3807 τ.
842 3744 922 3821 λ.,
958 3762 1147 3826 usque
1176 3742 1251 3805 ad
1301 3745 1396 3801 καί
1438 3744 1595 3800 πέντε
1626 3742 1804 3823 λίτρας
1835 3756 1953 3808 τοῖς

313 3835 589 3917 πριϐατοις
622 3835 1089 3915 πρυστιμωμένου.

397 3923 657 4006 Σχόλιον.
690 3924 757 3980 ’Β
870 3922 1009 3984 διᾶτ.
1045 3930 1140 3980 τοῦ
1171 3927 1328 3983 αὗτοῦ
1361 3919 1411 3979 α’
1463 3925 1563 3984 τίτ,
1597 3926 1705 3978 τῶν
1736 3928 1952 3997 Νεαρῶν

316 4014 427 4074 ἔστι
459 4037 582 4094 κενρ.
618 4014 731 4088 κς“²
763 4017 861 4081 τῆς
919 4013 1039 4092 ρκγ⁹
1097 4020 1288 4087 νεαρᾶς
1336 4018 1429 4068 τοῦ
1485 4009 1753 4088 βασιλέως
1813 4011 1951 4068 ’1ουο

316 4105 607 4185 στινιανού,
655 4103 690 4171 ἤ
746 4126 828 4160 τοι
856 4124 979 4183 κειρ,
1013 4104 1099 4181 λγ⁹
1130 4110 1223 4160 τοῦ
1251 4102 1304 4181 γ’
1337 4099 1485 4177 βιϐλ.
1516 4108 1619 4158 τῶν
1655 4100 1953 4158 Βασιλικῶν

315 4197 383 4252 τὰ
443 4197 573 4251 αὑτὰ
616 4190 973 4268 διαλαμϐάνον
1019 4191 1119 4248 ὅσα
1189 4188 1628 4267 συνωψίσθησαν,
1691 4190 1843 4268 Λέγει
1900 4190 1953 4246 δὲ

318 4288 405 4345 καὶ
457 4286 518 4341 τὸ
573 4282 656 4341 κδ’
705 4305 830 4365 κεφ.
876 4288 974 4349 τῆς
1020 4286 1186 4349 αὖτῆς
1234 4286 1447 4359 νεαρᾶς,
1474 4277 1596 4347 ἤτοι
1628 4280 1688 4335 τὸ
1719 4278 1807 4336 λα’
1830 4302 1949 4359 κεφ.

314 4382 412 4433 τοῦ
442 4376 601 4432 αἱ)τοῦ
657 4375 792 4449 τίτ.,
852 4372 990 4428 ἀλλὰ
1035 4372 1132 4447 μὲν
1165 4372 1344 4427 καὶτὸ
1374 4369 1459 4445 λβ’
1492 4368 1618 4447 περί
1665 4375 1757 4426 τοῦ
1814 4371 1953 4446 ἱρω-

314 4468 505 4523 τᾶσθαι
577 4466 698 4525 τοὺς
756 4461 1051 4538 μέλλοντας
1112 4462 1539 4541 χειροτονεῖσθαι
1599 4459 1643 4514 εἰ
1713 4456 1954 4515 δύνανται

316 4566 637 4632 σωφρονεῖν,
671 4553 758 4609 καὶ
796 4552 909 4629 περὶ
939 4551 1250 4630 γαμούντων
1294 4548 1624 4628 ἱερωμένων,
1671 4552 1766 4604 καὶ
1832 4545 1953 4605 δευ-

316 4643 754 4722 τερογαμούντων
836 4641 1213 4717 ἀναγνωστῶν.
1258 4639 1417 4719 ,νοσα
1484 4639 1625 4716 παρᾶ
1688 4647 1784 4697 τοῦ
1843 4660 1954 4693 πα-

315 4732 579 4812 τριάρχου
620 4730 982 4810 διελήφθησαν
1042 4735 1494 4809 περιφραστικῶς,
1565 4729 1685 4807 Περὶ
1741 4727 1798 4783 δὲ
1856 4730 1956 4783 τῶν

318 4822 686 4901 ἁρπαζόντων,
730 4821 765 4888 ἢ
797 4819 1231 4901 διαφθειρόντων,
1283 4817 1318 4886 ἢ
1376 4818 1803 4875 ὑπονοθευόντων
1858 4817 1955 4881 τὰς

2122 3651 2370 3716 Τρωίας.
2406 3651 2655 3716 Constit.
2715 3650 2779 3729 2,
2841 3653 3114 3733 ejusdem
3162 3654 3251 3717 tit.
3288 3656 3348 3720 Si
3403 3659 3675 3739 decurio,

2037 3751 2185 3818 etc.,
2217 3758 2406 3823 usque
2435 3742 2517 3805 ad
2550 3741 2858 3819 multatur,
2895 3750 2962 3804 ut
2989 3760 3130 3825 pag.
3167 3744 3311 3810 783.

2115 3920 2451 3985 Scholium.
2483 3923 2685 3984 Const.
2713 3919 2749 3983 2
2776 3921 3050 4001 ejusdem
3095 3928 3119 3985 1
3162 3924 3251 3989 111.
3284 3926 3672 3994 Novellarum

2036 4020 2125 4074 est
2155 4030 2288 4092 cap.
2323 4010 2402 4072 26
2438 4011 2689 4072 novellae
2728 4008 3053 4101 Iustiniani
3107 4014 3241 4096 I23,
3268 4016 3394 4079 sive
3428 4038 3560 4101 cap.
3594 4021 3672 4083 33

2034 4101 2166 4164 tit.I
2190 4101 2365 4165 iib.ul
2386 4101 2759 4180 Baeil.,quod
2785 4100 2994 4163 eadem
3016 4104 3437 4186 complectitur
3460 4128 3593 4189 quae
3610 4111 3672 4172 in

2036 4191 2398 4281 compendio
2425 4189 2733 4281 proposita
2753 4190 3209 4272 sunt.Loquitur
3222 4202 3419 4258 autem
3438 4196 3518 4259 ‘24
3538 4216 3672 4281 cap.

2038 4279 2307 4369 ejusdem
2333 4278 2606 4369 novellae,
2639 4280 2764 4341 sive
2787 4283 2867 4369 31
2888 4298 3019 4360 cap.
3047 4281 3319 4362 ejusdem
3364 4287 3457 4349 tit.
3490 4278 3673 4369 quin—

2038 4368 2213 4431 etiam
2238 4369 2316 4431 39
2336 4367 2601 4448 [cap.]de
2621 4386 2692 4431 eo
2715 4368 2873 4450 quod
2895 4369 3215 4433 ordinandi
3231 4367 3678 4457 interrogentur

2038 4477 2112 4519 an
2139 4466 2304 4519 caste
2326 4465 2521 4519 vivere
2546 4457 2798 4538 possint:
2826 4467 2884 4520 et
2911 4459 2984 4520 de
3003 4461 3416 4527 sacerdotibus
3438 4467 3677 4546 nuptias

2039 4547 2527 4609 contrahentibus
2558 4554 2617 4611 et
2646 4548 2974 4611 lectoribus
3019 4552 3256 4628 nuptias
3292 4554 3676 4637 iterantibus,

2038 4655 2412 4719 quaecunque
2433 4656 2469 4699 a
2490 4640 2829 4717 patriarcha
2849 4639 3039 4703 fusius
3062 4644 3500 4723 comprehensa
3514 4656 3675 4707 sunt.

2038 4726 2124 4790 De
2157 4727 2228 4788 iis
2262 4745 2406 4789 vero
2438 4728 2541 4808 qui
2595 4726 2719 4789 Deo
2768 4738 3152 4791 consecratas
3201 4730 3521 4809 [mulieres
3549 4735 3679 4815 aut]

2036 4816 2298 4897 rapiunt,
2333 4824 2431 4878 aut
2460 4826 2874 4896 constuprant,
2907 4827 3011 4880 aut
3050 4828 3471 4902 corrumpunt,
3502 4821 3683 4886 docet

317 4900 396 4986 τῷ
428 4919 542 4987 Θεῷ
586 4900 1016 4982 ἆνατεθειμένας,
1054 4908 1288 4966 διδάσκει
1345 4907 1374 4975 ἦ
1430 4908 1565 4975 «est.
1596 4906 1648 4984 β’
1675 4905 1815 4969 διάτ.
1862 4912 1944 4963 τοῦ

2050 4905 2247 4968 eadem
2275 4904 2310 4967 2
2335 4913 2527 4966 const.
2565 4906 2651 4965 tit.
2683 4907 2707 4964 1
2738 4903 3288 4989 Novellarum,qnaa
3313 4916 3405 4970 est
3436 4900 3572 4991 cap.
3600 4911 3680 4975 63

318 5002 373 5059 α’
416 5002 519 5064 τίτ,
552 5007 656 5057 τῶν
688 5004 905 5078 Νεαρῶν
933 5002 1062 5057 οὖσα
1093 4999 1174 5077 ξγ’
1204 5019 1325 5078 κεφ.
1352 5002 1453 5065 τῆς
1485 4996 1603 5075 ρκγ⁹
1638 4997 1956 5055 ἰουστινια-

320 5090 460 5149 νείου
488 5095 702 5167 νεαρᾶς,
737 5088 856 5156 ἤτοι
890 5112 1013 5168 κειρ.
1049 5088 1120 5165 ιβ’
1151 5093 1244 5144 τοῦ
1275 5086 1326 5143 α’
1358 5088 1462 5147 τίτ.
1494 5092 1588 5143 τοῦ
1610 5083 1655 5142 δ’
1687 5083 1957 5163 βιϐλ,τῶν

321 5178 620 5237 Βασιλικῶν
679 5180 745 5236 τὰ
801 5181 934 5239 αὐτὰ
990 5177 1146 5256 λέγον
1193 5174 1292 5234 ὅσα
1324 5176 1757 5252 συνωψίσθησαν,
1815 5173 1958 5238 πλὴν

323 5274 422 5336 τῆς
482 5268 694 5337 ποινῆς.
755 5267 817 5328 Ὀ
864 5268 962 5343 μὲν
1022 5268 1125 5347 γὰρ
1174 5265 1454 5344 βασιλικός
1497 5286 1630 5345 φησι
1660 5266 1751 5321 τὸν
1781 5263 1839 5321 ἔκ
1867 5263 1960 5321 τοῦ

323 5361 488 5433 νόμου
518 5358 757 5416 κίνδυδον
786 5357 1073 5432 ὑπομένειν
1120 5358 1245 5421 τοὺς
1295 5354 1824 5431 πλημμελήσαντας,
1858 5356 1957 5411 καὶ

323 5448 443 5510 τοὺς
486 5450 881 5529 μετασχόντας
915 5456 1006 5505 τοῦ
1035 5446 1281 5504 τοιούτου
1333 5446 1553 5522 μύσους.
1616 5446 1677 5505 ’0
1721 5444 1775 5500 δὲ
1830 5466 1959 5501 συν-

325 5538 543 5617 θέμενος
576 5541 635 5597 τὸ
668 5537 1039 5617 Νομυκάνονον
1072 5537 1216 5617 λέγει
1241 5536 1543 5616 κεφαλικῶς
1576 5535 1765 5598 αὐτοὺς
1796 5555 1965 5610 τιμω-

2038 4994 2286 5057 novellm
2317 4994 2639 5055 Justiniani
2676 4995 2812 5067 123,
2851 4996 2976 5057 sive
3007 5014 3141 5077 cap.
3184 4997 3252 5057 l‘2
3285 4997 3375 5063 tit.
3411 5000 3437 5060 1
3480 4999 3589 5063 lib.
3622 5017 3681 5062 ιγ

2039 5084 2252 5157 Basil.,
2286 5084 2442 5164 quod
2471 5085 2683 5146 eadem
2713 5083 2862 5146 dicit
2891 5103 3023 5165 qua:
3054 5086 3114 5147 in
3148 5089 3511 5169 compendio
3542 5097 3682 5152 sunt

2043 5173 2627 5255 proposita,excepta
2653 5191 2847 5253 pcena.
2887 5173 3198 5255 Siquidem
3230 5177 3415 5240 Basil.
3450 5198 3553 5242 eos
3578 5180 3705 5262 qui

2043 5263 2122 5341 [id
2147 5263 2362 5341 scelus]
2385 5264 2865 5341 committunt,ac
2888 5282 3095 5327 eorum
3121 5267 3181 5327 in
3203 5267 3436 5330 scelere
3457 5271 3677 5348 socios,

2044 5371 2114 5416 ex
2147 5353 2277 5431 lege
2307 5352 2642 5431 periculum
2681 5352 2985 5416 sustinere
3019 5376 3033 5419 :
3069 5356 3167 5434 qui
3210 5374 3349 5419 vero
3381 5356 3682 5423 Nomoca-

2045 5461 2264 5505 nonem
2297 5441 2652 5521 composuit,
2716 5443 2849 5506 illos
2907 5445 3247 5525 capitaliter
3277 5450 3482 5528 puniri
3510 5449 3678 5513 dicit.

2044 5530 2131 5595 Tu
2169 5531 2409 5593 interim
2464 5532 2642 5594 Basil.
2680 5533 2868 5613 magis
2895 5534 3062 5613 audi,
3095 5544 3153 5598 et
3184 5537 3235 5599 si
3267 5536 3502 5602 discere
3534 5538 3682 5602 velis
