4052 6222
442 237 594 314 1127
1619 233 1885 310 ΡΗΟΤΙΙ
1944 231 2464 312 PATRIARCHE
2505 238 2620 313 GP.
3646 245 3792 321 1128

433 385 776 466 cujusmodi
806 375 1087 463 legitima
1130 399 1319 463 poenae
1350 380 1493 450 sint.
1532 381 1661 458 lege
1692 380 1800 444 lib.
1833 396 1933 458 εχ,
1970 377 2042 438 tit

2153 382 2462 456 ρετσθαι.Σὺ
2493 379 2546 438 δὲ
2577 380 2783 458 μᾶλλον
2817 391 2891 458 τῷ
2921 375 3194 460 Βασιλικῷ
3224 389 3491 468 πρόσχες,
3521 391 3609 444 καὶ
3642 392 3683 445 εἰ
3714 390 3795 446 θὲ-

430 476 533 550 58,
567 496 699 556 cap.
739 483 790 549 l,
841 473 996 554 quod
1056 471 1142 533 sic
1175 470 1357 532 habet
1393 489 1406 533 ε
1445 469 1554 542 Qui
1588 469 1900 548 rapuerint
1930 488 2046 529 mu-

2150 468 2266 532 λεις
2299 484 2453 527 ποῖαι
2486 472 2562 526 εἰσ
2578 496 2620 528 ιν
2656 474 2705 528 αἱ
2740 476 2960 548 νόμιμοι
2994 499 3204 534 ποιναι.
3243 475 3542 554 ’Λνάγνωθι
3574 478 3716 553 βιϐλ,
3749 477 3793 543 ξ’

428 565 663 636 lierem,
695 573 795 624 aut
823 580 1101 640 sponsam
1139 569 1236 622 aut
1279 559 1544 620 nondum
1606 577 1912 639 sponsam,
1967 576 2039 618 au

2148 561 2252 618 τίτ.
2277 556 2364 626 νη’
2396 581 2516 639 κεφ.
2553 558 2629 639 α’,
2665 563 2832 626 οὕτως
2865 563 2997 643 ἐἶχον
3030 580 3044 594 ⁸
3082 566 3142 621 Oi
3175 567 3507 642 ἁρπάσαντες
3536 581 3767 645 γυναῖκα

426 655 688 726 viduam,
715 652 844 712 sive
875 651 1136 729 ingenua
1165 651 1263 728 sit,
1296 652 1419 711 sive
1443 649 1679 727 ancilla,
1709 657 1808 709 aut
1831 647 2065 728 [etiam]

425 741 734 813 libertina,
789 749 850 802 et
909 740 1163 801 maxime
1212 739 1264 799 si
1313 739 1531 799 mulier
1561 740 1684 802 Deo
1718 744 2046 798 consecrat:

2151 739 2315 812 γενής
2372 737 2485 794 ian
2537 737 2651 795 εἴτε
2699 738 2884 813 δούλη,
2919 741 2954 808 ἢ
3014 741 3366 821 ἀπελευθέρα,
3427 746 3514 800 καὶ
3558 743 3798 819 μάλιστα

424 831 525 908 sit,
562 831 824 909 legitime
888 830 1266 908 puniuntur,
1306 829 1539 908 Nempe
1593 828 1644 887 si
1697 844 1831 888 cum
1881 825 2046 885 armis

2151 825 2241 880 ἐὰν
2271 832 2347 899 τῷ
2379 833 2493 898 Θεῷ
2547 829 2682 884 ὦσιν
2740 829 2792 884 αἱ
2827 830 3089 905 γυναῖκες
3121 834 3514 910 καθιεριυμέναι
3549 834 3796 908 νομίμως

423 919 546 981 sive
575 920 812 998 gladiis,
847 927 951 980 aut
981 919 1242 980 fustibus
1272 930 1513 997 raptum
1545 916 1822 982 fecerint.
1851 915 2046 991 hujus-

2150 916 2609 992 τιμωρείσθωσαν,
2642 917 2788 974 τοῦτ’
2833 916 2976 973 ἔστιν
3022 921 3199 995 εἰμὲν
3257 919 3377 996 μεθ’
3420 921 3624 996 ὃπλων,
3676 923 3796 978 εἴτε

425 1007 586 1071 modi
621 1008 816 1087 gladio
868 1008 1220 1087 puniuntor.
1258 1005 1372 1079 Qui
1421 1025 1562 1068 vero
1613 1005 1759 1084 ipsis
1792 1005 2046 1065 ministe-

2150 1002 2334 1082 ξιφῶν,
2369 1006 2405 1072 ἢ
2433 1004 2684 1081 ῥοπάλων
2714 1008 2814 1074 τὴν
2859 1008 3105 1084 ἁρπαγὴν
3160 1008 3514 1081 ἕποιήσαντο,
3570 1014 3618 1068 oi
3665 1033 3795 1068 τοι-

422 1100 579 1160 rium
613 1097 1000 1178 praebuerint,
1037 1105 1135 1158 aut
1167 1095 1398 1157 conscii
1433 1095 1678 1168 fuerint,
1713 1103 1812 1156 aut
1843 1095 2046 1154 volun-

2145 1096 2288 1149 οὗτοι
2326 1091 2458 1171 ξίφει
2489 1096 2950 1169 τιμωρείσθωσαν,
2983 1099 3030 1152 oi
3062 1095 3116 1152 δὲ
3147 1103 3663 1177 συνουπουργοῦντες
3695 1102 3800 1156 δύο

2236 614 2251 618 -
2329 614 2342 626 -
2419 614 2629 639 ’1'“:
2675 614 2831 626 ηψπ
2867 614 2990 643 -Αντ
3087 614 3141 621 ν’
3175 614 3507 642 -ι--τ-ηκ--νν
3548 614 3792 645 ιν”·’“’“·ε

2148 646 2182 713 ἢ
2226 649 2690 724 μνηστευομένην,
2729 650 2762 717 ἢ
2806 650 3196 733 ἆμνῆστευτον,
3229 654 3262 722 ἢ
3317 657 3519 733 χήραν,
3553 656 3665 710 εἴτε
3699 656 3796 710 εὖ·

423 1188 560 1250 tarii
613 1186 979 1266 receperint,
1041 1197 1140 1247 aut
1171 1184 1656 1266 qualemcunque
1697 1201 1871 1262 opem
1905 1185 2062 1244 tule-

421 1277 548 1338 rint
581 1293 594 1335 :
631 1277 924 1337 verberati
956 1285 1014 1338 et
1039 1276 1215 1354 tonsi,
1252 1272 1497 1334 naribus
1531 1271 2063 1343 mutilantor.Quo-

422 1367 584 1428 niam
621 1366 719 1446 qui
750 1385 888 1427 cum
919 1365 1104 1426 armis
1136 1381 1352 1444 rapere
1386 1370 1677 1442 statuunt,
1704 1360 1894 1442 parati
1925 1367 2064 1420 sunt

423 1458 600 1518 etiam
634 1453 936 1530 occidere,
973 1454 1024 1515 si
1054 1453 1157 1534 qui
1189 1452 1511 1514 obsistant.
1556 1451 1617 1514 Si
1649 1469 1788 1511 vero
1819 1449 2061 1510 omnino

419 1545 553 1606 sine
580 1543 768 1606 armis
804 1551 1007 1624 raptus
1053 1543 1242 1603 factus
1271 1542 1373 1622 sit,
1403 1541 1508 1618 qui
1542 1539 1708 1600 illum
1742 1539 1903 1612 fecit,
1936 1555 2061 1598 ma-

421 1652 503 1696 nu
533 1635 842 1694 mutilator
877 1651 890 1694 :
925 1631 1025 1711 qui
1083 1647 1226 1691 vero
1285 1630 1347 1690 in
1399 1637 1571 1708 rap'tu
1605 1627 1868 1689 auxiliati
1899 1634 2056 1702 sunt,

2145 1195 2290 1260 τοῖς,
2323 1183 2359 1250 ἢ
2389 1181 2704 1259 συνειδότες,
2738 1184 2772 1253 ἢ
2804 1183 3014 1246 ἑκόντες
3046 1185 3451 1262 ὑποδεξάμενοι,
3503 1187 3532 1254 ii
3567 1188 3799 1256 οἱανδή-

2146 1290 2276 1325 ποτε
2338 1269 2572 1337 σπουδὴν
2631 1274 3024 1350 εἷσενεγκόντες
3098 1277 3446 1350 τυπτόμενοι,
3511 1279 3596 1332 καὶ
3654 1300 3798 1333 κου-

2147 1361 2421 1437 ρευόμενοι
2502 1362 3010 1442 ῥινοκοπείσθωσαν,
3085 1363 3274 1432 ἔπειδή
3354 1368 3402 1421 οἱ
3498 1369 3798 1443 προθέντες

2146 1447 2272 1527 παρ’
2340 1450 2554 1513 ἑαυτοῖς
2613 1451 2868 1529 ἁρπᾶσαι,
2931 1451 3138 1527 ἕτοιμοι
3203 1455 3304 1510 εἰσι
3383 1457 3469 1510 καὶ
3543 1457 3798 1533 φονεύειν

2144 1540 2267 1600 τοὺς
2323 1540 2760 1614 ἀνθισταμένους.
2809 1542 2868 1597 Εἰ
2927 1540 2981 1596 δὲ
3038 1545 3206 1622 χωρὶς
3237 1541 3567 1612 οίωνδήποτε
3600 1543 3796 1600 ὅπλων

2145 1628 2244 1694 τὴν
2273 1629 2524 1706 ἁρπαγὴν
2582 1629 2932 1704 ἇποιήσαντο,
2985 1634 3013 1687 ὁ
3072 1633 3170 1690 μὲν
3203 1636 3302 1697 τήν
3332 1632 3580 1710 ἁρπαγὴν
3613 1635 3796 1703 ποιή-

417 1731 518 1784 aut
547 1723 726 1802 [ejus]
760 1721 985 1783 conscii
1010 1721 1279 1793 fuerunt,
1310 1729 1413 1782 aut
1445 1717 1843 1780 ministerimu
1876 1734 2046 1797 praes-

2142 1739 2258 1789 σας,
2293 1719 2744 1797 χειροκοπείσθω,
2780 1720 2828 1775 οἱ
2858 1717 2910 1774 δὲ
2966 1720 3335 1796 βοηθήσαντες
3368 1735 3485 1783 τοῖς
3515 1723 3796 1786 τοιούτοις

416 1811 692 1883 titerunt,
727 1820 828 1871 aut
857 1819 1071 1887 sponte
1112 1817 1498 1888 receperunt,
1531 1817 1630 1867 aut
1659 1805 2046 1887 qualemcun-

2142 1807 2195 1863 ἰν
2253 1814 2321 1878 τῇ
2371 1807 2612 1886 ἁρπαγῇ,
2680 1806 2709 1874 ἦ
2771 1805 3092 1878 συνειδότες,
3139 1808 3175 1875 ἥ
3229 1812 3696 1889 ὑπηρετήσαντες,

421 1918 538 1981 que
563 1919 739 1980 opem
773 1899 1067 1978 tulerunt,
1100 1897 1397 1958 verberati
1427 1905 1485 1956 et
1535 1896 1687 1956 tonsi
1720 1893 2046 1956 exsulanto.

2142 1897 2352 1958 ἑκόντες
2409 1894 2813 1972 ὑποδεξάμενοι,
2888 1897 2924 1963 ἥ
2981 1895 3300 1965 οἱανδήποτε
3365 1899 3606 1967 σπουδὴν
3669 1904 3791 1957 εἰσ-

417 1987 660 2060 Quaeras
736 1989 913 2050 etiam
993 1987 1284 2048 novellam
1363 1983 1747 2063 imperatoris
1828 1981 2046 2043 domini

2142 1986 2448 2063 ενεγκόντες
2508 1989 2716 2057 αὐτοῖς,
2770 1987 3092 2060 τυπτόμενοι
3138 1986 3572 2065 ἐξοριζέσθωσαθ.
3624 1995 3793 2061 Ζήτει

413 2075 634 2139 Leonis
667 2075 1010 2157 philosophi
1046 2073 1144 2149 35,
1196 2093 1328 2156 quas
1379 2073 1813 2156 propemodum
1845 2072 2046 2133 eadem

2142 2074 2232 2129 καί
2277 2075 2374 2141 τὴν
2418 2071 2498 2128 λε’
2531 2076 2715 2152 νεαρὰν
2761 2081 2852 2130 τοῦ
2893 2074 3158 2150 βασιλέως
3219 2082 3396 2154 κυρίου
3427 2078 3661 2142 Λέοντος
3696 2087 3793 2138 τοῦ

416 2175 663 2319 sagitta.
696 2253 882 2319 XXX.
914 2289 992 2302 --
1022 2256 1116 2318 De
1163 2256 1242 2316 iis
1295 2255 1403 2334 qui
1450 2252 1828 2316 matrimonii
1873 2269 2054 2314 causa

415 2343 703 2408 mulieres
733 2348 1020 2425 rapiunt.

496 2434 919 2517 Apostolorum
951 2453 1142 2496 canon
1173 2434 1249 2495 67
1282 2451 1298 2509 ;
1332 2431 1571 2494 concilii
1615 2429 1912 2510 Ancyrani
1947 2449 2050 2492 ca-

414 2543 536 2587 non
571 2529 669 2593 lt,
703 2524 822 2603 25;
857 2522 1100 2585 concilii
1156 2520 1662 2583 Chalcedonensis
1712 2537 1904 2581 canon
1933 2519 2048 2595 27;

417 2613 658 2674 concilii
691 2613 844 2673 sexti
875 2628 1065 2676 canon
1116 2611 1192 2675 92
1221 2631 1236 2688 ;
1267 2608 1587 2690 Theophili
1620 2627 1690 2670 ex
1723 2611 2052 2671 commoni-

415 2701 569 2763 torio
597 2719 787 2763 canon
819 2701 879 2764 2.
1586 2760 1588 2762 ,

499 2789 748 2854 Τεωιιιε.
784 2791 912 2854 Lib.
956 2792 1014 2864 l,
1067 2789 1159 2851 tit.
1193 2789 1255 2858 3,
1291 2795 1485 2850 const.
1520 2787 1582 2848 5.
1615 2787 1677 2850 Si
1710 2787 1866 2866 quis,
1903 2796 2046 2863 etc.,

411 2900 606 2962 usque
635 2881 713 2944 ad
747 2879 1201 2960 praescriptione
1233 2881 1442 2952 utitur,
1475 2883 1541 2939 ut
1569 2893 1710 2958 pag.
1744 2877 1885 2939 309.

2137 2161 2443 2242 Φιλοσόφου
2473 2163 2537 2219 τὰ
2567 2165 2698 2220 αὒτὲε
2725 2161 2919 2244 σχεδὸν
2955 2169 3368 2240 νομοθετοῦσαν.

2219 2257 2468 2311 ΚΕΦΑΛ.
2533 2258 2599 2312 Λ.
2662 2286 2743 2299 -
2797 2254 2923 2327 Περὶ
2980 2260 3085 2310 τῶν
3150 2255 3238 2312 ἰπὶ
3296 2256 3456 2335 γάμῳ
3509 2269 3791 2334 γυναῖκας

2136 2340 2501 2420 ἁρπαζόντων,

2215 2429 2568 2491 Ἀποστόλων
2612 2433 2788 2489 κανὼν
2831 2432 2903 2504 ξζ⁹
2938 2451 2954 2468 ⁶
3013 2432 3230 2492 συνόδου
3289 2434 3553 2513 Ἀγκύρας
3599 2439 3790 2494 κανὼν

2139 2519 2237 2600 ια’,
2282 2519 2362 2576 κε’
2392 2537 2406 2552 ⁸
2445 2519 2661 2578 συνόδου
2707 2521 3050 2590 Χαλκηδόνος
3080 2524 3256 2582 κανὼν
3286 2522 3367 2594 κζ’
3397 2544 3412 2559 ·
3443 2524 3669 2583 συνόδου
3702 2528 3789 2601 ς’

2136 2611 2310 2667 κανὼν
2384 2610 2506 2687 ζβο
2581 2611 2834 2690 Θεοφίλου
2912 2612 2975 2670 in.
3053 2620 3146 2670 τοῦ
3199 2615 3603 2689 ὐπομνηστικοῦ
3672 2640 3788 2672 κα-

2136 2701 2241 2756 νὼν
2271 2697 2346 2776 β’.

2215 2790 2489 2863 Κείμενον.
2538 2789 2690 2853 Βιόλ,
2739 2789 2814 2867 α’,
2874 2793 2976 2848 τίτ.
3010 2789 3086 2868 γ’,
3121 2791 3263 2852 διάτ.
3296 2792 3363 2872 ε’,
3401 2793 3523 2851 Ἐάν
3556 2816 3641 2858 τις
3677 2794 3787 2874 ἔερ-

2132 2879 2300 2954 πάσῃ,
2339 2901 2394 2938 κ.
2428 2902 2479 2940 τ.
2514 2877 2596 2955 λ,,
2630 2897 2820 2960 nsque
2855 2878 2927 2941 ad
2961 2882 3040 2956 μὴ
3075 2883 3359 2963 χρώμενος
3393 2883 3557 2962 φόρου
3591 2906 3787 2963 παρι-

2130 2975 2330 3049 γραφῇ.
2369 2965 2561 3044 Supra
2590 2985 2724 3049 pag.
2759 2968 2900 3033 309.

490 3059 823 3124 Schol-ium.
858 3061 1059 3122 Const.
1093 3057 1132 3119 5
1186 3057 1280 3119 tit.
1337 3059 1374 3118 3
1425 3055 1534 3117 lib.
1582 3073 1603 3118 1
1635 3053 1773 3116 cod.
1809 3074 1928 3116 non
1959 3062 2046 3117 est

2213 3056 2471 3137 Σχόλιον.
2504 3057 2571 3114 Ἠ
2605 3057 2648 3112 ε’
2679 3057 2819 3118 διάτ.
2853 3067 2943 3118 τοῦ
2972 3059 3025 3138 γ’
3081 3061 3184 3122 τίτ.
3238 3061 3330 3118 τοῦ
3377 3059 3429 3118 α’
3484 3060 3635 3136 βιϐλ.
3689 3073 3793 3122 τοῦ

411 3149 602 3229 posita
634 3149 695 3209 in
726 3146 936 3217 Basil.,
964 3164 1162 3224 neque
1196 3143 1434 3225 [etiam]
1464 3146 1564 3221 53,
1591 3162 1788 3225 neque
1817 3161 1956 3207 vero
1983 3154 2045 3206 tu

405 3237 529 3300 illis
559 3238 882 3299 auscultes.
917 3235 1119 3298 Const.
1155 3239 1192 3296 3
1217 3238 1305 3300 tit.
1334 3236 1374 3296 4
1403 3233 1507 3295 lib.
1547 3252 1564 3295 ι
1617 3233 1751 3295 cod.
1788 3245 1877 3295 est
1909 3252 2044 3312 cap.

404 3328 509 3408 26,
545 3331 634 3388 tit.
669 3329 772 3402 l7,
831 3325 938 3387 lib.
994 3342 1073 3387 vn
1129 3323 1312 3388 Basil.
1351 3324 1700 3404 insertaque
1731 3331 1822 3384 est
1853 3321 2045 3384 inter-

405 3415 723 3497 pretationi
757 3433 889 3496 cap.
924 3415 1002 3476 95
1033 3413 1350 3496 praesentis
1395 3412 1433 3476 9
1485 3411 1602 3487 tit.,
1661 3411 1822 3490 quod
1854 3411 2042 3489 legas.

402 3505 607 3570 Const.
659 3511 684 3566 l
723 3504 812 3568 tit.
847 3504 926 3567 94
955 3502 1064 3565 lib.
1099 3520 1161 3566 ιιι
1195 3503 1330 3564 cod.
1368 3503 1560 3584 posita
1592 3509 1682 3564 est
1715 3502 1777 3562 in
1807 3519 1938 3582 cap.
1969 3500 2039 3564 91

401 3595 495 3658 tit.
527 3595 565 3656 5
595 3593 702 3657 lib.
758 3610 835 3656 vn
867 3592 1049 3656 Basil.
1085 3590 1213 3655 Hoc
1269 3601 1474 3656 autem
1506 3610 1636 3672 cap,
1672 3591 2045 3672 praetermis-

400 3702 533 3748 sum
567 3691 683 3746 est.

495 3862 737 3928 Textus.
770 3862 889 3926 Tit.
943 3863 1014 3925 41
1079 3868 1272 3924 const.
1326 3864 1386 3935 t,
1438 3866 1537 3941 qui
1593 3858 1813 3924 dicitA
1845 3876 2042 3935 servo,

407 3960 551 4030 etc.,
580 3971 767 4033 usque
796 3953 874 4016 ad
903 3961 1041 4015 sunt
1067 3957 1291 4028 omnia,
1333 3959 1396 4012 ut
1426 3967 1570 4031 pag.
1607 3949 1746 4026 310,
1783 3949 1923 4012 311.

485 4129 1124 4197 Scholium.Constit.4
1146 4129 1312 4190 tit.“
1345 4127 1449 4189 lib.
1476 4143 1538 4189 ιιι
1563 4127 1796 4190 cod.est
1813 4145 1942 4208 cap.
1969 4127 2047 4189 46

405 4221 540 4284 tit.5
558 4221 936 4302 lib.Lx,quod
963 4220 1128 4282 dicit:
1156 4218 1510 4282 Constitutio
1532 4216 1748 4278 similis
1765 4216 2046 4280 secundae

406 4318 497 4373 est
517 4319 576 4372 et
594 4311 804 4384 tertiae;
825 4309 1232 4387 etdicit,quod
1253 4308 1530 4369 dominus
1553 4307 1836 4386 ignorans
1856 4306 2042 4368 delic-

403 4412 528 4461 tum
557 4399 712 4459 servi
743 4399 1010 4478 [judicio]
1031 4399 1313 4459 duntaxat
1354 4395 1547 4458 noxali
1581 4405 1856 4457 teneatur
1883 4413 1896 4456 :
1923 4414 2042 4458 non

401 4488 686 4568 ignorans
701 4498 1041 4568 autem,suo
1065 4485 1697 4549 nomine.Universum
1722 4505 1858 4547 vero
1875 4505 2045 4548 cons-

401 4577 697 4640 titutionis
729 4578 830 4657 jus
854 4577 1201 4658 hujusmodi
1235 4585 1342 4650 est,
1383 4586 1448 4638 ut
1487 4577 1538 4637 si
1575 4575 1809 4637 alienus
1832 4593 2044 4638 servus

396 4667 688 4750 rapuerit,
721 4668 875 4728 intra
914 4686 1138 4729 annum
1166 4666 1570 4748 quadruplum
1603 4664 1697 4750 [vi]
1747 4665 2040 4728 bonorum

398 4766 702 4839 raptorum
728 4757 882 4819 actio
909 4757 1139 4836 exigat:
1165 4764 1300 4837 post
1318 4775 1539 4819 annum
1567 4773 1704 4816 vero
1730 4755 2038 4836 simplum,

401 4868 517 4930 quo
553 4848 830 4910 dominus
869 4864 1108 4909 servum
1157 4865 1325 4908 noxae
1368 4846 1547 4909 dedat
1585 4853 1684 4906 aut
1724 4845 1854 4926 ipse
1887 4845 1949 4906 in
1980 4845 2040 4908 id

397 4947 686 5019 quantum
718 4938 790 4999 ad
823 4956 959 5000 eum
995 4936 1268 5018 pervenit
1324 4944 1622 4998 teneatur.
1675 4934 1750 4996 At
1780 4935 1830 4995 si
1862 4953 2041 4997 cons-

397 5027 490 5090 cio
522 5027 788 5108 [servus]
822 5027 1037 5106 rapuit,
1073 5026 1145 5087 ad
1180 5027 1239 5087 id
1287 5025 1450 5106 quod
1484 5027 1789 5104 competit,
1823 5024 1874 5084 is
1905 5043 2038 5086 om-

400 5115 546 5179 nino
578 5115 1006 5196 obstringatur,
1043 5114 1100 5176 id
1136 5124 1249 5189 est,
1303 5114 1376 5176 ad
1408 5113 1810 5194 quadruplum
1841 5122 1938 5175 aut
1966 5113 2038 5175 ad

402 5203 711 5283 simplum.
774 5205 944 5278 Quod
999 5204 1049 5267 si
1109 5222 1350 5266 uxorem
1389 5213 1545 5264 luam
1578 5202 1796 5284 rapuit,
1831 5210 2039 5264 contra

398 5291 594 5373 ipsum
627 5311 865 5354 servum
897 5293 1194 5375 publicam
1245 5299 1685 5356 accusationem
1737 5293 2034 5356 instituas.

403 5383 606 5445 Const.
672 5381 710 5442 3
762 5383 852 5443 tit.
916 5384 991 5445 13
1043 5383 1145 5445 lib.
1195 5401 1275 5445 vn
1309 5384 1445 5446 cod.
1481 5391 1573 5446 est
1604 5401 1734 5464 cap.
1770 5384 1807 5444 3
1841 5383 1928 5446 tit.
1971 5383 2038 5445 l8

398 5469 510 5536 lib.
568 5487 746 5535 XLVIII
807 5471 1012 5549 Basil.,
1071 5473 1228 5555 quod
1287 5475 1373 5536 sic
1431 5473 1664 5536 habet:
1710 5472 1769 5536 Si
1828 5492 2037 5536 servus

399 5567 637 5648 raptum
688 5561 935 5642 virginis
1009 5561 1312 5641 detulerit,
1382 5573 1482 5628 aut
1539 5581 1648 5651 per
1705 5567 2036 5628 conniven-

2131 3145 2357 3210 κώδικος
2403 3146 2497 3202 οὒκ
2539 3147 2694 3213 ὶτέθη
2739 3150 2812 3212 εἰς
2858 3150 2922 3205 τὰ
2984 3149 3268 3224 Βασιλικὰ,
3327 3148 3445 3208 οὖδέ
3474 3153 3507 3218 ἦ
3541 3151 3654 3232 νγ’,
3692 3157 3792 3210 καὶ

2129 3237 2208 3312 μὴ
2237 3237 2298 3293 σὺ
2333 3241 2583 3316 προσχῆς
2625 3237 2841 3303 ταύταις
2877 3257 2892 3273 ⁸
2929 3236 2994 3295 Ἦ
3027 3236 3079 3317 γ’
3123 3237 3268 3299 διάτ.
3304 3245 3395 3296 τοῦ
3426 3237 3472 3295 δ’
3516 3243 3621 3304 τίτ.
3689 3251 3791 3301 τοῦ

2129 3324 2180 3383 α’
2241 3324 2363 3402 βιϐλ
2387 3370 2403 3387 .
2450 3326 2543 3382 τού
2585 3324 2814 3390 κώδικος
2856 3325 2968 3384 ἔστι
3015 3350 3135 3408 κεφ.
3170 3326 3288 3404 κζ’
3317 3337 3409 3388 τοῦ
3440 3329 3506 3400 ιζ’
3539 3333 3648 3392 τίτ.
3687 3333 3789 3388 τοῦ

2129 3413 2176 3487 ζ’
2206 3414 2352 3491 βιόλ.
2399 3421 2505 3470 τῶν
2537 3414 2862 3496 Βασιλικῶν,
2893 3418 2982 3472 καὶ
3033 3418 3372 3493 κατεστρώθη
3423 3419 3494 3482 είς
3527 3425 3630 3485 τὴν
3685 3421 3788 3498 ἐρ-

2131 3505 2356 3578 μηνιίαν
2387 3506 2478 3561 τοῦ
2504 3502 2586 3561 κε’
2617 3526 2741 3585 mp.
2769 3513 2863 3563 τοῦ
2911 3507 3176 3584 παρόντος
3207 3504 3256 3564 θ’
3284 3507 3418 3588 τίτ.,
3452 3507 3480 3562 ὃ
3509 3516 3600 3564 χαί
3632 3511 3790 3567 ἂνά-

2131 3597 2316 3670 γνωθι.
2346 3591 2412 3649 Ἠ
2446 3591 2498 3648 α’
2546 3591 2686 3655 διάτ.
2732 3600 2824 3651 τοῦ
2867 3590 2950 3651 κδ’
2993 3597 3098 3658 τίτ.
3145 3602 3236 3652 τοῦ
3279 3595 3334 3675 γ’
3362 3593 3507 3672 βιόλ.
3541 3604 3634 3653 τοῦ
3672 3601 3789 3656 κώ-

2130 3681 2275 3747 δικος
2305 3681 2456 3748 ἰτέθη
2502 3683 2576 3744 εἷς
2606 3703 2731 3761 κεφ,
2785 3682 2882 3759 ζα⁹
2916 3691 3009 3739 τοῦ
3053 3689 3099 3739 ε’
3145 3685 3246 3745 τίτ.
3279 3693 3373 3743 τοῦ
3402 3685 3447 3758 ζ’
3478 3683 3629 3761 βιελ.
3669 3696 3784 3754 τῶν

2131 3771 2454 3847 Βασιλικῶν,
2488 3777 2641 3828 τοῦτο
2667 3770 2721 3827 δὲ
2753 3793 2876 3850 κεφ.
2903 3773 3250 3855 παρελείφθη.

2209 3861 2492 3935 Κείμενον,
2539 3861 2723 3924 Τίτλος
2783 3861 2898 3938 μα’,
2956 3861 3095 3924 διάτ.
3159 3861 3230 3940 δ’,
3290 3865 3318 3920 ὃ
3386 3862 3561 3942 λέγων
3617 3870 3786 3946 Παρὰ

2129 3949 2317 4008 δούλου
2345 3973 2400 4010 κ.
2434 3972 2483 4012 τ.
2517 3949 2598 4024 λ.,
2635 3967 2821 4031 usque
2852 3951 2925 4013 ad
2957 3955 3046 4008 καὶ
3071 3953 3247 4031 ἱερῶν,
3284 3953 3378 4010 καί
3409 3955 3624 4034 χηρῶν,
3654 3955 3785 4019 Su-

2131 4057 2237 4122 pra
2266 4057 2401 4119 pag.
2433 4039 2575 4120 310,
2610 4039 2747 4103 3M.

2212 4129 2470 4210 Σχόλιον.
2504 4127 2571 4187 Ἥ
2602 4129 2648 4186 δ’
2680 4128 2821 4194 διάτ.
2853 4133 2947 4189 τοῦ
2976 4131 3072 4206 μα’
3104 4129 3203 4190 τίτ.
3237 4141 3330 4191 τοῦ
3377 4132 3433 4210 γ’
3479 4131 3628 4209 βιϐλ.
3682 4139 3781 4192 τοῦ

2130 4219 2354 4282 κώδιιιος
2386 4220 2498 4277 ἔστι
2527 4242 2647 4300 map.
2679 4217 2800 4295 μς⁹
2824 4227 2914 4278 τοῦ
2936 4215 2980 4276 ε’
3009 4220 3110 4280 τίτ.
3137 4227 3230 4278 τοῦ
3261 4218 3305 4287 ξ’
3333 4220 3481 4296 βιόλ.
3507 4222 3777 4302 λέγουσι’

2131 4309 2194 4369 Ἠ
2226 4308 2366 4369 διάτ.
2403 4310 2560 4387 ὁμοίᾳ
2591 4316 2658 4387 τῇ
2688 4309 2740 4388 β’
2769 4309 2882 4368 ἔστι
2913 4311 3000 4367 καὶ
3056 4315 3122 4386 τῇ
3151 4310 3204 4387 γ’
3233 4311 3323 4367 καὶ
3352 4311 3496 4389 λέγει
3531 4333 3548 4348 ⁸
3583 4315 3672 4370 ὃτι
3715 4314 3778 4373 Ὀ

2129 4399 2393 4466 δεσπότης
2444 4399 2651 4477 ἀγνοῶν
2707 4401 2769 4456 τὸ
2832 4412 3081 4475 πταῖσμα
3137 4408 3230 4458 τοῦ
3286 4400 3491 4458 οἰκέτου
3547 4401 3781 4468 νοξᾶλια

2128 4490 2291 4566 μόνον
2322 4488 2636 4568 κατέχεται,
2672 4487 2820 4552 εἰδὼς
2866 4487 2921 4544 δὲ
2970 4488 3083 4562 ἰδίῳ
3132 4489 3380 4564 ὀνόματι,
3415 4489 3584 4549 Ὀλον
3615 4491 3677 4549 δὲ
3715 4497 3780 4550 τὸ

2125 4581 2222 4648 τῆς
2249 4579 2389 4641 διατ.
2437 4579 2663 4654 νόμιμον
2697 4585 2936 4637 τοιοῦτον
2989 4579 3132 4635 ἐστιν
3172 4576 3255 4637 ὅτι
3287 4579 3376 4637 ἐὰν
3409 4581 3626 4647 οἶκέτης
3664 4583 3780 4640 ἆλ-

2126 4670 2335 4744 λότριος
2388 4669 2625 4745 ἁρπάσῃ,
2686 4667 2822 4726 εἵσω
2883 4669 2981 4745 μὲν
3039 4669 3287 4728 ἐνιαυτοῦ
3329 4670 3391 4726 τὸ
3434 4671 3779 4746 τετραπλοῦν

2125 4767 2280 4831 ζητεῖ
2321 4760 2356 4828 ἡ
2401 4758 2519 4835 περὶ
2560 4759 2808 4838 ἁρπαγῆς
2839 4759 3140 4840 χρημάτων
3169 4759 3384 4841 ἀγωγὴ,
3420 4761 3558 4836 μετᾶ
3587 4759 3643 4816 δὲ
3679 4766 3778 4820 τὸν

2125 4849 2364 4906 ὶνιαυτὸν
2406 4849 2467 4904 τὸ
2524 4847 2749 4922 ἁπλοῦν,
2797 4848 2916 4916 ἤτοι
2975 4848 3058 4930 ἐφ’
3105 4849 3150 4924 ᾧ
3193 4845 3369 4905 δοῦναι
3403 4851 3496 4906 τὸν
3549 4851 3779 4919 οἰκέτην

2126 4939 2198 5004 si;
2242 4936 2416 5014 νόξαν,
2451 4936 2486 5005 ἢ
2515 4937 2838 5018 κατέχεσθαι
2885 4941 2974 4996 τὸν
3005 4935 3270 5006 δεσπότην
3301 4939 3485 5020 αὒτοῦ,
3540 4942 3643 4997 καί
3697 4945 3778 5007 εἰς

2127 5026 2403 5107 περιελθὸν
2446 5029 2518 5091 εἷς
2577 5027 2757 5088 αὐτόν,
2807 5030 2865 5086 Ei
2920 5027 2976 5084 δὲ
3028 5025 3326 5092 συνειδότος
3375 5037 3470 5087 τοῦ
3502 5027 3780 5090 δεσπότου

2123 5117 2359 5196 ἥρπασεν
2390 5119 2464 5180 εἰς
2493 5119 2555 5174 τὸ
2585 5116 2829 5197 διαφέρον
2861 5117 3108 5200 ἐνέχεται
3149 5121 3176 5175 ὁ
3219 5116 3486 5186 δεσπότης
3514 5121 3774 5204 πάντως,

2121 5207 2264 5267 τοῦτ’
2296 5207 2436 5264 ἔστιν
2469 5208 2542 5271 εἷς
2574 5210 2634 5264 τὸ
2665 5208 3011 5286 τετραπλοῦν,
3048 5209 3081 5277 ἢ
3114 5210 3188 5274 είς
3219 5209 3280 5266 τὸ
3337 5209 3562 5274 ἁπλοῦν.
3599 5213 3662 5269 Ei
3718 5212 3778 5269 δὲ

2124 5299 2223 5366 την
2277 5297 2376 5367 σὴν
2434 5299 2676 5377 γαμετὴν
2736 5297 2965 5380 ἥρπασε,
3030 5297 3147 5357 κατ’
3195 5299 3358 5356 αἶ»τοῦ
3418 5307 3508 5357 τοῦ
3556 5302 3780 5360 οἰκέτου

2123 5390 2344 5454 κίνησον
2378 5387 2437 5443 τὸ
2467 5385 2726 5462 δημόσιον
2758 5387 3030 5467 ἔγκλημα.
3066 5390 3129 5447 Ἢ
3161 5387 3212 5470 γ’
3247 5389 3388 5453 διάτ,
3425 5398 3516 5448 τοῦ
3551 5389 3622 5469 ιγ’
3661 5397 3778 5458 τίτ.

2121 5484 2213 5536 τοῦ
2255 5472 2300 5550 ζ’
2349 5475 2492 5555 βιϐλ,
2542 5485 2634 5534 τοῦ
2693 5477 2919 5544 κώδικος
2981 5478 3092 5538 ἔστι
3137 5502 3259 5561 κεφ.
3307 5479 3361 5560 γ’
3401 5479 3494 5539 τοῦ
3535 5478 3613 5549 ιη’
3659 5486 3778 5550 τίτ.

2119 5577 2213 5630 τοῦ
2246 5564 2343 5650 μη’
2366 5564 2513 5650 βιϐλ,
2541 5574 2644 5628 τῶν
2674 5567 2997 5650 Βασιλικῶν,
3035 5569 3202 5640 οὕτως
3233 5568 3384 5661 ἔχον·
3421 5565 3547 5633 Ἐὰν
3577 5571 3781 5650 δοῦλος
