4052 6222
478 325 628 394 1131

1671 327 1937 392 PHOTIl
1997 325 2515 391 PATRIARCH/E
2557 325 2671 390 CP.

3698 327 3850 395 “3'2

465 475 976 539 committentibus
993 474 1147 539 intra
1162 477 1399 554 [sacros]
1416 473 1707 537 terminos
1721 474 2096 536 securitatem

2197 472 2342 540 ἱτὲθη
2376 470 2430 528 δὲ
2467 473 2542 534 εἰς
2599 473 2665 529 τὰ
2716 470 3004 536 Βασιλικά,
3039 472 3108 530 Ἠ
3153 476 3274 553 περὶ
3331 471 3615 550 μανδᾶτων
3660 472 3850 530 διαλεο

464 584 585 627 non
601 565 890 628 servabis:
915 565 1019 626 sed
1041 565 1182 627 inde
1203 582 1304 629 eos
1319 564 1719 639 abstrahes,et
1743 564 2101 642 supplicium

464 655 587 716 illis
610 655 920 733 irrogabis.
945 653 1153 738 Neque
1175 655 1336 718 enim
1369 656 1463 717 his
1487 654 1589 736 qui
1615 656 1688 716 ad
1719 655 1876 714 hunc
1901 653 2102 713 tlelin»

464 743 936 826 quuntmodum:
956 745 1061 807 sed
1076 747 1418 821 steterisme
1432 744 1504 806 ab
1520 741 1991 824 improbioribus
2016 751 2104 804 ta-

461 833 542 896 lia
567 833 888 916 patiantur,
923 835 1204 898 convenit
1250 852 1525 916 parcere.
1559 832 1893 894 Praesertim
1941 833 2108 902 [vero

463 923 626 993 cum]
643 943 948 986 sacrorum
972 925 1295 1003 [locorum]
1313 923 1662 986 immunitas
1683 941 1716 983 a
1737 921 1867 998 lege
1892 940 2008 982 non
2026 922 2112 980 iu-

454 1013 968 1096 juriantibus,sed
993 1015 1222 1078 all‘ectis
1245 1015 1467 1096 injuria
1487 1031 1775 1076 concessa
1799 1012 1893 1073 sit.
1913 1013 2108 1090 Atque

463 1105 667 1184 [adeo]
693 1123 769 1167 ne
811 1105 1100 1184 possibile
1129 1105 1428 1186 [quidem]
1455 1104 1629 1179 sit,ut
1672 1113 1947 1181 uterque,
1988 1111 2104 1162 tam

459 1193 563 1275 qui
585 1193 867 1273 injuriam
891 1195 1054 1271 facit,
1085 1212 1261 1275 quam
1285 1193 1386 1274 qui
1410 1193 1652 1273 patitur,
1689 1189 1786 1260 [ex
1810 1197 2005 1270 aequo]
2042 1189 2102 1250 in

457 1292 971 1346 sacrosanctorum
1005 1284 1275 1346 locorum
1305 1281 1681 1344 immunitate
1725 1290 2096 1360 proregatur.

458 1373 758 1436 Constitﬂ
782 1373 1054 1454 ejusdem
1079 1372 1691 1449 tit.Novellarum,est
1713 1369 2099 1433 novellaJus-

460 1465 668 1526 tiniani
699 1465 1044 1545 123,[atque
1069 1466 1262 1543 posita
1285 1463 1345 1524 in
1375 1462 1548 1545 lib.1v
1575 1461 1735 1523 Basil
1777 1463 2096 1545 ,_tit.1,cap.

458 1545 560 1613 12,
587 1546 714 1606 haec
740 1546 900 1606 dicit:
929 1542 993 1608 Si
1017 1542 1156 1622 quis
1181 1544 1556 1620 [ascetriam]
1581 1542 2019 1622 rapuerit,etc.,
2048 1551 2109 1602 ut

457 1634 688 1714 scripta
717 1643 855 1696 sunt
877 1635 938 1695 in
961 1633 1404 1697 textu.Novella
1426 1631 1762 1710 t43,posita
1785 1639 1874 1693 est
1896 1631 1953 1691 in
1971 1650 2101 1711 cap.

467 1723 506 1784 2
527 1726 620 1786 tit.
648 1724 725 1786 58
748 1723 852 1786 lib.
878 1723 1141 1804 1.x,quod
1165 1723 1344 1785 tradit
1381 1720 1884 1803 quemadmodum
1913 1722 2105 1782 maui-

2188 563 2396 638 γομὲνη
2443 559 2510 633 ιζ’
2557 563 2740 636 νεαρὰ,
2803 561 2917 618 ἔστι
2962 585 3085 643 ne.
3130 561 3218 620 κα’
3262 571 3357 620 τοῦ
3405 563 3460 640 γ’
3497 564 3595 621 τίτ.
3633 570 3728 620 τοῦ
3768 562 3851 638 ς”

2189 651 2334 728 βιϐλ,
2382 657 2488 706 τῶν
2520 651 2821 708 Βασιλικῶν
2880 650 3041 730 λέγον
3085 661 3255 710 ταῦτα
3301 654 3483 731 ῥητῶς
3525 670 3540 683 ⁸
3602 652 3736 711 Οὔτε
3797 652 3853 708 δὲ

2190 742 2556 821 ἀνδροφόνοις,
2619 740 2742 798 οὕτε
2787 756 3044 821 μοιχοῖς,
3093 743 3212 799 οὔτε
3278 743 3551 821 παρθένων
3619 741 3856 820 ἅρπαξιν

2189 832 2558 906 ἡμαρτάνουσι
2604 829 2704 894 τὴν
2750 829 2811 886 ὶκ
2853 837 2961 887 τῶν
3023 831 3165 911 ὅρων
3212 831 3463 911 φυλάξεις
3525 831 3854 911 ἀσφάλειαν,

2191 919 2329 976 ἀλλὰ
2387 919 2640 977 κάκεῖθεν
2676 919 3000 1000 ἑξελκύσεις,
3035 925 3125 979 καὶ
3155 923 3416 1000 τιμωρίαν
3469 921 3660 984 αύτοϊς
3708 922 3857 978 ἐπέ-

2190 1009 2354 1076 άξεις.
2392 1011 2465 1068 Οὒ
2509 1010 2610 1086 γὰρ
2645 1017 2755 1066 τῶν
2798 1011 2867 1068 τὰ
2931 1011 3154 1068 τοιαῦτα
3213 1012 3634 1090 ἆμαρτᾰνόντων
3667 1009 3856 1091 φείδε-

2189 1104 2307 1157 σθαι
2353 1101 2642 1177 προσήκει,
2685 1098 2824 1156 ἀλλὰ
2867 1103 2972 1157 τῶν
3015 1104 3312 1180 περιόντων
3354 1101 3449 1156 ’ἵνα
3493 1102 3574 1176 μὴ
3621 1102 3856 1159 τοιαῦτα

2187 1190 2291 1245 ὑπὸ
2346 1211 2452 1244 των
2503 1189 2921 1268 τολμηροτέρων
2978 1191 3273 1270 πάσχοιεν,
3320 1188 3542 1253 "sum;
3587 1212 3649 1246 τε
3712 1192 3749 1258 ἦ
3795 1191 3854 1246 ἐι

2186 1284 2291 1334 τῶν
2350 1281 2504 1357 ἱερῶν
2561 1277 2838 1356 ἀσφάλεια
2880 1283 2940 1338 οὗ
2994 1293 3114 1342 τοῖς
3175 1278 3474 1353 ἀδικοῦσιν,
3535 1279 3683 1336 ἀλλὰ
3727 1294 3858 1344 τοῖς

2187 1367 2560 1442 ἀδικουμένοις
2616 1367 2826 1424 δέδοται
2872 1370 3018 1448 παρᾶ
3074 1376 3169 1426 τοῦ
3227 1371 3417 1449 νόμου,
3477 1371 3567 1426 καὶ
3612 1371 3717 1427 οὔκ
3787 1371 3850 1427 ἓν

2190 1457 2282 1524 εἵη
2353 1455 2572 1513 δυνατὸν
2646 1457 2896 1534 ἑκάτερον
2960 1457 3340 1538 ἄσφαλίζεσθαι
3407 1460 3476 1534 τῇ
3534 1460 3685 1538 παρὰ
3743 1468 3856 1516 τῶν

2189 1546 2400 1605 ἀσύλων
2441 1547 2622 1604 τόπων
2673 1545 2961 1626 ἀσφάλείᾳ,
3009 1549 3097 1604 καὶ
3141 1549 3234 1605 τὸν
3274 1545 3582 1621 ἂδικοῦντα,
3629 1550 3725 1605 καὶ
3762 1552 3858 1605 τὸν

2187 1634 2554 1711 ἀδικούμενον.
2595 1637 2658 1692 ’Π
2691 1634 2743 1712 β’
2776 1635 2916 1698 διάτ.
2973 1647 3067 1696 τοῦ
3117 1640 3279 1696 αὐτοῦ
3317 1638 3422 1695 τίτ.
3457 1643 3568 1693 τῶν
3597 1647 3856 1718 Νεαρῶν,

2189 1726 2302 1782 ἔστι
2347 1727 2508 1802 νεαρὰ
2550 1725 2978 1792 ἰουστινιάνειος
3046 1726 3168 1804 ρκγ⁹
3219 1727 3446 1802 κειμένη
3487 1727 3544 1782 ἐν
3586 1728 3747 1804 βιϐλ,
3814 1729 3857 1784 δ’

466 1813 744 1875 testatum
768 1823 878 1876 est.
900 1814 1082 1893 Legas
1111 1831 1256 1876 vero
1287 1812 1566 1874 eumdem
1591 1813 1668 1872 58
1692 1811 1778 1872 tit.
1810 1817 1984 1871 etiam
2008 1819 2096 1872 to-

2197 1821 2292 1871 τῶν
2325 1815 2626 1872 Βασιλικῶν
2657 1815 2763 1878 τίτ.
2798 1816 2852 1871 α’
2881 1816 2942 1872 οὗ
2973 1838 3096 1896 κεφ,
3133 1813 3203 1872 ιϐ’
3240 1816 3403 1875 ταύτά
3433 1840 3628 1895 φησιν,
3669 1817 3742 1875 Εἴ
3774 1842 3860 1882 τις

460 1910 684 1983 1um,ut
707 1904 806 1985 qui
830 1904 1104 1984 speciosa
1127 1903 1397 1984 quaedam
1425 1921 1494 1963 ac
1520 1901 1708 1962 multa
1730 1900 1804 1961 de
1822 1918 2102 1980 quarum-

459 2010 697 2073 cunque
720 1993 1039 2055 mulierum
1071 1993 1415 2074 raptoribus
1449 1992 1684 2053 doceat.

2183 1902 2437 1983 ἁρπάσει,
2482 1907 2569 1962 καὶ
2616 1905 2684 1962 τὰ
2735 1906 2856 1973 ἑξῆς
2894 1905 3204 1985 ἐγράφησαν
3234 1909 3307 1970 εἷς
3339 1909 3401 1962 τὸ
3449 1906 3734 1980 κείμενον,
3793 1909 3860 1965 Ἠ

2183 1994 2312 2073 ρμγ³
2343 1995 2506 2073 νεαρὰ
2535 2008 2711 2052 κεῖται
2743 1997 2816 2061 εἰς
2849 2017 2972 2075 nep.
3006 1994 3058 2072 β’
3092 2003 3186 2054 τοῦ
3217 1996 3304 2064 νη⁹
3345 1997 3449 2056 τίτ.
3483 2007 3581 2057 τοῦ
3611 1998 3660 2063 ξ’
3695 1997 3852 2076 βιϐλ.

458 2081 596 2140 οὕτω
643 2081 1004 2158 διαλαμϐάνον
1035 2087 1109 2149 ὡς
1158 2083 1424 2151 ἐδηλώθη.
1457 2083 1753 2160 Ἀνάγνωθι
1803 2085 1886 2139 καὶ
1921 2085 2008 2140 τὸν
2070 2085 2223 2142 αὒτὸν
2265 2084 2352 2152 νη’
2398 2084 2500 2145 τίτ.
2551 2084 2674 2142 ὅλον
2707 2086 2884 2165 ὼρατά
2936 2108 3056 2142 τινα
3091 2084 3432 2165 διδάσκοντα,
3476 2087 3573 2144 καῖ
3619 2087 3859 2168 διάιρορα

457 2174 574 2252 περὶ
616 2177 723 2230 τῶν
753 2173 1098 2252 ἁρπαζόντων
1129 2172 1466 2243 οἶασδήτινας
1500 2185 1788 2250 γυναῖκας.

537 2261 701 2324 CAP.
763 2261 968 2324 XXXI.
1003 2297 1078 2310 —
1109 2263 1194 2326 De
1221 2267 1381 2326 sacri
1431 2260 1670 2324 ordinis
1722 2261 2096 2340 hominibus,

455 2352 566 2432 qui
591 2369 656 2413 se
685 2369 822 2414 cum
850 2351 1208 2414 mulieribus
1238 2351 1466 2414 lavant.

535 2439 791 2502 Concilii
847 2438 1174 2502 Laudiceni
1232 2457 1428 2501 canon
1483 2436 1604 2514 30;
1668 2436 1907 2500 concilii
1941 2437 2095 2499 sexti

455 2547 654 2590 canon
689 2532 790 2590 7‘7.

539 2618 785 2682 Tascius.
818 2617 1061 2681 Novella
1124 2619 1263 2700 H7,
1317 2636 1446 2698 quae
1504 2617 1578 2680 de
1609 2617 1908 2699 repudiis,
1946 2626 2089 2693 etc.,

453 2723 643 2789 usque
667 2709 745 2770 ad
775 2709 1045 2771 lucretur
1075 2708 1300 2781 dotem,
1337 2716 1402 2769 ut
1432 2725 1580 2788 pag.
1616 2710 1752 2771 791.

537 2797 870 2861 Scholium.
916 2799 1162 2862 Novella
1193 2797 1512 2861 Justiniani
1552 2799 1654 2859 117
1692 2798 1879 2878 posita
1911 2805 1999 2858 est
2033 2797 2090 2856 in

451 2887 559 2952 lib.
593 2905 798 2964 xxvm,
827 2888 920 2949 tit.
950 2890 1004 2969 7,
1032 2897 1211 2968 atque
1242 2891 1280 2948 4
1315 2889 1517 2949 thema
1547 2905 1680 2966 cap.
1716 2903 1757 2955 ι.
1795 2888 1920 2948 haec
1953 2886 2097 2946 dicit

450 2977 513 3038 in
539 2979 664 3039 haec
686 2978 888 3040 verba:
918 2979 982 3040 Si
1021 2997 1139 3040 una
1183 2997 1318 3040 cum
1345 2979 1648 3040 extraneis
1677 2977 1820 3038 viris
1855 2977 2095 3037 nolente

453 3068 670 3130 marito
694 3071 873 3149 agitet
896 3069 1189 3146 convivia,
1223 3078 1323 3130 aut
1352 3088 1486 3130 cum
1513 3068 1589 3130 iis
1619 3087 1684 3130 se
1715 3068 2096 3147 lavet.Atque

2263 2269 2515 2325 ΚΕΦΑΛ.
2577 2263 2712 2329 AA'.
2783 2298 2860 2310 —
2904 2265 3030 2345 Περὶ
3072 2267 3361 2344 ἱερατικῶν
3424 2264 3856 2344 συλλουομᾶνων

2180 2352 2414 2431 γυναιξί,

2259 2442 2490 2500 Συνόδου
2549 2443 2859 2511 Λαοδικείας
2931 2447 3108 2504 κανὼν
3151 2446 3202 2503 λ’
3249 2446 3468 2506 συνόδου
3510 2447 3592 2521 ς’
3650 2452 3842 2506 κανὼν

2179 2531 2256 2604 ρξ’

2258 2623 2537 2698 Κείμενον.
2570 2623 2636 2680 Ἦ
2696 2625 2815 2702 περὶ
2872 2625 3160 2689 ῥεπουδίων
3215 2628 3376 2706 νεαρὰ
3429 2626 3540 2706 ριζ’
3587 2626 3850 2707 δίδωσιν,

2176 2733 2232 2774 κ.
2266 2734 2316 2771 τ.
2347 2711 2428 2786 λ.,
2465 2731 2657 2792 usque
2687 2713 2759 2774 ad
2795 2716 2892 2783 τὴν
2926 2716 3091 2780 αὐτῆς
3124 2729 3349 2794 προῖκα.

2258 2801 2522 2881 Σχόλιον.
2575 2796 2635 2860 Ἠ
2682 2804 2780 2883 ριζ³
2847 2807 3007 2884 νεαρᾶ
3064 2805 3146 2862 τοῦ
3213 2806 3593 2864 Ἰουστιιοιανοῦ
3659 2822 3851 2865 κεῖται

2180 2892 2254 2955 εἷς
2297 2890 2444 2968 βιϐλ,
2493 2892 2581 2962 κη’
2611 2895 2715 2956 τίτ.
2763 2893 2811 2965 ζ’
2844 2897 2928 2951 καὶ
2959 2895 3104 2973 λέγει
3139 2897 3199 2952 τὸ
3231 2893 3277 2952 δ’
3306 2897 3445 2971 θέμα
3479 2905 3575 2952 τοῦ
3625 2899 3683 2954 α’
3716 2921 3850 2975 κερ,

2179 2989 2343 3038 ταότα
2386 2982 2563 3059 ῥητνῦς
2598 2999 2611 3015 ”
2662 2983 2789 3042 Ἐὰν
2833 2983 3083 3062 ἀνδρᾶσιν
3118 2984 3398 3051 ἐξωτικοτς
3446 2979 3581 3065 γυνη
3630 2988 3851 3062 βουλος-

2179 3071 2344 3145 μὲνου
2408 3073 2503 3130 τοῦ
2571 3072 2756 3154 ἀνδρὸς
2818 3076 3187 3156 συμποσιάζῃ,
3253 3076 3290 3145 ἢ
3338 3076 3709 3149 συλλούηται,
3760 3075 3856 3136 καὶ

455 3167 550 3219 est
579 3158 704 3220 haec
733 3159 910 3222 etiam
946 3178 1064 3222 una
1094 3177 1436 3236 causarum,
1477 3177 1610 3240 quis
1642 3155 2092 3220 matrimonium

2197 3159 2291 3217 ἔστι
2359 3161 2454 3238 μία
2540 3168 2644 3222 τῶν
2727 3162 2966 3224 λυουσῶν
3051 3167 3145 3223 τὸν
3207 3166 3385 3244 γάμον
3446 3168 3701 3224 αἷτιοῦσα
3761 3170 3857 3224 καὶ

455 3247 716 3310 solvunt.

537 3363 700 3427 CAP.
733 3362 969 3428 XXXII.
1005 3399 1081 3410 —
1116 3364 1206 3427 De
1254 3364 1547 3444 episcopis
1594 3371 1649 3426 et
1698 3363 1958 3431 clericis,
1987 3363 2096 3442 qui

459 3454 605 3516 laici
634 3454 786 3532 facti
817 3456 1073 3536 luerim,
1097 3461 1203 3517 aut
1231 3455 1313 3516 ad
1347 3453 1742 3534 [mundanas]
1775 3453 2095 3533 dignitates

453 3550 868 3626 pervenerint,
905 3552 1012 3608 aut
1046 3545 1473 3608 militaverint.

538 3663 958 3744 Apostolorum
992 3681 1185 3725 canon
1217 3663 1294 3725 83
1322 3686 1337 3736 ;
1370 3661 1612 3724 concilii
1643 3661 1872 3724 Nicaani
1901 3679 2093 3722 canon

457 3753 575 3827 12;
609 3753 849 3814 concilii
881 3751 1392 3816 Chalcedonensis
1424 3770 1620 3814 canon
1652 3755 1709 3812 '7.

543 3845 788 3906 Textus.
825 3843 956 3905 Lib.
1004 3860 1022 3904 1
1073 3841 1249 3916 Cod.,
1307 3842 1400 3904 tit.
1433 3846 1494 3916 3,
1530 3849 1723 3902 const.
1759 3843 1836 3903 3⁵1
1872 3860 1886 3905 :
1922 3840 2094 3902 Servi

457 3937 581 4014 qui,
615 3940 758 4002 etc.,
813 3949 1000 4012 usque
1051 3933 1134 3994 ad
1181 3937 1354 3992 vitam
1387 3938 1646 3994 sectatur
1679 3929 1989 4004 [obtinet],
2027 3936 2092 3991 ut

449 4021 770 4103 pag.791.

536 4109 862 4174 Scholium.
896 4109 1097 4172 Const.
1135 4111 1210 4174 37
1246 4111 1336 4174 tit.
1371 4112 1407 4172 3
1447 4112 1553 4176 lib.
1607 4130 1621 4173 1
1667 4111 1816 4175 Cod.
1854 4129 1971 4172 non
2005 4117 2096 4171 est

455 4200 654 4283 posita
686 4202 743 4262 in
775 4199 956 4263 Basil.
993 4220 1189 4278 neque
1221 4199 1493 4281 ejusdem
1519 4203 1607 4264 tit.
1638 4201 1738 4283 52,
1765 4219 1962 4281 neque
1992 4200 2090 4261 53.

2114 3240 2155 3292 α
2180 3247 2339 3320 αὕτη.

2260 3374 2513 3433 ΚΕΦΛΛ.
2570 3370 2704 3436 ΔΒ’.
2778 3403 2856 3420 -
2913 3372 3049 3454 Περΐ
3120 3373 3433 3432 ἐπισκόπων

2177 3462 2340 3537 ροκών
2395 3482 2693 3538 γινομενων
2751 3461 2959 3520 λατκῶν

2175 3548 2503 3624 τευομένων.

3439 3422 3455 3455 ,
3529 3375 3627 3432 καὶ
3693 3375 3854 3444 κλη-

2967 3511 2984 3544 ,
3037 3462 3073 3532 ἢ
3117 3462 3496 3540 ἀξιωματικῶν
3559 3463 3597 3532 ἢ
3668 3487 3855 3544 στρα-

2259 3663 2608 3722 ’Λποστόλων
2661 3673 2838 3724 κανῶν
2919 3666 3014 3747 πγ’
3052 3689 3066 3703 ⁶
3139 3667 3360 3726 συνόδου
3431 3670 3666 3735 Νικαίας
3727 3695 3850 3728 κα-

2178 3753 2281 3810 νὼν
2313 3752 2383 3830 ιβ’
2418 3770 2433 3786 ⁸
2473 3753 2694 3816 συνόδου
2724 3756 3069 3825 Χαλκηδόνος
3099 3759 3275 3816 κανὼν
3307 3758 3376 3830 ζ’.

2259 3843 2536 3918 Κείμενον.
2566 3843 2718 3907 Βιϐλ.
2751 3836 2808 3902 α’
2837 3854 2928 3904 τοῦ
2957 3845 3188 3912 κώδικος
3241 3848 3347 3908 τίτ.
3401 3847 3478 3926 γ’,
3515 3847 3674 3923 διάτ,
3726 3844 3843 3926 λζ’,

2176 3933 2224 3988 οἱ
2256 3929 2434 3991 δοῦλοι
2465 3935 2746 4012 γνώμῃμι.
2778 3959 2830 3996 τ.
2864 3935 2948 4010 λ.,
2981 3955 3172 4018 usque
3201 3936 3276 3999 ad
3305 3938 3422 4014 βίον
3443 3939 3846 4014 μεταδιώκον-

2175 4043 2291 4085 τος.

2258 4109 2520 4190 Σχόλιον,
2556 4105 2618 4170 Ἠ
2649 4110 2730 4184 λζ’
2775 4111 2914 4174 διάτ.
2961 4123 3054 4172 τοῦ
3098 4113 3150 4194 γ’
3183 4118 3287 4178 τίτ.
3331 4123 3423 4173 τοῦ
3465 4115 3706 4194 α’
3741 4129 3850 4177 τοῦ

2178 4199 2310 4260 κώδ.
2344 4200 2441 4258 οὒκ
2470 4201 2621 4272 ἐτέθη
2653 4207 2727 4269 εἱς
2759 4205 2823 4261 τὰ
2855 4205 3140 4286 Βασιλικὰ,
3175 4206 3289 4263 οὐδὲ
3319 4208 3354 4275 ἡ
3407 4195 3494 4284 νβ’
3549 4205 3702 4271 διᾶτ,
3753 4219 3856 4267 τοῦ

459 4290 702 4362 Quaeras
726 4299 924 4351 autem
964 4289 1068 4354 lib.
1100 4291 1280 4352 Basil.
1315 4308 1397 4366 1v,
1429 4292 1516 4352 tit.
1546 4309 1588 4368 1,
1615 4310 1745 4371 cap.
1791 4290 2093 4364 11,thema

2197 4291 2336 4347 ιύτοῦ
2377 4290 2482 4354 τίτ.
2518 4291 2631 4349 οὐδὲ
2665 4295 2698 4362 ἡ
2730 4293 2840 4371 νγ’.
2872 4296 3032 4365 Ζήτει
3068 4295 3123 4351 δὲ
3157 4293 3307 4372 βιϐλ.
3359 4302 3464 4352 τῶν
3519 4299 3851 4356 Βασι).ιχῶν

455 4383 518 4458 3,
543 4378 700 4459 quod
725 4379 812 4440 sic
853 4379 931 4440 ait
966 4396 980 4440 :
1025 4379 1194 4451 Quod
1221 4379 1270 4440 si
1306 4381 1636 4442 monachus
1656 4378 2089 4442 monasterium

2197 4382 2246 4453 ῖ’,
2292 4381 2395 4438 τίτ.
2445 4382 2521 4454 α’,
2553 4403 2676 4463 κεφ,
2713 4381 2810 4456 ια’,
2843 4383 2979 4457 θέμα
3003 4382 3054 4462 γ’
3087 4385 3227 4442 οὕτω
3269 4383 3452 4463 λέγον,
3489 4386 3620 4443 Ἐὰν
3661 4411 3849 4460 μονα-

457 4467 792 4547 reliquerit,
828 4476 882 4529 et
915 4469 987 4529 ad
1020 4469 1369 4532 saacularem
1402 4471 1578 4533 vitam
1611 4470 1916 4532 transierit
1953 4490 1965 4532 :
1994 4469 2092 4530 hic

2197 4471 2276 4548 [ὸς
2348 4471 2647 4548 καταλείψῃ
2709 4475 2764 4528 τὸ
2823 4473 3204 4552 μοναστᾶριον,
3271 4477 3362 4530 καὶ
3419 4477 3492 4539 εἰς
3555 4482 3843 4550 magna?»

457 4557 668 4622 militia
702 4557 960 4663 primum
993 4565 1050 4619 et
1079 4559 1391 4634 honore,si
1415 4579 1597 4661 quem.
1619 4559 2094 4663 habet,denuda-

2197 4561 2288 4616 ιίον
2331 4560 2557 4640 ἐπέλθῃ,
2607 4573 2795 4621 τοῦτον
2839 4567 2939 4630 τῆς
2998 4565 3278 4641 στρατείας
3319 4566 3409 4620 καὶ
3439 4569 3541 4631 τῆς
3577 4573 3756 4641 τιμῆς
3790 4569 3846 4623 εἴ

454 4655 549 4709 tus
575 4664 679 4728 per
704 4647 971 4709 locorum
997 4652 1346 4729 episcopum
1362 4659 1419 4712 et
1436 4649 1759 4730 provinciae
1776 4649 2089 4730 praesidem

2197 4671 2292 4704 ςινα
2336 4648 2443 4730 ἔχῃ
2475 4657 2688 4725 πρῶτον
2746 4652 3090 4730 γυμνωθέντα
3135 4653 3197 4709 ἐκ
3232 4664 3325 4712 τοῦ
3367 4653 3674 4711 ἐπισκόπου
3735 4664 3856 4714 τῶν

451 4738 514 4799 in
541 4738 972 4800 monasterium
996 4738 1346 4802 remittitor:
1373 4750 1546 4802 etres
1573 4758 1716 4821 quas
1742 4748 1949 4820 postea
1979 4739 2090 4799 ha-

2197 4739 2377 4820 τόπων,
2444 4741 2526 4797 καὶ
2586 4751 2681 4800 τοῦ
2737 4743 2840 4808 τῆς
2891 4741 3161 4823 ἐπαρχίας
3222 4742 3514 4824 ἄρχοντος,
3551 4745 3627 4809 εἰς
3663 4769 3855 4821 μονα-

451 4826 598 4890 bere
628 4837 994 4890 monstratus
1027 4829 1230 4900 fuerit,
1266 4831 1335 4891 ad
1373 4829 1898 4902 monasterium,in
1927 4827 2090 4909 quod

2197 4830 2392 4907 ττήριον
2420 4829 2732 4906 βάλλεσθαι,
2768 4832 2857 4888 καὶ
2887 4833 2952 4888 τὰ
2985 4835 3279 4911 πράγματα
3329 4832 3427 4889 ὅσα
3476 4835 3621 4908 μετὰ
3658 4844 3846 4892 ταῦτα

447 4916 1266 4998 immittitur,pertinento.Si
1288 4919 1487 4982 denuo
1521 4938 1759 5001 quoque
1793 4925 2090 4980 monaste-

2201 4940 2324 4999 χειν
2366 4917 2607 5001 δειχθείη
2660 4927 2728 4996 τῷ
2771 4926 3116 4999 μοναστηρῖῳ
3155 4925 3211 4979 ἐν
3271 4927 3315 4998 ᾧ
3347 4922 3681 4998 ἐμϐάλλεται
3716 4925 3850 4982 δια-

446 5007 604 5068 rium
639 5009 940 5089 relinquat
975 5027 988 5072 :
1024 5018 1162 5070 tunc
1199 5028 1422 5090 praeses
1462 5029 1597 5072 eum
1645 5009 1985 5089 provinciae,
2024 5009 2087 5069 in

2197 5008 2341 5087 ›έρει.
2404 5011 2462 5067 Εἰ
2506 5008 2559 5065 δὲ
2604 5012 2695 5068 καὶ
2737 5011 2898 5067 πάλιν
2942 5011 3261 5088 καταλείψει
3311 5016 3373 5068 τὸ
3428 5017 3844 5094 μοναστήριον,

449 5113 568 5175 qua
597 5096 872 5160 inventus
904 5097 1104 5172 fuerit,
1133 5099 1486 5176 detineto,et
1517 5099 1804 5180 subjecta:
1833 5098 1949 5160 sibi
1980 5117 2088 5160 co-

2197 5100 2292 5155 rdte
2358 5100 2515 5158 αὖτὸν
2575 5102 2602 5156 δ
2659 5097 2846 5180 ἅρχων
2901 5110 2996 5174 τῆς
3046 5102 3314 5182 ἐπαρχίας
3342 5105 3399 5159 ἐν
3429 5101 3464 5178 ᾗ
3495 5103 3560 5158 ἂν
3587 5107 3844 5182 εὑρεθείη

449 5185 611 5246 horti
668 5196 1012 5251 accenseto.
1074 5189 1144 5250 Et
1199 5207 1330 5270 cap.
1384 5191 1422 5250 3
1461 5188 1734 5268 ejusdem
1768 5186 1871 5251 lib.
1907 5197 1967 5249 et
1998 5187 2086 5248 tit.

449 5273 607 5354 quod
632 5278 718 5337 sic
754 5276 935 5339 habet
967 5296 981 5336 :
1012 5280 1303 5341 Caeterum
1338 5277 1389 5339 si
1431 5279 1565 5358 quis
1589 5277 1660 5339 ad
1693 5276 2086 5338 monasticam

446 5361 656 5424 venire
674 5365 850 5426 vitam
877 5366 1537 5449 voluerit,jubemus,ut
1568 5368 1618 5430 si
1650 5367 1893 5448 quidem
1915 5367 1991 5428 de
2015 5384 2085 5429 eo

445 5460 701 5527 constet,
736 5456 893 5534 quod
927 5457 1075 5518 nulli
1125 5458 1388 5540 [servili]
1422 5458 1758 5520 conditioni
1789 5456 2086 5520 obnoxius

443 5543 545 5618 sit,
579 5544 795 5623 praesul
829 5547 1177 5608 monasterii
1229 5548 1497 5610 habitum
1544 5547 1654 5619 illi.
1690 5547 1929 5628 quando
1969 5547 2086 5609 sibi

445 5633 636 5697 visum
669 5632 872 5712 fuerit,
907 5635 1296 5700 adhibeat.Si
1329 5637 1405 5699 de
1435 5655 1507 5700 eo
1542 5655 1663 5700 non
1698 5645 1931 5702 constet
1961 5638 2084 5702 cui-

2170 5188 2455 5268 κρατείτω,
2515 5191 2604 5246 καὶ
2664 5197 2732 5268 τῇ
2792 5191 3125 5268 ὑποκειμένῃ
3201 5195 3346 5266 αύτῷ
3409 5190 3553 5258 τάξει
3600 5216 3844 5271 συναρι-

2169 5279 2395 5353 θμείτω,
2433 5281 2530 5336 Καὶ
2569 5301 2691 5360 acip.
2739 5280 2792 5358 γ’
2836 5287 2929 5338 τοῦ
2973 5283 3135 5342 αύτοῦ
3192 5279 3336 5357 βιϐλ.
3391 5285 3480 5338 καὶ
3509 5283 3616 5342 τίτ.
3655 5285 3846 5348 οὕτως

2171 5367 2324 5448 ἔχον·
2356 5367 2423 5425 Εἴ
2444 5391 2524 5435 τις
2549 5368 2604 5426 δὲ
2633 5370 2729 5427 καί
2761 5372 2836 5434 εἷς
2859 5373 3167 5450 μοναχικὸν
3189 5372 3305 5448 βίον
3334 5371 3510 5428 ἐλθεῖν
3532 5373 3842 5448 βουληθεὶς

2168 5459 2459 5535 κελεύομεν
2511 5460 2603 5518 ’ίνα
2664 5463 2707 5517 εἰ
2766 5463 2867 5536 μὲν
2926 5464 3197 5542 γνώριμός
3257 5462 3401 5518 ἐστιν
3460 5462 3543 5518 δτι
3594 5465 3838 5540 οὖδεμιᾷ

2166 5550 2311 5630 τύχῃ
2357 5549 2656 5625 δπόκειται,
2704 5553 2731 5607 ὁ
2789 5552 3090 5630 ἡγούμενος
3148 5558 3242 5608 τοῦ
3304 5553 3674 5629 μοναστηρίου
3739 5556 3841 5612 ὅτε

2166 5637 2373 5720 συνίδῃ,
2433 5641 2494 5697 τὸ
2541 5641 2734 5722 σχῆμα
2778 5643 2924 5717 αὖτῷ
2967 5648 3262 5725 παρασχῇ.
3313 5643 3370 5701 Εἰ
3415 5639 3468 5700 δὲ
3501 5643 3579 5721 μὴ
3612 5647 3838 5724 γνωρί-
