4052 6222
454 347 607 418 1135
1635 337 1897 413 1³11οΤΙί
1955 345 2049 413 ΡΑ

2280 338 2473 413 tCHIE
2513 340 2628 412 ep.
3666 344 3819 418 me
3872 352 3880 361 ·

446 489 541 552 tit.
594 489 672 550 27
703 486 813 551 lib.
870 504 939 549 ιι
967 484 1179 557 Basil.,
1238 490 1298 546 et
1349 482 1431 546 ait
1479 483 1541 547 in
1588 483 1749 546 hunc
1784 484 2028 546 modum

2221 508 2248 550 ς
2290 507 2416 565 κεφ,
2460 482 2515 563 γ’
2558 492 2652 543 106
2680 485 2763 558 κζ’
2797 487 2905 552 τίτ,
2937 494 3031 546 τοῦ
3084 486 3132 554 ξ’
3172 484 3320 564 βιϐλ.
3363 492 3473 545 τῶν
3511 489 3819 547 Βάσιλικῶν

445 578 562 653 Qui
590 579 790 642 sciens
819 578 1164 657 quempiam
1197 576 1524 638 obnoxium
1559 576 1799 637 crimini
1832 593 2045 654 recepe

2221 577 2258 633 ιί
2300 596 2465 653 φησιν
2508 572 2700 650 οὕτως,
2771 567 2829 635 Ὀ
2893 576 3285 651 ὑποδεξάμενός
3325 600 3445 637 τινα
3485 580 3821 659 ἐνεχόμενον

446 672 528 731 rit
562 692 575 727 :
612 667 885 731 eamdem
916 682 1152 747 poenam
1186 664 1532 729 sustinebit.
1574 668 1684 740 Qui
1720 667 1881 726 fures
1911 681 2046 727 rece

2224 663 2477 747 νκλιςριαιτι
2523 664 2578 722 ἐν
2623 664 2845 743 εἰδήσει,
2892 668 2987 736 τὴν
3031 668 3199 736 αὖτὴν
3240 668 3604 735 ὑποστάσεται
3644 690 3824 744 τιμω-

445 758 625 841 perit,
663 767 723 820 et
782 757 841 819 in
888 745 1186 836 judicium
1238 775 1359 818 non
1391 755 1751 818 adduxerit:
1789 753 2045 824 [sulanti

2223 775 2306 813 αν.
2359 745 2415 813 Ὀ
2458 752 2514 811 δὲ
2555 753 2942 831 ὑποδεξάμενος
3014 757 3220 834 λῃστὰς
3276 756 3369 816 καί
3407 759 3486 833 μὴ
3529 780 3707 838 προσα
3723 782 3823 836 τα-

444 848 603 928 ejus]
660 846 999 929 publicator
1052 867 1067 910 :
1129 853 1230 908 aut
1280 864 1387 927 pro
1446 846 1728 927 qualitate
1789 859 2044 924 persona

2226 845 2282 900 iw
2325 845 2513 907 αὖτοὺς
2556 842 2900 924 δικαστηρίῳ,
2976 845 3311 922 δημευέσθω,
3383 846 3420 915 ἢ
3476 849 3826 925 τιμυοριίτθω

442 936 840 1022 proutjudici
898 936 1089 999 visum
1149 936 1351 1009 fuerit,
1413 938 1681 1017 punitor.
1714 933 1832 996 Tit.
1876 934 1944 993 16
1977 933 2042 994 lit

2228 933 2305 990 ιτὰ
2347 933 2446 1022 τὴν
2487 934 2758 1002 ποιότητα
2793 943 2886 993 τοῦ
2925 937 3238 1016 προσώπου,
3273 938 3348 1002 ὡς
3387 938 3452 993 ἃν
3492 940 3522 994 ὃ
3553 936 3828 1005 δικαστὴς

438 1015 602 1092 XLth
632 1015 763 1103 Dig.
798 1026 1030 1107 positus
1076 1035 1169 1088 est
1225 1025 1288 1086 in
1342 1015 1479 1107 cap.
1514 1028 1538 1087 1
1580 1024 1849 1104 ejusdem
1885 1025 1956 1107 2'7
1991 1022 2027 1082 ti

2227 1021 2372 1100 »νίδγμ
2407 1015 2465 1082 ’0
2512 1021 2611 1098 ις’
2643 1024 2747 1084 τίτ.
2779 1031 2872 1083 106
2914 1026 3004 1101 με’
3030 1024 3179 1103 βιϐλ.
3224 1033 3333 1083 τῶν
3361 1025 3477 1087 διᾶτ
3532 1026 3699 1093 ὶτέθη
3744 1029 3827 1090 εἰς

442 1108 552 1172 lib.
576 1126 675 1184 Lx,
710 1115 768 1170 et
795 1104 879 1171 ait
911 1125 926 1170 :
968 1109 1286 1168 Latronum
1320 1104 1696 1187 receptores,
1734 1116 1789 1196 et
1817 1104 1917 1185 qui
1948 1122 2041 1165 cui

2232 1137 2288 1192 φ.
2336 1111 2390 1168 α’
2420 1120 2515 1170 τοῦ
2543 1116 2704 1172 αὐτοῦ
2739 1115 2822 1187 κζ’
2854 1116 2960 1177 τίτ.
2988 1124 3083 1173 106
3110 1114 3155 1182 ξ’
3183 1113 3332 1193 βιϐλ.
3363 1117 3451 1173 καί
3478 1139 3649 1196 φησιν
3688 1134 3708 1150 ⁶
3760 1108 3827 1175 ’0

440 1199 902 1281 apprehendere
932 1198 1195 1260 latrones
1252 1205 1520 1275 possent,
1572 1195 1826 1275 pecunia
1855 1195 1941 1256 vel
1975 1212 2040 1254 su

2224 1198 2459 1281 ιοδοχεϊς
2505 1208 2613 1259 τῶν
2656 1202 2869 1280 λῃστῶν
2910 1206 2984 1269 ὡς
3032 1203 3228 1281 λῃσταὶ
3268 1195 3653 1285 τιμωρῶνται,
3717 1206 3824 1262 καί

438 1290 794 1370 breptorum
826 1296 994 1370 parte
1022 1296 1293 1369 accepta,
1330 1286 1515 1367 [illos]
1550 1285 1946 1346 dimiserunt:
1983 1302 2038 1363 ρ(

2255 1288 2532 1366 δυνάμενοι
2576 1294 2840 1370 κρατῆσαι
2882 1294 3004 1358 τοὺς
3047 1293 3255 1371 λῃστᾶς
3312 1297 3398 1352 καὶ
3439 1294 3825 1360 ἀπολύσαντες

437 1379 613 1443 rinde
633 1388 811 1462 atque
842 1379 1106 1441 latrones
1149 1378 1498 1458 puniuntur.
1534 1376 1759 1454 Digest.
1798 1375 1833 1437 2
1868 1375 1957 1436 tit.
2007 1375 2029 1433 1

2228 1381 2427 1455 νήματα
2469 1378 2751 1461 λαϐόντες,
2798 1382 2834 1453 ἢ
2897 1383 3059 1462 μέρος
3115 1384 3223 1441 τῶν
3269 1382 3694 1461 λῃστευθέντων.
3745 1388 3828 1444 Τὸ

438 1469 547 1533 lib.
578 1487 735 1533 XLVII
766 1469 897 1549 Dig.
947 1475 1038 1531 est
1093 1487 1227 1549 cap.
1261 1468 1299 1531 2
1329 1466 1478 1529 dicti
1506 1466 1582 1527 Ἦ
1619 1467 1731 1539 tit.,
1767 1466 1925 1543 quod
1970 1482 2038 1525 ex

2259 1468 2398 1532 διάτ.
2446 1477 2539 1529 τοῦ
2570 1471 2668 1545 ις’
2696 1474 2799 1532 τίτ.
2851 1480 2945 1530 106
2996 1473 3083 1549 μζ⁹
3127 1471 3277 1550 βιϐλ.
3322 1482 3430 1532 τῶν
3486 1474 3821 1555 διατάξεων,

435 1577 642 1640 presse
674 1557 878 1635 habet,
913 1566 979 1620 ut
1009 1557 1294 1637 scriptum
1327 1565 1438 1619 est.
1476 1555 1660 1634 Legas
1684 1555 1864 1616 etiam
1889 1560 1921 1614 4
1949 1555 2035 1632 eju

2227 1583 2275 1616 τι
2313 1582 2427 1641 ιιεφ.
2472 1558 2526 1638 β’
2563 1568 2655 1619 106
2712 1562 2961 1640 ῥηθέντος
2996 1563 3078 1635 κζ’
3113 1564 3216 1624 τίτ.
3255 1564 3351 1623 106
3379 1562 3423 1631 ξ’
3451 1562 3600 1641 βιϐλ.
3636 1566 3826 1629 οὕτως

434 1668 568 1731 cap.
624 1648 786 1731 quod
844 1647 1043 1724 docet,
1081 1646 1385 1729 quomodo
1418 1644 1773 1707 criminibus
1804 1643 2034 1706 obnoxii

2232 1671 2291 1705 ον
2322 1651 2500 1727 ῥητῶς
2549 1654 2624 1716 ὡς
2671 1653 2904 1731 ὶγράφη,
2958 1652 3256 1732 Ἀνάγνωθι
3312 1657 3410 1711 καί
3455 1656 3518 1711 τὸ
3549 1653 3597 1711 δ’
3650 1655 3830 1713 αὐτοῦ

434 1740 537 1822 qui
583 1742 641 1801 in
693 1738 935 1820 praediis
996 1738 1280 1817 [rusticis]
1333 1736 1583 1815 degunt,
1621 1733 1809 1817 [inde]
1839 1734 2034 1825 abslra

2230 1765 2281 1820 φ,
2314 1738 2557 1800 διδάσκον
2586 1748 2701 1807 πῶς
2748 1742 3098 1801 ἀποσπῶνται
3155 1745 3202 1802 οἱ
3246 1745 3562 1825 ἑνεχόμενοι
3595 1745 3830 1824 ἐγκλή-

430 1830 652 1891 hantur
683 1848 697 1888 :
733 1836 820 1904 et,
852 1829 1008 1909 quod
1046 1827 1161 1890 nisi
1197 1826 1406 1908 praedii
1439 1825 1666 1887 domini
1699 1825 1807 1885 tios
1845 1824 2030 1902 magis

2227 1852 2315 1905 ισι,
2360 1829 2457 1888 καί
2526 1829 2879 1910 διατρίϐοντες
2951 1832 3007 1889 ἐν
3050 1835 3314 1908 κτήμασι,
3364 1824 3454 1892 καὶ
3513 1833 3597 1891 ὅτι
3640 1837 3691 1891 εἰ
3737 1837 3827 1911 μὴ

431 1919 609 1982 tratui
642 1904 920 1998 offerant,
975 1918 1107 1997 ejus
1138 1904 1408 1978 dominio
1446 1915 1758 1995 priventur
1792 1932 1805 1972 :
1846 1912 2031 1992 prima

2228 1920 2359 1976 ἷόασι
2408 1920 2626 1983 τούτους
2658 1922 2707 1978 οἱ
2736 1919 2990 1980 δεσπόται
3020 1922 3112 1980 106
3139 1904 3417 1999 κτήματος
3445 1928 3525 1997 τῷ
3554 1904 3828 2005 ἄρχοντι,

432 2017 524 2071 tes
573 2017 772 2070 autem
826 2006 1035 2087 praedii
1094 2014 1153 2069 et
1202 2014 1654 2086 procuratores,
1706 2003 1852 2083 [nisi
1887 2003 1942 2064 id
1979 2002 2032 2065 fa

2224 2008 2516 2086 ερίσκοκται
2557 2010 2656 2079 τῆς
2697 2007 3009 2076 δεσποτείας
3070 2013 3251 2087 αὐτοῦ,
3325 2013 3417 2070 καὶ
3458 2014 3507 2069 οἱ
3553 2002 3824 2092 119161115-

429 2097 639 2178 ciant,]
670 2098 731 2159 in
789 2098 1065 2161 exsilium
1118 2096 1449 2159 mittantur.
1487 2097 1714 2157 Verum
1747 2101 1805 2155 tu
1840 2111 2029 2174 quaere

2230 2120 2304 2163 εις
2349 2099 2437 2156 καὶ
2493 2103 2541 2157 οἱ
2597 2102 2905 2179 φροντισταὶ
2973 2101 3162 2160 τούτου
3203 2100 3545 2179 ἒξορίζονται.
3612 2105 3698 2160 Σὺ
3764 2104 3830 2161 δὲ

432 2196 620 2252 totum
650 2190 729 2249 27
770 2187 863 2251 tit.
921 2204 993 2251 1.x
1026 2187 1158 2262 lib.,
1194 2187 1314 2269 [ac]
1347 2186 1509 2265 legas
1542 2185 1721 2247 etiam
1757 2182 1858 2244 lib.
1896 2191 1938 2258 i,
1976 2182 2032 2244 til

2228 2209 2302 2245 τει
2345 2190 2439 2245 τὸν
2482 2188 2607 2247 ὅλον
2666 2188 2745 2261 κζ’
2801 2190 2908 2252 τίτ.
2967 2198 3063 2250 τοῦ
3109 2190 3155 2257 ξ’
3185 2190 3334 2269 βιόλ.
3370 2189 3678 2270 Ἀνάγνωθι
3726 2195 3828 2251 καὶ

324 2330 333 2339 .
433 2286 489 2356 1,
526 2298 658 2360 cap.
696 2278 798 2353 Ἡ,
831 2279 936 2357 50,
987 2278 1087 2352 90,
1145 2286 1206 2339 et
1256 2277 1366 2339 lib.
1397 2294 1496 2350 ω,
1533 2277 1621 2339 tit.
1653 2275 1754 2348 39,
1791 2292 1922 2354 cap.

2224 2276 2300 2340 ῗλ.
2324 2280 2378 2335 α’
2408 2281 2509 2339 τίτ.
2535 2278 2587 2356 β’
2618 2301 2739 2360 κεφ.
2769 2278 2856 2358 κβ’
2888 2283 2975 2339 καὶ
3012 2280 3055 2336 θ’
3086 2285 3186 2339 καὶ
3220 2281 3306 2358 ζ’,
3340 2279 3491 2355 βιελ.
3513 2281 3556 2348 ξ’
3588 2284 3703 2343 τίτ.
3733 2282 3824 2342 λα’

427 2369 925 2451 Complectuntur
950 2368 1136 2444 enim,
1172 2367 1332 2448 quod
1364 2366 1620 2446 perinde
1658 2373 1840 2441 atque
1872 2365 2027 2426 heare

2223 2393 2275 2448 φ.
2323 2370 2655 2431 τελευταῖον.
2706 2368 3138 2447 Διαλαμϐένουσι
3196 2373 3299 2451 γὰρ
3328 2370 3408 2430 ὅτι
3436 2371 3638 2441 ἐπίσης
3686 2388 3823 2441 τοῖς

429 2460 532 2522 tici
564 2468 621 2522 et
652 2459 1086 2534 incantatores,
1118 2456 1163 2518 ii
1190 2456 1296 2538 qui
1340 2456 1479 2518 illos
1531 2453 1834 2534 recipiunt
1874 2464 1933 2517 et
1963 2472 2029 2514 oc

2223 2471 2446 2525 >ετικοτς
2491 2461 2579 2516 καὶ
2630 2473 2745 2524 τοῖς
2800 2463 2964 2539 γόησι
2992 2459 3312 2533 κολάζονται
3343 2463 3392 2521 οἱ
3424 2465 3620 2530 αὐτοὺς
3668 2465 3823 2522 ὓπο-

428 2550 679 2625 cultant,
714 2550 1062 2630 puniantur.

2154 2544 2443 2626 δεχόμενοι
2473 2550 2562 2607 καὶ
2592 2548 3080 2625 συγκαλύπτοντες.

509 2639 681 2703 CAP.
712 2638 968 2701 XXXIV.
1002 2671 1072 2683 -
1124 2635 1304 2713 Quod
1361 2639 1469 2717 qui
1496 2633 1702 2698 clerici
1729 2634 2069 2716 ﬁdeiuSsio-

2239 2644 2488 2702 ΚΕΦΑΛ,
2536 2638 2672 2699 ΛΔ’.
2705 2672 2784 2687 —-
2813 2642 2938 2720 Περὶ
2972 2646 3069 2697 106
3096 2644 3463 2721 καθαιρεῖσθαι
3491 2645 3623 2709 τοὺς
3676 2644 3822 2714 κληο

428 2748 535 2794 nes
562 2730 733 2810 dant,
764 2729 1180 2810 deponantur.

2152 2730 2330 2807 ρικοὺς
2363 2727 2602 2797 διδόντας
2635 2729 2854 2809 ἐγγύας.

507 2821 938 2901 Apostolorum
970 2836 1163 2882 canon
1203 2815 1303 2880 20.

1293 2867 1303 2880 .
2233 2817 2578 2876 Ἀποστόλων
2608 2820 2786 2876 κανὼν
2819 2816 2870 2875 κ’
2881 2866 2893 2881 ,

516 2913 765 2976 Textus.
812 2910 1067 2974 Constit.
1117 2908 1197 2971 25
1238 2915 1300 2969 et
1358 2906 1436 2968 32
1487 2905 1579 2967 tit.
1611 2909 1646 2967 3
1679 2905 1782 2968 lib.
1817 2923 1837 2968 ι
1869 2905 2013 2969 Cod.
2050 2927 2064 2965 :

2232 2908 2511 2984 Κείμενον.
2560 2907 2625 2967 Ἦ
2669 2908 2748 2966 κε’
2793 2910 2881 2967 καὶ
2937 2908 3024 2987 λβ⁹
3073 2908 3214 2974 διάτ.
3248 2916 3344 2969 τοῦ
3370 2910 3423 2991 γ’
3452 2911 3561 2974 τίτ.
3596 2923 3709 2973 τοῦ
3755 2916 3810 2971 α’

423 3002 715 3080 Clericos,
748 3007 870 3064 etc.
890 3049 907 3082 ,
932 3016 1123 3080 usque
1148 2996 1228 3061 ad
1256 2996 1458 3060 facere
1480 2995 1649 3076 dicit,
1681 3002 1747 3058 ut
1770 2996 2023 3076 pag.794

2220 2994 2299 3057 ἵλ.
2346 3004 2437 3055 106
2476 2997 2638 3075 21153.,
2699 3020 2755 3060 κ.
2801 3021 2853 3056 τ.
2903 2997 2985 3075 λ.,
3033 3016 3227 3080 usque
3282 2999 3357 3063 ad
3416 3002 3561 3077 μήτε
3618 3019 3820 3062 ποιεῖν

2150 3085 2315 3162 ὁμολο
2326 3086 2462 3165 γίαν,

509 3181 844 3246 Scholium.
886 3178 1136 3243 Constit.
1172 3177 1251 3238 25
1298 3183 1359 3240 et
1395 3174 1471 3237 32
1506 3175 1594 3238 tit.
1627 3175 1665 3238 3
1695 3173 1806 3236 lib.
1839 3191 1856 3238 ι
1889 3173 2062 3256 Cod.,

2230 3175 2493 3257 Σχόλιον.
2522 3176 2591 3235 ’Ἦ
2622 3177 2705 3235 κε’
2734 3181 2824 3236 καὶ
2852 3176 2940 3258 λβ’
2972 3178 3115 3246 διάτ,
3144 3188 3238 3239 τοῦ
3267 3178 3321 3261 γ’
3352 3181 3458 3244 τίτ.
3490 3204 3589 3239 του
3620 3183 3684 3241 α’
3718 3186 3820 3261 βι-

429 3290 553 3336 non
579 3279 721 3335 sunt
751 3268 962 3353 positae
994 3269 1054 3330 in
1086 3267 1269 3330 Basil.
1306 3265 1557 3329 Constit.
1595 3276 1799 3327 autem
1833 3264 1870 3325 2
1904 3264 1995 3329 tit.

2227 3312 2242 3328 .
2272 3272 2367 3322 106
2405 3264 2537 3328 κώδ.
2573 3267 2669 3326 οὒκ
2698 3267 2955 3337 ἐτέθησαν
2984 3275 3059 3333 είς
3090 3270 3371 3330 Βασιλικά.
3403 3269 3471 3330 Ἠ
3499 3270 3559 3329 δὲ
3575 3272 3630 3349 β’
3661 3274 3821 3339 διάτ.

423 3362 934 3435 Novellarum,est
962 3357 1195 3421 novella
1213 3355 1535 3419 Justiniani
1561 3353 1677 3417 123
1703 3354 1894 3437 posita
1918 3357 2023 3437 [qui

2221 3361 2244 3411 ὖ
2284 3353 2332 3413 α’
2382 3357 2483 3415 τίτ.
2529 3361 2638 3414 τῶν
2679 3359 2923 3437 Νεαρῶν,
2982 3359 3097 3418 ἔστι
3164 3363 3327 3439 νεαρὰ
3371 3360 3821 3430 ’Κουστινιᾶνειος

427 3454 548 3534 est]
586 3452 651 3516 in
682 3450 789 3514 lib.
825 3466 890 3513 ιιι
919 3447 1129 3524 Basil.,
1167 3447 1259 3511 tit.
1299 3447 1357 3522 1,
1403 3446 1580 3526 cujus
1625 3445 1702 3506 44
1735 3453 1794 3507 et
1814 3445 1896 3507 45
1930 3464 2027 3525 cap

2221 3443 2268 3523 γ’
2307 3446 2533 3534 κειμένη
2576 3446 2632 3504 ἐν
2673 3445 2821 3526 βιϐλ.
2877 3447 2930 3528 γ’
2973 3456 3082 3508 τῶν
3125 3449 3426 3508 Βασιλικῶν
3468 3451 3576 3515 τίτ,
3611 3453 3673 3509 α’
3723 3459 3821 3513 καί

424 3533 589 3607 circa
624 3541 805 3602 ﬁnem
856 3536 1067 3601 dicunt
1106 3552 1483 3615 quaecunque
1513 3552 1548 3597 a
1577 3534 1789 3596 Photio
1810 3534 1869 3595 in
1893 3552 2024 3597 com

2218 3556 2281 3601 ισι
2322 3537 2385 3592 τὸ
2426 3533 2517 3611 μδ⁹
2559 3557 2684 3618 κεφ.
2729 3539 2817 3597 καὶ
2861 3535 2948 3615 με’
2994 3543 3158 3600 αὐτοῦ
3201 3541 3321 3618 περὶ
3360 3540 3427 3597 τὰ
3498 3541 3644 3610 τέλη
3706 3545 3818 3603 ὅσα

423 3631 645 3714 pendio
676 3627 981 3711 prdposita
1001 3632 1161 3689 sunt.
1194 3626 1486 3689 Caeterum
1518 3641 1650 3706 quae
1670 3623 1898 3705 scripta
1927 3643 2023 3714 sui

2214 3626 2563 3701 νωψίσθησαν
2640 3628 2785 3707 παρᾶ
2869 3628 2963 3686 106
3046 3630 3408 3711 πατριάρχου.
3468 3632 3551 3690 Τὰ
3606 3633 3814 3709 μέντοι

425 3713 491 3784 in
542 3719 917 3803 expositione
962 3718 1041 3778 20
1091 3714 1343 3780 canonis
1373 3722 1717 3778 sanctorum
1757 3713 2025 3794 apostolo

2220 3716 2417 3795 αφὲντα
2471 3717 2545 3781 τίς
2616 3718 2899 3795 ἑρμηνείαν
2966 3727 3060 3778 106
3102 3718 3154 3776 κ’
3199 3722 3424 3787 κανόνος
3472 3728 3582 3779 τῶν
3627 3725 3816 3801 ἁγίων

423 3830 581 3887 rum,
614 3802 690 3873 ad
722 3807 1083 3871 solutionem
1117 3805 1524 3896 ambiguitatis
1551 3822 1684 3885 quas
1709 3804 1783 3896 de
1813 3804 2023 3896 tidejus

2214 3804 2471 3896 IO316NDVA
2526 3807 2774 3887 ἀρκοῦσιν
2838 3809 2913 3875 εἷς
2967 3807 3308 3868 διευλύτωσιν
3348 3810 3447 3880 τῆς
3495 3815 3814 3896 εἰσαγομέ-

425 3899 699 3963 sionibus
759 3898 1174 3981 episcoporum
1223 3903 1282 3959 et
1335 3894 1696 3958 clericorum
1728 3893 2025 3958 inducitur

2210 3917 2245 3963 ις
2303 3894 2626 3978 ἀμφιϐολίας
2664 3898 2827 3980 χάριν
2885 3900 2994 3957 τῶν
3036 3898 3240 3979 ἐγγυῶν
3279 3906 3387 3959 τῶν
3445 3893 3810 3984 ἐπισκόπων,

427 3990 731 4056 sufﬁciunt
763 4006 777 4052 :
810 4007 944 4070 quae
973 3987 1163 4066 legas.

2145 3985 2235 4042 καὶ
2263 3991 2370 4045 τῶν
2400 3986 2673 4066 κληρικῶν
2705 4004 2723 4023 ⁸
2756 3990 2845 4047 καὶ
2872 3989 3138 4069 ἀνάγνωθι
3168 3990 3358 4054 ταῦτα.

507 4108 672 4172 CAP.
706 4103 944 4171 XXXV.
973 4140 1047 4151 -—
1080 4105 1163 4167 De
1209 4105 1473 4180 clericis,
1507 4104 1617 4185 qui
1656 4105 1722 4167 in
1762 4121 2061 4186 caupona,

2230 4110 2481 4170 ΚΕΦᾹΛ.
2528 4096 2658 4168 ΔΕ’.
2704 4141 2785 4153 -
2842 4110 2974 4190 Περί
3042 4107 3320 4189 κληρικῶν
3380 4109 3685 4174 ὶσθιόντιον
3743 4118 3808 4175 ἰν

425 4200 522 4263 vel
545 4198 789 4280 publica
818 4195 1149 4259 diversorio
1179 4194 1376 4257 cibum
1410 4196 1685 4274 capiunt.

1281 4213 1376 4257 um
1410 4196 1685 4274 capiunt.
2146 4194 2453 4273 καπηλείῳ,
2486 4196 2522 4266 ἦ
2552 4194 2881 4280 πανδοχείῳ,

505 4314 929 4397 Apostolorum
963 4331 1156 4376 canon
1184 4312 1261 4376 54
1286 4330 1302 4388 ;
1328 4309 1570 4375 concilii
1601 4310 1928 4375 Laodiceni
1958 4329 2062 4374 ca-

2228 4307 2573 4367 Ἀποστόλων
2626 4311 2803 4369 κανὼν
2860 4309 2937 4367 νδ¹
2972 4325 2988 4342 ⁹
3047 4311 3266 4372 συνόδου
3316 4313 3640 4383 Λαοδικείας
3688 4342 3812 4376 κα·-

429 4426 548 4469 non
580 4406 695 4486 ‘24;
730 4402 973 4466 concilii
1005 4401 1491 4482 Carthaginensis
1522 4419 1716 4464 canon
1760 4403 1878 4480 40;
1912 4420 2026 4465 con

2218 4423 2251 4459 N
2281 4397 2362 4457 κδ’
2396 4414 2411 4431 ·
2449 4400 2668 4459 συνόδου
2701 4402 3076 4481 Καρθαγέννης
3105 4405 3282 4462 κανὼν
3313 4406 3398 4481 μ’⁶
3433 4407 3666 4467 συνόδου
3696 4410 3784 4485 ς’
3798 4460 3818 4487 ,

430 4496 556 4560 cilii
580 4494 733 4557 sexti
764 4512 959 4556 canon
988 4494 1049 4555 9.

824 4512 959 4556 mon
988 4494 1049 4555 9.
2147 4488 2325 4547 κανὼν
2353 4488 2424 4552 θ’.

511 4585 760 4650 Textus.
793 4583 1044 4649 Constit.
1080 4582 1153 4646 14
1186 4582 1272 4647 tit.
1307 4583 1335 4643 1
1367 4580 1744 4645 Novellarum
1776 4581 1880 4658 ait,
1904 4581 2063 4664 quod
2092 4639 2111 4670 π

2236 4580 2509 4670 Κείμενον.
2560 4571 2625 4640 Ἠ
2670 4579 2736 4638 ιδ’
2801 4581 2941 4646 διάτ.
2989 4589 3084 4642 106
3125 4583 3180 4642 α’
3237 4586 3342 4647 τίτ,
3409 4594 3519 4645 τῶν
3580 4593 3817 4670 Νιαρῶν

426 4676 817 4753 monachum,
855 4681 999 4755 etc.,
1030 4690 1222 4754 usque
1254 4672 1337 4735 ad
1386 4690 1598 4735 curare
1656 4671 1970 4753 [debere],
2003 4691 2026 4733 ι

2220 4692 2315 4761 jam
2345 4669 2426 4761 δτι
2457 4671 2549 4728 τὸν
2579 4674 2848 4751 μοναχὸν,
2882 4696 2941 4733 κ.
2999 4696 3053 4736 1.
3107 4672 3192 4753 λυ
3224 4692 3421 4759 usque
3451 4675 3528 4737 ad
3554 4669 3820 4761 ὕπαρχοι

417 4786 538 4851 pag
550 4816 564 4833 .
594 4767 736 4831 795.
1454 4850 1463 4851 7
2150 4759 2238 4816 καὶ
2268 4762 2315 4816 οἱ
2340 4758 2629 4851 ᾼᾶρχοντες.

501 4849 843 4923 Scholium.
877 4854 1082 4919 Const.
1123 4857 1195 4915 14
1227 4850 1317 4916 tit.
1352 4854 1374 4915 1
1418 4850 1926 4932 Novellarum,est
1954 4871 2066 4915 no-

2230 4849 2494 4931 Σχόλιον,
2526 4853 2592 4907 Ἥ
2642 4849 2706 4908 ιδ’
2739 4850 2880 4914 διάτ.
2912 4859 3007 4911 106
3045 4853 3092 4911 α’
3122 4856 3230 4916 τίτ.
3266 4859 3373 4914 τῶν
3404 4858 3653 4935 Νεαρῶν,
3689 4860 3814 4921 ἔστι

420 4948 573 5013 vclla
592 4945 915 5011 Justiniani
942 4944 1287 5026 l33,posita
1310 4942 1473 5024 [qum
1496 4945 1602 5021 est]
1629 4943 1687 5003 in
1720 4940 1829 5004 lib.
1862 4959 1918 5004 1v
1946 4941 2020 5004 Ba

2213 4941 2309 5020 αρὰ
2357 4938 2778 5006 Ἰουστινιάνειος
2837 4940 2978 5023 ρλγ’.
3053 4946 3287 5015 Κειμένη
3332 4945 3387 5003 ἐν
3430 4944 3550 5022 βιϐ,
3594 4947 3649 5006 δ’
3698 4958 3813 5009 τῶν

421 5039 545 5119 sil.,
571 5038 663 5102 tit.
689 5039 747 5119 1,
774 5055 904 5119 cap.
935 5034 1199 5117 16,quod
1226 5039 1310 5095 sic
1336 5030 2021 5113 liabet,quemadmodui

2210 5027 2446 5119 ισιλικῶν
2490 5029 2593 5093 τίτ,
2640 5028 2693 5087 α’
2736 5052 2859 5112 κετ.
2912 5032 3033 5110 ις’,
3068 5031 3239 5101 οὕτως
3291 5033 3475 5116 ἔχοντι
3508 5030 3597 5103 ’ὦς
3664 5061 3810 5096 συν-

420 5127 484 5189 in
504 5118 865 5208 compendio
893 5125 1264 5208 propositum
1293 5122 1655 5195 est.Quaaras
1668 5120 1861 5208 [vero]
1884 5122 2020 5184 etiai

2206 5118 2381 5196 picea.
2416 5122 2525 5178 Καὶ
2557 5119 2821 5199 ἀνάγνωθι
2853 5128 3030 5184 τοῦτο.
3085 5124 3244 5195 Ζήτει
3294 5126 3384 5183 καὶ
3438 5128 3643 5186 κανόνα
3689 5136 3806 5187 τῶν

422 5207 772 5280 sanctorum
803 5207 1213 5296 apostolorum
1248 5229 1541 5276 canonem
1568 5210 1647 5273 42
1673 5217 1733 5273 et
1763 5207 1864 5274 43.

1354 5229 1541 5275 [οηθιη
1568 5210 1647 5273 42
1673 5217 1733 5273 et
1763 5207 1864 5274 43.
2144 5210 2309 5290 ἁγίων
2338 5209 2653 5269 ἀποστόλων
2686 5209 2804 5289 μβ⁹,
2834 5210 2954 5293 μγ⁹.

502 5330 672 5394 CAP.
732 5329 991 5394 XXXVI.
1053 5366 1126 5379 —
1181 5332 1265 5393 De
1320 5328 1560 5394 clericis
1609 5329 2056 5408 imperatorem,

2226 5333 2478 5391 ΚΕΦΔΛ.
2555 5327 2703 5403 Ag".
2786 5361 2863 5378 —-
2930 5332 3087 5412 Περὶ,
3121 5331 3394 5412 κληρικῶν
3467 5332 3810 5417 ὑϐριζόντων

417 5422 782 5504 episcopum,
847 5421 1282 5502 magistratum
1326 5426 1434 5484 aut
1462 5417 1881 5500 presbyterum
1912 5433 2017 5484 con

2206 5417 2389 5493 σιλέα,
2474 5418 2511 5488 ἢ
2583 5418 2902 5496 ἐπίσκοπον,
2975 5423 3012 5491 ἢ
3087 5420 3353 5506 ἄρχοντα,
3430 5425 3466 5495 ἢ
3549 5428 3806 5507 1:91:65—

414 5511 668 5578 tumetz’a
696 5511 1111 5592 ofﬁcientibus.
1638 5570 1650 5587 ,

713 5511 1111 5592 zfﬁcientibus.
1638 5570 1650 5587 ,
2138 5530 2313 5589 τερον.

494 5627 923 5709 Apostolorum
955 5643 1150 5687 canon
1179 5628 1280 5699 55,
1314 5626 1415 5703 56,
1447 5626 1547 5687 84.

2221 5624 2566 5685 Ἀποστόλων
2592 5628 2770 5686 κανὼν
2800 5628 2900 5711 vc’,
2932 5628 3067 5712 vg',
3101 5627 3218 5695 τπδ’.

502 5718 832 5783 TewtusDe
852 5714 1094 5780 clericis
1107 5716 1471 5779 contumelia
1482 5714 2050 5804 afﬁcientibus,etc.,

2218 5717 2498 5795 Κιίμινον.
2557 5716 2765 5786 ἰδικῶς
2814 5720 2915 5800 μὲν
2963 5723 3084 5805 περὶ
3136 5720 3410 5805 κληρικῶν
3459 5720 3798 5807 δόριζόνταιν
