3930 6218
248 296 404 366 1137
472 316 481 321 ’

1006 300 1372 368 NOMOCAN
1376 300 1479 367 ON
1486 346 1501 364 .
1548 324 1627 349 ι·-
1670 300 1832 375 ΤΙΤρ

2036 302 2204 368 CAP.
2249 296 2844 401 XXXIV-XXXVII.

3456 297 3613 366 1138

239 432 276 490 ὃ
320 431 596 522 πολιτικὺς
626 431 813 510 νόμος,
863 454 919 497 κ.
951 456 1005 522 1.
1035 434 1118 512 λ,,
1158 451 1351 517 usque
1378 431 1451 497 ad
1482 402 1751 516 λεγόντων
1797 459 1843 495 τι

2001 454 2151 517 'sque
2180 437 2256 500 ad
2298 436 2407 502 lib.
2453 454 2532 515 xx,
2593 439 2681 501 tit.
2730 438 2809 503 36
2853 436 3105 519 [docet],
3141 441 3208 502 ut
3235 455 3425 520 supra
3452 455 3603 522 pag.

236 524 350 600 σῖν,
376 526 451 589 ὡς
472 521 617 600 βιϐλ.
651 525 701 581 θ’
730 545 839 583 1t1.
871 521 985 599 λς’*

323 612 585 692 Σχόλιον.
623 609 689 670 Ἠ
744 612 797 671 α’
853 612 993 673 διάτ.
1047 620 1142 670 τοῦ
1171 613 1219 686 ζ’
1250 616 1358 674 τίτ.
1388 622 1483 673 τοῦ
1510 613 1559 673 θ’
1601 616 1748 695 βιϐλ.
1792 625 1886 676 τοῦ

232 698 401 775 κώδ.,
448 701 560 759 ἔστι
615 699 759 778 βιϐλ.
822 701 866 770 ξ’
897 700 1003 767 τίτ.
1037 701 1149 777 λς’
1182 724 1304 784 κεφ,
1342 703 1420 784 ιγ’
1456 706 1620 773 οὑτως
1647 705 1778 788 ἔχον
1808 710 1883 773 ὣς

226 792 567 866 ουνωψίσθη.
631 793 703 849 Τὸ
758 789 813 848 α’
860 790 1004 857 διάτ,
1050 802 1144 852 τοῦ
1186 791 1234 849 δ’
1276 794 1380 853 τίτ.
1428 802 1523 853 106
1565 793 1665 872 μη’
1706 795 1878 874 βιϐλ.,

226 876 351 937 ἔστι
393 878 529 955 θέμα
570 880 624 958 β’
673 891 767 941 106
812 878 869 950 η’
914 904 1036 962 κεφ,
1084 887 1177 940 106
1207 881 1318 958 λς
1363 884 1468 947 τίτ.
1513 893 1607 943 106
1644 883 1689 952 ξ’
1732 884 1878 963 βιϐλ,

224 968 596 1045 διαλαμϐάνον
637 971 817 1050 ῥητῶς
868 970 969 1028 ὅσα
1015 972 1088 1037 εἷς
1146 972 1208 1029 τὸ
1266 973 1510 1049 κείμενον
1544 974 1878 1056 ἐγράφησαν,

225 1060 548 1135 Σημείωσαι
575 1060 664 1118 οὑν
696 1062 788 1117 καὶ
820 1061 1098 1142 ἀμφότερα
1126 1059 1247 1127 ξένα
1278 1060 1429 1138 ὄντα,
1490 1065 1581 1121 καῖ
1631 1067 1879 1145 χρήσιμα

227 1150 374 1207 κατά
416 1149 577 1211 πολύ.
614 1152 673 1209 Ὃ
719 1149 761 1207 ι’
803 1151 907 1211 τίτ.
952 1153 1048 1209 106
1089 1148 1179 1226 μζ’
1229 1150 1374 1229 βιϐλ.
1435 1159 1543 1211 τῶν
1591 1151 1878 1220 διατάξεων

228 1238 392 1308 ἕτίθη
421 1241 495 1305 εἰς
525 1240 628 1301 τίτ.
662 1239 754 1297 κα’
785 1246 878 1298 τοῦ
911 1239 956 1307 ξ’
1011 1240 1124 1319 βιε.
1174 1247 1281 1299 τῶν
1338 1241 1638 1301 Βασιλικῶν
1680 1243 1734 1310 ἐξ
1776 1244 1878 1301 αὑ-

230 1335 335 1397 τῆς
388 1331 589 1411 ἀρχῆς,
649 1331 739 1387 καὶ
815 1332 965 1403 ζήτει
1050 1353 1173 1414 κεφ.
1234 1330 1460 1413 διάφορα
1515 1334 1705 1391 τούτου
1759 1335 1878 1412 περὶ

228 1419 457 1499 ’ὑόρεων,
494 1423 579 1478 καί
609 1420 900 1499 φαμούσων
950 1419 1333 1501 διαλεγόμενα.
1387 1424 1454 1482 Τὸ
1493 1421 1545 1481 α’
1605 1444 1730 1504 κεφ,
1783 1431 1877 1482 106

229 1514 398 1569 αὑτοῦ
437 1511 543 1569 τίτ.
602 1510 746 1589 λέγει
806 1517 972 1568 ταῦτα
1026 1511 1227 1589 ῥητῶς,
1288 1518 1521 1577 Γενικῶς
1568 1513 1667 1589 μὲν
1728 1511 1874 1591 ὕϐρις

227 1600 448 1680 λέγεται
477 1602 539 1658 τὸ
570 1601 903 1683 παράνομον,
934 1601 1120 1668 ίδικῶς
1168 1600 1223 1660 δὲ
1274 1604 1309 1672 ἡ
1358 1612 1741 1682 περιφρόνησις
1785 1602 1873 1661 καὶ

228 1695 266 1762 ἡ
309 1692 474 1765 ζημία
503 1693 577 1755 ὡς
606 1693 694 1748 επὶ
725 1694 817 1749 106
849 1691 1173 1766 ’Λκουιλίου,
1226 1694 1314 1749 καί
1369 1693 1404 1761 ἡ
1450 1690 1623 1749 ἀδικία
1667 1695 1747 1759 ὡς.
1786 1693 1873 1751 ἐπὶ

1969 529 2113 591 795.

2047 619 2385 681 Scholium.
2422 617 2671 683 Constit.
2711 626 2734 683 1
2781 620 2866 681 tit.
2902 619 2940 683 7
2971 618 3080 680 lib.
3114 636 3173 682 Ix
3203 619 3348 685 Cod.
3384 620 3606 683 estlib.

1964 722 2038 771 ιι
2073 708 2164 768 tit.
2201 707 2300 781 36,
2361 726 2494 789 cap.
2541 709 2639 788 13,
2700 708 2859 790 quod
2921 708 3121 789 habet,
3180 710 3485 791 quomodo
3544 710 3607 771 in

1965 797 2323 878 compendio
2382 797 2749 879 prepositum
2803 806 2915 862 est.
2967 798 3193 877 Digest.
3239 800 3266 860 1
3308 797 3399 860 tit.
3431 798 3604 860 “ib.

1965 903 2148 950 :1.th
2199 894 2292 950 est
2348 887 2551 949 thema
2598 888 2636 949 2
2684 906 2817 968 cap.
2865 889 2904 951 8
2957 887 3025 948 tit
3054 888 3133 949 36
3164 887 3272 951 lib.
3307 905 3407 969 Lx,
3442 888 3606 965 quod

1964 993 2094 1056 exp.
2115 994 2248 1039 esse
2267 976 3091 1058 complectitur,qucecunque
3112 976 3174 1038 in
3194 986 3355 1039 textu
3382 977 3606 1061 scripta

1962 1075 2124 1129 sunt.
2161 1065 2308 1127 Nota
2341 1068 2535 1146 itaque
2568 1076 2910 1145 utrumque,
2945 1076 3010 1128 ut
3058 1065 3506 1140 admirandum,
3541 1076 3605 1130 et

1962 1173 2107 1217 sane
2136 1175 2312 1235 quam
2365 1156 2533 1218 utile.
2578 1156 2693 1218 Tit.
2730 1156 2806 1217 10
2838 1154 2940 1217 lib.
2993 1172 3153 1219 xnvu
3204 1157 3335 1236 Dig.
3370 1157 3603 1237 positus

1962 1253 2051 1306 est
2086 1245 2142 1305 in
2178 1246 2258 1306 tit.
2318 1246 2384 1305 821
2440 1244 2551 1308 liii.
2595 1263 2664 1309 1.x
2711 1246 2900 1309 Basil.
2959 1245 3032 1307 ab
3064 1246 3261 1323 initio,
3295 1247 3469 1325 cujus
3502 1246 3600 1308 di-

1961 1352 2130 1396 versa
2163 1336 2356 1413 capita
2388 1353 2617 1413 quaeras
2647 1336 2723 1398 de
2755 1335 2993 1416 injuriis
3034 1343 3092 1397 et
3124 1337 3368 1398 famosis
3397 1335 3599 1418 [libel-

1959 1423 2059 1495 lis]
2095 1424 2470 1487 tlisserentia.
2506 1423 2771 1488 Primum
2806 1434 3001 1487 autem
3035 1425 3307 1505 ejusdem
3346 1426 3437 1487 tit.
3464 1443 3597 1506 cap.

1961 1512 2088 1575 haec
2118 1514 2187 1574 ad
2223 1513 2467 1575 verbum
2507 1514 2651 1576 dicit
2705 1535 2719 1577 :
2771 1513 3147 1577 Generaliter
3190 1514 3412 1594 injuria
3442 1515 3595 1576 dici-

1960 1610 2075 1683 tur,
2111 1603 2400 1684 quidquid
2435 1620 2554 1666 non
2597 1605 2735 1684 jure
2767 1605 2830 1665 Iit
2863 1622 2877 1666 :
2907 1604 3249 1681 specialiter
3280 1614 3597 1667 contume-

1959 1691 2059 1768 lia,
2087 1701 2144 1754 et
2175 1694 2456 1755 damnum
2491 1696 2692 1773 [culpa
2722 1692 2973 1767 datum],
3007 1701 3069 1754 ut
3099 1693 3158 1754 in
3193 1692 3371 1773 [lege]
3405 1695 3596 1775 Aqui-

226 1793 327 1843 106
355 1781 548 1846 ἀδίκως
591 1782 680 1838 καὶ
733 1783 1057 1859 παρανόμως
1108 1782 1512 1861 ψηφισαμένου,
1543 1779 1604 1841 Ὀ
1635 1783 1712 1839 λε’
1762 1785 1843 1841 τίτ

2001 1800 2033 1843 a
2073 1800 2087 1846 :
2122 1793 2183 1845 et
2213 1784 2521 1865 iniquitas,
2558 1791 2621 1846 ut
2677 1785 2739 1845 in
2793 1802 2863 1845 eo
2912 1782 3014 1864 qui
3047 1783 3257 1863 inique
3284 1792 3341 1845 et
3374 1784 3598 1863 injuste

224 1882 323 1933 τοῦ
349 1871 398 1929 θ’
428 1870 578 1949 βιϐλ.
622 1880 715 1931 τοῦ
759 1869 894 1934 κώδ.
926 1872 1081 1939 ὶτέθη
1116 1874 1189 1934 εἰς
1220 1893 1345 1952 κεφ,
1396 1870 1492 1950 μγ⁹
1523 1881 1615 1933 τοῦ
1641 1871 1731 1930 κα⁹
1761 1874 1843 1931 τίτ

2001 1873 2312 1935 antentiam
2346 1874 2523 1935 dixit.
2560 1874 2677 1935 Tit.
2711 1875 2790 1936 35
2821 1872 2929 1935 lib.
2967 1890 3029 1936 ix
3058 1873 3206 1937 Cod.
3243 1874 3476 1954 positus
3503 1880 3598 1936 est

226 1974 323 2025 106
350 1961 392 2029 ξ’
419 1960 533 2041 βιϐ.
566 1961 726 2040 λέγον
759 1975 774 1990 ⁸
814 1960 876 2021 Ὀ
918 1963 1056 2020 κατά
1106 1964 1459 2043 συκοφαντίαν
1500 1965 1727 2033 κινήσας
1769 1966 1866 2032 τὴν

222 2056 346 2132 περὶ
397 2052 599 2133 ὕϐρεως
637 2052 886 2131 ἀγωγην,
918 2051 954 2122 ἢ
985 2051 1297 2131 ἐξορίζεται,
1351 2053 1385 2122 ἢ
1442 2062 1535 2113 106
1562 2053 1865 2129 ἀξιώματος

218 2143 585 2207 ἀποκινεϊται,
623 2145 723 2202 Καὶ
750 2144 778 2200 6
809 2140 923 2217 λς’
966 2144 1070 2200 τίτ.
1116 2152 1210 2204 106
1266 2143 1427 2204 αὑτοῦ
1481 2142 1629 2222 βιϐλ,
1685 2157 1865 2202 κεῖται

218 2234 297 2299 είς
339 2234 442 2296 τίτ,
489 2231 571 2311 ξγ⁹
601 2242 694 2294 106
734 2230 778 2300 ξ’
819 2229 994 2311 βιϐλ.,
1029 2232 1115 2289 καὶ
1146 2254 1279 2313 φησι
1305 2234 1368 2289 16
1401 2231 1452 2290 α’
1485 2254 1610 2313 κεφ.
1642 2243 1807 2293 ταῦτα
1842 2250 1858 2265 ⁸

217 2329 333 2388 Πᾶς
391 2326 420 2381 6
476 2323 731 2395 εὑρίσκων
786 2322 1042 2405 φλυαρίαν
1091 2322 1551 2404 ὶσφραγισμένην,
1580 2322 1617 2390 ἥ
1648 2324 1861 2404 ἀσφρά-

215 2436 429 2494 γιστον,
475 2416 563 2471 καὶ
618 2414 697 2488 μὴ
742 2419 1084 2495 παραχρῆμα
1139 2413 1328 2489 καίων,
1375 2412 1515 2470 ἀλλὰ
1544 2415 1633 2471 καὶ
1662 2414 1859 2492 ἀναγι-

216 2511 469 2579 νώσκων,
515 2504 812 2563 ὑποκείσθω
868 2504 1097 2584 τιμωρίᾳ
1135 2508 1172 2582 ᾗ
1215 2526 1318 2561 τινι
1375 2503 1625 2561 ὑπέκειτο
1680 2506 1777 2561 καί
1831 2506 1860 2562 6

214 2596 565 2659 συντεθεικὼς
622 2596 721 2664 τὴν
789 2592 1068 2674 φλυαρίαν.
1140 2595 1244 2652 Καὶ
1307 2615 1431 2675 κεφ.
1477 2592 1528 2672 β’
1583 2585 1647 2653 ’0
1693 2595 1860 2671 εὑρών

215 2687 474 2766 φλυαρίαν
516 2682 703 2760 μηδενὶ
758 2684 924 2762 ἑτέρῳ
980 2683 1185 2762 λεγέτω
1228 2684 1326 2753 τὴν
1383 2681 1604 2759 δύναμιν
1665 2683 1856 2759 αὑτῆς,

215 2773 360 2832 ἀλλά
415 2772 680 2852 διαῤῥήξει
738 2775 906 2841 αὑτὴν
966 2772 1003 2840 ἥ
1062 2774 1246 2830 καύσει
1283 2788 1298 2805 ⁰
1361 2775 1389 2829 6
1434 2771 1489 2829 δὲ
1543 2774 1623 2847 μὴ
1693 2782 1859 2832 ταῦτα

214 2864 453 2930 ποιήσας
495 2863 763 2944 κεφαλικῇ
820 2864 1050 2938 τιμωρίᾳ
1086 2861 1546 2933 ὑποϐληθήσεται.
1604 2870 1712 2927 Πᾶς
1754 2863 1854 2942 γὰρ

212 2953 420 3033 θαρρῶν
468 2953 605 3031 ἅπερ
660 2953 902 3013 ἑντάττει
945 2953 1001 3009 ἐν
1063 2959 1132 3030 τῇ
1200 2952 1426 3033 φλυαρίᾳ
1486 2953 1855 3031 κατηγορείτω

1951 1961 2012 2022 in
2047 1982 2176 2044 cap.
2206 1963 2286 2025 43
2318 1964 2409 2028 tit.
2447 1965 2514 2024 21
2556 1962 2662 2024 lib.
2696 1979 2795 2042 LX,
2831 1962 2993 2044 quod
3040 1962 3188 2024 dicit
3229 1983 3243 2023 :
3280 1962 3393 2036 Qui
3423 1963 3592 2044 inju-

1947 2052 2172 2114 riarum
2226 2053 2520 2114 actionem
2574 2071 2681 2133 per
2735 2052 3097 2114 calumniam
3154 2051 3438 2128 instituit,
3496 2059 3598 2114 aut

1947 2141 2277 2222 relegatur,
2311 2151 2413 2204 aut
2442 2161 2476 2204 a
2506 2142 2798 2222 dignitate
2830 2146 3160 2206 amovelur.
3185 2141 3300 2205 Tit.
3326 2141 3404 2205 36
3435 2141 3596 2221 ejus-

1944 2231 2081 2294 dem
2116 2230 2219 2294 lib.
2283 2232 2512 2313 positus
2562 2241 2652 2294 est
2698 2232 2761 2293 in
2813 2232 2918 2294 lib.
2952 2248 3053 2307 Lx,
3086 2230 3179 2294 tit.
3214 2230 3319 2310 63,
3348 2230 3523 2311 cujus
3554 2236 3583 2292 1

1944 2340 2078 2402 cap.
2132 2322 2259 2384 haec
2317 2322 2459 2384 dicit
2511 2341 2526 2385 :
2581 2321 2936 2403 Quicunque
2994 2319 3262 2384 libellum
3294 2320 3588 2383 famosum

1943 2410 2315 2491 obsignatum
2340 2422 2443 2476 aut
2474 2431 2593 2474 non
2616 2412 2911 2492 signatum
2943 2409 3282 2493 reperiens,
3317 2429 3439 2473 non
3469 2418 3587 2474 sta-

1943 2501 2047 2563 tim
2081 2502 2504 2577 combusserit,
2556 2502 2664 2563 sed
2710 2501 2922 2579 legerit
2957 2520 2973 2563 :
3026 2499 3335 2581 subjaceto
3370 2518 3583 2580 plnum,

1940 2610 2117 2674 quam
2151 2600 2361 2654 auctor
2384 2592 2514 2672 ejus
2545 2592 3015 2672 [deprehensus]
3048 2589 3301 2652 subiret.
3349 2589 3421 2653 Et
3452 2609 3583 2671 cap.

1939 2681 2000 2743 9.
2035 2680 2147 2755 Qui
2202 2681 2470 2744 Inbellum
2521 2682 2815 2744 famosum
2878 2680 3196 2764 repererit,
3235 2680 3383 2742 nulli
3410 2680 3586 2743 alteri

1938 2772 2055 2832 vim
2087 2773 2218 2853 ejus
2248 2772 2432 2834 dicito
2464 2792 2478 2832 :
2533 2772 2637 2834 sed
2672 2772 3050 2852 disrumpito,
3085 2780 3185 2834 aut
3215 2770 3579 2834 comhurito.

1938 2861 2051 2936 Qui
2083 2864 2196 2925 hoc
2226 2882 2344 2924 non
2390 2862 2618 2937 fecerit,
2647 2862 2887 2944 capitali
2914 2880 3106 2943 poenas
3131 2860 3572 2943 subjugabitur.

1937 2955 2094 3016 Sane
2120 2972 2256 3015 vero
2288 2954 2562 3033 quisque,
2599 2971 2730 3033 quae
2758 2958 2818 3013 in
2849 2952 3080 3014 famoso
3114 2951 3318 3014 libello
3353 2969 3582 3033 ponere

210 3044 496 3122 γινώσκων
565 3043 645 3100 ὅτι
716 3042 806 3099 ἐὰν
878 3040 1153 3119 ἀποδείξῃ,
1228 3045 1395 3119 τιμῆς
1452 3043 1711 3118 ἀξιοῦται,
1774 3043 1850 3117 μὴ

2001 3043 2102 3111 alit.
2139 3061 2272 3105 cum
2334 3042 2552 3103 ﬁducia
2579 3042 2851 3105 deferto:
2884 3041 3085 3105 sciens
3142 3041 3299 3123 quod
3333 3040 3383 3102 si
3416 3041 3580 3122 [illa]

208 3131 490 3199 ἀποδείξας
534 3131 588 3189 δὲ
645 3146 993 3210 τιμωρεῖται.
1028 3131 1089 3190 Ὀ
1131 3130 1188 3190 δὲ
1242 3142 1479 3197 τοιοῦτος
1512 3133 1723 3213 χάρτης
1752 3132 1850 3200 τὴν

2001 3133 2536 3208 ὀιηινοτὶιδιοηοτθ
2567 3130 2935 3210 dignandus:
2969 3132 3022 3192 si
3062 3149 3179 3194 non
3208 3129 3574 3227 probaverit,

207 3221 331 3283 καθ’
361 3223 425 3280 οὗ
453 3222 609 3291 ὶτέθη
653 3222 935 3299 ὑπόληψιν
978 3223 1058 3297 μὴ
1088 3222 1300 3301 βλάψῃ.
1334 3221 1394 3282 ’0
1424 3221 1479 3279 δὲ
1524 3221 1571 3279 δ’
1600 3224 1704 3282 τίτ.
1748 3227 1849 3290 τῆς

2001 3223 2278 3285 miendus
2305 3220 2444 3283 erit.
2481 3220 2822 3285 Istiusmodi
2845 3230 3042 3284 autem
3068 3220 3483 3301 libellus,ejus
3514 3219 3578 3281 in

202 3314 255 3373 δ’
317 3312 767 3378 ἰνστιτουτιῶνος
825 3316 921 3372 οὑκ
964 3312 1120 3381 ἰτέθη
1166 3313 1266 3389 μὶν
1325 3314 1399 3377 εἷς
1457 3314 1525 3370 τὰ
1565 3311 1850 3391 Βασιλικὰ,

2001 3330 2111 3373 lem
2146 3312 2343 3373 editus
2388 3319 2478 3372 est
2523 3311 3031 3373 existimationem
3083 3329 3202 3372 non
3237 3310 3422 3373 laedit.
3456 3309 3572 3372 Tit.

204 3406 342 3485 φησὶ
389 3401 446 3459 δὲ
508 3403 607 3471 τὴν
658 3403 778 3478 περὶ
826 3400 1025 3481 ὕϐρεως
1083 3404 1307 3481 ἀγωγὴν
1346 3402 1435 3459 καὶ
1491 3405 1849 3481 χρηματικῶς

2001 3400 2153 3482 [lib.]
2190 3411 2244 3462 tv
2302 3399 2497 3463 Instit.
2548 3419 2667 3461 non
2726 3409 2817 3462 est
2847 3401 3078 3481 positus
3109 3400 3170 3462 in
3202 3399 3387 3464 Basil.
3422 3400 3579 3462 Dicit

206 3495 305 3552 καί
357 3492 769 3569 ἱγκληματικῶς
815 3496 1109 3556 κινεῖσθαι,
1143 3494 1214 3551 Τὸ
1242 3491 1293 3569 β’
1326 3493 1415 3549 καὶ
1444 3492 1507 3566 ς·
1511 3492 1524 3515 ’
1572 3490 1713 3551 διάτ.
1760 3498 1854 3551 τοῦ

203 3585 256 3662 β’
303 3585 410 3648 τίτ,
455 3593 550 3645 τοῦ
595 3582 649 3662 γ’
700 3580 845 3659 βιϐλ.
899 3588 1004 3641 τῶν
1033 3580 1329 3648 διατάξεων
1358 3580 1514 3649 ἐτέθη
1546 3579 1640 3638 ἀπ’
1671 3581 1851 3661 ἀρχῆς

204 3684 303 3735 τοῦ
336 3673 388 3729 α’
419 3693 542 3752 κεφ,
578 3681 674 3732 τοῦ
700 3669 753 3749 β’
805 3671 911 3735 τίτ.
943 3680 1036 3732 106
1069 3670 1151 3728 ια’
1181 3668 1328 3748 βιϐλ.
1363 3676 1472 3728 τῶν
1524 3668 1848 3733 Βασιλικῶν,

211 3765 312 3824 Καὶ
356 3765 509 3835 ζήτει
563 3760 792 3842 διάφορα
846 3783 970 3841 κεφ,
1031 3770 1126 3821 106
1180 3763 1339 3821 αὑτοῦ
1364 3758 1511 3838 βιϐλ.
1568 3762 1659 3818 καὶ
1716 3760 1850 3836 τίτ.,

201 3853 471 3930 ἀνάγνωθι
518 3853 604 3909 καὶ
656 3853 710 3930 γ’
758 3849 896 3927 θέμα
925 3860 1020 3911 106
1049 3848 1101 3907 α’
1133 3871 1256 3928 κεφ.
1291 3858 1385 3911 τοῦ
1416 3852 1572 3910 αὑτοῦ
1613 3849 1717 3912 τίτ.
1765 3850 1852 3906 καὶ

195 3941 352 4021 βιϐλ.
400 3941 773 4023 κάταστρωθὲν
812 3942 887 4006 εἰς
942 3942 1005 3998 τὸ
1046 3941 1128 4013 κζ’
1159 3962 1281 4020 κεφ.
1314 3949 1407 4000 106
1436 3940 1698 4019 παρόντος
1742 3940 1844 4000 τίτ.

200 4034 329 4112 περὶ
360 4033 426 4089 τὰ
446 4032 605 4107 μέσα.

281 4127 540 4186 ΚΕΦΑΔ.
600 4119 733 4184 ΔΖ¹.
775 4154 853 4166 -
896 4121 1021 4200 Περὶ
1072 4126 1181 4179 τῶν
1239 4120 1535 4179 ποιούντων
1593 4141 1845 4198 συνωμο-

186 4215 317 4278 σίας
361 4211 399 4278 ἥ
431 4212 711 4291 φρατρίας.

272 4300 509 4362 Συνὸδου
564 4299 907 4370 Χαλκηδόνος
940 4302 1117 4358 κανὼν
1176 4301 1256 4368 ιη’
1283 4319 1301 4336 ⁶
1360 4298 1580 4357 συνόδου
1631 4302 1841 4380 Καρθα-

183 4393 389 4474 γέννης
420 4392 598 4449 κανὼν
626 4391 711 4471 νγ’
749 4409 763 4424 ⁸
796 4390 1014 4450 συνόδου
1041 4390 1122 4465 ς’
1152 4391 1328 4448 κανὼν
1355 4387 1462 4454 λδ’,

274 4481 557 4557 Κείμενον.
622 4483 720 4539 Καὶ
771 4482 798 4537 6
831 4479 1109 4545 πολιτικὸς
1165 4481 1328 4555 νόμος
1380 4490 1701 4556 τιμωρεῖται
1746 4478 1842 4543 τὰς

1933 3499 2131 3552 autem
2164 3490 2515 3570 injuriarum
2548 3489 2847 3551 actionem
2879 3498 2937 3552 et
2969 3488 3313 3570 pecuniarie
3345 3496 3404 3549 et
3449 3493 3573 3549 cri-

1933 3580 2236 3642 minaliter
2299 3577 2548 3642 moveri.
2614 3579 2834 3657 Digest.
2888 3577 2925 3640 2
2968 3587 3029 3640 et
3085 3578 3147 3652 6,
3182 3576 3335 3637 tit.2
3368 3575 3474 3638 lib.
3512 3591 3577 3639 III

1932 3669 2062 3749 Dig.
2099 3669 2292 3751 posita
2321 3676 2458 3730 sunt
2494 3670 2553 3730 in
2598 3667 2773 3728 initio
2825 3685 2959 3749 cap.
2989 3666 3079 3728 tit.
3112 3667 3151 3728 2
3179 3665 3289 3729 lib.
3321 3681 3421 3727 xx:
3452 3665 3571 3728 Ba-

1932 3760 2055 3836 sil.,
2111 3760 2286 3839 cujus
2336 3756 2576 3838 ejudem
2630 3757 2721 3820 tit.
2768 3755 3004 3820 diversa
3035 3774 3170 3837 cap.
3218 3772 3473 3837 quaeras,
3502 3773 3574 3820 ac

1936 3849 2151 3929 [simul]
2187 3848 2345 3926 legas
2376 3848 2579 3909 thema
2601 3847 2639 3909 3
2669 3864 2801 3928 cap.
2850 3846 2876 3907 1
2918 3846 3190 3927 ejusdem
3226 3844 3315 3906 tit.
3349 3850 3409 3906 et
3434 3844 3570 3924 Iib.,

1932 3940 2091 4022 quod
2143 3941 2434 4002 insertum
2494 3945 2585 3999 est
2639 3939 2716 4000 27
2769 3955 2901 4018 cap.
2936 3934 3250 4019 praesentis
3280 3934 3370 3999 tit.
3406 3935 3571 3998 circa

1933 4030 2220 4093 medium.
3081 4080 3085 4086 .

2011 4120 2177 4185 CAP.
2211 4118 2493 4185 XXXVII.
2521 4154 2599 4165 —
2620 4117 2714 4181 De
2744 4118 2822 4181 iis
2850 4119 2955 4199 qui
2974 4119 3433 4197 coniurationes
3465 4124 3574 4179 aut

1926 4210 2227 4289 factiones
2253 4212 2511 4289 faciunt.

2006 4301 2253 4365 Concitii
2312 4298 2825 4362 Chalcedonensis
2899 4316 3089 4361 canon
3154 4297 3272 4375 18;
3330 4295 3572 4359 concilii

1926 4389 2417 4469 Cartliaginensis
2448 4407 2641 4452 canon
2672 4390 2750 4452 53
2778 4405 2795 4465 ;
2831 4388 3074 4451 concilii
3101 4403 3159 4450 vx
3186 4404 3380 4450 canon
3409 4386 3510 4450 34.

2014 4479 2255 4543 Tactus.
2291 4479 2492 4543 Civilis
2521 4479 2696 4541 etiam
2730 4478 2821 4541 lex
2855 4477 3148 4541 factiones
3180 4484 3362 4554 atque
3414 4495 3571 4539 con-

180 4573 447 4656 φατρίας,
478 4571 694 4636 καὶτὰς
726 4571 1090 4647 συνωμοσίας,
1137 4570 1210 4636 ὡς
1260 4567 1411 4647 βιϐλ.
1447 4567 1572 4644 μη’,
1618 4570 1723 4629 τίτ.
1766 4567 1836 4649 δ’,

2001 4571 2251 4631 rationes
2284 4569 2490 4650 punit;
2520 4568 3026 4651 quemadmodum
3053 4566 3168 4656 lib.
3203 4568 3279 4628 48
3324 4566 3416 4631 tit.
3443 4568 3482 4628 4
3514 4576 3573 4630 et

178 4665 276 4723 καὶ
304 4664 410 4724 τίτ.
445 4661 536 4737 ιϐ’,
570 4660 714 4725 διάτ,
748 4658 821 4717 ια’
852 4659 950 4717 καῖ
982 4658 1111 4735 ις’.

271 4751 541 4832 Σχόλιοδ,
574 4750 635 4810 ’0
667 4749 714 4807 δ’
745 4750 849 4813 τίτ.
883 4759 979 4810 τοῦ
1012 4749 1112 4826 μη’
1142 4748 1286 4828 βιϐλ.
1347 4756 1455 4807 τῶν
1496 4746 1636 4812 διατ.
1685 4748 1839 4819 ἐτέθη

180 4846 264 4909 είς
297 4846 394 4901 τὸν
428 4840 539 4917 λς’
566 4842 673 4904 τίτ.
704 4850 799 4900 106
838 4840 883 4907 ξ’
912 4839 1059 4918 βιϐλ.
1091 4845 1199 4898 τῶν
1250 4838 1573 4900 Βασιλικῶν.
1609 4840 1706 4897 Καὶ
1735 4841 1839 4912 ζή-

180 4957 268 4992 τει
306 4954 428 5012 κεφ.
464 4930 533 4995 δ’,
580 4930 744 5010 Λέγει
779 4933 880 5010 γαρ
908 4941 1067 4991 τοῦτο
1120 4932 1258 5006 μετά
1314 4932 1378 4988 τὸ
1408 4932 1584 4987 εἰπεῖν
1628 4930 1696 4987 τὰ
1737 4932 1840 5009 πρὸ

181 5026 358 5084 αὑτοῦ
415 5043 538 5102 κεφ.
614 5024 752 5087 τίνες
832 5021 1114 5102 ἐνέχονται
1171 5022 1233 5078 16
1290 5024 1409 5100 περὶ
1460 5022 1838 5087 καθοσιώσεως

182 5113 529 5192 ἐγκλήματι,
574 5120 740 5172 ταῦτα
793 5111 997 5188 ῥητῶς,
1056 5112 1146 5169 καὶ
1207 5112 1235 5168 6
1305 5110 1641 5182 συνωμοσίαν
1702 5110 1840 5167 κατά

181 5210 292 5271 τῆς
354 5201 631 5265 πολιτείας
676 5202 1087 5279 παρασκευάσας
1146 5200 1412 5281 γενέσθαι,
1483 5200 1572 5256 καὶ
1628 5202 1657 5257 6
1711 5199 1837 5258 ἐπι-

179 5291 483 5359 ϐουλήσεις
543 5291 600 5349 δν
657 5289 1025 5372 στρατοπέδῳ,
1077 5290 1113 5360 ἢ
1186 5302 1308 5355 τοῖς
1365 5288 1644 5365 πολεμίοις
1705 5290 1838 5348 αὑτά

176 5381 444 5463 προδοὺς,
506 5382 595 5440 καὶ
636 5382 665 5439 6
702 5381 839 5438 κατὰ
881 5378 1036 5438 δόλον
1092 5376 1381 5456 ὶμποδίσας
1408 5379 1511 5436 ὑπὸ
1543 5377 1836 5454 Ῥωμαίους

177 5472 437 5550 γινέσθαι
492 5471 620 5535 τοὺς
696 5471 1011 5551 πολεμίους,
1070 5471 1106 5539 ἧ
1180 5468 1593 5549 παρασκευάσας
1650 5467 1836 5532 αὐτοὺς

177 5562 481 5642 βοηθῆναι,
516 5560 737 5641 πλήθει,
770 5561 808 5629 ἣ
837 5559 1049 5643 ὅπλοις,
1080 5562 1116 5630 ἦ
1145 5559 1363 5635 ἵπποις,
1396 5559 1433 5627 ἢ
1481 5559 1762 5639 χρήμασιν
1801 5557 1839 5623 ἣ

182 5652 362 5734 ἑτέρῳ
390 5650 688 5729 οίῳδηποτε
723 5650 932 5734 τρόπῳ,
964 5651 1001 5720 ἢ
1040 5651 1163 5721 τοὺς
1208 5648 1392 5734 φίλους
1431 5653 1532 5719 τῆς
1563 5646 1841 5714 πολιτείας

1924 4659 2013 4721 tit.
2050 4659 2147 4732 19,
2182 4658 2475 4738 digestum
2511 4661 2609 4734 11,
2644 4668 2702 4721 et
2732 4657 2840 4721 lib.
2876 4668 2968 4720 va
3002 4654 3298 4738 [docent.]

2002 4747 2341 4812 Scholium.
2377 4748 2494 4812 Tit.
2530 4750 2568 4811 -1
2597 4748 2708 4810 lib.
2753 4763 2927 4810 xum
2959 4745 3091 4824 Dig.
3131 4746 3361 4824 positus
3392 4745 3571 4806 estin

1923 4837 2019 4902 tit.
2041 4838 2117 4902 36
2142 4838 2242 4899 lib.
2269 4855 2345 4901 1.x
2369 4838 2764 4918 Basil.,cujns
2786 4837 2824 4898 4
2841 4852 3207 4916 cap.quaere.
3238 4834 3342 4896 Ait
3371 4841 3570 4896 autem

1921 4927 2489 5010 illud,posteaquam
2514 4928 2709 5008 ipsum
2735 4925 3136 5008 prwcedentia
3154 4940 3286 5004 cap.
3318 4922 3566 5004 quinam

1923 5017 2078 5080 laesae
2112 5018 2434 5095 majestatis
2463 5016 2717 5082 crimine
2751 5023 3094 5086 teneantur,
3131 5012 3412 5074 dixerunt
3443 5013 3571 5076 haec

1922 5108 1983 5170 in
2020 5109 2144 5170 haec
2173 5106 2351 5168 verba
2397 5128 2410 5164 :
2446 5114 2504 5168 et
2527 5106 2628 5186 qui
2656 5104 2946 5177 etl‘ecit,ut
3000 5102 3285 5164 adversus
3316 5119 3566 5183 rempu-

1923 5196 2138 5260 blicam
2173 5198 2590 5275 conjuraretur
2624 5212 2638 5256 :
2685 5202 2744 5255 et
2794 5193 2896 5275 qui
2927 5193 2990 5253 in
3020 5191 3287 5255 exercitu
3319 5193 3572 5256 insidias

1919 5287 2374 5366 struxit,eumve
2396 5284 2670 5347 hostibus
2692 5282 2973 5365 prodidit:
3005 5290 3063 5344 et
3080 5282 3180 5363 qui
3204 5282 3342 5344 dolo
3365 5283 3565 5365 [malo]

1920 5374 2216 5455 impediit,
2252 5375 2574 5455 quominus
2608 5374 2812 5435 hostes
2858 5374 2919 5435 in
2960 5379 3312 5455 potestatem
3344 5375 3572 5438 Roma-

1921 5485 2133 5529 norum
2166 5465 2523 5529 devenirent
2553 5482 2567 5528 :
2602 5473 2706 5527 aut
2734 5464 2906 5545 cujus
2936 5482 3119 5545 opera
3151 5463 3353 5527 hostes
3387 5467 3571 5545 [com-

1923 5558 2172 5633 meatus]
2192 5556 2383 5635 copia,
2425 5555 2635 5632 armis,
2660 5555 2849 5637 equis,
2874 5553 3151 5634 pecunia,
3178 5553 3367 5616 aliove
3394 5556 3572 5617 modo

1919 5644 2103 5729 adjuti
2134 5645 2408 5710 fuerint:
2460 5653 2562 5709 aut
2618 5664 2688 5710 ex
2738 5644 3091 5733 reipublicae
3119 5646 3330 5709 amicis
3362 5646 3568 5707 hostes
