4052 6222
507 252 660 328 1139

1692 260 1959 328 PHOTII
2002 260 2524 328 PATRIARCHIE
2561 264 2679 328 ΕΡ.

3703 267 3827 337 1140

492 400 639 466 fecit
671 423 687 466 :
714 404 817 465 aut
844 399 946 484 qui
977 398 1309 483 impedivit,
1342 402 1663 484 quominus
1691 402 1807 466 alia
1834 403 1992 465 natio
2024 403 2135 465 rei-

2250 402 2441 483 χθροὺς
2493 402 2751 478 ποιήσας,
2803 402 2841 472 ἢ
2904 404 3151 471 κωλύσας
3214 404 3394 486 ἕτερον
3450 406 3595 476 ἔθνος
3636 414 3827 489 πειθαρ-

499 492 755 575 ριιὺιίεω
782 492 1157 571 obtemperet
1188 510 1201 553 :
1237 499 1341 554 aut
1370 493 1476 569 qui
1510 494 1737 574 effecit,
1771 503 1834 555 ut
1866 493 2134 569 obsides,

497 582 791 665 pecunias,
825 590 927 643 aut
950 581 1223 659 jumenta
1254 580 1529 644 hostibus
1560 582 1870 646 darentur.
1908 582 2135 662 Digest.

506 675 572 735 11
612 680 670 734 et
730 672 802 734 16
856 671 948 732 tit.
1012 670 1082 731 19
1134 670 1239 732 lib.
1270 688 1451 734 vam
1484 672 1714 752 Digest.
1750 681 1842 735 est
1872 673 2139 734 thema3

501 778 634 840 cap.
670 760 734 821 11
775 760 870 823 tit.
900 760 970 821 51
1000 758 1114 820 lib.
1144 776 1244 837 Lx,
1278 769 1368 823 est
1397 780 1531 843 cap.
1559 762 1636 825 16
1666 762 1937 843 ejusdem
1967 764 2056 826 tit.
2082 769 2142 823 et

502 847 667 913 libri.
700 846 1035 928 Utrumque
1064 850 1224 911 enim
1277 867 1379 913 eos
1426 851 1527 931 qui
1561 852 2013 931 conjurationes
2042 859 2143 914 aut

2221 497 2391 571 χῆσα·
2454 499 2523 568 τῇ
2582 493 2851 568 πολιτείᾳ,
2917 494 2957 564 ἢ
3012 497 3428 575 παρασκευάσας
3469 511 3591 562 τοῖς
3646 498 3834 580 ἐχθροῖς

2221 579 2479 660 δεχθῆναι
2524 585 2761 661 ὁμήρους
2816 584 2853 652 ἢ
2909 586 3197 664 χρήματα,
3233 587 3270 653 ἦ
3317 588 3604 663 ὑποζύγια.
3664 579 3729 647 re.
3776 594 3836 647 ια’

2221 673 2310 727 καὶ
2370 672 2468 745 ις’
2512 671 2652 735 διάτ,
2707 683 2802 732 τοῦ
2862 677 2930 730 ιθ⁹
2973 676 3078 734 τίτ.
3126 683 3221 732 τοῦ
3264 675 3366 752 μη⁹
3410 676 3561 753 βιϐλ.
3604 688 3692 737 τοῦ
3718 678 3837 741 διᾶτ.
3956 716 3957 753 ι

2222 761 2321 853 εἶσὶ
2348 761 2489 834 θέμα
2516 763 2568 842 γ’
2602 770 2695 853 τοῦ
2726 764 2801 821 ια’
2863 786 2987 843 κεφ.
3040 768 3137 822 τού
3177 766 3263 823 να⁷
3306 767 3415 830 τίτ.
3456 775 3552 825 τοῦ
3594 766 3639 835 ξ’
3691 769 3838 853 βιελ,,

2222 851 2311 907 καὶ
2351 873 2475 933 κεφ,
2541 852 2641 926 ις’
2684 863 2779 914 τοῦ
2823 857 2986 913 αὐτου
3036 855 3144 918 τίτ.
3210 858 3302 914 καὶ
3351 855 3503 934 βιϐλ,
3572 859 3670 917 Καὶ
3708 851 3841 940 am

499 937 792 1004 factiones
819 938 1071 1017 faciunt,
1103 939 1297 1021 punit.

2247 940 2324 1019 γὰρ
2394 941 2677 1014 κολάζωσι
2748 944 2872 1008 τοὺς
2940 951 3231 1011 ποιοῦντας
3290 947 3389 1011 τὰς
3446 937 3842 1026 συνωμοσίας-ἦ

530 1212 554 1274 ἱ
783 1117 1094 1273 ξΧΧνΠΙ.
1134 1154 1205 1166 -
1239 1118 1605 1200 Cujusmodi
1632 1121 1858 1184 delicta
1884 1121 2143 1186 ordino-

555 1228 590 1274 ο
663 1230 687 1271 ι
713 1226 796 1273 ua
828 1259 843 1274 .

2247 1053 2261 1087 )
2299 1052 2361 1087 ατ
2397 1032 2450 1088 ία
2488 1080 2504 1095 ,

2247 1052 2292 1109 ηρ
2313 1053 2562 1265 ῗὲΦλΔ.
2610 1120 2745 1187 ΑΠ’,
2783 1154 2855 1169 --
2887 1128 3033 1182 Ποῖα
3058 1125 3427 1206 ἁμαρτήματα
3458 1124 3573 1184 λύει
3603 1130 3637 1197 ἡ
3680 1147 3842 1209 χειρο-

2247 1218 2317 1266 ιεσ
2339 1232 2399 1272 α.

505 1215 590 1274 tto
618 1215 843 1275 diluat.

2247 1215 2373 1266 tecta
2386 1259 2399 1272 .

581 1299 838 1364 Concilii
866 1299 1098 1366 Nicaeni
1129 1318 1319 1363 canon
1346 1302 1386 1364 9
1413 1300 1694 1379 ;concilii
1726 1299 2022 1380 Ancyrani
2050 1316 2149 1362 ca-

501 1408 623 1454 non
656 1392 771 1471 12;
808 1397 869 1453 et
896 1407 1028 1471 qua
1060 1392 1119 1452 in
1152 1408 1224 1453 eo
1252 1409 1289 1454 a
1313 1390 1488 1454 nobis
1517 1392 1743 1474 scripta
1771 1397 1936 1452 sunt.

2247 1388 2451 1448 ιυνόδου
2507 1392 2684 1448 κανὼν
2739 1392 2808 1468 ιβ’
2866 1394 2956 1450 καὶ
3005 1393 3071 1453 τὰ
3130 1393 3186 1451 ἰν
3218 1397 3363 1468 αὖτῷ
3391 1392 3519 1473 παρ’
3549 1396 3705 1472 ἡμῶν
3730 1396 3842 1475 γράέ

586 1568 757 1635 CAP.
788 1568 998 1635 XXIX.
1036 1603 1111 1619 -
1142 1571 1226 1633 De
1248 1571 1633 1652 pwnitentia,
1668 1576 1730 1633 et
1758 1570 2013 1651 quinam
2043 1570 2146 1648 fa-
2229 1501 2566 1635 “Elui.
2638 1576 2749 1633 ΛΘ.
2819 1606 2900 1618 -
2973 1575 3100 1653 Περὶ

3181 1575 3494 1650 μετανοίας,
3576 1577 3666 1633 καὶ
3726 1578 3842 1643 τίνες

2311 1298 2538 1389 Συνόδου
2582 1303 2807 1368 Νικαίας
2869 1304 3049 1360 κανὼν
3115 1302 3187 1379 θ’,
3236 1304 3326 1362 καὶ
3373 1304 3470 1374 τῆς
3531 1305 3590 1363 ἒν
3644 1304 3842 1389 Ἀγκύρᾳ

507 1660 801 1725 cultatem
829 1659 1093 1724 habeant
1122 1660 1318 1724 dandi
1341 1660 1778 1740 pauitantibus
1806 1658 2142 1722 absolutio-

2247 1657 2410 1719 ἱδιιαν
2508 1661 2698 1742 ἔχουσι
2800 1661 3005 1721 διδόναι
3094 1666 3413 1739 μετανοοῦσι
3499 1664 3840 1745 καταλλαγήν,
3956 1722 3957 1731 η

504 1768 673 1827 nem,
706 1756 764 1814 et
793 1750 953 1831 quod
980 1750 1279 1815 sacerdoti
1309 1748 1491 1815 liceat
1521 1753 1801 1813 minuere
1828 1758 1882 1813 et
1922 1766 2143 1831 augere

2247 1751 2322 1807 ιαὶ
2378 1749 2460 1807 ὅτι
2515 1749 2683 1817 ἔξεστι
2744 1757 2819 1826 τῷ
2872 1755 3012 1832 ἱερεῖ
3070 1753 3257 1832 μειοῦν
3310 1755 3401 1811 καὶ
3451 1753 3629 1821 αὔξειν
3656 1757 3719 1813 τὰ
3744 1756 3841 1814 ἔπι·
3956 1782 3957 1845 ι

504 1856 749 1921 panos.

2247 1840 2405 1915 τίμια.

588 1930 1008 2011 Apostolorum
1034 1948 1227 1993 canon
1251 1931 1352 2007 51,
1386 1929 1464 1991 52
1494 1951 1510 2003 ;
1538 1930 1780 1993 concilii
1811 1929 2036 1993 Nicaeni
2059 1947 2143 1992 ca-

2315 1930 2666 1989 ’Δποστόλων
2692 1932 2871 1990 κανὼν
2911 1931 3023 2013 να’,
3067 1931 3151 2010 νβ’
3186 1948 3203 1964 ⁶
3251 1932 3473 1993 συνόδου
3521 1937 3739 2003 Νικαίας
3764 1960 3846 1994 κα-

506 2038 630 2083 ιιοιι
662 2021 761 2100 11,
787 2018 1156 2098 12;concilii
1177 2020 1481 2102 Ancyrani
1501 2038 1696 2082 canon
1729 2027 1787 2096 ι,
1821 2025 1881 2093 2,
1908 2022 1968 2101 3,
1995 2020 2057 2092 4,
2086 2022 2143 2094 5,

2247 2020 2336 2078 θὼν
2368 2019 2465 2095 ια’,
2514 2021 2587 2099 ιβ’
2622 2040 2637 2056 ⁶
2678 2021 2897 2081 συνόδου
2938 2022 3205 2102 Ἀγκύρας
3251 2024 3425 2083 κανὼν
3468 2024 3552 2105 α’,
3586 2023 3663 2106 β’,
3694 2026 3763 2105 γ’,
3789 2025 3843 2099 δ’,

506 2114 571 2187 6,
600 2111 657 2186 7,
684 2110 745 2191 8,
768 2111 833 2187 9;
858 2109 1100 2172 concilii
1123 2110 1631 2173 Neocaesariensis
1654 2128 1850 2173 canon
1881 2112 1939 2191 1,
1961 2111 2021 2183 2,
2054 2111 2143 2185 11,

2247 2108 2303 2183 ι’,
2337 2108 2439 2184 ς’,
2473 2108 2519 2182 ζ’
2553 2112 2635 2185 η’,
2679 2113 2727 2167 θ’
2758 2133 2769 2148 ·
2820 2110 3039 2169 συνόδου
3095 2114 3518 2194 Νεοκαισαρείας
3576 2117 3744 2173 κανὼν
3786 2113 3844 2190 α’,

508 2199 609 2283 12;
637 2200 879 2266 concilii
901 2199 1389 2281 Carthaginensis
1408 2220 1598 2264 canon
1612 2202 1671 2277 6,
1695 2202 1757 2277 7,
1778 2202 1879 2277 27,
1899 2201 1999 2276 47,
2026 2200 2102 2262 48
2130 2218 2143 2279 ;

2247 2197 2306 2275 ζ’,
2343 2199 2440 2276 ια’,
2492 2201 2541 2279 ιβ
2574 2220 2590 2240 ο
2624 2200 2845 2262 συνόδου
2893 2201 3269 2280 Καρθαγέννης
3322 2205 3506 2262 κανὼν
3530 2202 3638 2286 ς’,
3667 2207 3735 2283 ζ’,
3761 2203 3843 2281 τιζί

509 2290 754 2355 concilii
781 2290 1101 2353 Laodiceni
1145 2309 1337 2354 canon
1368 2297 1404 2353 2
1432 2313 1447 2373 ;
1498 2291 1735 2354 concilii
1768 2292 1926 2354 sexti
1958 2308 2151 2353 canon

514 2381 631 2445 102
662 2401 678 2457 ;
709 2380 913 2443 Basilii
961 2399 1154 2443 canon
1214 2381 1274 2457 5,
1331 2381 1432 2454 34,
1492 2382 1594 2459 74,
1627 2382 1725 2454 75.
1761 2381 1863 2458 76,
1896 2381 1995 2459 8Ξ,
2026 2382 2146 2457 84;

510 2470 781 2548 Gregorii
810 2469 1072 2552 Nysseni
1103 2488 1295 2533 canon
1325 2470 1388 2551 3,
1418 2472 1478 2544 4,
1512 2475 1574 2546 7,
1601 2471 1664 2535 8.

593 2560 843 2624 Toxlus.
877 2558 1129 2621 Constit.
1161 2560 1199 2622 3
1245 2562 1337 2620 tit.
1372 2563 1407 2619 7
1440 2560 1544 2623 lib.
1578 2577 1597 2621 ι
1639 2559 1784 2622 Cod.
1826 2577 1838 2622 :
1875 2559 2149 2636 Sustulit,

511 2658 657 2728 etc.,
688 2667 877 2731 usque
912 2649 990 2711 ad
1019 2666 1303 2712 revocare
1348 2668 1468 2712 non
1498 2650 1699 2729 liceat,
1732 2658 1800 2713 ut
1828 2669 1970 2731 pag.
2006 2650 2148 2711 814.

2232 2379 2409 2436 κανὼν
2453 2381 2537 2458 ρβ⁹
2568 2399 2584 2415 ⁶
2630 2380 2913 2440 Βασιλείου
2956 2382 3134 2439 κανὼν
3172 2381 3243 2457 ε’,
3286 2381 3393 2459 λδ’,
3439 2383 3548 2466 οδ’,
3595 2384 3693 2461 σε’,
3735 2383 3841 2460 ος,

2233 2466 2350 2549 πβ’,
2386 2467 2475 2526 πδ⁹
2506 2486 2523 2503 ⁶
2558 2472 2852 2550 Γρηγορίου
2883 2472 3097 2539 Νύσσης
3127 2474 3306 2529 κανὼν
3336 2473 3414 2550 γ’,
3448 2472 3523 2548 δ’,
3555 2473 3628 2551 ζ’,
3662 2474 3735 2542 η’.

2318 2559 2594 2633 Κείμενον.
2623 2558 2692 2617 Ἦ
2721 2559 2773 2639 γ’
2803 2558 2942 2623 διᾶτ,
2977 2567 3072 2617 τοῦ
3098 2558 3145 2632 ζ’
3196 2564 3305 2625 τίτ.
3350 2570 3445 2621 τοῦ
3493 2562 3550 2621 α’
3594 2563 3731 2638 βιϐλ,
3771 2572 3842 2621 τοῦ

2232 2646 2388 2725 κώδ.,
2425 2648 2663 2728 Ἀνεῐλε,
2698 2672 2753 2714 κ,
2774 2673 2825 2714 τ.
2846 2649 2928 2727 λ.,
2963 2667 3157 2732 usque
3172 2650 3246 2714 ad
3280 2655 3367 2710 καὶ
3392 2651 3547 2731 βιϐλ,
3575 2654 3623 2713 θ’
3650 2656 3746 2720 τίτ,
3773 2654 3841 2731 μζ

2233 2737 2373 2798 διάτ.
2408 2737 2498 2800 ιε’.

587 2829 1232 2894 Scholium.Constit.3
1250 2829 1342 2893 tit.
1364 2832 1397 2889 7
1420 2828 1528 2893 lib.
1550 2846 1570 2892 ι
1592 2828 1866 2893 Cod.non
1886 2838 1975 2892 est
1994 2828 2143 2912 posi-

2312 2828 2573 2909 Σχόλιον,
2604 2828 2671 2888 Ἦ
2700 2830 2755 2910 γ’
2785 2829 2927 2891 διέτ.
2964 2839 3058 2890 τοῦ
3087 2832 3135 2905 ζ’
3169 2833 3274 2896 τίτ.
3332 2840 3428 2890 τοῦ
3470 2835 3530 2891 α’
3588 2831 3728 2913 βιόλ.
3768 2840 3837 2891 τοῦ

510 2929 568 2985 ιιι
589 2921 650 2983 in
675 2921 1227 3002 Basil.,quanquam
1252 2919 1590 2981 istiusmodi
1610 2919 1865 2983 tit.inlib
1895 2937 1972 2982 ιχ
1997 2919 2143 2999 posi-

2247 2916 2364 2982 ιώδ,
2409 2923 2506 2978 οὐκ
2560 2919 2715 2988 ἐτέθη
2774 2922 2850 2987 είς
2909 2922 2974 2980 τὰ
3006 2921 3265 2981 Βασιλικᾶ
3294 2922 3393 2980 κᾶν
3422 2925 3451 2980 δ
3486 2935 3721 2988 τοιοῦτος
3757 2926 3835 2984 sit.

511 3019 606 3073 tus
626 3009 1327 3092 tit.54,cap.43.Nove|la
1347 3010 1667 3072 Iustiniani
1687 3013 1930 3090 37,quze
1946 3010 2022 3071 de
2045 3007 2143 3071 Ec-

2247 3012 2411 3065 ιεῖται
2439 3011 2494 3065 ἓν
2526 3008 2668 3086 βιϐλ.
2703 3008 2748 3075 ξ’
2778 3011 2883 3074 τίτ.
2918 3010 2994 3068 νδ’
3032 3028 3047 3044 ·
3082 3013 3116 3081 ἡ
3148 3008 3204 3067 δὲ
3232 3013 3351 3087 περὶ
3380 3018 3491 3069 τῶν
3539 3013 3838 3080 Ἐκκλησιῶν

512 3100 715 3164 clesiis
735 3099 1032 3165 Africanis
1068 3100 1332 3176 disserit,
1366 3118 1485 3161 non
1530 3110 1623 3162 est
1647 3100 1833 3181 posita
1855 3099 1915 3161 in
1939 3099 2143 3175 Basi|.;

2247 3098 2496 3179 Ἀφρικῆς
2558 3098 2916 3179 διαλεγομένη
2976 3098 3057 3173 λζ’
3118 3103 3281 3181 νεαρὰ
3350 3106 3447 3159 τόῦ
3508 3101 3842 3163 Ἰουστινισνοῦ

511 3191 614 3253 dat
634 3190 927 3271 [interim]
950 3198 1150 3252 tamen
1172 3189 1267 3252 bis
1292 3190 1652 3271 pmnitentim
1676 3202 1932 3269 tempus.
1962 3189 2143 3253 Cons-

2247 3192 2333 3247 )ύκ
2363 3189 2516 3256 ἐτέθη
2564 3191 2639 3254 εἰς
2678 3190 2744 3246 τὰ
2789 3190 3076 3253 Βασιλικά,
3116 3189 3325 3248 Δέδωκε
3379 3189 3435 3247 δὲ
3478 3194 3690 3257 τούτοις
3740 3214 3842 3248 και-

511 3282 606 3344 ιιι.
633 3279 710 3343 34
735 3281 871 3343 titA
896 3279 1004 3342 lib.
1031 3299 1049 3343 ι
1072 3279 1218 3343 Cod.
1247 3297 1366 3342 non
1389 3288 1481 3343 est
1503 3280 1693 3362 posita
1717 3279 1777 3341 in
1802 3279 2143 3343 Basil.Con-

2247 3281 2327 3335 νὸν
2382 3280 2690 3354 μετανοίας.
2727 3279 2791 3337 Ἢ
2851 3280 2930 3338 )δ’
2984 3279 3127 3341 διάτ.
3180 3287 3278 3338 τού
3308 3278 3356 3337 δ’
3385 3282 3494 3342 τίτ.
3532 3284 3586 3351 α’
3615 3280 3750 3360 βιόλ.
3776 3288 3843 3337 τοῦ

511 3370 681 3433 8ιὶιᾶ
706 3369 796 3436 ι1ι.
826 3371 848 3430 1
882 3368 1294 3443 Novellarum,
1321 3378 1410 3432 est
1432 3372 1649 3451 cap.22
1674 3370 1795 3433 tit.1
1832 3369 1936 3433 lib.
1958 3388 2016 3434 Ill
2038 3369 2143 3431 Ba-

2247 3367 2367 3425 ιώδ.
2406 3368 2501 3425 οὒκ
2540 3368 2696 3436 ἐτέθη
2728 3372 2803 3434 εἱς
2837 3372 2902 3429 τὰ
2961 3368 3251 3433 Βασιλικά,
3285 3367 3349 3427 Ἢ
3392 3370 3445 3447 β’
3476 3369 3622 3435 διάτ,
3681 3383 3763 3430 τοῦ
3806 3367 3843 3425 α’

508 3459 635 3535 sil.,
664 3460 821 3541 quod
847 3458 1046 3534 habet,
1080 3467 1146 3520 ut
1169 3459 1227 3520 in
1257 3460 1614 3540 compendio
1636 3461 2004 3541 propositum
2038 3467 2143 3531 estI

2247 3457 2339 3520 τίτ.
2372 3464 2478 3514 τῶν
2508 3466 2751 3540 Νεαρῶν,
2787 3460 2898 3516 ’ἐστι
2931 3482 3056 3538 καφ,
3104 3456 3193 3537 κβ’
3221 3482 3317 3519 του
3346 3458 3399 3516 α’
3440 3462 3554 3525 tit.
3591 3464 3683 3518 τοὖ
3708 3459 3752 3540 γ’
3775 3463 3842 3534 βυ

510 3548 696 3631 [quod
720 3549 909 3626 idem]
928 3568 959 3609 e
979 3549 1216 3612 novella
1234 3548 1554 3611 Justiniani
1586 3550 1897 3630 123.cuius
1916 3550 1989 3611 15
2013 3567 2143 3628 cap.

2247 3546 2324 3607 ςλ.
2370 3553 2476 3603 τῶν
2507 3546 2833 3625 Βασιλικῶν,
2881 3549 3049 3615 οὕτως
3092 3550 3224 3630 ἕχον
3270 3552 3344 3615 ὡς
3404 3554 3713 3626 συνωψίσθη
3757 3550 3838 3605 ἀπὸ

510 3647 601 3702 est
624 3647 964 3721 exemptum
990 3640 1162 3721 [est]
1184 3641 1413 3720 Digest.
1446 3641 1523 3702 ιε
1566 3649 1626 3704 et
1672 3643 1746 3704 13
1796 3641 1884 3702 tit.
1936 3642 2011 3700 19
2042 3639 2143 3705 lib.

2247 3641 2335 3706 τῆς
2395 3636 2513 3717 pq,
2599 3645 2790 3717 νεαρᾶς
2876 3647 2969 3696 τοῦ
3040 3637 3417 3699 Ἰουστινιανοῦ
3474 3641 3725 3720 ἑκκοπὲν,
3774 3639 3837 3694 καὶ

506 3744 685 3793 xum
707 3728 1095 3809 Dig.estcap.
1128 3730 1188 3791 11
1215 3729 1381 3792 111.51
1416 3729 1792 3811 lib.Lx,quod
1812 3730 1898 3792 sic
1932 3728 2143 3791 habet:

2247 3749 2359 3806 ιεφ,
2395 3728 2450 3785 ὅν
2493 3730 2659 3795 αὒτῆς
2693 3728 2783 3790 ιε’.
2814 3731 2875 3785 τὸ
2906 3726 2977 3805 ιβ’
3030 3727 3173 3791 διάτ.
3204 3731 3294 3786 καὶ
3322 3730 3381 3787 τὸ
3421 3729 3498 3808 ιγ’
3531 3738 3625 3788 τοῦ
3656 3732 3717 3787 ιθ⁹
3752 3730 3830 3789 sit.

507 3835 614 3901 pro
639 3820 918 3901 qualitate
935 3817 1138 3882 delicti
1164 3828 1399 3902 oportet
1448 3836 1679 3900 poenam
1721 3818 2090 3902 pronuntiari
2129 3839 2143 3881 :

2247 3825 2327 3874 ιοῦ
2388 3817 2491 3893 μη⁹
2540 3816 2684 3895 βιϐλ.
2733 3824 2840 3875 τῶν
2883 3816 3198 3899 διατάξεων,
3261 3817 3372 3877 ἔστι
3404 3840 3531 3901 acup.
3567 3822 3639 3876 ια’
3666 3828 3749 3878 τοῦ
3771 3816 3833 3874 νι⁹

506 3916 565 3971 et
587 3924 727 3971 vero
751 3908 1020 3989 judicem
1056 3926 1792 3990 nequeseverum,neque
1820 3910 2021 3971 mitem
2048 3928 2143 3989 ap-

2247 3909 2332 3970 τίτ.
2370 3918 2461 3968 τοῦ
2492 3907 2534 3974 ξ’
2565 3907 2710 3986 βιϐλ,
2746 3908 2912 3971 οὕτως
2958 3908 3089 3989 ’έχον
3124 3923 3142 3944 ’
3174 3910 3307 3980 πρὸς
3350 3909 3452 3978 τὴν
3482 3911 3740 3976 ποιότητα
3764 3913 3831 3962 τοῦ

506 4014 741 4079 parere:
769 3998 875 4061 sed
900 3999 959 4059 in
993 3999 1316 4062 levioribus
1347 4000 1543 4062 lenem
1581 4018 1713 4061 esse
1746 4001 1940 4080 ipsum
1963 4018 2143 4079 opor-

2247 3998 2615 4075 ἱμαρτήματος
2696 3997 2781 4056 δεῖ
2861 3998 2958 4067 τὴν
3016 3999 3277 4076 τιμωρίαν
3352 3998 3686 4078 ὲκφέρεσθαι,
3760 3992 3830 4053 καὶ

506 4096 610 4162 tet,
637 4107 705 4150 ac
729 4089 789 4149 in
812 4089 1186 4168 gravioribus
1209 4108 1344 4151 cum
1378 4090 1642 4169 benigno
1676 4098 2143 4170 temperamento

2247 4089 2368 4157 ιήτε
2427 4087 2683 4166 σκληρὸν,
2763 4090 2901 4162 μήτε
2962 4088 3063 4163 μὲν
3148 4088 3382 4169 Ιιλαφρὸν
3439 4091 3708 4170 φαίνεσθαι
3755 4086 3829 4151 τὴν

506 4194 805 4240 severum.
841 4177 911 4239 Et
937 4196 1071 4258 cap.
1098 4180 1194 4239 14:
1223 4178 1335 4251 Qui
1359 4190 1527 4241 extra
1546 4179 1817 4241 ordinem
1845 4180 1921 4241 de
1953 4177 2143 4240 crimi-

2247 4175 2509 4252 Ξικαστὴν,
2557 4178 2697 4247 πλὴν
2728 4178 2785 4233 ἐν
2835 4177 2960 4243 τοῖς
2992 4177 3247 4259 ἐλαφροῖς
3277 4177 3507 4259 ἐλαφρὸν
3538 4180 3678 4237 εἶναι
3708 4175 3830 4233 αὐτὸν

504 4264 682 4327 nibus
701 4268 1259 4347 cognoscit,augere
1284 4277 1343 4330 et
1362 4270 1631 4331 minuere
1654 4286 1885 4348 pmnam
1913 4276 2143 4348 potest:

2247 4267 2341 4341 Ξεῐ,
2371 4267 2459 4326 καὶ
2508 4268 2564 4323 ἑν
2614 4281 2734 4333 τοϊς
2784 4268 3094 4346 βαρυτέροις
3126 4267 3351 4349 σφοδρὸν
3384 4269 3524 4344 μετὰ
3556 4265 3828 4325 καλοθελοῦς

504 4354 587 4417 ita
610 4364 830 4429 tamen,
865 4367 929 4417 ut
952 4357 1011 4417 in
1036 4365 1291 4438 utroque
1314 4358 1550 4438 [modo]
1576 4359 1870 4420 rationem
1898 4377 2014 4418 non
2042 4375 2143 4418 ex-

2247 4358 2581 4437 ιῦμμετρίας.
2633 4361 2731 4416 Καὶ
2784 4380 2907 4424 κεφ.
2970 4358 3037 4415 ιδ’
3103 4360 3162 4417 Ὀ
3221 4356 3593 4437 ἒξτραορδίνεμ
3646 4357 3829 4425 δικάζων

507 4443 711 4549 cedat.“
724 4445 956 4549 Digest.
992 4449 1016 4506 1
1054 4446 1373 4549 tit.‘16.lib.
1408 4464 1583 4549 sum
1614 4448 1745 4549 Dig.
1779 4459 1869 4510 est
1904 4465 2037 4549 cap;
2074 4446 2143 4549 1Q

2247 4446 2534 4526 ιγκλήματι
2584 4446 2780 4526 αὔξειν,
2842 4450 2930 4504 καὶ
2983 4457 3162 4523 μειοῦν
3222 4449 3321 4518 τῂν
3379 4448 3579 4514 ποινὴν
3630 4447 3824 4513 δύναται,

507 4533 600 4597 tit.
636 4540 655 4594 1
698 4533 805 4597 lib.
866 4553 957 4609 ιι,
1018 4536 1177 4617 quod
1211 4536 1372 4598 circa
1403 4537 1583 4599 ﬁnem
1615 4538 1776 4601 dicit.
1814 4538 1972 4618 quod
2009 4537 2143 4599 facti

2247 4536 2371 4594 ὗστε
2424 4536 2605 4613 μέντοι
2659 4536 2753 4594 ἐπὶ
2796 4538 3048 4617 ἑκατέρου
3107 4538 3183 4610 μὴ
3243 4535 3547 4617 παρεξιέναι
3598 4537 3690 4604 τὴν
3732 4553 3831 4604 συμ-

504 4624 747 4706 quidem
781 4630 1024 4708 quaestio
1064 4625 1256 4706 judici
1288 4627 1608 4689 commissa
1638 4628 1737 4703 sit;
1771 4629 1916 4707 legis
1949 4635 2143 4689 autem

2247 4629 2471 4704 ιετρίαν,
2522 4630 2593 4685 Τὸ
2637 4625 2690 4683 α’
2734 4626 2874 4690 διάτ.
2915 4638 3008 4686 τοῦ
3040 4627 3140 4702 ις’
3174 4629 3280 4691 τίτ,
3315 4634 3408 4684 τοῦ
3439 4623 3540 4701 μη’
3584 4625 3719 4703 stet.
3749 4623 3828 4676 τῶν

504 4716 845 4797 persecutio
880 4735 998 4777 non
1031 4715 1204 4779 item.
1251 4714 1367 4780 Tit.
1406 4721 1464 4791 1,
1520 4717 1629 4781 lib.
1660 4735 1698 4779 ι.
1753 4718 1890 4797 Dig.
1924 4718 2143 4797 positus

2247 4717 2368 4778 ἴιάτ.
2430 4716 2540 4773 ἔστι
2598 4739 2721 4797 κειρ,
2778 4716 2813 4772 ι’
2846 4728 2938 4778 τοῦ
2966 4715 3020 4773 α’
3051 4720 3157 4781 τίτ,
3190 4726 3284 4776 τοῦ
3313 4715 3357 4782 ξ’
3386 4714 3536 4793 βιόλ.
3569 4715 3716 4793 λέγον
3740 4710 3829 4787 περὶ

505 4815 595 4867 est
626 4806 685 4868 in
717 4804 829 4867 lib.
860 4823 949 4867 Liv
972 4805 1186 4881 Basil.,
1224 4807 1316 4871 tit.
1341 4808 1400 4882 1,
1427 4826 1557 4888 cap.
1596 4815 1620 4869 1
1669 4829 1684 4880 ;
1713 4808 1813 4887 dig
1844 4816 2040 4869 autem
2074 4808 2143 4869 15

2247 4810 2289 4864 ςὸ
2317 4807 2471 4872 τέλος
2496 4809 2570 4869 ὡς
2600 4809 2633 4874 ἡ
2667 4808 2764 4881 μὲν
2814 4807 2911 4874 τῆς
2971 4807 3270 4870 ὅποθέσεως
3321 4808 3551 4878 ζήτησις
3584 4804 3824 4879 ἐπιτέτρα-

504 4895 791 4959 omissum
850 4902 960 4958 est.
1028 4896 1274 4960 Constit.
1323 4899 1348 4958 1
1392 4897 1481 4959 tit.
1516 4898 1594 4959 50
1625 4896 1731 4972 lib,
1765 4915 1847 4960 vn
1880 4896 2023 4959 Cod.
2060 4904 2143 4958 est

2247 4921 2359 4954 πται
2390 4905 2466 4972 τῷ
2523 4896 2747 4974 δικαστῇ
2803 4902 2864 4956 οὗ
2915 4897 3012 4971 μὲν
3044 4899 3077 4964 ἦ
3137 4908 3230 4957 τοῦ
3285 4897 3452 4969 νόμου
3509 4895 3823 4960 ὶπεξὲλευσις.

505 5002 637 5066 cap.
672 4985 750 5049 86
777 4986 862 5047 tit.
901 4987 927 5046 1
968 4985 1077 5049 lib.
1108 5003 1165 5049 Ix
1198 4986 1405 5061 Basil.,
1441 4987 1598 5067 quod
1629 4986 1716 5049 sic
1754 4986 1934 5049 habet
1970 5004 1983 5046 :
2023 4985 2143 5049 Ne-

2247 4991 2292 5046 Ὀ
2324 4986 2377 5044 δὲ
2411 4985 2462 5043 α’
2492 4990 2595 5047 τίτ.
2636 4997 2731 5047 τοῦ
2758 4987 2805 5040 ν’
2837 4985 2983 5065 βιϐλ.
3011 4993 3118 5042 τῶν
3150 4985 3290 5048 διατ.
3327 4985 3482 5052 ὶτὲθη
3514 4986 3590 5048 εἰς
3616 4980 3746 5061 βιϐλ.
3768 4975 3825 5031 νί¹

506 5089 621 5152 que
673 5072 1011 5136 decessoris
1064 5094 1259 5157 neque
1314 5094 1482 5137 suam
1539 5076 1896 5138 sententiam
1931 5095 2143 5157 quem-

2247 5083 2336 5134 τῶν
2380 5077 2681 5135 Βοίσιλικῶν
2717 5079 2818 5138 τίτ,
2868 5076 2919 5133 α’
2955 5098 3076 5155 κεφ.
3115 5075 3164 5132 α’
3204 5078 3266 5132 τὸ
3303 5073 3371 5132 ιε’
3430 5075 3571 5137 διάτ.
3616 5070 3822 5149 παρείθη.

503 5178 681 5241 quam
716 5181 997 5226 revocare
1030 5183 1224 5244 posse,
1258 5166 1319 5227 in
1353 5166 1599 5227 dubium
1637 5185 1755 5228 non
1790 5166 1989 5228 venit:
2033 5184 2143 5227 nec

2253 5175 2295 5225 Η
2340 5169 2393 5226 α’
2424 5167 2563 5227 διάτ.
2625 5177 2715 5227 τοῦ
2766 5168 2814 5225 ν’
2856 5167 2960 5229 τίτ.
3017 5172 3113 5222 τοῦ
3169 5164 3216 5238 ζ’
3260 5164 3409 5241 βιϐλ.
3444 5175 3537 5225 τοῦ
3565 5161 3712 5236 κώδ.,
3739 5159 3822 5214 ἔστι

501 5248 578 5310 ab
609 5250 954 5338 hujusmodi
1017 5254 1264 5316 decreto
1323 5257 1803 5336 provocationem
1862 5256 2140 5338 proponi,

2247 5279 2347 5337 ιεφ,
2397 5258 2516 5332 reg"
2563 5268 2658 5318 τοῦ
2701 5257 2753 5315 α’
2799 5258 2902 5320 τίτ,
2934 5266 3026 5315 τοῦ
3054 5256 3099 5313 θ’
3134 5254 3282 5332 βιϐλ.
3317 5261 3427 5312 τῶν
3457 5253 3739 5312 Βασιλικῶν
3762 5245 3825 5301 οὔ·

501 5337 794 5417 exploratl
847 5342 1004 5420 juris
1062 5351 1173 5404 est.
1234 5344 1488 5407 Constit.
1547 5349 1621 5411 15
1673 5349 1762 5410 tit.
1825 5349 1901 5409 4'7
1948 5346 2051 5408 lib.
2087 5364 2143 5407 Ix

2247 5370 2332 5412 τως
2389 5347 2522 5427 ἕχον
2558 5364 2572 5380 ⁸
2636 5344 2768 5405 Οὔτε
2828 5346 2926 5414 τῆν
2960 5352 3053 5403 τοῦ
3085 5343 3545 5423 προηγησαμένου
3573 5342 3821 5418 ἀπόφασιν,

499 5427 652 5519 Cod.
685 5438 776 5519 est
802 5449 937 5511 cap.
994 5433 1072 5493 155
1124 5433 1213 5497 tit.
1263 5439 1327 5495 51
1373 5437 1477 5497 111).
1511 5455 1586 5498 Lx
1618 5438 1828 5511 Basil.,
1866 5435 2023 5519 quod
2056 5436 2141 5497 sic

2247 5438 2343 5493 ιῦτε
2373 5438 2474 5505 τὴν
2533 5438 2668 5493 ἰδίαν
2723 5435 2970 5492 δύνασθαί
3020 5457 3142 5491 τινα
3172 5433 3558 5491 ἀνακαλεῖσθαι
3588 5433 3658 5495 εἰς
3684 5429 3820 5519 ἄμφι·

496 5515 641 5579 dicit
681 5538 694 5581 :
730 5517 967 5581 Poenam
1000 5539 1288 5585 revocare
1319 5525 1558 5605 praesidi
1590 5547 1708 5587 non
1749 5512 1910 5589 licet.
1967 5526 2140 5599 Qum-

2247 5527 2407 5584 ἶολίαν
2467 5530 2527 5585 οὒ
2586 5517 2826 5607 φέρεται,
2882 5524 3029 5592 Μηδὲ
3074 5526 3181 5581 ἀπὸ
3225 5529 3324 5591 τῆς
3369 5524 3614 5588 τοιαύτης
3643 5512 3819 5593 ami-

491 5622 590 5672 ηε
622 5609 799 5671 etiam
833 5611 923 5672 tit.
959 5611 1037 5672 50
1067 5613 1339 5693 ejusdem
1387 5630 1463 5676 ιιι
1499 5615 1631 5692 111).,
1665 5634 1797 5698 cap.
1848 5624 1900 5695 1,
1937 5617 2141 5680 thema

2247 5641 2354 5683 ἐιυς
2415 5618 2720 5696 προτιθέναι
2795 5616 3063 5685 ἔκκλητον
3124 5614 3351 5696 φανεροῦ
3409 5614 3628 5692 νομίμου
3682 5608 3817 5663 ἔστιν.

2232 2288 2357 2383 ιη’,
2388 2293 2507 2383 p.13"
2524 2310 2545 2383 μ’
2574 2291 2794 2383 συνόδου
2846 2290 3157 2383 Δαοδιλείας
3205 2294 3396 2383 ,καγξῖιξν
3426 2293 3482 2372 β’
3513 2295 3727 2353 συνόδου
3762 2293 3842 2374 Ct
