3930 6218
161 339 292 408 n41
1042 344 1538 412 NOMOCANON.
1589 379 1661 392 —
1713 344 1872 410 TIT.
1938 346 2046 427 1X,
2092 348 2260 413 CAP.
2306 345 2589 413 XXXIX.
3046 328 3047 333 ‘
3160 352 3169 357 -
3353 344 3507 414 1142

155 476 212 536 Ἠ
252 475 313 534 ιε’
356 473 494 537 διάτ.
538 484 634 536 106
675 473 763 551 μζ⁹
806 475 908 540 τίτ.
943 483 1037 535 τοῦ
1066 478 1112 535 θ’
1142 476 1286 555 βιϐλ.
1323 481 1416 536 106
1462 476 1623 559 κώδ,,
1668 476 1707 534 Et

1947 495 2002 555 :.,
2046 489 2103 543 et
2129 481 2235 545 lib.
2270 499 2372 559 vn,
2410 483 2500 545 tit.
2538 484 2601 564 ἓ,
2638 501 2778 563 cap.
2818 482 2922 561 20,
2953 490 3015 545 et
3043 477 3149 546 lib.
3194 466 3278 562 ix,
3302 474 3407 545 tit.
3444 484 3499 559 1,

149 588 257 646 κεφ,
317 564 387 623 γε’
429 574 524 625 106
584 565 666 623 να⁹
731 566 832 623 τίτ.
907 573 1002 624 106
1044 566 1088 634 ξ’
1131 566 1280 646 βιϐλ.
1325 575 1434 626 τῶν
1477 567 1701 626 Βασιλικ

1702 573 1781 623 ῶν
1865 585 1995 649 cap.
2027 571 2105 633 84
2132 580 2192 632 et
2224 571 2361 651 127,
2399 586 2458 634 et
2492 571 2600 634 lib.
2635 588 2745 649 va,
2783 572 2873 635 tit.
2902 577 2962 648 8,
2997 590 3128 653 cap.
3155 571 3254 635 29.

150 658 276 715 οὕτω
316 655 495 735 λέγον⁹
560 656 670 723 Τὴν
727 657 987 734 τιμωρίαν
1044 661 1138 717 οὒκ
1196 656 1366 724 ἔξεστι
1411 665 1490 733 τῷ
1531 658 1755 738 ἄρχοντι
1828 657 2236 722 ἀνακαλεῖσθαι.
2295 665 2452 733 Ζήτει
2507 663 2602 720 καί
2660 666 2763 726 τίτ,
2838 661 2884 718 ν’
2941 670 3034 720 τοῦ
3074 664 3231 721 αὐτοῦ
3271 661 3317 728 ξ’
3354 660 3500 739 βιϐλ.

146 767 257 825 κεφ.
303 746 353 800 α’
381 743 517 820 θέμα
548 743 860 805 τελευταῖον
896 748 984 803 καί
1026 744 1173 825 pta.
1234 746 1279 819 ζ’
1327 747 1430 811 τίτ.
1478 746 1530 824 β’
1566 769 1682 827 κεφ.
1720 744 1771 804 κ’
1815 750 1903 803 καὶ
1944 748 2090 825 βιϐλ,
2124 751 2173 807 θ’
2215 753 2319 814 τίτ.
2373 749 2425 809 α’
2458 774 2579 832 κεφ,
2618 749 2705 815 πδ’
2733 753 2821 809 καὶ
2870 751 3006 831 ρκζ³,
3039 752 3127 808 καὶ
3174 748 3319 827 βιϐλ.
3367 751 3497 827 νςη,

144 835 240 894 τίτ.
271 834 354 915 η’,
384 856 505 894 xeo.
540 832 645 893 κθ’.

211 927 479 999 Κείμενον.
525 922 618 981 Ἐν
660 922 717 980 δὲ
767 931 838 1000 τῷ
907 925 998 1002 με’
1057 925 1384 1004 διατάγματι
1426 933 1521 985 τοῦ
1563 927 1617 984 α’
1660 927 1763 988 τίτ.

1945 925 2187 994 Textus.
2247 929 2313 992 In
2360 930 2577 1009 digest.
2638 929 2718 991 45
2750 930 2837 992 tit.
2882 930 2902 992 1
2946 927 3053 993 lib.
3083 944 3224 1005 XLII,
3259 947 3497 1010 pamam

139 1021 223 1072 106
263 1013 352 1091 μβ’
393 1010 538 1090 βιϐλ.
571 1014 756 1093 φησὶν,
805 1037 856 1075 κ.
893 1038 943 1076 τ.
976 1013 1063 1096 λο,
1094 1033 1289 1097 usque
1308 1014 1386 1079 ad
1417 1016 1453 1086 ἢ
1497 1016 1691 1096 chba]

1948 1018 2169 1094 Itentia,
2207 1029 2354 1100 etc.,
2387 1038 2574 1099 usque
2601 1019 2689 1082 ad
2741 1027 2843 1081 aut
2886 1036 3121 1099 poenam
3158 1017 3395 1093 minuit,
3427 1026 3500 1082 ut

137 1104 303 1184 αὐτὸν,
336 1104 371 1172 ἦ
402 1116 552 1179 μειοῖ
578 1104 681 1172 τὴν
710 1105 928 1175 ποινήν,
1844 1122 1995 1186 pag.
2027 1108 2170 1184 814,
2199 1110 2342 1174 815.

210 1191 465 1274 Σχόλιον.
498 1195 569 1253 To
613 1192 701 1269 με’
746 1192 885 1259 διάτ,
934 1205 1028 1256 106
1073 1195 1126 1253 α’
1169 1197 1275 1261 τίτ,
1320 1206 1416 1256 τοῦ
1463 1194 1556 1273 μβ⁹
1585 1195 1758 1277 βιὸλ.,

1942 1196 2267 1263 Scholium.
2308 1199 2534 1280 Digest.
2569 1200 2648 1264 45
2678 1200 2769 1264 tit.
2822 1200 2848 1260 l
2887 1197 2994 1262 lib.
3020 1214 3139 1263 XLII
3173 1206 3266 1263 est
3295 1200 3494 1264 thema

138 1284 238 1342 ’ἐστι
277 1284 410 1359 θέμα
443 1282 836 1361 παρατέλευτον
883 1295 978 1346 τοῦ
1022 1283 1142 1360 pg"
1175 1307 1294 1366 ιιεφ.
1330 1286 1423 1344 106
1450 1287 1504 1365 γ’
1533 1288 1639 1349 τίτ.
1671 1310 1690 1344 1

1934 1287 2075 1351 nult.
2109 1308 2242 1370 cap.
2294 1290 2373 1353 46
2404 1290 2495 1353 tit.
2552 1289 2589 1352 3
2618 1288 2726 1352 lib.
2759 1307 2816 1351 Ix
2847 1288 3058 1364 Basil.,
3093 1288 3252 1370 quod
3284 1289 3486 1366 habet,

136 1374 179 1432 θ’
216 1372 357 1452 βιϐλ.
432 1374 541 1430 τῶν
605 1372 908 1431 Βασιλικῶν
976 1376 1144 1441 οὕτως
1192 1375 1324 1457 ἔχον
1380 1379 1454 1439 ὡς
1523 1377 1688 1457 ὶγράφ

1936 1378 2143 1440 omodo
2196 1379 2488 1460 scriptum
2541 1388 2657 1443 est.
2696 1377 3096 1459 Interrogabit
3140 1397 3277 1441 vero
3319 1380 3488 1460 quis-

137 1464 419 1543 Ἐρωτήσει
464 1461 520 1521 δέ
576 1484 654 1530 τις
709 1466 795 1521 καὶ
853 1464 953 1540 μὲν
1010 1468 1072 1523 τὸ
1128 1466 1501 1546 καταστρωοὲν
1544 1466 1689 1525 ὅπισε

1938 1484 2027 1543 ,m,
2055 1487 2188 1530 cum
2214 1488 2348 1550 cap.
2391 1471 2465 1532 l3
2497 1470 2591 1534 tit.
2626 1469 2693 1532 51
2737 1468 2846 1531 lib.
2879 1486 2981 1545 1.x,
3012 1468 3190 1549 paulo
3222 1478 3360 1532 ante
3391 1472 3490 1531 in-

136 1554 200 1633 ιγ’
227 1576 344 1634 κεφ.
375 1560 472 1610 τοῦ
503 1550 585 1611 να’
615 1552 721 1615 τίτ.
753 1561 846 1611 106
884 1551 927 1620 ξ’
980 1553 1126 1630 βιϐλ,
1184 1555 1329 1636 λέγει
1372 1555 1619 1614 δύνασθαι
1661 1579 1688 1614 τ

1941 1565 2095 1631 tum,
2124 1558 2393 1638 judicem
2424 1578 2643 1639 augere
2670 1568 2729 1622 et
2756 1560 3029 1621 minuere
3053 1577 3287 1640 pmnam
3314 1577 3493 1641 posse

133 1643 372 1712 δικαατὴν
433 1642 606 1710 αὔξειν
677 1647 764 1700 καὶ
827 1647 1011 1720 μειοῦν
1067 1647 1169 1714 τὴν
1224 1648 1444 1716 ποινήν.
1491 1652 1612 1711 Πῶς
1668 1669 1685 1704 c

1935 1657 2023 1727 at,
2058 1668 2173 1730 qua
2201 1649 2433 1711 ratione
2464 1650 2562 1711 hic
2594 1649 2830 1711 dicatur
2869 1649 3239 1710 centrarium
3269 1670 3285 1725 ;
3344 1667 3487 1711 sane

133 1734 334 1791 ἐνταῦθα
388 1733 539 1812 λέγει
590 1734 653 1791 τὸ
696 1732 958 1815 ἐναντίον,
1011 1738 1036 1792 ὃ
1081 1735 1180 1810 μὲν
1222 1733 1449 1808 δικάζω)
1506 1735 1685 1811 ἑξτραο

1931 1757 1979 1799 Ὀ
2011 1740 2112 1820 qui
2144 1740 2624 1803 extraordinario
2671 1740 2747 1802 de
2800 1739 3055 1801 crimine
3079 1737 3337 1820 judicat,
3371 1757 3483 1801 au-

131 1822 341 1900 διναρίου
415 1822 667 1901 ἔγκλημα
738 1821 954 1881 δύναται
1017 1823 1192 1892 αὔξειν
1254 1827 1342 1882 καὶ
1418 1833 1601 1902 μειοόν
1657 1849 1683 1883 τ

1934 1846 1984 1890 re
2016 1837 2074 1891 et
2123 1829 2398 1893 minuere
2455 1847 2690 1911 prenam
2745 1837 2990 1910 potest:
3046 1829 3150 1909 qui
3180 1836 3378 1890 autem
3409 1828 3486 1891 de

129 1915 324 1988 ποινὴν¹
368 1916 399 1971 ὁ
441 1911 499 1970 δὲ
554 1911 641 1968 διὰ
683 1919 792 1969 τῶν
842 1913 1259 1992 ἔγκληματικῶς
1317 1915 1566 1994 ὶνορδίνῳ
1615 1917 1681 1974 ὑπ

1933 1917 2144 1981 linaria
2174 1937 2375 1996 causa,
2413 1938 2544 2000 quae
2576 1938 2646 1981 ex
2670 1918 2801 1999 lege
2832 1918 3142 1981 deﬁnitam
3176 1925 3236 1979 et
3256 1923 3485 1981 certam

125 2004 247 2060 Θὶσει
274 2004 379 2060 ἀπὸ
418 2003 585 2079 νόμου
616 2001 824 2083 ἔχοόσῃ
875 2002 1180 2078 ὡρισμένην
1240 2005 1435 2073 ποινὴν
1493 2008 1553 2063 06
1594 2004 1677 2063 δύν

1933 2026 2075 2069 τηειηι
2109 2007 2310 2083 habet,
2346 2008 2744 2071 criminaliter
2768 2007 3024 2089 judicat,
3048 2008 3109 2070 id
3134 2009 3332 2072 facere
3363 2026 3485 2071 non

124 2115 198 2149 ται
246 2100 394 2151 τοῦτο
458 2106 658 2151 ποιεῖν.
706 2092 781 2148 Ἥ
828 2093 943 2150 εἰπὲ
976 2091 1058 2150 ὅτι
1116 2095 1220 2172 πρὸ
1282 2095 1381 2169 μὲν
1431 2095 1674 2174 ἆποφάσε

1925 2103 2062 2158 test.
2087 2097 2205 2158 Aut
2235 2097 2425 2172 dicas,
2461 2096 2620 2178 quod
2652 2106 2791 2160 ante
2821 2097 3187 2160 sententiam
3234 2096 3477 2177 quidem

120 2181 313 2240 δύναται
345 2182 524 2246 αὔξειν
552 2182 650 2238 καὶ
703 2188 887 2256 μειοῦν
942 2181 1042 2250 τὴν
1093 2183 1309 2255 ποινὴν,
1343 2182 1443 2240 κᾶν
1475 2184 1672 2262 ὡρισμὲ

1928 2203 2054 2261 gere
2087 2194 2144 2248 et
2174 2187 2450 2250 minuere
2482 2205 2742 2267 poenam,
2788 2188 2968 2249 etiam
3019 2204 3054 2249 a
3088 2185 3220 2265 lege
3253 2186 3480 2248 delini-

119 2272 212 2330 ἆπὸ
250 2275 339 2330 106
380 2272 553 2347 νόμου
584 2272 720 2331 ἔστι.
756 2271 905 2329 Μετὰ
935 2270 990 2328 δὲ
1032 2273 1131 2341 τὴν
1173 2272 1443 2352 ἀπόφασιν
1486 2274 1545 2330 οὒ
1589 2271 1671 2331 δόν

2019 2275 2205 2356 possit
2238 2298 2252 2340 :
2288 2284 2420 2357 post
2449 2276 2808 2338 sententiam
2842 2284 3040 2337 autem
3071 2293 3190 2337 non
3227 2273 3419 2354 possit
3458 2295 3472 2338 :
3540 2336 3546 2339 .

119 2385 216 2426 ται,
286 2363 560 2421 Πέπαυται
604 2364 703 2442 γὰρ
747 2369 840 2419 τοῦ
902 2361 1047 2419 εἶναι
1108 2361 1389 2433 δικαστής.
1442 2364 1546 2423 Καὶ
1598 2365 1671 2435 ζήλ

1927 2364 2013 2425 siit
2044 2372 2205 2428 enim
2239 2384 2374 2428 esse
2397 2366 2609 2445 judex.
2643 2363 2939 2438 Quorsum
2969 2382 3205 2445 quaeras
3232 2383 3367 2446 cap.
3402 2364 3479 2426 l4

120 2475 231 2533 κεφ.
272 2451 359 2527 ιδ’,
388 2460 488 2510 τοῦ
522 2451 680 2512 αὖ»τοῦ
710 2450 793 2509 να’
840 2453 944 2515 τίτ.
992 2454 1086 2510 106
1136 2450 1180 2519 ξ’
1210 2450 1356 2530 βιϐλ.
1393 2453 1534 2510 οὕτω
1562 2451 1672 2510 λύσι

1926 2456 2104 2516 ιειὶυιιι
2139 2456 2208 2517 51
2248 2455 2405 2517 tituli
2437 2455 2541 2518 lib.
2593 2473 2697 2519 Lx.
2747 2456 2989 2536 [Atque]
3022 2455 3085 2516 in
3116 2454 3276 2517 hunc
3308 2454 3478 2535 [qui-

122 2544 281 2599 καὶτὸ
309 2542 363 2611 η’
404 2542 545 2613 θέμα
588 2550 683 2600 106
726 2541 799 2622 ιγ’
860 2563 981 2623 κεφ.
1036 2549 1129 2599 τοῦ
1157 2541 1245 2599 xz,
1275 2540 1424 2620 βιὸλ,
1456 2544 1544 2600 καὶ
1587 2545 1649 2600 τὸ

1923 2549 1995 2621 m]
2029 2545 2271 2607 modum
2305 2544 2499 2607 solvas
2530 2553 2591 2607 et
2614 2548 2650 2606 8
2687 2546 2891 2607 thema
2919 2562 3052 2624 cap.
3091 2543 3164 2604 t3
3194 2544 3285 2606 tit.
3308 2543 3345 2607 2
3367 2543 3475 2607 lib.

121 2630 259 2689 καὶό’
290 2655 408 2713 κεφ.
439 2640 539 2690 106
569 2628 621 2710 γ’
663 2631 767 2694 τίτ.
825 2630 920 2688 106
977 2635 1137 2690 αὐτοῦ
1194 2629 1340 2708 βιϐλ.
1388 2633 1460 2691 Τὸ
1507 2633 1558 2688 α’
1602 2631 1673 2689 διά

1921 2651 1932 2695 t
1962 2646 2020 2697 et
2045 2635 2082 2697 3
2110 2646 2289 2717 atque
2320 2637 2354 2697 4
2387 2654 2519 2715 cap.
2556 2642 2642 2697 tit.
2681 2635 2719 2697 3
2759 2634 3031 2714 ejusdem
3065 2633 3226 2696 libri.
3248 2632 3473 2713 Digest.

120 2725 199 2778 τοῦ
242 2721 316 2790 ιη’
360 2724 465 2784 τίτ.
509 2728 604 2779 106
647 2718 748 2795 μη’
779 2720 953 2802 βιϐλ,,
986 2721 1099 2778 ἔστι
1130 2722 1264 2797 Θέμα
1299 2718 1365 2778 ιϐ’
1400 2724 1494 2779 106
1523 2720 1575 2779 α’
1604 2744 1672 2780 κει

1923 2723 1989 2787 it.
2024 2726 2099 2789 18
2123 2725 2226 2787 lib.
2258 2742 2435 2789 xcvm
2467 2734 2556 2787 est
2585 2724 2785 2787 thema
2816 2724 2891 2787 19
2915 2741 3052 2804 cap.
3086 2726 3110 2784 l
3147 2723 3234 2785 tit.
3261 2718 3338 2783 50
3363 2722 3470 2787 lib.

121 2810 197 2867 106
219 2810 261 2865 ν’
294 2816 388 2874 τίτ.
422 2818 521 2869 τοῦ
552 2808 594 2876 Ξ’
644 2808 791 2887 βιϐλ.
843 2813 909 2869 τὰ
967 2811 1099 2867 αὖτὰ
1158 2808 1317 2889 λέγον
1363 2811 1464 2885 ὅσα
1507 2816 1673 2889 συνωιι

1923 2815 2121 2895 ,(ιυοά
2183 2815 2393 2878 eadem
2456 2815 2623 2889 dicit,
2687 2832 2819 2896 quae
2849 2813 2911 2875 in
2943 2812 3307 2892 compendio
3335 2820 3475 2876 sunt

118 2904 318 2966 σθησαν.
378 2902 451 2959 Τὸ
497 2897 544 2957 θ’
589 2898 729 2962 διᾶτ,
774 2907 869 2956 τοῦ
926 2902 1083 2957 αὐτοῦ
1138 2899 1244 2961 τίτ.
1300 2900 1396 2957 καὶ
1451 2899 1597 2978 βιϐλ.
1643 2925 1670 2959 τ

1915 2904 2165 2985 opositu.
2199 2905 2426 2985 Digest.
2452 2904 2489 2968 9
2519 2903 2607 2965 tit.
2645 2904 2719 2968 19
2750 2902 3020 2983 ejusdem
3050 2901 3156 2967 lib.
3188 2898 3323 2980 Dig.
3348 2921 3467 2965 non

117 2988 235 3050 διατ.
266 2995 359 3047 οὸκ
382 2991 544 3057 ἐτέθη
576 2990 647 3051 εἷς
677 2990 745 3045 τὰ
776 2989 1059 3052 Βασιλικᾶ,
1094 2990 1166 3047 Τὸ
1197 2987 1277 3061 κζ’
1338 3011 1461 3070 κεφ.
1524 2994 1618 3048 τοῦ

1955 2995 2212 3074 positum
2241 2994 2299 3055 in
2346 2993 2526 3057 Basil.
2571 2992 2801 3070 Digest.
2853 2993 2929 3054 927
2981 2991 3255 3071 ejusdem
3287 2991 3380 3056 tit.
3412 3003 3476 3055 et:

112 3079 203 3141 τὶτ.
242 3083 329 3137 106
369 3078 470 3156 μη’
504 3078 651 3156 βιῧλ.
684 3078 791 3136 τῶν
822 3075 1137 3159 διατάξεων,
1186 3079 1298 3136 ’ἐστι
1356 3080 1493 3157 θὲμα
1552 3080 1603 3158 β’
1652 3104 1664 3131 η

1923 3131 1935 3144 .
1974 3084 2105 3162 Dig.
2142 3093 2229 3146 est
2264 3084 2466 3146 thema
2498 3083 2537 3145 2
2567 3101 2699 3163 cap.
2729 3083 2806 3145 Ἦ
2841 3081 2930 3143 tit.
2964 3080 3034 3144 51
3065 3079 3171 3146 lib.
3197 3081 3469 3162 Lx,quod

118 3168 184 3241 ιζ’
210 3191 322 3250 κεφ.
355 3178 446 3228 τοῦ
480 3162 565 3226 να’
598 3169 701 3231 τίτ.
737 3176 832 3227 106
869 3167 914 3236 ξ’
943 3168 1093 3246 βιϐλ.
1129 3169 1299 3234 οὕτως
1332 3169 1489 3250 ἔχον,
1525 3168 1650 3228 Ἐὰν

1910 3198 1914 3230 ι
1946 3173 2125 3236 habet
2160 3191 2174 3236 :
2231 3172 2349 3235 Sed
2396 3162 2757 3235 decuriones
2788 3173 2876 3234 vel
2919 3170 3286 3252 principales
3312 3171 3462 3233 civi-

113 3259 520 3338 πολιτευόμενοι,
551 3259 586 3327 ’ἡ
630 3262 678 3317 οἱ
732 3264 829 3328 τῆς
879 3258 1090 3325 πόλεως
1135 3261 1496 3338 πρωτεύοντες
1553 3262 1665 3330 ἁμά

1911 3281 2006 3323 um
2069 3262 2326 3342 capitale
2381 3263 2608 3344 aliquid
2664 3263 3065 3335 committant,
3101 3260 3187 3324 uti
3219 3260 3456 3334 exsilio,

112 3370 224 3406 τωσι
251 3373 297 3407 τι
327 3349 623 3429 κεφαλικὸν
654 3351 727 3413 ὡς
771 3348 944 3415 ἀξίους
1004 3350 1191 3416 αὖτοὺς
1242 3351 1387 3407 εἶναι
1421 3349 1643 3429 ὲξορίας,

1915 3353 2208 3430 egatione,
2241 3360 2342 3414 aut
2372 3351 2612 3433 capitali
2645 3369 2820 3432 paena
2852 3351 3016 3432 digni
3048 3352 3196 3427 sint,
3228 3358 3467 3432 oportet

114 3450 453 3521 πριορισμοῦ,
501 3438 540 3507 ἧ
572 3438 866 3520 κεφαλικῆς
897 3440 1182 3517 τιμωρίας,
1216 3436 1303 3496 δεῖ
1352 3440 1445 3495 τὸν
1494 3438 1663 3519 ἄρχον

1906 3442 2132 3503 nsidem
2166 3460 2270 3503 eos
2299 3442 2527 3503 vinctos
2554 3442 2880 3517 custodire,
2929 3453 2990 3504 et
3011 3441 3084 3503 ad
3120 3441 3458 3521 principem

112 3525 393 3605 δεδεμένους
423 3528 620 3592 αὐτοὺς
651 3527 959 3608 φυλάττειν,
1009 3530 1098 3585 καὶ
1150 3527 1428 3608 ἀναφέρειν
1485 3532 1560 3601 τῷ
1619 3535 1664 3585 B:

156 3616 174 3631 \
396 3626 422 3631 ._
573 3617 586 3631 Ι
753 3623 777 3631 ο.
827 3616 841 3631 1
1028 3621 1055 3631 υ
1187 3615 1201 3631 \
1299 3616 1311 3631 \
1416 3613 1431 3631 9
1485 3612 1499 3631 9
1584 3616 1600 3631 Ο

1902 3529 2070 3603 'erre,
2103 3528 2386 3591 relationi
2406 3529 2688 3610 adjuncta
2710 3533 2769 3590 in
2795 3530 2959 3610 ipsos
2988 3530 3107 3631 lata
3135 3534 3454 3631 sententia.

112 3616 235 3674 σιλεῑ
262 3617 689 3697 προσζευγνύντα
715 3623 786 3693 τῇ
818 3616 1059 3701 ἀναφορᾷ
1104 3615 1201 3673 καί
1261 3616 1358 3684 τὴν
1413 3612 1499 3672 ἐπ’
1545 3616 1664 3674 αὖτε

1907 3638 2039 3682 ema
2062 3629 2258 3682 autem
2316 3627 2335 3680 l
2378 3620 2650 3701 ejusdem
2686 3620 2776 3681 tit.
2812 3621 2894 3681 ait
2941 3640 2956 3680 :
2989 3618 3281 3681 Praisides
3311 3635 3458 3680 sen-

112 3694 311 3786 +1.?on
348 3712 419 3768 Τὸ
480 3694 540 3764 δὲ
584 3704 637 3764 α’
685 3706 821 3784 θὲμα
864 3694 958 3763 106
978 3694 1147 3765 ἀὐτοῦ
1175 3727 1299 3785 κεφ,
1332 3702 1413 3777 κζ’
1442 3706 1627 3786 φησὶν,

1897 3709 2026 3771 itias
2068 3727 2206 3771 suas
2240 3694 2594 3772 rescindere
2640 3718 2947 3790 nequeunt
2980 3731 2994 3769 :
3024 3720 3083 3772 et
3112 3725 3243 3789 quae
3268 3706 3449 3771 dein-

110 3792 342 3874 ἆρχοντες
367 3799 460 3861 τὰς
495 3794 630 3860 ἰδίας
682 3797 978 3874 ἀποφάσεις
1036 3794 1350 3875 ἀνατρέπειν
1385 3794 1444 3853 οὗ
1486 3793 1662 3853 δύνατε

1410 3794 1444 3851 ιῦ
1486 3793 1724 3878 δύναται,
1812 3817 1953 3881 ceps
1984 3800 2045 3861 in
2077 3798 2435 3880 compendio
2463 3807 2603 3860 sunt
2634 3799 2962 3880 proposita.

108 3885 182 3941 καὶ
209 3886 288 3967 ἐφ’
313 3887 434 3957 ἑξῆς
463 3887 571 3945 ὅσα
601 3887 1034 3963 συνωψίσθησαν,

182 3977 444 4053 Κείμενον,
509 3983 690 4035 Ταῦτα
777 3977 890 4056 περὶ
965 3973 1269 4035 αὐτοτελῶν
1332 3975 1549 4053 εἴρηται
1606 3977 1723 4051 ψή-

1899 3978 2148 4042 Texlus.
2205 3978 2447 4059 [Atque]
2505 3978 2633 4041 haec
2687 3976 2989 4060 [quidem]
3023 3976 3098 4040 de
3143 3975 3451 4058 perfectis,

108 4088 227 4141 φων,
266 4090 320 4131 κ,
352 4089 403 4131 τ,
431 4066 521 4146 λ.,
566 4082 763 4146 usque
794 4064 869 4126 ad
919 4062 1203 4141 δικαστὴς,
1259 4066 1334 4131 ὡς
1391 4064 1539 4143 βιϐλο
1598 4066 1660 4142 μί

1598 4062 1720 4145 μβ’,
1808 4075 1952 4142 etc.,
1991 4084 2182 4147 usque
2214 4067 2300 4130 ad
2340 4067 2668 4150 [docetur,]
2701 4076 2774 4132 ut
2796 4085 2951 4148 pag.
2987 4066 3127 4130 815.

100 4151 219 4219 διάτ.
251 4156 345 4216 νε’.

164 4244 410 4326 Σχόλιον,
439 4247 515 4306 Τὸ
549 4242 616 4301 ιδ’
647 4243 788 4306 διάτ.
821 4247 915 4305 106
944 4242 996 4301 α’
1028 4245 1132 4307 τίτ.
1163 4254 1259 4304 τοῦ
1306 4244 1401 4322 μβ’
1431 4242 1578 4320 βιϐλ.
1614 4248 1716 4300 τῶν

1897 4245 2229 4310 Scholium.
2259 4245 2487 4325 Digest.
2524 4246 2601 4308 14
2633 4245 2721 4310 tit.
2762 4252 2783 4307 1
2818 4245 2924 4308 lib.
2960 4261 3086 4308 XLII
3115 4245 3338 4323 Digest.
3359 4254 3449 4309 est

96 4330 377 4409 διατάξεων,
423 4334 541 4393 ἔστι
588 4355 709 4413 κεφ.
758 4332 824 4390 ιδ’
871 4341 965 4392 106
1009 4333 1061 4413 γ’
1121 4337 1229 4399 τίτ.
1288 4331 1455 4392 τοῦθ’
1500 4332 1647 4412 βιβλ,

1891 4354 1931 4400 ).
1973 4335 2044 4396 14
2099 4335 2190 4397 tit.
2244 4336 2283 4399 3
2315 4336 2423 4405 lib.
2460 4354 2544 4411 ix,
2579 4335 2735 4416 quod
2770 4336 2943 4409 paulo
2976 4344 3116 4398 ante
3147 4334 3443 4398 insertum

95 4445 256 4501 φησιν,
308 4425 378 4485 "'0
422 4424 699 4497 κελεύσει,
751 4423 788 4491 ἦ
837 4422 1069 4481 γωλύσει
1116 4426 1145 4481 ὃ
1203 4425 1441 4502 πραίτωρ
1500 4422 1647 4482 δύνατ

1896 4474 1908 4487 .
1967 4424 2096 4503 Dig.
2140 4426 2211 4487 l9
2245 4426 2330 4489 tit.
2367 4427 2403 4488 8
2436 4425 2543 4489 lib.
2589 4442 2646 4489 Iv
2693 4425 2854 4507 Dig.,
2887 4434 2945 4488 et
2974 4425 3077 4502 ΞΟ,
3111 4433 3248 4487 sunt
3283 4427 3373 4487 tit.
3408 4426 3447 4489 2

92 4509 395 4595 ἀνατρέπειν,
428 4517 490 4572 οὗ
553 4514 664 4588 μὴν
696 4517 881 4591 ψῆφον
926 4513 1149 4575 οἰκείαν.
1184 4515 1255 4571 Τὸ
1307 4511 1373 4570 ιδ’
1435 4511 1572 4573 διάτ.
1618 4536 1644 4570 τ

1896 4562 1902 4572 .
1937 4532 2039 4589 νιι,
2070 4533 2201 4596 cap.
2229 4514 2496 4597 l9,quod
2520 4515 2608 4578 sic
2626 4515 2829 4579 habet:
2856 4513 3104 4578 Arbiter
3126 4524 3303 4593 prout
3327 4514 3448 4577 sibi

91 4598 136 4667 η’
177 4603 270 4666 τίτ,
310 4611 400 4661 τοῦ
454 4604 502 4660 δ’
561 4600 708 4680 βιϐλ.
771 4608 878 4659 τῶν
935 4600 1076 4663 διατ.
1112 4602 1209 4660 καί
1259 4602 1318 4659 τὸ
1361 4601 1416 4659 κ’
1462 4604 1561 4659 εἰσὶ
1618 4625 1643 4660 τ

1898 4613 2028 4665 etur
2053 4605 2513 4687 judicat,neque
2544 4606 2604 4667 in
2641 4606 2820 4686 [ejus]
2850 4604 3212 4667 sententiam
3242 4604 3444 4684 inqui-

88 4688 177 4752 τίτ,
205 4690 253 4768 β’
281 4703 372 4753 τοῦ
400 4691 549 4772 βιϐλ,
584 4692 631 4765 ζ’
663 4713 787 4773 κεφ.
822 4689 890 4748 ιδ’
920 4692 1089 4757 οὕτως
1122 4692 1276 4773 ἔχον
1304 4689 1364 4751 Ὀ
1396 4694 1603 4770 αἱρετὸς
1637 4721 1640 4740 ι

1906 4702 2147 4773 praetor.
2175 4696 2347 4769 Quod
2380 4698 2430 4757 si
2466 4696 2527 4757 in
2558 4696 2852 4758 arbitrum
2887 4694 3020 4770 [ita]
3055 4693 3446 4772 compromis-

91 4782 267 4848 καπὴς
319 4784 378 4839 τὸ
428 4781 619 4842 δοκυῦν
649 4784 792 4857 αὖτῷ
821 4782 1140 4863 ψηφίζεται,
1174 4783 1263 4839 καὶ
1297 4786 1355 4842 οὔ
1386 4781 1643 4862 πολυπρα·

1893 4802 1923 4844 n
1956 4784 2054 4863 sit,
2112 4794 2177 4848 ut
2234 4795 2460 4847 certam
2494 4789 2854 4847 sententiam
2889 4784 3050 4845 dicat
3081 4801 3095 4843 :
3137 4800 3255 4843 non
3290 4782 3445 4843 valet

90 4883 227 4940 μονεϊ
252 4873 348 4940 τὴν
379 4878 566 4954 ψῆφον
594 4876 621 4929 ὁ
652 4874 916 4951 πραίτωρ.
955 4873 1012 4930 Εἰ
1058 4869 1113 4928 δί
1164 4871 1329 4939 δόξειε
1387 4885 1507 4936 τοῖς
1558 4875 1641 4952 αἶρ

1893 4871 2196 4955 bitrium],
2233 4893 2343 4936 nec
2374 4876 2731 4937 sententiam
2766 4872 2969 4934 dicere
2999 4870 3251 4951 cogitur.
3287 4868 3444 4971 Dicit

90 4973 245 5046 τικοῐς
311 4961 675 5043 δικαστηρίοις
760 4962 900 5020 ὥστε
983 4961 1100 5019 τάδε
1185 4965 1542 5042 ψηφίσασθαι,
1613 4986 1641 5021 0

1888 4971 1999 5025 tem
2027 4966 2410 5046 sententiam,
2442 4963 2619 5045 quiin
2636 4962 2838 5024 animo
2856 4961 3037 5023 habet
3059 4958 3440 5040 pronuntiato

90 5044 283 5133 ξῤῥωται
354 5052 474 5111 οοῧδὲ
547 5053 903 5132 ἀναγκάζεται
991 5053 1347 5133 ψηφίσασθαι.
1412 5055 1642 5132 Ψηφίζεπ

1890 5072 1905 5114 ›
1931 5072 2167 5116 onmem
2192 5044 2656 5116 controversiam
2677 5050 3108 5113 decidere.Sed
3127 5049 3176 5109 si
3197 5051 3274 5111 de
3294 5049 3442 5110 mul-

89 5130 423 5218 δὲὸγνώμην
466 5130 724 5222 ἐσχηκὼς
779 5141 865 5199 διὰ
908 5151 1001 5201 τοῦ
1058 5130 1479 5216 διαλαλουμὲνου
1523 5130 1641 5199 hac

1899 5143 2078 5205 rebus
2114 5143 2384 5225 [arbiter]
2409 5151 2683 5223 sumptus
2703 5143 2818 5203 sit:
2854 5137 3211 5201 sententiam
3236 5138 3440 5202 dicere

89 5225 169 5293 τὴν
195 5225 341 5298 δίκην
370 5244 586 5307 τεμεῖν,
622 5233 682 5290 Εἰ
712 5230 768 5288 δὲ
798 5230 885 5289 ἐπὶ
938 5230 1168 5296 πολλοῖς
1217 5231 1565 5310 προσελήφθη
1612 5253 1641 5287 κ

1880 5253 1912 5293 ιι
1939 5232 2319 5307 videtur,nisi
2343 5249 2551 5293 omnes
2572 5228 3013 5293 controversias
3045 5227 3432 5291 ﬁniat.Ctete-

89 5314 306 5389 φαλαὶοις
336 5322 397 5378 06
432 5320 587 5379 δοκεῖ
616 5324 935 5402 ψηφίζεσθαι
965 5322 1009 5377 εί
1040 5321 1120 5398 μὴ
1168 5321 1339 5385 πάσας
1389 5321 1483 5387 τὰς
1515 5319 1639 5400 φιλο

1882 5342 1920 5383 n
1945 5322 1994 5383 si
2012 5321 2372 5402 judicaverit
2397 5321 2625 5402 aliquid
2659 5319 2920 5401 dari,aut
2948 5337 3121 5382 reum
3162 5317 3434 5382 absolvi:

89 5407 233 5493 εικίας
278 5412 605 5488 περατώσει.
657 5414 756 5470 Καὶ
812 5413 856 5468 εί
923 5412 1022 5487 μὲν
1085 5412 1373 5492 ψηφίζεται
1437 5408 1613 5471 δοῦναί

1885 5431 1908 5473 n
1942 5421 2137 5493 potest
2168 5410 2548 5491 postmodum
2583 5409 2947 5472 contrariam
2971 5408 3331 5472 sententiam
3351 5409 3437 5471 di-

88 5490 117 5557 ἲΓι
153 5495 466 5569 ἀπολυθῆναι
513 5500 605 5557 τὸν
649 5500 971 5580 ἐναγόμενον
1024 5505 1084 5561 06
1114 5499 1329 5558 δύναται
1375 5501 1512 5576 μετὰ
1543 5510 1640 5560 ταῦ

1879 5490 2104 5575 ὀξΟυω
2118 5490 2253 5564 vero
2280 5501 2355 5563 de
2376 5501 2809 5582 praeparatione
2827 5519 3024 5564 causae
3040 5499 3431 5563 interlocutus

90 5584 375 5661 ψηγίζεσθιι
460 5589 737 5654 τᾶναντία.
832 5593 908 5650 Τὰ
991 5590 1045 5647 δὲ
1142 5588 1535 5666 διαλαλούμενα
1622 5590 1642 5646 ἐ

1887 5640 1903 5665 ,
1941 5597 2172 5653 mutare
2228 5599 2422 5671 potest
2456 5612 2469 5649 :
2532 5599 2594 5654 ut
2624 5598 2764 5672 puta
2792 5591 2843 5652 si
2868 5590 3118 5670 jusserit
3146 5588 3431 5652 Kalendis

90 5678 369 5761 παρασκευῇ
410 5684 511 5748 τῆς
569 5677 716 5751 δίκης
774 5678 1013 5762 ἀμείϐειν
1058 5679 1296 5766 δύναται,
1350 5681 1473 5740 οἷον
1525 5678 1642 5739 διελη

1886 5679 2130 5767 dicium]
2200 5679 2541 5762 observare,
2595 5689 2655 5755 et
2706 5700 2842 5750 mox
2872 5677 3072 5744 Idibus
3097 5679 3327 5763 jubeat.
3361 5675 3434 5741 Et
