4052 6222
467 303 623 373 1143
1653 309 1922 377 PHOTII
1973 312 2067 375 PA

2271 311 2492 376 RCHE
2533 311 2647 375 CP.
2925 388 2930 390 _
3685 308 3871 377 1144

471 471 611 536 cap.
645 452 762 520 20:
788 450 932 517 Etsi
971 454 1194 518 erravit
1232 454 1293 518 in
1340 455 1648 520 sententia
1682 457 1960 534 dicenda,
1997 477 2071 520 no

2277 482 2334 517 σε
2368 457 2657 522 Καλένδαις
2688 455 3085 539 παραφυλάξαι,
3127 458 3218 515 val
3267 456 3486 536 ὕστερον
3547 455 3876 524 διελάλησε

469 542 746 623 corrigit,
783 544 1269 625 quandoquidem
1302 544 1404 627 qui
1421 545 1729 626 judicavit,
1757 548 1942 628 judex
1973 567 2069 611 ess

2273 562 2315 615 [ς
2347 548 2547 612 Είδοϊς.
2588 549 2684 609 Καὶ
2739 570 2859 628 κεφ.
2916 547 2967 604 κ’
2999 551 3100 606 κᾶν
3133 547 3383 624 πλανηθῇ
3413 548 3468 604 ἂν
3497 555 3575 622 τῷ
3606 550 3873 629 ψηιρίζε-

469 631 672 697 desiit.
2195 643 2313 696 σθαι
2344 639 2402 697 οὗ
2433 639 2755 719 διορθοῦται.
2790 639 3184 719 Ψηφισάμενος
3237 640 3338 716 γὰρ
3382 637 3652 698 πέπαυται
3701 653 3876 696 εἶναι

465 721 746 795 δικαστής.
791 727 864 783 Τὸ
893 723 948 782 δὲ
997 725 1096 806 νε’,
1129 725 1268 792 διάτ,
1303 735 1396 786 106
1428 729 1480 784 α’
1509 730 1612 790 τίτ.
1660 732 1755 786 106
1784 729 1877 806 μβ⁹
1921 729 2093 806 βιϐλ,,
2141 728 2252 786 ἔστι
2297 751 2420 809 κεφ,
2474 727 2577 808 νε’,
2609 735 2702 786 τοῦ
2745 728 2796 808 γ’
2832 731 2936 788 τίτ.
2983 736 3075 788 103
3104 731 3150 785 θ’
3202 726 3348 808 βιϐλ,
3383 726 3552 792 οὓτως
3601 728 3742 809 ἕχον
3802 719 3875 787 Ὀ

464 814 841 894 ψηφισάμενος
877 815 1140 877 πέπαυται
1173 821 1312 877 εἶναι
1343 816 1600 887 δικαστὴς
1641 820 1730 875 καὶ
1762 818 1937 876 οὐκέτι
1969 817 2263 898 διορθοῦται
2295 819 2394 887 τὴν
2425 824 2631 898 ψῆφον,

1639 1361 2041 1447 ΤΙΤΛΟΣ
2119 1361 2663 1453 ΔΕΚΑΤΟΣ.

866 1604 1020 1656 ΠΕΡΙ
1071 1602 1486 1655 ΔΙΟΙΚΗΣΕΩΣ
1533 1601 2140 1656 ΕΚΚΑΗΣΙΑΣΤΙΚΩΝ
2188 1607 2301 1658 ΚΜ
2347 1603 2496 1655 ΠΕΡΙ
2543 1601 2675 1655 ΓΩΝ
2722 1603 2957 1654 ΙΔΙΚΩΝ
3019 1601 3432 1659 ΕΠΙΣΚΟΠΟΥ.

1614 1920 2086 2009 TITULUS
2154 1919 2675 2010 DECIMUS.

541 2144 640 2211 DE
698 2144 1400 2215 ADMINISTRATIONE
1443 2143 1712 2212 RERUM
1774 2144 2539 2292 ECCLEISngSgIIIgARUM,
2587 2145 2680 2210 ET
2744 2145 2842 2210 DE
2908 2143 3195 2229 [BEBUS]
3239 2145 3792 2215 EPISCOPORUM

548 2540 793 2605 CAPUT
813 2541 1130 2609 PRIMUM.
1154 2577 1233 2590 --
1259 2543 1435 2618 Quod
1453 2561 1823 2608 aeconomum
1845 2560 1918 2606 ea:
1939 2543 2107 2607 clero
2130 2548 2148 2600 I

2273 2546 2662 2601 ΚΕΦΑΛΑΙΟΝ
2695 2541 2758 2598 Α¹
2792 2573 2871 2586 -
2914 2543 3087 2621 [ΙΠερὶ
3137 2551 3229 2602 τοῦ
3257 2545 3462 2625 χρῆναι
3493 2544 3591 2602 τὸν
3628 2546 3873 2602 οἰκονό-

466 2629 754 2706 ecclesia,
791 2631 988 2712 [cujus
1015 2651 1368 2697 wconomus
1395 2635 1508 2714 est]
1541 2651 1668 2695 esse
1697 2641 1998 2712 oporteat.

1775 2641 1998 2696 orteat.
2195 2654 2295 2709 μον
2326 2632 2386 2689 ὲκ
2415 2641 2507 2689 τοῦ
2536 2631 2737 2712 κλήρου
2765 2637 2865 2699 τῆς
2890 2631 3179 2701 ἐκκλησίας
3206 2634 3373 2694 εἶναι.

549 2720 802 2784 Concilii
837 2721 1342 2785 Chalcedonensis
1373 2741 1566 2784 canon
1593 2723 1672 2787 26
1702 2723 1979 2799 ;conci|ii
2009 2725 2111 2786 Ni-

2275 2721 2504 2780 Συνόδου
2541 2721 2887 2790 Χαλκηδόνος
2930 2724 3107 2779 κανὼν
3165 2722 3277 2798 ,ις’
3313 2744 3327 2758 ·
3363 2722 3586 2783 συνόδου
3619 2727 3869 2792 Νικαίας

469 2811 619 2873 (ξωηὶ
669 2811 920 2875 secundi
966 2831 1157 2875 canon
1212 2815 1276 2876 11
1313 2837 1329 2894 ;
1363 2812 1681 2892 TheOphili
1716 2832 1788 2874 ex
1825 2811 2068 2876 Commo

2283 2811 2336 2890 β’
2365 2813 2539 2870 κανὼν
2572 2810 2644 2869 ια’
2675 2829 2691 2846 ⁸
2725 2811 2979 2891 Θεοφιλου
3009 2813 3068 2870 ἐκ
3093 2816 3186 2870 106
3241 2811 3698 2890 ’Υπομνηστικοῧ
3748 2839 3864 2873 zz-

467 2903 687 2965 nitorio
720 2921 910 2966 canon
942 2906 1003 2968 9.

796 2922 910 2966 non
942 2906 1003 2968 9.
2195 2924 2298 2958 νων
2325 2899 2396 2961 θ’.

552 2993 799 3058 Textus.
833 2997 1044 3059 Const.
1078 2996 1154 3059 39
1187 2997 1277 3058 tit.
1335 2996 1372 3058 3
1429 2995 1535 3060 lib.
1590 3013 1635 3077 ι,
1669 2995 1810 3058 Cod.
1846 2995 2104 3058 (Econo-

2273 2991 2550 3067 Κείμενον.
2587 2983 2649 3051 Ἦ
2682 2991 2762 3050 λθ’
2798 2989 2938 3056 διάτ,
2996 3001 3090 3052 τοῦ
3127 2990 3178 3070 γ’
3238 2995 3345 3055 τίτ.
3393 2999 3487 3051 106
3535 2991 3589 3049 α’
3638 2993 3871 3071 βιϐλίου

467 3102 656 3163 mum,
694 3092 836 3159 etc.,
871 3103 1056 3166 usque
1089 3087 1172 3149 ad
1201 3086 1532 3169 perveniet,
1565 3093 1630 3147 ut
1655 3104 1798 3167 pag.
1835 3086 1973 3148 818.

2268 3084 2286 3138 5
2337 3080 2591 3157 κώδικος,
2645 3081 2791 3160 λέγει
2836 3104 2890 3142 κ.
2928 3105 2982 3143 τ.
3033 3081 3115 3159 λ.,
3167 3100 3360 3164 usque
3385 3082 3461 3145 ad
3492 3086 3868 3167 περίερχεται

2194 3171 2329 3247 μετᾶ
2358 3172 2458 3239 τὴν
2490 3171 2662 3228 αὐτῶν
2693 3171 2972 3241 τελευτήν,

543 3262 876 3328 Scholium.
914 3264 1116 3328 Const.
1148 3267 1228 3327 Ἡ
1274 3267 1367 3328 tit.
1418 3266 1455 3328 3
1486 3265 1593 3327 lib.
1625 3281 1648 3328 ι
1679 3264 1826 3327 Cod.
1863 3283 1982 3326 non
2018 3273 2110 3326 est

2274 3253 2606 3343 Σχόλιον,’[1
2640 3259 2726 3338 λβ’
2755 3262 2896 3322 διάτ.
2929 3268 3022 3319 τοῦ
3048 3260 3101 3340 γ’
3133 3264 3238 3326 τίτ,
3275 3262 3326 3320 α’
3358 3261 3568 3321 Βιϐλίου
3589 3271 3698 3322 τδῦ
3719 3267 3866 3330 κιιῖ,

465 3352 658 3433 posita
679 3351 740 3414 in
762 3353 1180 3435 Basil.,neque
1203 3355 1508 3436 21,neque
1533 3356 1596 3414 41
1616 3404 1630 3434 ,
1649 3372 1842 3434 neque
1863 3353 1964 3414 42.
1987 3353 2065 3414 Le

2269 3377 2289 3411 ι
2320 3352 2475 3418 ἐτέθη
2511 3354 2584 3416 εἰς
2617 3353 2680 3407 τὰ
2710 3351 2993 3432 Βασιλικᾶ,
3039 3355 3154 3412 οὒδὲ
3203 3357 3238 3422 ἡ
3285 3351 3397 3434 κα’,
3443 3353 3561 3410 οὖθέ
3595 3354 3707 3428 μα’
3741 3357 3869 3414 οὗδὶ

463 3459 567 3520 gas
587 3449 785 3504 autem
810 3450 867 3505 et
889 3441 1258 3506 3Justiniani
1288 3443 1738 3521 novellam,sive
1755 3444 1997 3523 cap.ult.
2014 3443 2063 3504 lii

2268 3445 2364 3519 μβ.
2413 3440 2706 3520 Ἀνάγνωθι
2751 3441 2806 3498 δὲ
2863 3444 2962 3510 τὴν
3032 3441 3086 3521 γ’
3146 3442 3530 3500 ’[ουστινιανοῦ
3592 3448 3812 3520 νεαρᾶν
3847 3468 3862 3482 ’

462 3531 500 3595 2
519 3530 697 3594 lib.m
714 3531 1087 3614 Basil.,quod
1110 3533 1195 3595 sic
1218 3533 1427 3597 habet:
1455 3533 1968 3607 Quemadmodum
1994 3551 2062 3594 au

2264 3555 2333 3589 τει
2380 3554 2504 3613 κεφ.
2548 3531 2860 3589 τελευταῖον
2892 3542 2984 3592 τοῦ
3014 3532 3066 3610 β’
3098 3533 3204 3597 τίτ,
3236 3541 3331 3590 106
3379 3532 3430 3611 γ’
3478 3533 3700 3610 βιϐλίου
3751 3540 3864 3592 τῶν

462 3630 586 3685 tem
611 3623 684 3684 ad
707 3641 836 3685 eam
864 3623 1233 3705 [ecclesiam]
1259 3624 1633 3705 pertinentes
1655 3632 1928 3704 sumptus
1946 3633 2062 3684 cert

2265 3623 2485 3680 σιλικῶν
2543 3621 2710 3686 οὕτως
2765 3621 2895 3702 ἕχον
2932 3638 2947 3653 ⁶
2995 3622 3208 3702 ’Ὠσπερ
3253 3622 3307 3680 δὲ
3352 3623 3450 3691 την
3497 3626 3619 3702 περὶ
3689 3635 3862 3685 τοῦτο

461 3713 582 3774 ﬁne
599 3712 1142 3793 descripsimus,ita
1163 3715 1537 3790 convenit,ut
1559 3714 1976 3777 sanctissimus
2001 3732 2061 3793 pr

2257 3713 2429 3778 πάνην
2484 3712 2773 3786 ὠρίσαμεν,
2823 3711 2990 3777 οὕτως
3035 3715 3298 3791 προσήκει
3363 3714 3457 3769 τὸν
3512 3715 3660 3770 κατὰ
3719 3738 3857 3773 και-

461 3801 835 3883 temporibus
849 3803 1186 3883 patriarcha
1198 3801 1978 3866 etreverendissimiclerici
1994 3804 2061 3863 οὶι

2258 3808 2305 3866 ὃς
2364 3801 2664 3878 ἁγιώτατον
2724 3803 3092 3882 πατριάρχην,
3168 3805 3257 3859 καὶ
3317 3804 3439 3868 τοὺς
3500 3803 3858 3863 εὐλαϐεστέ-

460 3874 883 3971 οωῐῖερὶοἰειηὶ,
917 3910 994 3953 ne
1042 3892 1260 3972 reliqui
1318 3901 1620 3973 sumptus,
1665 3892 1762 3972 qui
1796 3910 1865 3953 ex
1900 3891 2060 3953 eccle

2256 3914 2306 3955 )ς
2367 3893 2675 3966 οἰκονόμους
2722 3905 3072 3970 περισκοπεῖν
3116 3902 3293 3969 τοῦτο,
3361 3895 3445 3950 καὶ
3503 3894 3601 3956 τΞις
3674 3895 3856 3961 ἄλλας

459 3978 718 4042 siasticis
747 3979 1042 4042 reditibus
1064 3981 1418 4054 ﬁunt,aliter
1439 4001 1614 4063 quam
1641 3983 1702 4042 in
1739 3981 1863 4061 pias
1897 3990 1956 4043 et
1981 3981 2059 4042 De

2254 3981 2415 4042 πάνας
2505 3981 2596 4043 τὰς
2687 3981 2972 4058 γινομένας
3053 3981 3112 4039 ὶκ
3181 3989 3288 4039 τῶν
3362 3982 3854 4050 ἒκκλησιαστικῶν

460 4069 712 4151 placitas
730 4087 939 4131 causas
963 4070 1362 4134 insumantur:
1391 4080 1449 4134 et
1471 4080 1532 4132 ut
1555 4073 1615 4132 in
1634 4071 1767 4132 illos
1791 4072 2060 4133 conferar

2261 4075 2364 4145 ρὼν
2411 4072 2527 4150 περὶ
2586 4070 2827 4136 εὗσεϐετς
2891 4070 3222 4130 δαπανᾶσθαι
3297 4072 3536 4152 πράξεις,
3584 4076 3678 4130 καὶ
3729 4083 3855 4150 Θεῷ

457 4160 683 4241 tur,qui
715 4169 773 4221 et
801 4178 1009 4222 revera
1035 4169 1235 4238 egent,
1271 4178 1384 4224 nec
1415 4161 1656 4224 aliunde
1687 4160 1906 4222 habent
1943 4161 2057 4222 und

2254 4162 2537 4240 εσκοῦσας,
2568 4162 2655 4217 καὶ
2687 4162 2761 4224 εἷς
2807 4163 3042 4225 ἒκείνους
3092 4164 3288 4225 ταύτας
3343 4178 3665 4242 χιορηγεϊν,
3716 4169 3852 4229 τοὺς

454 4249 671 4312 vivant.
701 4249 862 4330 (Haec
885 4251 1044 4312 enim
1078 4251 1395 4312 Dominum
1422 4254 1611 4310 Deum
1648 4250 1970 4312 conciliare
1999 4270 2054 4312 so

2255 4265 2306 4314 ϊς
2355 4251 2628 4318 ἀληθείαις
2680 4248 2990 4326 δεομένους,
3048 4253 3135 4309 καὶ
3179 4253 3275 4310 οὒκ
3320 4251 3550 4332 ἔχοντας
3612 4254 3848 4330 ἑτᾶρωθι

456 4337 634 4416 lent);
670 4357 789 4400 non
821 4357 964 4400 vero
989 4357 1097 4419 per
1123 4340 1458 4419 patrocinia
1480 4351 1540 4400 et
1563 4339 1873 4402 hominum
1903 4341 2056 4402 studi

2247 4347 2378 4421 οφῆς
2453 4342 2722 4422 ἀφορμήν.
2802 4348 2978 4398 Ταῦτα
3039 4343 3139 4421 γὰρ
3195 4343 3287 4398 τὸν
3351 4343 3635 4410 Δεσπότην
3706 4348 3847 4401 Θεὸν

457 4427 521 4490 in
545 4427 875 4508 locupletes
899 4427 1258 4490 distribuant
1279 4447 1349 4491 ea
1382 4447 1518 4506 quae
1543 4429 1616 4490 ad
1648 4429 2057 4491 ecclesiastico

2248 4432 2481 4511 71115631,
2541 4431 2678 4486 ἀλλᾶ
2735 4431 2814 4504 μὴ
2875 4433 3245 4509 προστασίαις,
3295 4434 3381 4489 καὶ
3442 4431 3714 4495 σπουδαῖς
3749 4436 3848 4488 ἁν-

457 4525 732 4598 sumptus
750 4525 1170 4597 suppetunt,ut
1189 4519 1408 4581 exinde
1441 4527 1683 4599 egentes
1716 4519 1844 4582 vitze
1877 4539 2057 4581 neces

2245 4522 2400 4578 ώπων
2457 4522 2551 4585 τὰς
2610 4519 3068 4587 ἓκκλησιαστικὰς
3121 4519 3360 4587 δαπάνας
3407 4523 3481 4584 εἷς
3515 4523 3845 4596 ἀνθρώπους

455 4605 631 4668 seriis
648 4606 1390 4672 defraudentur.Noverint
1404 4610 1563 4671 enim
1583 4609 1687 4672 Dei
1701 4610 2055 4671 amantissiu

2242 4618 2531 4688 ποροῦντας
2597 4609 2909 4688 ἐπιδιδόναι,
2957 4613 3045 4668 καὶ
3120 4611 3354 4669 ὶντεῦθεν
3420 4613 3541 4674 τοὺς
3587 4613 3842 4691 ἀπορου-

453 4697 774 4772 (economi,
812 4705 924 4759 tam
949 4698 1048 4779 qui
1071 4717 1250 4774 nunc,
1287 4718 1468 4782 quam
1494 4700 1594 4780 qui
1617 4699 1758 4760 olim
1793 4718 1900 4780 pro
1938 4709 2052 4761 tem

2239 4701 2366 4767 Ξνους
2423 4704 2501 4776 μὴ
2545 4700 2835 4780 τυγχάνειν
2877 4707 2983 4756 τῶν
3035 4702 3361 4780 ἀναγκαίων.
3395 4701 3670 4760 Ἳατωσαν
3733 4705 3839 4781 γὰρ

453 4785 703 4867 poribus
724 4785 905 4850 futuri
929 4789 1255 4870 sunt,quod
1272 4796 1317 4851 si
1343 4789 1485 4871 quid
1510 4789 1569 4851 in
1591 4790 1684 4851 his
1703 4789 2053 4870 deliquerim

2251 4789 2652 4870 Θεοφιλέστατοι
2696 4789 2967 4864 οἰκονόμοι
3022 4792 3138 4848 οἵτε
3185 4793 3296 4864 νῦν,
3332 4789 3448 4848 οἵτε
3497 4791 3638 4847 κατὰ
3703 4816 3841 4848 και-

449 4894 574 4940 non
607 4884 832 4939 tantum
867 4878 1060 4958 pmnis
1091 4878 1437 4941 coelestibus
1468 4887 1644 4940 erunt
1683 4879 1949 4957 obnoxii,
1983 4897 2047 4939 se

2240 4881 2294 4944 ὓς
2335 4880 2580 4954 ἐσόμενοι
2625 4882 2695 4944 ὡς
2744 4880 2797 4935 εἴ
2841 4903 2890 4936 τι
2935 4882 3078 4954 παρὰ
3135 4891 3299 4940 ταῦτα
3355 4879 3636 4958 πράξαιεν,
3707 4898 3840 4949 ταῖς

454 4968 638 5030 etiam
673 4967 749 5030 de
777 4967 1110 5030 substantia
1140 4987 1245 5030 sua
1271 4977 1667 5031 sacrosanctae
1699 4968 1969 5030 ecclesia:
1995 4969 2052 5028 in

2291 4969 2350 5027 ἐκ
2405 4977 2537 5027 Θεοῦ
2580 4983 2796 5032 ποιναῖς
2848 4971 3248 5051 ὑποκείσονται,
3303 4973 3392 5027 καὶ
3426 4971 3488 5026 ἐκ
3515 4973 3616 5036 τῆς
3657 4973 3840 5029 αὒτῶν

450 5057 840 5120 demnitatem
877 5058 1264 5140 praestabunt.
1304 5060 1487 5122 Notes
1536 5078 1676 5138 ergo
1738 5067 2050 5138 praesente:

2241 5063 2355 5124 σίας
2386 5062 2446 5116 τὸ
2476 5061 2704 5134 ἀζήμιον
2739 5063 2806 5137 τῇ
2868 5061 3134 5138 ἁγιωτάτῃ
3179 5062 3621 5140 περιποιήσουαιν
3695 5059 3836 5119 Ἐκ-

451 5146 770 5210 Justiniani
786 5148 1076 5210 novellam
1095 5156 1333 5230 pr0pter
1354 5148 1601 5229 formas,
1627 5166 1760 5225 qua:
1781 5167 1813 5209 a
1840 5147 2051 5227 patriar

2236 5151 2392 5223 .ησίᾳ,
2455 5142 2518 5206 Ἠ
2589 5147 2638 5226 β’
2683 5147 2823 5214 διάτ,
2869 5161 2963 5210 τοῦ
3006 5151 3058 5227 β’
3108 5153 3203 5212 τίτ.
3253 5157 3358 5208 τῶν
3405 5156 3652 5229 Νεαρῶν,
3704 5151 3836 5208 ἔστι

456 5236 1038 5301 chisfraternitalem
1060 5239 1549 5320 reliquarumque
1570 5238 2056 5300 frumentariam:

2244 5241 2343 5317 αρόι
2386 5239 2806 5305 ἰουστινιάνειος
2875 5238 2982 5317 ρκ’,
3034 5240 3148 5308 ἤτοι
3192 5241 3326 5317 θᾶμα
3369 5239 3420 5318 β’
3466 5249 3558 5298 103
3601 5240 3652 5311 ζ’
3703 5264 3836 5322 κετξ.

455 5324 810 5404 pensionum
837 5327 1080 5390 nomine
1097 5327 1166 5389 ad
1183 5327 1398 5390 divites
1415 5337 1590 5409 atque
1607 5335 1876 5408 potentes
1894 5345 2055 5406 persc

2240 5337 2269 5384 6
2312 5327 2364 5406 β’
2407 5330 2510 5392 τίτ,
2558 5329 2648 5386 106
2693 5327 2736 5386 ε’
2767 5327 2970 5406 βιϐλίου
3016 5337 3122 5388 τῶν
3154 5329 3456 5388 Βασιλικῶν
3486 5329 3662 5393 οὕτως
3697 5330 3839 5411 ἕχον

452 5429 563 5474 nas
576 5412 951 5475 emittuntur:
970 5424 1147 5495 atque
1161 5416 1310 5477 duas
1323 5419 1429 5478 has
1444 5417 1773 5478 secundum
1799 5419 1924 5493 ejus
1938 5434 2052 5496 pra:

2235 5443 2251 5483 ;
2298 5420 2628 5495 συνωψίσθη,
2677 5419 2987 5492 Σημείωσαι
3047 5422 3146 5488 τὴν
3191 5419 3464 5498 παροῦσαν
3507 5417 3835 5477 Ἰουστινιᾶ-

452 5501 744 5584 scriptum
770 5521 900 5565 esse
926 5503 1212 5568 invalidas
1239 5524 1251 5568 :
1282 5526 1413 5586 quae
1441 5525 1573 5569 vero
1598 5506 1668 5568 ad
1694 5525 1921 5585 egenos
1955 5505 2052 5566 mil

2241 5531 2316 5564 ιον
2361 5509 2550 5587 νεαρὰν
2594 5508 2677 5565 διὰ
2720 5509 2786 5566 τὰ
2859 5513 3114 5585 γινόμενα
3182 5509 3483 5582 τυπώματα
3528 5510 3678 5586 παρᾶ
3727 5514 3840 5566 τῶν

451 5600 677 5666 tuntur,
712 5611 846 5678 esse
878 5602 1058 5656 ratas.
1104 5595 1305 5656 Const.
1331 5596 1370 5656 2
1395 5597 1481 5656 tit.
1525 5597 1560 5659 2
1593 5597 1972 5659 Novellarum
2007 5614 2051 5657 e:

2237 5599 2529 5678 ιτριαρχῶν
2585 5598 2746 5678 χάριν
2805 5595 3139 5677 ἀδελφάτων,
3187 5599 3274 5654 καὶ
3341 5597 3546 5655 λοιπῶν
3595 5621 3837 5675 σιτηρε-

447 5681 684 5748 novella
707 5676 1028 5748 Justiniani
1064 5684 1202 5766 120,
1237 5685 1358 5748 sive
1390 5685 1589 5747 thema
1618 5686 1654 5745 2
1689 5704 1819 5767 cap.
1857 5689 1892 5747 7
1933 5686 2024 5748 tit.

2236 5710 2304 5745 ων
2364 5676 2494 5768 πρδς
2580 5676 2840 5767 πρόσωπα
2925 5676 3253 5750 πλουτοῦντα
3338 5690 3429 5748 καί
3508 5687 3836 5770 παραδυνᾶ-
