4052 6222
275 343 426 414 1145

1291 355 1784 423 NOMOCANON.
1831 391 1912 409 -
1964 359 2119 424 TIT.
2187 363 2263 443 Χ,
2311 362 2476 427 CAP.
2515 362 2539 425 ι
2576 395 2606 409 -
2641 358 2714 428 v.

3498 359 3648 434 1146

264 495 540 557 στεύοντα.
608 495 705 554 Καὶ
768 492 890 576 λέγε
947 505 1112 561 ταῦτα
1172 501 1270 574 μὲν
1301 503 1442 557 εἶναι
1474 501 1734 582 ἀνίσχυρα
1770 501 1896 560 κατᾶ

2002 503 2095 565 lib.
2131 523 2163 563 v
2215 504 2426 586 Basil.,
2460 506 2618 589 quod
2656 507 2858 587 habet,
2894 513 2959 569 ut
2994 507 3050 568 in
3096 504 3458 589 compendio
3497 528 3642 593 pro-

267 585 366 674 τὴν
424 586 629 674 ταύτης
686 587 1002 666 περίληψιν,
1065 589 1131 645 τὰ
1180 589 1236 644 δὲ
1272 591 1402 668 πρὸς
1434 590 1633 654 ἐνδεεῖς
1662 593 1916 674 γινόμενα

269 671 414 734 εἶναι
439 673 650 753 βέϐαια.

350 771 602 828 ΚΕΦΑΛ.
660 765 742 830 B'.
803 797 882 814 —
932 767 1058 847 Περὶ
1139 765 1457 840 διοικήσεως
1528 778 1636 828 τῶν
1705 770 1914 840 ἐκκλη-

269 861 560 913 σιαπικῶν
586 856 944 936 πραγμάτων,

347 940 694 1004 ’Λποστόλων
734 947 910 1004 κανὼν
956 945 1074 1027 λη’,
1121 947 1206 1023 μ’,
1254 947 1352 1025 μα’
1379 963 1394 980 ⁸
1445 949 1662 1008 συνόδου
1707 950 1914 1008 Ἀντιο-

267 1032 424 1112 χείας
476 1038 654 1093 κανὼν
693 1035 800 1116 κδ’,
847 1034 928 1092 κε’
961 1054 980 1070 ⁸
1030 1036 1285 1114 Κυρίὶλου
1318 1037 1378 1094 ἐκ
1408 1043 1509 1106 τῆς
1539 1042 1670 1118 πρὸς
1707 1043 1912 1116 Δόμνον

267 1123 563 1192 ιπιστολῆς
605 1147 729 1207 κεφ,
762 1125 812 1204 β’
849 1140 864 1157 ⁸
924 1125 1182 1206 Θεοφίλου
1233 1125 1294 1183 ἐκ
1342 1129 1433 1184 106
1479 1118 1914 1206 ’Υπομνηστικοῦ

268 1231 391 1294 nep.
426 1213 552 1288 ις’,

351 1305 633 1381 Κείμενον.
682 1303 865 1363 Πολλὰ
923 1305 1020 1383 μὲν
1073 1305 1286 1384 εἴρηται
1320 1308 1568 1386 περὶτῆς
1598 1309 1916 1381 διοικήσεως

264 1396 374 1448 τῶν
417 1392 903 1471 ἐκκλησιαστικῶν,
962 1418 1017 1456 κ.
1063 1418 1116 1456 1.
1151 1394 1236 1477 λ.,
1272 1414 1464 1479 usque
1491 1397 1564 1460 ad
1596 1397 1916 1472 διοικήσεων

266 1482 357 1538 καὶ
377 1487 710 1562 προνομίων.

353 1573 607 1654 Σχόλιον.
654 1575 714 1634 ³0
757 1573 810 1653 β’
855 1578 958 1636 τίτ.
1023 1584 1118 1636 106
1163 1577 1217 1634 α’
1273 1577 1477 1656 βιϐλίου
1531 1586 1626 1638 τοῦ
1682 1579 1910 1645 γώδικος

268 1661 423 1731 ἐτέθη
469 1667 541 1730 εἷς
584 1664 789 1743 βιϐλίον
833 1665 877 1724 ε’
922 1667 1028 1724 τῶν
1074 1667 1377 1725 Βασιλικῶν
1428 1671 1531 1734 τίτ,
1570 1668 1621 1726 α’
1669 1670 1775 1727 ἀπὸ
1817 1673 1912 1727 106

270 1749 322 1808 α’
354 1776 477 1834 κεφ.
513 1756 676 1836 μέχρι
707 1759 802 1815 τοῦ
831 1755 927 1821 ια’,
960 1760 1024 1814 Ἦ
1056 1756 1109 1814 δὲ
1140 1759 1190 1836 β’
1224 1760 1311 1816 καὶ
1344 1757 1396 1837 γ’
1425 1758 1563 1820 διάτ.
1600 1767 1690 1818 106
1719 1759 1770 1837 β’
1800 1761 1904 1822 τίτ.

2000 594 2261 676 positum
2297 604 2410 658 est.

2075 773 2240 837 CAP.
2272 773 2350 840 Il.
2385 809 2463 822 —
2492 775 2575 839 De
2607 793 2820 839 rerum
2862 775 3418 840 ecclesiasticarum
3447 777 3640 842 admi-

1996 866 2389 930 nistratilme.

2077 955 2503 1035 Apostolorum
2551 973 2746 1018 canon
2795 953 2895 1034 38,
2948 957 3048 1035 40,
3085 956 3155 1017 41
3189 975 3206 1033 ;
3240 955 3483 1017 concilii
3510 960 3640 1020 An-

1997 1045 2261 1106 tiocheni
2321 1063 2516 1107 canon
2565 1045 2666 1118 24,
2728 1045 2846 1125 25;
2899 1045 3103 1124 Cyrilli
3158 1063 3227 1107 ex
3278 1045 3533 1126 epistola
3565 1047 3640 1108 ad

1996 1135 2294 1198 Domnum
2353 1144 2530 1218 caput
2582 1135 2662 1213 2;
2711 1133 3030 1217 Theophili
3063 1154 3134 1198 ex
3167 1134 3638 1200 Commonitorio

1999 1233 2180 1305 caput
2209 1229 2305 1289 16.

2083 1315 2332 1378 Tenet-us.
2362 1315 2538 1378 Multa
2568 1315 2642 1379 de
2672 1334 2901 1396 rerum,
2933 1326 3085 1393 etc.,
3115 1334 3308 1397 usque
3331 1316 3416 1378 ad
3447 1314 3638 1397 perti-

1998 1412 2168 1482 nent,
2201 1414 2272 1468 ut
2302 1424 2444 1488 pag.
2478 1406 2620 1472 822.

2073 1583 2409 1649 Scholium.
2443 1585 2560 1649 Tit.
2594 1587 2632 1649 2
2663 1585 2768 1650 lib.
2805 1605 2822 1650 1
2852 1587 3000 1651 Cod.
3049 1586 3280 1668 positus
3313 1593 3399 1648 est
3433 1585 3492 1647 in
3524 1584 3631 1648 lib.

1992 1692 2024 1734 ν
2055 1675 2262 1750 Basil.,
2298 1676 2388 1737 tit.
2427 1678 2481 1751 1,
2517 1695 2550 1739 a
2576 1695 2708 1757 cap.
2743 1679 2771 1739 1
2809 1696 2997 1758 usque
3028 1677 3101 1738 ad
3135 1678 3234 1737 11.
3270 1675 3473 1738 Const.
3504 1674 3541 1734 2
3579 1682 3636 1738 et

1993 1766 2028 1828 3
2060 1765 2148 1825 tit.
2183 1765 2222 1827 2
2246 1767 2630 1828 Novellarum
2684 1775 2774 1829 est
2809 1767 3044 1830 novella
3075 1765 3397 1830 Justiniani
3435 1762 3547 1825 120
3579 1771 3638 1825 et

265 1845 372 1899 τῶν
441 1851 680 1920 Νεαρῶν,
759 1847 858 1903 εἶσὶ
916 1848 1098 1926 νεαραὶ
1165 1846 1580 1906 ’[ουστινιανειοι
1640 1847 1746 1929 ρκ’,
1820 1852 1896 1907 καῖ

2002 1853 2127 1929 131,
2161 1872 2413 1935 quarum
2446 1856 2632 1918 altera
2667 1855 2856 1936 posita
2883 1865 2973 1918 est
2996 1856 3056 1917 in
3091 1856 3198 1918 lib.
3234 1855 3410 1917 Basil.
3444 1872 3502 1928 ν,
3535 1854 3625 1916 lit.

264 1931 384 2010 ρλα¹
419 1951 438 1971 ⁸
486 1937 563 1990 ὧν
607 1940 642 2007 ἡ
687 1936 785 2011 μὲν
827 1949 1008 1993 κεῖται
1055 1936 1108 1992 ἰν
1152 1935 1344 2014 βιϐλίῳ
1388 1936 1433 1994 ε’
1467 1945 1571 1995 τῶν
1602 1938 1904 1996 Βασιλικῶν

262 2024 364 2087 τίτ,
410 2025 488 2100 β’,
520 2028 554 2095 ἡ
586 2025 638 2082 δὲ
675 2027 728 2082 ἦν
759 2025 948 2103 βιϐΑίῳ
977 2033 1054 2103 τῷ
1084 2027 1228 2102 αὒτῷ
1257 2029 1358 2090 τίτ.
1392 2034 1446 2107 γ’
1475 2048 1489 2063 ·
1522 2039 1608 2086 και
1644 2030 1902 2108 ἀνάγνωθι

262 2115 384 2177 τοὺς
414 2117 682 2176 τοιούτους
713 2115 945 2179 τίτλους.

346 2210 600 2267 ΚΕΦΑΛ.
637 2205 698 2260 1"
711 2254 725 2268 .
768 2240 847 2251 --
896 2205 1029 2284 Περὶ
1073 2207 1425 2285 πραγμάτων,
1491 2210 1579 2267 καὶ
1633 2208 1906 2290 προσόδων

261 2293 368 2350 τῶν
399 2293 775 2352 ἆνεπισκόπων
808 2295 1172 2364 Ἐκκλησιῶν,

343 2382 570 2441 Συνόδου
623 2384 886 2465 Ἀγκύρας
946 2386 1122 2442 κανὼν
1155 2383 1221 2442 ιε’
1256 2405 1272 2421 ο

262 2475 436 2532 κανὼν
466 2474 546 2531 κε’
583 2493 598 2507 ⁶
636 2473 852 2532 συνόδου
889 2473 968 2550 ς”’
1001 2477 1176 2532 κανὼν
1208 2473 1312 2535 λε’.

345 2571 596 2630 ΚΕΦᾹΛ,
647 2565 730 2626 Δ’.
779 2599 858 2614 -
919 2569 1050 2646 Περί
1118 2569 1456 2640 Εκποιήσεως
1515 2569 1905 2640 ἐκκλησιαστι-

260 2677 389 2717 κων.

335 2745 683 2804 Ἀποστόλων
753 2747 929 2803 κανὼν
997 2747 1114 2823 λη’,
1190 2749 1301 2828 ογ’.
1350 2749 1578 2808 Συνόδοο
1636 2751 1902 2831 Ἀγκύρας

252 2839 429 2896 χανὼν
476 2837 543 2894 ιε’
579 2857 594 2872 ⁸
662 2835 880 2894 συνόδου
929 2837 1304 2915 Καρθαγέννης
1365 2841 1542 2896 κανὼν
1597 2841 1706 2919 κβ’,
1759 2842 1848 2921 κγ’
1883 2861 1900 2880 ⁸

249 2928 471 2985 συνόδου
504 2929 728 2990 Νικαίας
760 2929 820 2984 τὸ
851 2925 929 3007 β’,
987 2930 1164 2984 κανὼν
1211 2930 1280 3006 ιβ’
1317 2945 1330 2960 ⁶
1397 2932 1650 3010 Κυρίλλου
1694 2935 1754 2989 Ex
1796 2935 1897 3000 τῆς

250 3020 380 3096 πρὸς
418 3018 628 3092 Δόμνον
659 3016 949 3085 ὲπιστολῆς
983 3038 1106 3098 κςφ,
1136 3018 1188 3094 β’
1224 3036 1239 3051 ⁶
1295 3019 1558 3098 ἀνάγνωθι
1609 3022 1675 3079 τὰ
1720 3044 1897 3101 πιρχ-

248 3107 594 3189 γεγραμμένα
623 3107 677 3164 ἐν
708 3113 784 3182 τῷ
812 3107 864 3183 β’
898 3129 1021 3188 κειρ.
1061 3118 1154 3167 τοῦ
1181 3109 1444 3187 παρόντος
1480 3110 1581 3170 τίτ.

1317 2388 1534 2448 συνόδου
1565 2389 1906 2460 Χαλκηδόνος

1987 1944 2046 2017 2,
2083 1943 2268 2007 altera
2293 1944 2356 2007 in
2385 1945 2595 2009 eodem
2621 1945 2728 2008 lib.
2762 1947 2854 2012 tit.
2889 1947 2950 2022 3,
2983 1965 3134 2028 quos
3168 1945 3260 2010 tit.
3295 1944 3484 2024 legas.

2069 2210 2230 2275 CAP.
2264 2211 2366 2276 Ill.
2399 2248 2476 2258 —
2527 2212 2613 2275 De
2666 2213 2848 2277 rebus
2896 2220 2954 2276 et
2990 2211 3297 2277 reditibus
3346 2209 3634 2273 ecclesia-

1989 2319 2145 2377 rum,
2174 2320 2314 2382 qua:
2342 2304 2480 2365 sine
2509 2307 2786 2385 episcopo
2814 2310 2982 2367 sunt.

2068 2392 2316 2454 Concilii
2345 2392 2642 2473 Ancyrani
2697 2411 2889 2455 canon
2942 2391 3060 2469 15;
3094 2391 3336 2455 concilii
3379 2388 3631 2453 Chalce-

1989 2481 2276 2543 donensis
2305 2501 2496 2544 canon
2529 2482 2608 2544 25
2637 2503 2652 2557 ;
2686 2483 2930 2545 concilii
2963 2484 3112 2545 sexti
3143 2500 3335 2543 canon
3363 2481 3465 2542 35.

2069 2571 2242 2634 CAH.
2272 2571 2374 2638 IV.
2405 2607 2485 2618 -
2515 2574 2598 2635 De
2630 2573 3008 2636 alienatione
3040 2569 3289 2654 [rerum]
3314 2571 3630 2633 ecclesias-

1989 2663 2273 2726 ticarum.

2065 2749 2484 2830 Apostolorum
2543 2769 2735 2814 canon
2769 2751 2868 2825 38,
2899 2751 3014 2827 73;
3051 2751 3293 2813 concilii
3326 2747 3628 2830 Ancyrani

1985 2857 2176 2901 canon
2215 2841 2325 2915 15;
2360 2841 2600 2902 concilii
2627 2841 3118 2920 Carthaginensis
3147 2861 3339 2904 canon
3369 2840 3470 2914 22,
3500 2839 3581 2902 23
3607 2859 3624 2916 ;

1983 2930 2218 2992 concilii
2251 2929 2478 2992 Niczeni
2510 2933 2759 2992 secundi
2786 2952 2979 2994 canon
3014 2933 3126 3009 i2;
3164 2931 3360 3012 Cyrilli
3391 2949 3464 2992 ex
3491 2930 3628 3008 epio

1979 3021 2130 3082 stola
2158 3021 2232 3083 ad
2268 3023 2562 3084 Domnum
2595 3039 2726 3102 cap.
2751 3023 2809 3085 2.
2846 3023 3000 3101 Lege
3031 3041 3166 3102 quae
3194 3021 3472 3084 adnotata
3490 3025 3630 3080 sunt

1978 3109 2038 3172 in
2075 3130 2207 3190 cap.
2242 3111 2278 3172 2
2307 3112 2621 3194 praesentis
2656 3119 2747 3175 tit.

341 3231 588 3287 ΚΕΦΑΛ.
639 3224 720 3286 E’.
766 3259 840 3271 —
887 3227 1012 3304 Περὶ
1074 3231 1180 3282 τῶν
1245 3227 1381 3302 μετὰ
1419 3228 1518 3295 τὴν
1562 3232 1894 3310 χειροτονίαν

2059 3229 2223 3291 CAP.
2255 3231 2324 3288 V.
2357 3264 2436 3276 —
2472 3231 2552 3290 0e
2604 3229 2771 3292 bonis
2821 3233 3240 3311 episcoporum
3271 3236 3331 3293 et
3373 3228 3629 3292 clerico-

260 3315 544 3391 κτωμένων
577 3315 874 3390 ἐπισκόπῳ,
910 3315 944 3383 ἢ
976 3314 1245 3394 κληρικῷ,

338 3428 565 3490 Συνόδου
600 3431 969 3508 Καρθαγέννης
1021 3431 1196 3486 κανὼν
1241 3429 1326 3508 λβ’
1364 3447 1377 3462 ⁶
1439 3431 1656 3494 συνόδου
1699 3431 1752 3490 α’
1807 3437 1894 3493 καὶ

254 3523 308 3600 β’
336 3525 392 3579 ἒν
424 3527 498 3595 τῷ
528 3524 639 3595 ναῷ
669 3521 775 3578 τῶν
805 3522 969 3597 ἁγίων
1000 3520 1316 3578 ἀποστόλων
1349 3523 1522 3579 κανὼν
1552 3522 1625 3595 ζ’,

335 3703 613 3777 Κείμενον,
649 3697 713 3754 ’Π
745 3697 835 3776 λγ’
865 3697 1004 3761 διάτ,
1057 3710 1150 3760 τοῦ
1187 3699 1238 3776 γ’
1297 3701 1400 3762 τίτ.
1444 3705 1538 3758 106
1596 3701 1647 3759 α’
1693 3702 1896 3780 βιϐλίου

249 3803 343 3869 τοῦ
364 3790 612 3866 κώδικος,
646 3813 702 3852 κ.
735 3812 786 3849 τ.
821 3787 902 3864 λ.,
938 3807 1128 3869 usque
1157 3790 1228 3850 ad
1260 3791 1519 3865 ἐκκλησίᾳ
1551 3792 1605 3848 ἐν
1636 3793 1670 3870 ᾔ
1701 3816 1894 3874 nexa-

250 3884 558 3960 ροτόνητκι,

329 3972 588 4052 Σχόλιον,
627 3961 688 4027 Ἠ
733 3969 820 4048 λγ’
860 3969 1000 4030 διάτ.
1047 3979 1140 4028 τοῦ
1183 3970 1264 4044 ς·’
1306 3973 1408 4030 τίτ.
1459 3981 1556 4030 τοῦ
1602 3975 1655 4032 α’
1687 3974 1894 4050 βιϐλίου

243 4071 337 4122 τοῦ
367 4061 617 4135 κώδικος,
664 4060 774 4116 ἔστι
820 4082 943 4140 κεφ,
991 4061 1048 4129 η’
1103 4071 1196 4120 106
1241 4062 1292 4139 γ’
1326 4065 1430 4125 τίτ.
1463 4073 1556 4122 τοῦ
1587 4063 1638 4142 γ’
1685 4064 1894 4142 βιϐλίου

241 4155 349 4211 τῶν
384 4151 680 4208 Βασιλικῶν
714 4148 879 4214 οὕτως
913 4150 1044 4230 ἕχον
1072 4171 1084 4184 ’
1138 4153 1235 4210 Καὶ
1265 4154 1292 4207 ὁ
1343 4152 1719 4232 πρεσϐύτερος,
1745 4157 1834 4212 καὶ
1865 4160 1892 4214 ὁ

241 4241 487 4306 διάκονος
517 4240 614 4296 ὅσα
646 4241 901 4308 κτήσεται
933 4242 1019 4297 καὶ
1055 4241 1110 4296 ἐν
1139 4239 1546 4310 ὑπεξουσιότητι
1579 4242 1886 4316 ἐκποιείτα),

240 4333 329 4388 καὶ
374 4330 680 4388 διατιθέσθω
710 4326 794 4385 ἐπ’
827 4331 1011 4393 αὐτοῖς
1072 4332 1143 4394 ὡς
1202 4329 1474 4405 βούλεται,
1523 4335 1619 4388 καί
1664 4335 1743 4407 μὴ
1792 4334 1890 4391 ἐκ·

242 4419 587 4478 δικείσθωσαν
618 4420 760 4497 παρὰ
808 4424 913 4475 τῶν
957 4418 1202 4497 ἐχόντων
1255 4420 1415 4476 αὐτὸν
1473 4421 1806 4495 ὑπεξούσιον,
1852 4423 1888 4491 ἢ

244 4510 663 4587 συνεισφερὲσθω
709 4522 820 4570 τοῖς
867 4506 1142 4588 ἀδελφοῖς,
1189 4509 1225 4575 ἦ
1272 4523 1390 4573 τοῖς
1432 4509 1639 4576 τέκνοις
1685 4512 1881 4588 αὐτῶν,

1977 3335 2120 3380 rum
2144 3327 2279 3398 post
2309 3319 2776 3400 ordinationem
2811 3323 3160 3401 acquisitis.

2058 3435 2307 3499 Concilii
2339 3435 2826 3516 Carthaginensis
2849 3457 3042 3500 canon
3079 3439 3200 3513 32;
3237 3437 3473 3500 concilii
3510 3437 3624 3516 pri-

1979 3525 2059 3586 mi
2093 3532 2150 3586 et
2208 3525 2458 3586 secundi
2518 3526 2577 3586 in
2637 3527 2766 3589 mdo
2825 3536 3167 3589 sanctorum
3201 3527 3624 3608 Apostolorum

1984 3613 2223 3693 |habiti]
2248 3632 2440 3676 canon
2472 3617 2532 3677 7.

2067 3705 2308 3767 Textus.
2341 3703 2546 3767 Const.
2581 3704 2659 3766 35
2688 3706 2776 3767 ιιι.
2811 3707 2848 3769 3
2882 3705 2988 3766 lib.
3023 3722 3042 3767 ι
3095 3705 3240 3768 Cod.
3274 3703 3356 3766 ait
3393 3725 3406 3762 :
3448 3705 3623 3777 Quaa-

1977 3814 2237 3876 cunque,
2274 3803 2416 3874 etc.,
2460 3813 2645 3875 usque
2699 3797 2781 3858 ad
2839 3797 3105 3877 fuerunt,
3165 3794 3522 3878 applicatur,
3557 3802 3624 3858 ut

1976 3904 2123 3966 pag.
2159 3887 2300 3957 826,
2328 3885 2468 3948 827.

2055 3975 2389 4038 Scholium.
2418 3975 2671 4038 Constit.
2699 3975 2774 4037 33
2799 3976 2890 4038 tit.
2925 3977 2962 4038 6
2994 3975 3100 4040 lib.
3136 3974 3421 4039 1Cod.est
3443 3975 3622 4056 cap.8

1977 4065 2066 4128 tit.
2099 4068 2136 4127 3
2160 4064 2265 4128 lib.
2301 4082 2362 4128 ιιι
2396 4065 2606 4140 Basil.,
2640 4067 2798 4146 quod
2832 4067 2919 4128 sic
2969 4068 3150 4129 habet
3185 4084 3198 4125 :
3235 4065 3620 4145 Qumcunque

1977 4156 2287 4236 presbyter
2316 4162 2377 4215 et
2407 4155 2700 4216 diaconus
2731 4155 2841 4216 sub
2876 4157 3065 4236 patria
3090 4164 3386 4237 potestate
3408 4161 3616 4236 acqui-

1974 4246 2165 4323 sierit,
2199 4244 2474 4319 quolibet
2501 4245 2681 4307 modo
2717 4246 3002 4322 alienato,
3037 4263 3104 4308 ac
3137 4246 3210 4308 de
3242 4247 3316 4307 iis
3349 4254 3614 4309 testator:

1974 4353 2175 4412 neque
2207 4335 2307 4396 illa
2338 4333 2410 4395 ab
2442 4335 2516 4396 iis
2547 4335 2648 4416 qui
2697 4335 2891 4414 ipsum
2927 4337 2987 4398 in
3042 4345 3336 4418 potestate
3369 4335 3615 4410 habent,

1971 4424 2367 4496 vindicantor,
2402 4432 2502 4486 aut
2533 4443 2663 4487 cum
2695 4425 2978 4488 fratribus
3009 4443 3295 4488 eorumve
3320 4427 3457 4488 ﬁliis
3480 4445 3620 4488 con-

1973 4513 2245 4576 leruntor
2279 4535 2293 4578 :
2325 4514 2430 4576 sed
2464 4513 2653 4595 ipsius
2685 4515 2886 4585 liberi.
2923 4515 3162 4578 tametsi
3182 4517 3498 4579 intestatus
3520 4516 3620 4578 de-

243 4599 365 4656 ἆλλ’
423 4603 471 4656 οἱ
533 4599 723 4664 παῖδες
769 4598 940 4655 αὐτῶν
984 4597 1405 4673 λαμϐανέτωσαν
1474 4603 1607 4660 αὐτὰ
1663 4601 1758 4659 κᾶν
1813 4604 1890 4678 μὴ

2002 4606 2241 4676 :esserit,
2278 4583 2580 4682 capiun'to.
2618 4607 2822 4669 Const.
2856 4583 2924 4667 41
2970 4606 3064 4668 tit.
3100 4606 3134 4670 3
3163 4607 3268 4669 lib.
3297 4606 3616 4668 tCod.non

242 4688 541 4764 διαθέμενοι
601 4689 986 4757 τελευτήσωσι.
1035 4687 1099 4744 Ἠ
1147 4688 1242 4763 μα’
1289 4687 1429 4750 διᾶτ.
1501 4691 1594 4747 106
1663 4690 1716 4768 γ’
1781 4694 1886 4755 τίτ,

242 4786 339 4836 τοῦ
381 4778 433 4835 α’
460 4777 568 4855 βιϐ.
630 4787 721 4836 τοῦ
767 4776 992 4842 κώδικος
1041 4780 1137 4836 οὒκ
1194 4780 1348 4846 ὲτέθη
1384 4781 1458 4842 εἰς
1504 4781 1570 4836 τὰ
1603 4779 1885 4845 Βασιλικά,

242 4867 517 4934 Ὠσαύτως
563 4867 680 4925 οὔδὲ
738 4871 772 4936 ἡ
833 4867 921 4942 μθ’
979 4866 1119 4931 διάτ,
1153 4875 1246 4924 τοῦ
1278 4869 1436 4928 αὖτοῦ
1467 4892 1574 4932 τιτ.
1624 4871 1711 4926 καὶ
1769 4870 1882 4948 βιϐ,

239 4960 275 5028 ᾖ
308 4958 360 5034 γ’
392 4957 531 5018 διάτ.
565 4966 654 5014 τοῦ
685 4956 734 5035 β’
770 4959 871 5018 τίτ.
905 4965 1012 5015 τῶν
1045 4965 1282 5033 Νεαρῶν,
1318 4958 1430 5015 ἔστι
1467 4959 1625 5038 νεαροὶ
1658 4957 1884 5020 Ἰουστι-

239 5051 465 5110 νιάνειος
520 5048 638 5126 ρλα’
697 5048 921 5122 κειμένη
980 5047 1034 5102 ἐν
1093 5045 1283 5122 βιϐλίῳ
1341 5047 1409 5121 ε’,
1467 5050 1570 5112 τίτ,
1606 5050 1682 5126 γ’,
1718 5050 1782 5118 ἧς
1827 5051 1884 5108 δὲ

239 5144 428 5214 νεαρᾶς
470 5139 533 5194 τό
581 5135 618 5193 ι’
653 5158 775 5215 χείρ.
812 5138 946 5193 αὐτὰ
975 5159 1139 5193 ταυτα
1187 5134 1419 5193 διδάσκει
1467 5137 1564 5194 ὅσα
1623 5140 1709 5195 καὶ
1754 5163 1882 5200 συν-

238 5228 547 5303 ωψίσοησαν
609 5226 1027 5302 προστιθέμενον
1071 5227 1212 5300 μόνη
1273 5229 1546 5300 σημασίαν
1606 5235 1712 5284 τῶν
1755 5229 1881 5285 ἀκι-

237 5319 437 5387 νήτων.
503 5317 660 5395 Λέγει
712 5318 812 5394 γὰρ
858 5318 996 5388 μήτε
1029 5316 1248 5394 κινητὰ,
1281 5316 1314 5382 ἦ
1345 5317 1596 5395 ἀκίνητα,
1655 5318 1692 5383 ἢ
1732 5321 1886 5376 αὐτο-

237 5409 450 5480 κίνητα,
509 5409 654 5481 παρὰ
695 5408 799 5463 τῶν
859 5407 1165 5464 ἐπισκόπων
1212 5407 1351 5480 μετᾶ
1413 5407 1512 5474 τὴν
1581 5406 1882 5474 ἐπισκοπὴν

235 5499 498 5564 κτηθέντα
529 5497 883 5559 ξκποιεῐσθαι.
919 5495 980 5553 ’0
1027 5495 1079 5552 δὲ
1115 5496 1150 5552 ι’
1205 5499 1310 5560 τίτ,
1372 5501 1478 5552 τῶν
1536 5505 1752 5572 Νεαρῶν
1810 5499 1882 5557 ὡς

235 5587 555 5664 παρίσταται
619 5587 725 5644 ἀπὸ
796 5594 888 5644 τοῦ
944 5586 1194 5660 κειμένου
1250 5585 1428 5661 μόνων
1489 5591 1720 5652 κινητῶν
1796 5588 1884 5642 καὶ

247 5676 520 5756 μέμνηται
563 5679 598 5748 ἡ
654 5677 708 5754 β’
745 5674 880 5740 διάτ.
929 5679 1021 5734 106
1056 5675 1108 5734 α’
1164 5677 1268 5741 τίτ,
1318 5681 1426 5732 τῶν
1473 5677 1711 5754 Νεαρῶν,
1773 5673 1883 5732 ἔστι

1974 4700 2066 4754 est
2085 4692 2271 4771 posita
2298 4692 2357 4754 in
2383 4693 2586 4766 l3asil.;
2611 4693 2896 4758 similiter
2919 4714 3113 4776 neque
3134 4702 3326 4756 const.
3352 4695 3430 4757 49
3452 4696 3616 4774 ejus-

1971 4781 2106 4842 dem
2134 4783 2220 4845 tit.
2258 4791 2317 4843 et
2347 4783 2454 4844 lib.
2517 4782 2720 4847 Const.
2780 4787 2816 4844 3
2871 4785 2966 4847 tit.
3024 4785 3048 4844 1
3111 4785 3490 4847 Novellarum
3527 4791 3616 4844 est

1970 4872 2208 4933 novella
2237 4872 2554 4935 Ju5tiniani
2591 4874 2694 4934 131
2755 4872 2875 4951 [ac]
2918 4873 3104 4952 posita
3137 4873 3285 4952 [est]
3319 4871 3378 4931 in
3410 4870 3517 4936 lib.
3552 4887 3612 4944 v,

1968 4961 2060 5024 tit.
2091 4961 2149 5023 3.
2178 4962 2361 5040 Cujus
2385 4980 2528 5022 sane
2553 4961 2804 5021 novellae
2821 4979 2952 5038 cap.
2991 4960 3068 5021 10
3097 4960 3222 5021 1ηρο
3253 4959 3464 5021 eadem
3499 4960 3610 5020 do-

1967 5059 2081 5130 cct,
2115 5069 2246 5132 quae
2277 5051 2334 5110 in
2370 5049 2728 5129 compendio
2759 5060 2902 5111 sunt
2936 5049 3264 5129 proposita,
3302 5068 3468 5124 voce,
3503 5049 3614 5110 im-

1969 5141 2226 5202 mobiles
2266 5138 2681 5201 tantummodo
2719 5139 2974 5217 adjecta.
3014 5138 3168 5202 Dicit
3195 5138 3380 5210 enim,
3417 5159 3612 5220 neque

1965 5229 2238 5302 mobilia,
2267 5247 2460 5307 neque
2482 5227 2839 5300 immobilia,
2878 5245 3077 5304 neque
3097 5245 3164 5288 se
3187 5228 3503 5302 moventia,
3538 5231 3610 5290 ab

1967 5318 2267 5398 episcopis
2291 5325 2422 5396 post
2459 5317 2867 5396 episcopatum
2897 5315 3210 5396 acquisita,
3231 5317 3504 5381 alienari.
3535 5318 3610 5380 At

1967 5408 2057 5470 tit.
2099 5414 2168 5467 10
2198 5405 2678 5486 Novellarum,ut
2707 5424 2777 5467 ex
2811 5415 2969 5469 textu
3002 5415 3254 5481 constat,
3293 5406 3608 5469 mobilium

1968 5504 2025 5558 et
2057 5514 2122 5558 se
2157 5496 2523 5557 moventium
2557 5495 2838 5557 duntaxat
2870 5496 3379 5560 meminit.Const.
3401 5501 3437 5557 2
3461 5497 3596 5559 tit.l

1967 5582 2470 5664 Navellarum,est
2493 5586 2726 5647 novella
2751 5585 3072 5648 Justiniani
3094 5585 3235 5662 123,
3264 5585 3608 5668 posita[que

1969 5671 2081 5750 est]
2104 5673 2159 5736 in
2187 5674 2365 5739 lib.m
2386 5674 2596 5752 Basil.,
2625 5674 2714 5737 tit.
2741 5681 2793 5758 1,
2819 5685 3000 5755 atque
3023 5675 3102 5738 42
3129 5677 3261 5762 ejus
3285 5693 3416 5758 cap.
3436 5674 3602 5758 dicit,
