3930 6218
447 311 596 385 1047
1645 313 1911 376 ΡΗΟΤΙΙ
1966 312 2484 378 ΡΑΤΒῙΑΗΟΗΛΕ
2543 314 2656 378 GP.
3637 315 3753 386 1048

439 474 814 544 quascunque
841 455 905 519 in
940 461 1100 519 textu
1129 454 1356 536 scripta
1386 466 1551 520 sunt“.
1614 455 1865 519 Constit.
1899 460 1937 519 3
1987 467 1991 514 ι

2213 457 2324 536 ιαρὰ
2367 456 2797 523 ἰουστινιάνειος
2834 455 2956 538 ρκγ’
2994 457 3222 536 κειμένη
3273 459 3326 516 ἐν
3368 458 3551 536 βιϐλίῴ
3603 465 3648 542 γ’
3684 473 3765 526 τῶν

439 559 477 613 2
505 550 883 615 Novellarum
917 556 1008 610 est
1066 547 1301 607 novella
1359 545 1681 608 Justiniani
1718 547 1853 620 131,
1889 566 1991 626 pos

2215 545 2467 604 ασιλικῶν
2511 550 2611 608 τίτ.
2664 548 2737 622 α’,
2789 553 2878 606 καί
2911 572 3041 616 φησι
3073 553 3132 606 τὸ
3189 553 3260 627 μβ
3323 554 3486 621 αὖτῆς
3525 576 3637 634 nec.
3687 559 3766 615 ὅσα

441 643 577 722 [que
605 641 720 719 est]
753 641 811 699 in
869 639 978 702 lib.
1016 655 1046 699 ν
1085 637 1293 710 Basil.,
1332 637 1422 698 tit.
1458 641 1516 711 3,
1550 656 1618 698 ac
1650 637 1810 704 circa
1845 637 1916 700 10
1945 656 1993 698 c:

2215 661 2239 702 ς
2269 639 2331 693 τὸ
2389 640 2632 712 κείμειον
2691 641 3029 718 ἐγρᾶιρησαν.
3079 637 3142 696 Ἢ
3189 639 3241 718 γ’
3286 640 3426 704 διάτ.
3481 654 3569 702 τοῦ
3605 645 3650 720 β’
3686 649 3766 705 sit.

435 733 498 794 in
531 731 649 791 ﬁne
703 729 871 802 dicit,
927 745 1302 808 quascunque
1360 725 1422 788 in
1455 737 1616 788 textu
1651 726 1987 808 compendii

2216 727 2269 782 ὗν
2321 730 2562 807 Νεαρῶν,
2615 728 2726 787 ἔστι
2787 729 2948 807 νεαρὰ
2981 728 3402 797 ἰουστινιάνειος
3435 732 3552 809 ρλα’
3583 735 3768 808 κειμένη

439 819 740 901 proposita
774 827 938 882 sunt.

2217 842 2222 865 ι
2277 816 2466 894 βιϐλίῳ
2495 817 2541 874 ε’
2569 826 2675 876 τῶι
2707 825 3010 876 Βασιλικῶν
3039 821 3147 882 τίτ.
3181 821 3256 900 γ’,
3292 823 3381 878 καὶ
3423 823 3642 900 λέγουσα
3669 829 3769 903 περὶ

2169 907 2230 964 τὸ
2265 907 2303 964 ι⁹
2335 929 2457 988 xeo.
2487 910 2623 968 κατὰ
2673 911 2733 966 τὸ
2785 908 2940 975 τέλος
2997 907 3097 967 ὅσα
3159 911 3570 987 συνωψῖσθησαν
3616 915 3679 976 εἰς
3725 916 3771 970 τὸ

2172 998 2419 1075 κείμενον
2432 1045 2447 1059 ,

519 1089 686 1155 CAP.
723 1090 822 1153 Vl.
878 1121 952 1134 —
1003 1085 1098 1151 De
1154 1087 1424 1168 propriis
1473 1084 1742 1165 episcOpi
1781 1082 1984 1164 rebus,
2039 1101 2069 1147 θ

2261 1093 2514 1151 ΚΕΦΑΔ.
2571 1086 2676 1162 ς’,
2722 1120 2800 1134 -
2854 1089 2980 1162 Περὶ
3023 1089 3129 1146 τῶν
3171 1087 3352 1146 ἷδικῶν
3401 1102 3498 1151 τοῦ
3523 1092 3773 1149 immites

439 1181 604 1262 quod
633 1181 954 1244 intestatus
982 1177 1264 1242 decedere
1290 1195 1411 1240 non
1443 1175 1673 1239 debeat.

2221 1177 2540 1255 paypiww,
2607 1181 2694 1236 καὶ
2777 1179 2861 1237 ὅτι
2936 1180 3029 1238 οὒκ
3107 1179 3334 1262 ὤφειλεν
3389 1179 3652 1245 ἀδιάθετος
3699 1203 3773 1239 τι-

2221 1289 2392 1325 suav.

2217 1289 2392 1341 ευτᾳν.

518 1359 950 1442 Apostolorum
1008 1375 1200 1420 canon
1252 1357 1371 1429 4ος
1426 1355 1666 1420 concilii
1725 1353 2068 1443 Antiochea

2261 1356 2610 1416 Ἀποστόλων
2638 1359 2812 1416 κανὼν
2847 1358 2906 1435 μ’
2941 1377 2956 1394 ’
3007 1359 3225 1419 συνόδου
3271 1360 3605 1443 Ἀντιοχείας
3634 1363 3774 1419 κανὼν

437 1469 634 1515 canon
693 1449 813 1522 24;
873 1448 1112 1511 concilii
1167 1446 1683 1511 Chalcedonensis
1735 1443 1989 1507 canoni

2222 1445 2262 1504 δ’
2293 1462 2306 1480 ⁸
2339 1446 2554 1505 συνόδου
2588 1447 2932 1516 Χαλκηδόνος
2964 1451 3139 1507 κανὼν
3184 1450 3269 1528 κβ⁹
3303 1471 3318 1485 ⁶
3366 1442 3586 1509 συνόδου
3614 1451 3774 1530 Σαρδι-

435 1539 676 1605 concilii
700 1537 1076 1603 Sardicensis
1107 1556 1301 1599 canon
1349 1537 1456 1610 l2;
1495 1534 1738 1598 concilii
1772 1533 1983 1597 Cartha

2220 1543 2267 1602 ἱς
2299 1539 2473 1595 κανὼν
2507 1536 2579 1616 ιβ’
2614 1555 2628 1569 ⁸
2685 1538 2905 1598 συνόδου
2940 1541 3313 1619 Καρθαγέννης
3344 1543 3524 1599 κανὼν
3553 1542 3655 1618 ιβ’,
3682 1540 3772 1598 1:1"

435 1632 646 1695 nensis
672 1649 865 1692 canon
896 1630 998 1702 2'2,
1034 1629 1134 1690 81.
1192 1627 1343 1706 che
1392 1645 1524 1708 quas
1576 1629 1635 1687 in
1691 1625 1728 1685 5
1760 1643 1889 1706 cap.
1927 1641 1987 1706 pr

2222 1629 2426 1708 ιάγνωθι
2471 1629 2535 1686 τὰ
2578 1629 3071 1709 παραγεγραμμὲνα
3110 1631 3165 1688 ἐν
3195 1638 3273 1707 τῷ
3299 1631 3344 1688 ε’
3391 1654 3516 1712 κεφ.
3550 1632 3774 1710 παρόντος

433 1723 622 1784 sentis
651 1719 742 1782 tit.
775 1719 1058 1781 adnotata
1084 1725 1248 1780 sunt.
2167 1719 2274 1778 τιτ.

516 1812 685 1875 CAP.
722 1812 847 1874 Vll.
880 1843 958 1854 —
995 1809 1065 1872 Ut
1090 1825 1226 1887 quae
1244 1812 1308 1869 in
1331 1806 1611 1870 barbaris
1636 1804 1915 1887 gentibus
1936 1814 2068 1868 sunt

2245 1813 2497 1870 ΚΕΦΑΛ,
2532 1807 2611 1869 Ζ⁹.
2646 1841 2725 1853 —
2755 1810 2880 1886 Περὶ
2927 1809 3052 1874 τοὺς
3103 1810 3197 1876 τὰς
3252 1809 3308 1866 ἐν
3366 1823 3489 1874 τοῖς
3543 1809 3769 1887 βαρϐαρι-

433 1903 546 1964 Βθί
576 1901 890 1975 Ecclesia,
923 1898 1248 1961 secundum
1287 1897 1659 1961 obtinentem
1697 1902 1985 1959 consuetu

2216 1910 2285 1962 ιτς
2347 1897 2550 1955 ἔθνεσιν
2606 1897 2765 1962 οῧσας
2819 1907 2910 1958 τοῦ
2968 1906 3102 1956 Θεοῦ
3158 1898 3455 1968 ἐκκλησίας
3514 1901 3643 1975 μετὰ
3692 1902 3768 1967 τήν

434 2009 570 2055 nem
599 1991 1136 2054 administrentur.

2159 1987 2504 2066 κρατήσασαν
2533 1985 2850 2045 διοικεῖσθαι
2883 1989 3196 2058 συνήθειαν,

513 2079 763 2145 Concilii
817 2078 1461 2159 Constantinopolitani
1493 2094 1686 2138 canon
1718 2077 1798 2150 2;
1829 2072 2065 2136 concilii

2240 2075 2467 2134 Συνόδου
2530 2077 3145 2143 Κωνσταντινουπόλεως
3178 2078 3352 2136 κανὼν
3408 2077 3460 2156 β’
3499 2099 3512 2112 ·
3577 2077 3771 2136 Συνόδου

431 2170 944 2236 Chalcedonensis
1000 2188 1190 2248 canon
1239 2168 1356 2250 28;
1422 2167 1662 2231 concilii
1695 2165 1847 2228 sexti
1878 2183 1983 2228 can

2218 2165 2505 2233 ιλκηδόνος
2588 2165 2764 2224 κανών
2852 2166 2944 2235 κη’
2978 2186 2997 2205 ⁸
3058 2166 3275 2226 συνόδου
3333 2166 3417 2244 ς·’
3488 2169 3654 2226 κανών
3715 2168 3770 2242 λ’,

432 2263 534 2338 30,
569 2262 669 2335 37,
702 2264 804 2325 39.

2157 2252 2261 2328 λζ’,
2296 2254 2405 2318 λθ’.

509 2351 674 2416 CAP.
703 2350 858 2415 Vlll.
893 2385 970 2397 —
998 2351 1087 2414 Ne
1108 2351 1440 2430 episcopus,
1476 2365 1663 2427 neque
1681 2345 1942 2410 clericus
1959 2362 2061 2424 per

2242 2351 2497 2409 ΚΕΦΑΛ.
2556 2345 2620 2402 Η⁹
2668 2378 2747 2390 —-
2790 2348 2914 2426 Περὶ
2961 2359 3054 2407 τοῦ
3113 2350 3252 2419 μήτε
3317 2348 3631 2423 ἰπίσκοπον,
3682 2350 3773 2423 μή·

425 2443 818 2506 donattonem
850 2449 956 2503 aut
988 2445 1419 2502 testamentum
1455 2437 1842 2518 [quidquam]
1874 2435 1977 2498 lum

2295 2433 2553 2512 κληρικὸν
2637 2433 2836 2493 διδόναι
2932 2436 3018 2494 διὰ
3105 2435 3304 2516 δωρεᾶς
3407 2439 3444 2506 ἦ
3527 2437 3771 2503 διαθέσεως

428 2534 546 2596 tico
576 2533 693 2604 det,
730 2532 974 2594 tametsi
1001 2531 1194 2608 ipsius
1228 2537 1521 2608 cognatus
1547 2534 1650 2590 sit.

1600 2535 1650 2590 ἰ,
2158 2527 2404 2603 αἱρετικῷ
2434 2525 2533 2582 κᾶν
2563 2525 2656 2593 εἴη
2689 2527 2954 2604 συγγενὴς
2987 2531 3152 2602 αὖτῷ.

510 2621 764 2682 Concilii
795 2619 1275 2694 Carthaginensis
1305 2637 1496 2680 canon
1529 2618 1628 2690 2'2,
1656 2619 1758 2677 81.

2236 2613 2464 2673 Συνὸδου
2496 2615 2868 2692 Καρθαγέννης
2901 2617 3077 2674 κανών
3109 2618 3221 2694 κβ’,
3254 2618 3384 2682 πα’,

516 2713 762 2773 Τθωιαε.
798 2708 1030 2772 Nedum
1061 2708 1134 2769 ab
1167 2709 1470 2788 episcopis
1525 2715 1585 2768 et
1613 2706 1883 2782 clericis,
1921 2715 2066 2788 etc.,

2235 2706 2513 2778 Κείμενον.
2549 2707 2621 2761 Οὔ
2653 2705 2816 2778 μόνον
2858 2706 2965 2763 ἀπὸ
3012 2708 3323 2764 ἔπισιιόπων
3378 2711 3482 2766 καὶ
3527 2709 3761 2787 ιιληρικῶν

429 2816 614 2880 usque
643 2801 726 2862 ad
752 2799 1010 2878 legatum
1041 2798 1223 2878 capit,
1258 2806 1324 2860 ut
1350 2814 1497 2879 pug.
1531 2796 1670 2860 831.

2217 2793 2448 2850 δλύονται
2481 2793 2797 2876 λαμϐάνειν³
2831 2819 2889 2862 κ,
2926 2819 2978 2860 τ,
3011 2797 3096 2873 λ.³
3132 2815 3322 2880 usque
3354 2798 3436 2860 ad
3481 2800 3518 2867 ἧ
3571 2799 3769 2876 ληγάτον

2150 2881 2445 2958 λαμϐάνει.

506 2979 839 3044 Schol-ium.
869 2977 1119 3042 Constit.
1155 2975 1232 3038 10
1264 2977 1354 3040 tit.
1388 2975 1426 3036 5
1448 2974 1583 3036 libri
1617 2973 1804 3036 lCOd.
1834 2992 1952 3035 non
1978 2981 2058 3036 est

2233 2972 2497 3054 Σχόλιον.
2558 2973 2622 3032 Ἦ
2681 2975 2718 3030 ι’
2762 2973 2903 3036 διάτ.
2964 2985 3056 3036 τοῦ
3115 2975 3158 3034 ι’
3206 2979 3306 3039 τῖτ.
3354 2990 3455 3040 τοῦ
3509 2977 3762 3056 istam

429 3071 622 3152 posita
679 3070 740 3131 in
792 3068 973 3131 Basil.
1023 3066 1228 3130 Const.
1276 3070 1338 3135 3,
1374 3065 1462 3126 tit.
1497 3066 1534 3126 2
1564 3064 1942 3128 Novollarum
1976 3091 1981 3118 4

2216 3074 2243 3124 ὖ
2272 3063 2496 3131 κώδικος
2527 3067 2623 3121 οὒκ
2650 3064 2806 3134 ὶτὲθη
2841 3067 2914 3131 εἷς
2973 3067 3038 3123 τὰ
3084 3068 3372 3130 Βασιλικά.
3435 3071 3506 3127 Ἥ
3550 3058 3604 3147 γ’
3654 3067 3768 3130 διᾶτ,

427 3160 661 3222 novella
703 3157 1022 3220 Justiniani
1073 3157 1188 3218 135
1245 3155 1576 3238 posita[que
1627 3164 1741 3238 est]
1795 3154 1854 3214 in
1887 3154 1971 3216 lib

2219 3163 2243 3212 ὗ
2282 3153 2332 3230 β’
2391 3156 2494 3216 τίτ.
2557 3155 2662 3211 τῶν
2721 3163 2961 3232 Νεαρῶν,
3025 3156 3136 3214 ἔστι
3185 3161 3344 3232 νεαρὰ
3381 3160 3771 3220 ’1ουττινιάνειος

427 3248 610 3312 Basil.
645 3247 734 3310 tit.
767 3249 828 3321 3,
863 3255 1040 3326 atque
1071 3249 1105 3306 3
1136 3246 1333 3306 thema
1387 3235 1520 3325 cap.
1562 3247 1625 3308 11
1664 3235 1936 3324 ejusdem
1975 3256 1979 3303 l

2217 3242 2261 3298 ε’
2319 3244 2544 3318 κειμένη
2593 3243 2648 3300 ἐν
2698 3243 2888 3322 βιϐλίῳ
2919 3246 2963 3302 ε’
3020 3253 3126 3304 τῶν
3186 3256 3503 3307 Βασικικῶν
3566 3250 3664 3312 τῖτ.
3709 3246 3769 3326 γ’,

427 3340 596 3418 dicit,
633 3355 1002 3419 quascunque
1034 3336 1092 3398 in
1125 3342 1284 3397 textu
1335 3336 1561 3415 scripta
1614 3345 1770 3396 sunt.
1809 3338 1979 3398 Consi

2220 3333 2234 3388 ί
2261 3356 2394 3412 φησι
2425 3335 2485 3390 τὸ
2515 3333 2568 3413 γ’
2599 3335 2734 3409 θὲμα
2765 3345 2858 3395 τοῦ
2890 3333 2962 3392 ια’
2997 3358 3116 3416 nec.
3174 3348 3266 3398 τοῦ
3317 3341 3485 3399 αὒτοῦ
3542 3341 3637 3397 τίτ.
3690 3337 3766 3393 ὅσα

431 3429 502 3492 18
533 3428 623 3491 tit.
655 3430 692 3489 5
723 3427 831 3489 lib.
865 3444 884 3488 ι
917 3426 1064 3490 Cod.
1101 3444 1220 3487 non
1252 3434 1342 3486 est
1377 3425 1569 3505 posita
1601 3425 1660 3486 in
1705 3424 1914 3500 Basil.,
1951 3443 1983 3485 n

2213 3444 2225 3485 :
2258 3425 2318 3479 τὸ
2350 3423 2594 3496 κείμενον
2653 3423 2984 3503 ἒγράιρησαν.
3020 3425 3084 3483 Ἦ
3118 3425 3193 3495 ιη’
3232 3427 3375 3488 διάτ.
3437 3440 3532 3491 τοῦ
3590 3429 3634 3485 ε’
3682 3427 3765 3488 τίτ.

424 3539 542 3602 que
581 3520 679 3593 19,
713 3537 909 3600 neque
931 3518 1033 3578 92.

2211 3522 2240 3572 ῦ
2271 3510 2319 3568 α’
2349 3510 2554 3588 βιϐλίου
2585 3523 2678 3573 τοῦ
2707 3513 2933 3579 κώδικος
2978 3518 3070 3572 οὒκ
3114 3516 3268 3584 ἐτέθη
3301 3519 3380 3582 εἰς
3411 3521 3480 3576 τὰ
3512 3517 3763 3588 Βασιλικὰ,

2149 3599 2266 3660 οὐδὲ
2297 3604 2330 3670 ἡ
2371 3601 2461 3675 ιϐ’,
2493 3601 2609 3659 οὒδὲ
2636 3603 2746 3680 κβ’,

513 3699 560 3760 Τ
557 3707 760 3761 cattus.
793 3697 935 3770 Quae
965 3693 1512 3759 exhaereditationis
1563 3711 1769 3756 causas
1801 3691 2063 3769 ordinat,

2233 3691 2505 3765 Κείμενον.
2586 3693 2652 3748 Ἦ
2739 3690 2795 3748 δὲ
2875 3693 2970 3758 τὰς
3057 3695 3225 3760 αἰτίας
3308 3695 3757 3768 ἐξερεδιτατιώνων

423 3798 566 3862 etc.,
599 3807 784 3869 usque
813 3787 893 3849 ad
927 3786 1332 3866 publicantur,
1357 3793 1426 3846 ut
1454 3802 1592 3864 pag.
1627 3783 1771 3855 831,
1811 3782 1951 3847 834.

2204 3781 2372 3844 ἱκτους
2399 3779 2502 3860 ps’,
2532 3783 2712 3859 νεαρὰ,
2747 3805 2802 3843 κ.
2836 3805 2890 3844 1.
2921 3783 3005 3858 λ.,
3037 3803 3228 3862 usque
3277 3785 3353 3847 ad
3391 3791 3480 3846 καὶ
3513 3790 3612 3855 τῆς
3639 3785 3756 3852 κτιί·

2146 3893 2284 3937 σεως
2319 3871 2698 3954 ἀπελαύνεται,
2732 3873 2820 3930 καὶ
2849 3871 3159 3950 δημεύεται,

504 3967 841 4033 Scholium.
875 3964 1127 4029 Novella
1166 3965 1274 4024 115
1319 3961 1710 4041 imperatoris
1739 3959 2056 4024 Justinianf

2235 3962 2492 4042 Σχόλιον.
2559 3964 2622 4020 Ἠ
2681 3963 2780 4040 ριε’
2829 3965 2990 4042 νεαρὰ
3033 3976 3126 4026 τοῦ
3154 3966 3428 4043 βασιλέως
3481 3970 3764 4028 ’1ουστινια-

419 4060 611 4140 posita
643 4067 732 4120 est
763 4057 823 4118 in
877 4073 1011 4135 cap.
1062 4053 1140 4118 38
1173 4053 1262 4115 tit.
1289 4052 1326 4113 8
1361 4052 1470 4115 lib.
1505 4069 1662 4114 xxxv
1696 4050 1878 4114 Basil.
1913 4050 1971 4110 Di

2215 4062 2244 4112 ὖ
2270 4053 2423 4119 ἐτέθη
2455 4055 2529 4117 εἷς
2562 4074 2685 4128 κεφ.
2718 4052 2834 4125 λη’,
2877 4065 2969 4114 τοῦ
2997 4053 3054 4123 η’
3085 4057 3188 4118 τίτ.
3216 4067 3310 4117 τοῦ
3339 4057 3427 4116 λε’
3459 4058 3654 4135 βιϐλίου
3681 4063 3764 4114 τῶν

417 4139 612 4210 autem
647 4147 779 4228 ejus
810 4145 884 4205 14
915 4163 1046 4224 cap.
1101 4143 1226 4204 hazc
1272 4142 1344 4202 ad
1378 4142 1626 4203 verbum
1668 4163 1680 4198 :
1723 4141 1784 4200 Si
1818 4139 1953 4219 quis

2209 4142 2474 4214 ισιλικῶν,
2510 4141 2654 4221 λέγει
2685 4141 2739 4198 δὲ
2783 4145 2844 4199 τὸ
2875 4141 2941 4200 ιδ’
2974 4167 3094 4225 κεφ.
3145 4149 3308 4214 αὐτῆς
3363 4159 3538 4208 ταῦτα
3591 4150 3761 4225 ῥητῶς,

418 4227 765 4299 memoratis
797 4233 1173 4315 parentibus,
1206 4251 1340 4294 cum
1373 4233 1503 4312 ipse
1555 4227 1920 4292 orthodoxus
1952 4249 1970 4290 ε

2209 4233 2221 4287 i
2249 4254 2328 4294 τις
2362 4232 2422 4289 ἐκ
2453 4239 2557 4289 τῶν
2586 4234 3058 4308 μνημονευθὲντων
3106 4236 3308 4313 γονέων
3361 4238 3639 4316 ὀρθόδοξος
3677 4238 3761 4292 ὓπ-

415 4327 632 4388 sentiat
665 4325 849 4386 ﬁlium
882 4342 1052 4384 suum
1084 4331 1184 4383 aut
1215 4322 1370 4382 ﬁlios
1396 4339 1514 4382 non
1562 4337 1697 4380 esse
1743 4318 1963 4380 catholi

2208 4346 2324 4401 χσυν
2383 4319 2638 4388 αἴσθηται
2696 4325 2785 4378 τὸν
2831 4321 2969 4379 ἴδιον
3027 4323 3196 4382 παῖδα
3225 4327 3261 4393 ἦ
3295 4327 3501 4392 παῖδας
3537 4328 3611 4401 μὴ
3640 4327 3760 4382 εἶναι

413 4414 725 4486 Ecclesize,
762 4420 903 4485 etc.,
939 4409 1241 4491 quomodo
1268 4409 1378 4469 sub
1411 4408 1770 4488 compendio
1803 4408 1861 4468 in
1893 4416 1965 4468 te:

2212 4435 2234 4474 ς
2281 4409 2572 4478 καθολικῆς
2600 4411 2956 4493 Ἐκκλησίας,
2989 4416 3082 4470 καί
3116 4415 3180 4470 τὰ
3212 4415 3358 4491 ἑξῆς,
3414 4420 3490 4483 ὡς
3542 4421 3612 4482 εἷς
3666 4417 3761 4472 κεί-

413 4513 552 4565 sunt
577 4501 895 4582 proposita.
929 4499 1014 4562 De
1039 4499 1428 4561 Samaritanis
1452 4497 1690 4560 constit.
1733 4504 1780 4570 1,
1805 4516 1935 4577 quae

2212 4523 2298 4557 vov
2356 4503 2788 4577 συνωψέσθησαν.
2851 4502 2916 4560 Ἢ
2950 4505 3068 4582 περὶ
3125 4512 3232 4561 τῶν
3293 4514 3644 4586 Σαμαρειτῶν
3695 4503 3755 4577 α’,

414 4597 451 4654 2
486 4594 575 4658 tit.
607 4589 1167 4660 3Novellarum,est
1193 4588 1424 4649 novella
1445 4587 1766 4648 Justiniani
1796 4589 1966 4662 199,3

2207 4591 2272 4652 ἱτ.
2335 4590 2410 4668 β’,
2445 4591 2574 4647 οὖσα
2605 4602 2696 4650 τοῦ
2741 4589 2794 4670 γ’
2837 4594 2942 4654 τίτ.
3003 4600 3108 4650 τῶν
3156 4598 3404 4676 Νεαρῶν,
3460 4599 3572 4654 ἔστι
3626 4592 3759 4672 νεαρᾶ

413 4705 530 4747 non
555 4693 644 4746 est
668 4681 937 4764 positain
963 4678 1119 4741 Basil
1158 4727 1173 4753 ,
1209 4697 1405 4759 neque
1453 4678 1685 4739 novella
1709 4679 1770 4757 3,
1797 4696 1930 4758 quas
1964 4717 1965 4726 η

2196 4682 2556 4744 »υστινιάνειος
2607 4682 2720 4755 ρκθ’
2772 4687 2867 4742 οὐκ
2919 4683 3071 4751 ἐτέθη
3129 4682 3184 4740 δὲ
3243 4687 3317 4752 εἰς
3372 4689 3443 4743 τὰ.
3499 4685 3748 4764 βασιλικὰ,

408 4775 730 4841 Iustiniani
761 4773 1156 4845 l44.Quzeras
1180 4777 1382 4831 autem
1409 4787 1538 4849 cap.
1574 4771 1640 4832 51
1678 4769 1767 4831 tit.
1805 4773 1829 4830 1
1871 4767 1952 4828 lib

2203 4767 2254 4824 δὲ
2310 4772 2342 4837 ἡ
2385 4769 2438 4847 γ’
2501 4772 2659 4848 νεαρὰ
2719 4773 2850 4829 οὖσα
2896 4764 3318 4838 Ἱουστινιάνειος
3352 4776 3480 4855 ρμδ’
3538 4777 3674 4848 ζήτει
3713 4768 3755 4825 εὶ

409 4885 476 4929 ac
502 4867 662 4946 legas
689 4863 831 4926 illud
857 4881 990 4924 cum
1009 4861 1261 4940 reliquis
1285 4877 1615 4940 cap.usque
1634 4859 1704 4920 ad
1727 4859 1905 4919 ﬁnem
1933 4861 1961 4919 tl

2226 4881 2288 4916 να
2339 4881 2459 4940 κεφ.
2495 4871 2586 4919 τοῦ
2617 4859 2668 4916 α’
2701 4861 2802 4920 τίτ.
2853 4872 2943 4921 τοῦ
2975 4860 3026 4918 α’
3082 4861 3311 4944 βίϐλίου,
3375 4869 3466 4922 καὶ
3525 4865 3755 4941 ἀνάγνωθι

407 4975 539 5035 quae
559 4954 1040 5034 complectuntur
1061 4968 1433 5030 quascunque
1466 4949 1528 5010 in
1572 4956 1733 5009 textu
1759 4966 1959 5026 compe

2203 4959 2317 5022 ὓτο,
2355 4953 2440 5006 καὶ
2482 4950 2549 5006 τά
2604 4949 2687 5031 ἐφ’
2737 4950 2857 5018 ἑξῆς
2903 4973 3026 5030 κειρ,
3085 4953 3248 5033 μέχρι
3305 4965 3400 5014 τοῦ
3457 4955 3634 5018 τέλους
3682 4957 3755 5007 τοῦ

407 5045 574 5105 diose
593 5053 730 5104 sunt
753 5042 1080 5123 proposita,
1107 5049 1162 5101 et
1188 5039 1484 5119 [insuper]
1512 5039 1586 5099 de
1611 5037 1910 5099 haereticis
1935 5055 1959 5097 a

2201 5061 2234 5099 :.
2269 5038 2696 5114 διαλαμϐανοντα
2739 5041 2840 5098 ὅσα
2883 5045 3296 5118 συνωψέσθησαν
3356 5047 3435 5108 εἷς
3486 5049 3548 5102 τὸ
3592 5044 3753 5115 nius-

408 5134 593 5194 multa
613 5143 788 5212 atque
817 5130 1270 5194 necessaria.E.\
1297 5131 1390 5191 liis
1416 5129 1573 5191 enim
1601 5128 1834 5204 integra
1856 5146 1953 5188 cas

2198 5153 2244 5205 ν,
2283 5132 2377 5186 καί
2433 5128 2587 5208 ἕτερα
2643 5130 2818 5188 πολλὰ
2876 5133 3119 5211 χρειώδη
3171 5136 3259 5190 καὶ
3319 5133 3594 5212 ἀναγκαῖα
3648 5127 3750 5204 περί

406 5221 517 5296 (uti
550 5223 800 5300 constat)
828 5232 888 5282 et
908 5221 1187 5299 regiones
1208 5217 1610 5299 Bogomilicas
1635 5226 1958 5296 errare,an

2201 5227 2434 5282 nuncin.
2495 5219 2632 5278 Ἀπὸ
2691 5222 2789 5300 γὰρ
2878 5225 3105 5297 τούτων,
3169 5225 3263 5303 ὡς,
3327 5224 3503 5282 ἔοικεν
3563 5225 3753 5300 ἀκέραια

407 5310 469 5369 in
500 5309 714 5369 haeresi
745 5328 852 5370 sua
885 5310 1037 5371 mori
1087 5309 1384 5372 sinimus:
1434 5326 1616 5369 unum
1652 5323 1788 5368 vero
1825 5315 1883 5367 et
1912 5309 1959 5365 vi

2206 5332 2334 5386 στρα
2403 5331 2458 5366 τε
2529 5312 2616 5366 καὶ
2675 5320 2853 5389 χωρ1α
2931 5311 3274 5390 βωγομιλικᾶ
3349 5321 3752 5392 παραχωροῦμεν

406 5395 768 5461 conditionis
789 5398 962 5460 talem
985 5399 1331 5460 hmrcticum
1351 5399 1414 5460 in
1435 5398 1599 5476 regia
1623 5395 1770 5458 urbe
1788 5414 1958 5456 comn

2193 5399 2450 5478 .ανᾶσθαι,
2486 5400 2580 5458 καὶ
2612 5401 2747 5475 μετὰ
2777 5401 2874 5468 τῆς
2906 5400 3040 5466 ἰδίας
3085 5402 3446 5472 ἀποθνήσκειν
3493 5402 3745 5480 αἷρέσεως.

402 5494 631 5552 rantem
649 5485 1949 5567 imenieutes,vehementerpunimus.Consti

2203 5487 2345 5544 ναδέ
2378 5492 2468 5544 καὶ
2525 5491 2762 5570 τυχόντα
2820 5501 3060 5550 τοιοῦτον
3119 5493 3380 5570 αἱρετικὸν
3444 5495 3748 5569 εὑρίσκοντες

401 5580 518 5642 tit.l
539 5574 948 5644 Novellarum,
970 5585 1058 5636 est
1081 5577 1648 5638 novellaJustiniani
1677 5581 1776 5638 131
1796 5577 1947 5656 ,posi

2239 5585 2304 5656 τῇ
2361 5579 2714 5656 βασιλευούσῃ
2771 5579 3106 5660 διατρίϐοντα
3137 5583 3385 5660 μεγάλως
3452 5585 3604 5640 αὺτὸν
3662 5599 3743 5632 κο-

401 5671 540 5760 [que
569 5664 681 5751 est]
702 5663 762 5730 in
778 5663 883 5732 lib.
917 5665 1100 5733 Basil.
1127 5683 1212 5742 ιιι,
1237 5669 1408 5752 cujus
1437 5669 1501 5729 ll
1538 5685 1672 5750 cap.
1699 5666 1845 5731 dicit
1873 5687 1950 5752 qu

2187 5667 2474 5747 ιζομεν.’11
2507 5669 2556 5752 γ’
2588 5667 2726 5730 διάτ.
2765 5680 2856 5734 τοῦ
2914 5669 2965 5729 α’
3019 5674 3124 5739 τίτ,
3185 5679 3288 5733 τῶν
3347 5677 3590 5754 Νεαρῶν,
3645 5667 3739 5724 ἔστι
