3930 6218
135 367 276 438 1149
1148 371 1646 440 NOMOCANON.
1692 406 1764 420 —
1831 373 1988 436 TlT.
2035 375 2174 456 XII,
2219 375 2392 439 CAP.
2437 369 2483 439 ι.
3343 371 3494 442 1150

131 507 279 588 νεαρᾶ
307 506 736 574 Ἰουστινιάνειος
783 505 900 588 ρλα’
953 508 1178 584 κειμένη
1220 508 1276 564 ἐν
1319 507 1510 586 βιϐλίῳ
1567 508 1612 564 ε’
1659 533 1683 567 τ

1941 527 2088 590 nque
2121 512 2182 572 in
2217 519 2378 573 textu
2412 509 2844 594 compendiose
2875 512 3182 592 preposita
3213 513 3493 576 sunt.Le-

131 598 422 656 Βασιλικῶν
465 597 568 660 τίτ,
617 597 693 674 γ’,
739 600 802 655 τὸ
846 597 901 655 δὲ
946 599 1020 655 ια’
1063 620 1184 679 κεφ.
1222 606 1316 655 τοῦ
1355 599 1598 659 τοιούτου
1653 623 1681 656 τ

1939 620 1946 659 ι
1979 603 2219 681 [autem]
2250 600 2394 662 illud
2427 620 2626 679 usque
2670 600 2742 662 ad
2797 619 2930 681 cap.
2971 602 3042 663 12
3071 623 3087 680 ;
3120 622 3255 666 nam
3291 604 3491 669 omnia

128 688 266 767 λέγει
297 687 397 743 ὅσα
446 690 856 765 συνωψίσθησαν
901 690 974 754 εἷς
1021 689 1082 745 τὸ
1143 689 1410 763 κείμενον,
1477 690 1564 748 καὶ
1621 691 1680 745 ἂν

1844 689 2115 769 ejusdem
2154 693 2216 751 11
2253 709 2383 772 cap.
2420 693 2681 755 themata
2709 690 3053 754 istiusmodi
3081 692 3323 756 docent.

131 781 283 859 γνῳθι
315 784 470 837 τοῦτο
500 776 665 860 μέχρι
707 785 802 836 τοῦ
844 779 916 859 ιβ’
947 800 1066 859 κεφ.
1103 779 1167 838 τὰ
1197 781 1318 859 γὰρ,
1352 777 1452 836 ὅλα
1484 778 1688 856 Θέματα
1717 787 1811 839 τοῦ
1843 784 2001 840 αὐτοῦ
2033 779 2106 837 ια’
2139 802 2261 860 κεφ.
2295 781 2411 859 περὶ
2441 783 2644 840 τούτων
2670 779 2992 842 διδάσκουσι.

1217 1128 1618 1217 ΤΙΤΛΟΣ
1689 1129 2358 1218 ΕΝΔΕΚΑΤΟΣ

951 1320 1160 1375 ΠΕΡΙ
1245 1324 1846 1380 ΜΟΝΑΣΤΡΙΑΣ
1935 1328 2085 1380 ΚΑΙ
2171 1325 2651 1389 ΜΟΝΑΧΩΝ,
2764 1373 2772 1380 .

1186 1669 1659 1758 TITULUS
1728 1670 2408 1759 UNDECIMUS.

927 1863 1042 1929 DE
1123 1863 1828 1932 MONASTERIIS
1914 1867 2009 1931 ET
2101 1862 2662 1930 MONACHIS.

194 2189 585 2241 ΚΕΦΑΛᾹΙΟΝ
645 2181 739 2245 Α¹.
785 2212 864 2226 -
933 2183 1055 2260 Περὶ
1123 2184 1404 2253 ποιήσεως
1463 2205 1746 2256 μοναστη-

1931 2181 2160 2246 IAPUT
2194 2182 2510 2246 PRIMUM.
2545 2217 2623 2230 -
2655 2183 2741 2245 De
2787 2184 3198 2246 exstructione
3239 2201 3483 2247 monas-

120 2272 255 2347 ρίων,
329 2274 423 2328 καί
491 2279 584 2329 τοῦ
661 2273 738 2349 μὴ
823 2271 1066 2350 γενέσθαι
1148 2275 1280 2332 αὖτᾶ
1337 2272 1602 2354 ἰδιωτικὰ,
1669 2299 1672 2307 ⁴

1935 2275 2152 2353 forum,
2189 2284 2248 2335 et
2277 2271 2488 2334 ncilla
2513 2273 2746 2353 privati
2779 2271 2990 2353 [juris]
3024 2273 3199 2351 ﬁant,
3224 2275 3372 2336 etde
3394 2291 3487 2336 re-

119 2363 445 2438 πραγμέτων
475 2363 583 2418 τῶν
613 2363 974 2437 μοναζόντων,

888 2383 974 2425 ων.
1843 2363 1948 2425 bus
1976 2363 2440 2425 monachorum.

190 2451 420 2508 Συνόδου
452 2451 795 2518 Χαλκηδόνος
825 2453 1001 2509 κανὼν
1031 2451 1101 2527 δ’,
1136 2451 1242 2508 κδ’·
1275 2451 1492 2510 συνόδου
1517 2453 1621 2528 g",
1653 2475 1742 2509 κα-

1935 2451 2170 2513 30ncilii
2201 2450 2715 2514 Chalcedonensis
2763 2470 2954 2514 canon
3005 2452 3067 2532 4,
3101 2455 3203 2522 24,
3239 2453 3487 2517 concilii

119 2541 213 2596 νὼν
239 2541 326 2614 μθ⁹
372 2557 388 2573 ⁶
425 2540 642 2599 συνόδου
689 2544 911 2605 Νικαίας
941 2544 1003 2598 τὸ
1033 2541 1110 2615 α’,
1147 2543 1320 2599 κανών
1354 2543 1427 2620 ιγ’
1463 2558 1478 2574 ⁶
1533 2541 1671 2600 συνόὸ

1927 2541 1988 2602 ιιὶ
2020 2560 2211 2603 canon
2243 2542 2360 2614 49;
2394 2541 2635 2602 concilii
2668 2541 2892 2603 Nicaani
2929 2539 3108 2620 primi
3139 2559 3331 2603 canon
3367 2545 3479 2621 i3;

150 2629 163 2652 ν
256 2631 272 2686 ἱ
340 2628 361 2654 9
395 2646 410 2661 ,
573 2638 598 2649 ~
712 2638 739 2648 -ι
822 2638 846 2648 ο
923 2630 937 2652 ν
1158 2632 1171 2652 ν
1343 2636 1352 2650 ι
1615 2631 1628 2652 ι

119 2651 147 2685 α
189 2652 253 2686 κα
300 2631 333 2707 β
446 2634 502 2686 ἓν
530 2653 608 2706 τῳ
638 2653 750 2707 ναῳ
778 2654 886 2688 των
943 2632 1120 2710 Αγίων
1149 2630 1466 2689 αποστολων
1491 2653 1669 2689 κανων

1933 2631 2076 2692 ιείιὶἱ
2111 2631 2288 2711 primi
2320 2639 2377 2692 et
2406 2631 2662 2692 secundi
2694 2631 2750 2692 in
2783 2631 2912 2692 aede
2942 2630 3296 2693 Sanctorum
3326 2632 3485 2713 Apo-

118 2721 195 2776 καὶ
218 2720 280 2794 ς’
281 2717 318 2782 ’,

1839 2720 2127 2782 stolorum
2156 2719 2394 2800 [habiti]
2425 2739 2619 2782 canon
2655 2721 2676 2782 1
2717 2731 2778 2782 et
2807 2721 2865 2781 6.

194 2812 473 2886 Κείμενον.
534 2809 600 2866 Ἢ
645 2809 718 2888 ιγ’
789 2809 924 2872 διάτ.
1001 2811 1096 2870 τοῦ
1170 2811 1224 2867 α’
1279 2813 1383 2874 τίτ.
1442 2817 1551 2869 τῶν
1608 2823 1746 2870 Νεα-

1928 2811 2171 2874 Τεωῑιιε.
2205 2811 2410 2874 Const.
2469 2812 2540 2874 l3
2591 2813 2678 2872 tit.
2721 2819 2744 2871 1
2781 2809 3166 2872 Novellarum
3198 2812 3320 2876 ait:
3357 2812 3472 2886 Qui

121 2905 234 2978 ρῶν,
265 2924 318 2963 κ.
349 2923 403 2958 1.
435 2899 518 2975 λ.,
555 2917 750 2981 usque
779 2900 853 2962 ad
887 2903 962 2966 ὡς
997 2903 1028 2971 ἡ
1058 2899 1132 2958 νδ¹
1166 2899 1304 2964 διάτ.
1337 2908 1432 2958 τοῦ
1461 2905 1621 2961 αὒτοῡ
1645 2923 1673 2957 1

1925 2901 2292 2980 masterium,
2330 2908 2476 2974 etc.,
2515 2918 2702 2979 usque
2730 2901 2808 2963 ad
2851 2909 3052 2963 const.
3091 2902 3192 2973 54,
3230 2911 3300 2965 ut
3326 2920 3477 2985 pag.

190 3079 449 3161 Σχόλιον.
499 3077 564 3137 Ἠ
621 3080 696 3159 ιγ’
738 3079 878 3144 διάτ,
924 3081 1020 3137 τοῦ
1077 3081 1126 3138 α’
1188 3081 1291 3142 τίτ.
1339 3086 1447 3138 τῶν
1505 3087 1742 3160 bisacdeI

1929 3081 2243 3143 Scholium.
2307 3079 2562 3143 Constit.
2633 3082 2701 3142 l3
2761 3079 2852 3144 tit.
2914 3078 3354 3142 lNovellarum
3391 3089 3481 3145 est

122 3168 219 3225 ’ἐστι
271 3172 434 3250 νεαρὰ
490 3169 912 3237 ἰουστινιάνειος
954 3169 1072 3250 ρκγ⁸
1106 3174 1194 3227 καὶ
1225 3172 1377 3238 ἐτέθη
1408 3172 1469 3228 τὸ
1509 3171 1590 3246 νβ’
1619 3193 1674 3227 κε

1925 3170 2064 3232 vella
2093 3169 2412 3232 Iustiniani
2445 3170 2584 3244 123,
2620 3169 2934 3249 positaque
2965 3178 3057 3232 est
3086 3169 3164 3232 52
3187 3169 3318 3249 ejus
3343 3190 3477 3253 cap.

122 3259 269 3326 αὐτῆς
299 3263 370 3324 εἷς
433 3259 634 3337 βιϐλίον
679 3268 784 3317 τῶν
829 3260 1128 3318 Βασιλικῶν
1183 3259 1232 3315 δ’
1274 3261 1403 3334 τίτ.,
1439 3260 1489 3316 α’
1522 3281 1646 3338 κεφ.

1925 3260 2030 3321 lib.
2064 3259 2240 3320 Basil.
2269 3275 2347 3332 IV,
2378 3259 2467 3322 tit.
2495 3266 2556 3338 l,
2581 3277 2714 3338 cap.
2743 3261 2990 3340 Latque
3014 3259 3114 3320 illa
3141 3260 3315 3322 docet
3339 3280 3477 3338 quas

122 3348 286 3407 ἐκεῖνα
315 3349 564 3408 διδάσκον
597 3349 696 3407 ὅσα
752 3352 824 3415 εἷς
883 3352 946 3408 τὸ
1001 3352 1245 3426 κείμενον
1293 3349 1624 3429 ἐγράφησαν.

1926 3358 2085 3411 textu
2115 3350 2332 3428 scripta
2365 3357 2524 3411 sunt.
2560 3349 2812 3412 Constit.
2854 3351 2891 3412 3
2921 3349 3009 3412 tit.
3033 3349 3478 3414 2Novellarum

125 3437 169 3516 γ’
197 3438 322 3500 διατ.
370 3447 473 3498 τού
501 3440 550 3518 β’
598 3442 700 3501 τίτ,
735 3447 841 3497 τῶν
895 3443 1135 3518 Νελρῶν,
1169 3439 1279 3496 ἔστι
1325 3441 1485 3517 νεαρᾶ
1514 3438 1677 3497 Ἰουστ

1950 3439 2179 3500 novella
2206 3438 2529 3501 Justiniani
2562 3439 2700 3512 13l,
2758 3439 3108 3520 posita[que
3141 3443 3248 3518 est]
3278 3441 3336 3502 in
3369 3441 3473 3502 lib.

125 3532 330 3596 νιάνειος
373 3530 500 3610 pla,
543 3530 767 3606 κειμένη
813 3531 868 3587 ἐν
911 3529 1098 3607 βιϐλίῳ
1150 3535 1256 3586 τῶν
1320 3533 1618 3586 Βασιλικῶν
1672 3553 1677 3582 ι

1921 3529 2008 3590 sil.
2041 3545 2100 3604 ν,
2139 3529 2226 3590 tit.
2277 3527 2338 3590 3.
2405 3526 2560 3590 Dicit
2603 3536 2800 3588 autem
2831 3529 2864 3588 4
2899 3527 3175 3608 ejusdem
3211 3530 3301 3592 tit.
3336 3547 3473 3610 cap.

126 3622 213 3680 1'11.
245 3622 294 3698 γ’
329 3638 342 3652 ⁸
376 3621 533 3699 λέγει
564 3619 617 3676 δὲ
667 3623 728 3678 τὸ
778 3620 822 3675 δ’
883 3620 1173 3699 κεφάλαιον
1217 3627 1310 3677 τοῦ
1365 3618 1523 3677 αὐτοῦ
1564 3616 1678 3674 τίτλ

1922 3637 2200 3700 ecunque
2227 3617 2285 3679 in
2319 3626 2478 3681 textu
2513 3617 2944 3695 compendiose
2976 3627 3120 3680 sunt
3144 3619 3474 3698 proposita.

123 3708 208 3765 ὅσα
245 3713 314 3776 εἷς
373 3714 440 3768 τὸ
497 3711 739 3785 κείμενον
795 3712 1226 3785 συνωψίσθησαν,
1259 3710 1326 3766 Ἢ
1369 3707 1420 3764 α’
1470 3706 1605 3771 διάτ,
1649 3729 1675 3763 1

1924 3717 2034 3773 nst.
2073 3715 2093 3768 ι
2135 3707 2227 3771 tit.
2282 3708 2321 3768 2
2373 3706 2753 3769 Novellarum
2789 3715 2881 3768 est
2910 3725 3044 3788 cap.
3079 3709 3156 3768 10
3183 3707 3476 3770 Justinia-

125 3798 283 3873 β’τίτ.
318 3808 425 3857 τῶν
460 3807 699 3878 Νεαρῶν,
748 3800 859 3856 ἔστι
903 3821 1026 3879 κεφ.
1078 3798 1114 3856 ι’
1165 3801 1261 3868 τῆς
1323 3797 1677 3857 Ἰουστινιανεί

1918 3817 1957 3860 ae
1994 3802 2025 3860 ’7
2057 3798 2335 3859 novellae.
2363 3796 2496 3858 Non
2525 3804 2614 3858 est
2634 3803 2831 3858 autem
2853 3797 3112 3876 positum
3138 3797 3199 3857 in
3229 3797 3470 3861 Basilic.

123 3890 163 3959 ζ’
189 3898 388 3968 νεαρᾶς,
427 3894 525 3949 οὐκ
558 3891 710 3959 ἒτέθη
769 3889 824 3948 δὲ
876 3892 950 3954 είς
992 3890 1058 3946 τὰ
1111 3885 1392 3949 Βασιλικά.
1428 3885 1488 3944 Ἠ
1521 3888 1572 3964 β’
1603 3885 1675 3943 διό

1926 3889 2125 3949 ηειίι.2
2146 3888 2238 3950 tit.
2265 3891 2302 3945 2
2321 3885 2707 3948 Novellarum
2733 3893 2829 3948 est
2849 3886 3084 3947 novella
3105 3888 3478 3966 120,posita-

123 3991 202 4039 τοῦ
228 3979 276 4056 β’
324 3983 432 4042 τίτ.
488 3987 594 4036 τῶν
654 3986 893 4059 Νεαρῶν,
947 3979 1059 4037 ’ἐστι
1117 3981 1276 4058 νεαρὰ
1319 3978 1675 4036 Ἰουστινιάνει

1923 3995 1984 4039 ιθ
2014 3977 2133 4058 est]
2165 3977 2223 4037 in
2256 3976 2356 4039 lib.
2393 3974 2572 4037 Basil.
2628 3990 2689 4047 ν,
2725 3975 2812 4035 tit.
2849 3974 2911 4037 2.
2948 3975 3107 4038 Dicit
3135 3982 3335 4036 autem
3370 3975 3475 4052 15,

123 4071 194 4140 ρκ’
223 4071 442 4147 κειμένη
478 4069 533 4126 ἐν
577 4066 771 4147 βιϐλίῳ
799 4077 906 4127 τῶν
937 4069 1238 4126 Βασιλικῶν
1271 4066 1316 4125 ε’
1345 4069 1448 4131 τίτ,
1480 4067 1556 4144 β’,
1592 4091 1675 4146 φη.

1919 4067 2105 4128 isdem
2132 4066 2219 4126 tit.
2255 4081 2773 4144 cap.qutecunque
2802 4063 2862 4125 in
2887 4071 3046 4126 textu
3066 4065 3290 4146 scripta
3312 4073 3471 4130 sunt.

122 4157 167 4212 δὲ
193 4162 248 4216 τὸ
304 4161 366 4218 ιε’
412 4167 512 4217 τοῦ
558 4162 718 4217 αὒτοῦ
773 4161 878 4223 τίτ,
925 4182 1051 4240 κεφ,
1097 4159 1197 4215 ὅσα
1254 4162 1327 4221 εἰς
1385 4160 1446 4214 τὸ
1503 4159 1674 4232 κείμεη

1922 4165 2034 4217 nst.
2067 4157 2145 4221 38
2181 4159 2271 4217 tit.
2309 4155 2344 4219 3
2373 4155 2477 4216 lib.
2516 4172 2530 4216 l
2582 4152 2730 4216 Cod.
2770 4172 2888 4216 non
2921 4162 3012 4216 est
3045 4155 3236 4235 posita
3265 4154 3326 4214 in
3358 4156 3474 4216 Ba-

121 4250 429 4329 ὶγράφησαν,
483 4249 546 4305 Ἠ
598 4247 688 4316 λη’
748 4249 890 4312 διάτ.
947 4257 1042 4306 τοῦ
1091 4245 1144 4326 γ’
1205 4249 1309 4306 τίτ.
1344 4254 1434 4304 τοῦ
1463 4244 1516 4305 α’
1544 4245 1667 4323 βιϐλ

1941 4293 1957 4319 ,
1989 4263 2184 4325 neque
2229 4251 2429 4307 const.
2488 4243 2559 4304 l3
2594 4241 2685 4304 tit.
2724 4243 2748 4304 1
2789 4241 3194 4316 Novellarum,
3227 4260 3360 4322 qua;
3389 4249 3478 4306 est

119 4347 199 4394 τοῦ
226 4339 450 4401 κώδικος
509 4341 603 4395 οὒκ
658 4338 815 4406 ἱετὲοη
862 4340 934 4400 εἷς
994 4339 1059 4394 τὰ
1120 4335 1404 4395 Βασιλικά.
1443 4335 1572 4395 Οὒδὲ
1604 4337 1637 4403 ἡ

1923 4335 2063 4396 uella
2094 4335 2411 4395 Justiniani
2445 4333 2520 4409 5;
2557 4349 2755 4412 neque
2789 4340 2983 4397 const.
3019 4332 3095 4393 52
3124 4333 3215 4393 tit.
3251 4331 3290 4395 3
3321 4331 3475 4396 lib.1

120 4424 240 4487 διάτ.
274 4440 363 4490 τοῦ
392 4429 447 4486 α’
479 4431 582 4490 τίτ.
617 4434 724 4484 τῶν
755 4435 971 4506 Νευρῶν
1018 4436 1146 4484 οὖσα
1199 4424 1624 4488 Ἰουστινιᾶνειος
1671 4423 1741 4501 ε’,
1827 4423 2004 4499 C0d.,
2040 4442 2235 4506 neque
2265 4423 2367 4486 54.

121 4516 219 4574 οὒδὲ
247 4521 278 4588 ἦ
309 4520 388 4596 νβ’
420 4519 564 4581 διάτ.
595 4525 688 4576 τοῦ
719 4519 772 4596 γ’
804 4519 907 4576 τίτ.
940 4525 1035 4574 τοῦ
1065 4517 1117 4573 α’
1149 4515 1358 4593 βιϐλίου
1390 4526 1484 4575 τοῦ
1514 4515 1768 4590 κώδικος,
1803 4513 1918 4573 οὐδὲ
1944 4517 1979 4584 ἡ
2013 4513 2118 4578 νδ’,

192 4637 464 4710 Κείμενον,
523 4636 620 4694 Καὶ
675 4636 710 4704 ἡ
774 4635 892 4709 περὶ
965 4631 1253 4711 ῥεπουδίων
1310 4629 1744 4707 διαλαμϐάνουσα

1923 4629 2154 4694 Textus.
2187 4629 2258 4692 Et
2319 4647 2450 4710 quae
2505 4628 2582 4690 de
2641 4627 2922 4709 repudio,
2978 4636 3120 4704 etc.,
3173 4645 3368 4710 usque
3395 4628 3475 4690 ad

120 4723 207 4796 ριζ²
232 4727 411 4804 νεαρὰ,
451 4748 505 4787 Α.
537 4747 592 4788 1.
624 4723 706 4800 λι,
734 4740 925 4800 usque
956 4721 1029 4784 ad
1062 4722 1240 4799 ὥσπερ
1271 4723 1358 4779 καὶ
1388 4721 1478 4778 ὅτε
1511 4723 1589 4799 μὴ
1621 4744 1672 4778 πε

1177 4744 1240 4799 τερ
1271 4723 1358 4779 καὶ
1388 4721 1478 4778 ὅτε
1511 4723 1589 4799 μὴ
1621 4733 1748 4778 παῖε
1830 4721 2050 4782 mulier
2079 4719 2278 4794 habet,
2310 4726 2375 4782 ut
2406 4735 2550 4800 pag.
2585 4717 2729 4782 839.

120 4808 197 4876 δας
226 4817 360 4888 μήτε
390 4827 576 4893 γονεῖς
607 4817 641 4882 ἡ
673 4815 809 4892 γυνὴ
840 4813 972 4893 ἔχῃ.
1759 4811 1802 4860 D

187 4890 436 4979 Σχόλιον,
489 4901 554 4960 Ἦ
599 4890 698 4980 ριζἱ
743 4890 906 4972 νεαρᾶ
953 4912 1046 4962 τοῦ
1097 4900 1364 4978 βασιλέως
1421 4897 1738 4960 Ἰουστινια-

1916 4899 2234 4964 Scholium.
2266 4896 2514 4960 Novella
2570 4893 2955 4976 imperatoris
3000 4890 3319 4956 Iustiniani
3359 4891 3468 4954 117

119 4989 197 5045 νοῦ
221 4991 371 5060 ἐτέθη
418 4996 494 5057 εἷς
543 4993 636 5050 ἀπ’
681 4993 858 5073 ἀρχῆς
904 4999 997 5049 τοῦ
1040 4989 1086 5048 θ’
1131 5013 1256 5070 nec}.
1294 4991 1366 5055 εἷς
1413 4992 1503 5046 τὸν
1553 4989 1600 5062 ζ’
1631 4995 1671 5046 1i

1923 4990 2016 5052 sita
2047 4997 2138 5051 est
2198 4987 2273 5049 ab
2334 4986 2504 5048 initio
2561 5003 2694 5066 cap.
2757 4986 2795 5047 9
2855 4983 2978 5044 in7
3017 4982 3109 5042 tit.
3151 4980 3475 5073 lib._xxvm

119 5088 196 5138 τοῦ
243 5103 312 5149 κη
372 5080 582 5158 βιϐλιου
625 5070 1113 5140 τῶν--Βασιλικῶψ
1168 5088 1330 5137 Τοῦτο
1382 5077 1437 5134 δὲ
1493 5081 1554 5134 τὸ
1614 5101 1668 5136 κε

1919 5079 2001 5141 sil.
2041 5078 2166 5140 Hoc
2192 5083 2394 5140 autem
2421 5074 2846 5155 cap.omissum
2873 5079 2987 5144 est,
3023 5078 3078 5131 et
3119 5089 3236 5132 non
3271 5070 3471 5131 inser-

118 5161 450 5252 πιρελείφθηξ
507 5172 605 5228 καΐ
658 5176 718 5230 οὗ
771 5171 1118 5251 κατεστρώθη
1187 5171 1259 5234 εἷς
1317 5169 1384 5225 τὰ
1453 5168 1670 5224 Βασιλικ

1925 5190 1950 5229 n
1986 5168 2168 5232 Basil.
2206 5167 2324 5230 Sed
2361 5185 2465 5247 pro
2498 5165 2610 5226 hoc
2639 5163 2703 5252 in
2737 5161 3006 5252 eodem?
3036 5159 3128 5223 tit.
3162 5160 3237 5252 de
3261 5160 3477 5252 matria

121 5256 388 5329 Ἐτὲθησαν
418 5263 539 5320 ἀντί
573 5265 758 5321 τούτου
810 5262 864 5318 ἓν
907 5270 984 5335 τῷ
1018 5264 1160 5333 αὒτῷ
1187 5262 1234 5332 ζ’
1288 5261 1391 5322 τίτ.
1427 5261 1588 5339 χάριν
1629 5271 1673 5316 τε

1928 5259 2041 5320 niis
2063 5259 2224 5338 justa
2256 5257 2331 5318 de
2359 5246 2536 5317 causa
2592 5249 3012 5326 dissolvendis,
3050 5268 3116 5311 ac
3169 5250 3245 5310 de
3277 5246 3470 5329 poenis

119 5347 328 5427 εὔλόγως
359 5352 634 5426 λυομένων
692 5353 1059 5431 συνοικεσίων,
1091 5352 1180 5407 καὶ
1223 5357 1328 5407 τῶν
1387 5348 1671 5427 ἐπαγομένι

1915 5367 1951 5410 ae
1982 5350 2131 5410 citra
2158 5347 2451 5408 rationem
2489 5344 2590 5404 illa
2619 5339 3048 5431 dirimentibus
3084 5339 3467 5431 inﬂiguntur,

120 5446 295 5495 ποινὼν
353 5443 494 5498 κατὰ
547 5449 653 5498 τῶν
703 5441 1005 5518 ἁνευλόγως
1045 5428 1299 5497 ⁷λυόντων
1355 5441 1486 5497 αὐτὰ
1517 5437 1669 5519 διέφυ

1929 5437 2006 5497 Ita
2037 5455 2107 5498 ex
2169 5437 2270 5497 111
2331 5433 2563 5494 novella
2620 5438 2678 5492 et
2706 5431 2810 5505 29,
2845 5438 2906 5492 et
2935 5428 3070 5491 aliis
3105 5429 3299 5510 posita
3331 5437 3470 5489 sunt

120 5546 224 5604 κεφ.
280 5528 338 5586 ἔκ
389 5552 446 5586 τε
488 5537 582 5599 τῆς
629 5531 736 5611 ρια⁹
796 5538 984 5611 νεαρᾶς
1045 5535 1144 5599 τῆς
1201 5529 1286 5608 κβ
1341 5532 1429 5586 καὶ
1491 5529 1672 5606 ἑτέρων

1913 5546 1950 5589 ι.
1986 5525 2225 5598 Quaeras
2255 5530 2453 5586 autem
2482 5524 2516 5582 ’ἵ
2554 5521 2643 5583 tit.
2685 5528 2867 5582 totum
2901 5519 2977 5582 de
2997 5519 3298 5582 solutione
3335 5535 3465 5580 ma-

121 5617 195 5702 ξιαὶ
220 5619 364 5689 ζήτει
389 5621 486 5676 τὸν
516 5621 637 5680 ὅλον
666 5632 850 5682 τοῦτον
878 5623 926 5696 ζ’
971 5625 1073 5681 τίτ.
1130 5624 1248 5702 περὶ
1289 5619 1489 5687 λύσεως
1545 5619 1673 5699 γάμι

1130 5624 1248 5702 περὶ
1289 5619 1489 5687 λύσεως
1545 5619 1734 5699 γάμων
1820 5615 2237 5680 trimoniorum
2271 5621 2645 5675 tractantem.

120 5700 489 5786 διαλαμϐάνοντ
497 5733 548 5775 α.
