4052 6222
487 281 630 351 1151
1585 285 1850 350 ΡΗΟΤΙΙ
1894 283 2416 352 ΡΑΤΒΙΑΒΟΗίΕ
2457 288 2574 352 CP.
3691 292 3864 360 1152

561 425 808 492 Texlus.
836 421 908 488 Et
934 429 1127 489 const.
1159 425 1197 486 2
1228 420 1321 486 tit.
1355 422 1382 485 1
1420 421 1803 486 Novellarum
1837 423 1939 486 ait.
1963 422 2109 488 Cum
2133 429 2161 478 Δ

2278 424 2555 499 Κείμενον,
2596 423 2693 482 Καὶ
2731 419 2783 498 β’
2813 421 2954 488 διάτ.
2995 432 3084 484 τοῦ
3116 424 3168 483 α’
3202 425 3298 490 τίτ.
3334 426 3442 483 τῶν
3474 433 3713 506 Νεαρῶν,
3747 451 3865 509 φη-

479 534 710 591 servus,
745 523 890 590 etc.,
945 531 1137 596 usque
1185 512 1269 576 ad
1321 512 1603 594 [aliquid]
1635 513 1840 590 donet,
1874 519 1940 576 ut
1969 530 2079 592 pag

2265 538 2302 588 ν,
2338 536 2391 573 κ.
2424 537 2477 576 τ.
2509 511 2594 588 λι,
2627 531 2821 591 usque
2851 513 2924 576 ad
2958 516 3002 572 εἶ
3034 517 3114 592 μὴ
3146 516 3284 572 ἑκών
3323 539 3406 582 τις
3437 519 3514 591 τῷ
3544 516 3708 596 ἑτέρῳ
3739 515 3865 573 δω-

479 607 620 680 842,
656 603 796 668 843.
2198 602 2428 682 ρήσηται
2441 651 2456 667 ,

553 695 888 757 Scholium.
925 692 1178 755 Constit.
1212 692 1250 754 2
1283 691 1374 756 tit.
1415 694 1438 757 1
1475 689 1852 754 Novellarum
1885 698 1974 754 est
2005 708 2116 751 no-

2279 693 2540 773 Σχόλιον.
2577 690 2640 750 Ἦ
2672 692 2724 772 β’
2776 692 2917 756 διάτ.
2950 703 3042 753 του
3075 693 3128 752 α’
3178 695 3285 758 τίτ.
3317 701 3426 752 τῶν
3460 697 3706 775 Νεαρῶν²
3737 695 3864 753 ἔστι

476 784 629 848 vella
647 783 963 848 Justiniani
1002 782 1112 844 123
1145 785 1460 864 positaque
1489 794 1584 846 est
1613 783 1686 844 ab
1719 783 1889 845 initio
1915 781 1994 842 52
2022 800 2076 842 ει

2265 782 2357 862 αρά
2387 783 2812 847 ἰουστινιάνειος
2872 783 2990 863 ρκγ’
3050 787 3138 841 καὶ
3183 785 3338 853 ἐτέθη
3386 785 3480 842 ἀπ’
3531 786 3718 866 ἀρχῆς
3761 792 3865 842 106

475 893 609 954 cap.
641 875 705 936 in
735 873 826 937 tit.
864 875 891 934 1
930 872 1040 937 lib.
1071 873 1112 934 4
1142 873 1326 935 Basil.
1362 874 1552 951 Legas
1585 880 1785 934 autem
1820 870 2075 950 cap.3hi

2264 872 2302 932 ὀ
2338 895 2462 953 κεφ.
2497 874 2664 942 αὖτῆς
2695 876 2768 940 εἷς
2797 876 2904 938 τίτ.
2939 873 2990 931 α’
3025 878 3116 932 106
3147 873 3194 931 δ’
3221 874 3430 952 βιϐλίου
3478 883 3584 934 τῶν
3623 875 3864 953 βασιλι-

469 965 569 1044 jus
597 965 689 1028 tit.
723 964 851 1026 sive
883 962 1132 1025 novellae
1176 981 1308 1043 cap.
1362 962 1462 1042 54,
1503 963 1664 1040 quod
1698 962 1990 1023 insertum
2025 980 2069 1022 ei

2263 987 2325 1024 ›ν.
2364 967 2461 1021 Καὶ
2495 964 2758 1042 ἀνάγνωθι
2790 965 2852 1020 τὸ
2895 963 2948 1042 γ’
2998 987 3122 1045 κεφ.
3169 973 3264 1022 τοῦ
3312 967 3554 1023 τοιούτω
3583 967 3698 1029 τίτ.
3732 965 3863 1032 ἦτοι

473 1053 706 1117 scholio
735 1053 812 1116 32
841 1070 976 1135 cap.
1041 1053 1132 1114 tit.
1167 1053 1203 1116 9
1235 1051 1558 1132 prmsentis
1589 1053 1812 1132 operis.
1849 1051 2073 1114 Proind

2265 1077 2316 1132 φ,
2354 1050 2429 1109 νδ’
2475 1059 2576 1121 τῆς
2607 1060 2798 1134 νεαρᾶς
2828 1056 3201 1134 καταστρωθέν
3248 1057 3322 1119 είς
3379 1058 3438 1112 τὸ
3489 1054 3725 1136 σχόλιον
3763 1064 3865 1112 106

473 1163 552 1207 ne
611 1144 888 1206 monachi
945 1149 1006 1206 et
1060 1141 1402 1205 monastriaa
1431 1141 1612 1203 simul
1646 1141 1937 1216 habitent,
1975 1141 2068 1203 dic

2269 1143 2284 1164 ’
2313 1164 2436 1208 κεφ.
2469 1146 2564 1200 106
2593 1141 2640 1200 θ’
2671 1144 2776 1204 τίτ.
2820 1153 2913 1202 106
2961 1145 3228 1224 παρόντος
3269 1147 3668 1224 συντάγματος.
3719 1150 3864 1224 Περὶ

472 1235 677 1296 thema
705 1234 743 1295 2
774 1252 910 1313 cap.
943 1234 982 1295 4
1009 1235 1098 1295 tit.
1136 1235 1159 1295 1
1191 1231 1298 1295 lib.
1331 1249 1392 1292 xv
1420 1231 1629 1305 Basil.,
1668 1229 1825 1313 quod
1855 1238 1947 1292 est
1979 1231 2072 1292 the

2281 1243 2374 1294 106
2404 1234 2482 1310 μὴ
2513 1235 2685 1291 οίκεῖν
2733 1233 2848 1309 ἅμα
2891 1236 3012 1301 τοὺς
3057 1237 3336 1317 μοναχοῦς
3385 1236 3482 1293 καῖ
3525 1239 3620 1300 τὰς
3673 1258 3863 1312 μονα-

473 1343 570 1387 ma
599 1324 635 1387 2
670 1342 802 1405 cap.
839 1326 915 1388 55
947 1322 1195 1385 novellas
1244 1321 1598 1384 Ju'stiniana'.
1652 1321 1787 1398 123,
1821 1338 2073 1400 quaacun

2265 1323 2400 1400 ρίας,
2434 1324 2564 1404 φησὶ
2595 1325 2657 1380 τὸ
2687 1323 2740 1401 β’
2775 1323 2914 1400 θὲμα
2955 1329 3049 1382 106
3091 1325 3138 1382 δ’
3172 1348 3293 1404 κεφ.
3339 1334 3433 1382 106
3476 1326 3528 1382 α’
3579 1327 3696 1390 τίτ.
3760 1328 3865 1382 106

471 1433 588 1496 que
615 1414 676 1476 in
727 1421 888 1476 textu
937 1411 1363 1494 compendiose
1395 1411 1698 1492 proposita
1728 1419 1887 1471 sunt.
1922 1412 2006 1473 De
2038 1409 2071 1469 ii

2268 1411 2474 1490 βιϐλίου
2503 1419 2610 1470 τῶν
2641 1413 2944 1472 Βασιλικῶν
2985 1417 3122 1492 θέμα
3154 1417 3207 1492 β’
3237 1419 3298 1474 ὃν
3327 1424 3422 1474 106
3454 1415 3530 1473 νε’
3575 1439 3710 1496 κεφ.
3759 1416 3862 1483 τῆς

471 1505 574 1587 qui
629 1504 739 1567 sub
789 1504 1136 1567 conditione
1186 1501 1562 1564 matrimonii
1612 1508 1716 1562 aut
1760 1519 1878 1561 non
1909 1500 2071 1562 susci

2262 1502 2310 1580 γ’
2342 1501 2766 1561 ἰουστινιανείου
2796 1512 2985 1582 νεαρᾶς
3034 1506 3135 1562 ὅσα
3169 1508 3245 1571 εἷς
3303 1509 3363 1563 τὰ
3419 1508 3672 1582 κείμενον
3722 1528 3862 1566 συν-

470 1594 826 1674 piendorum
860 1592 1190 1655 liberorum
1220 1593 1415 1671 legato
1440 1591 1529 1652 vel
1560 1588 1943 1650 restitutione
1972 1606 2070 1667 gn

2261 1594 2529 1667 μίσθησαν,
2563 1595 2688 1670 Περὶ
2745 1592 2801 1649 δὲ
2860 1601 2966 1651 τῶν
3027 1593 3414 1673 βεϐαρημένων
3459 1596 3757 1674 ληγάτωο,
3825 1598 3861 1661 ἦ

468 1683 590 1745 vati
645 1695 810 1762 sunt,
866 1681 1298 1760 compendiose
1376 1679 1688 1760 proposuit
1746 1679 2068 1759 patriarcha

2261 1684 2623 1742 ςοκαταστᾶσει
2664 1685 2768 1741 ὑπὸ
2815 1683 3024 1762 αἵρεσιν
3092 1687 3271 1763 γάμου
3311 1687 3348 1752 ἦ
3390 1684 3673 1760 ἀπαιδίας,
3726 1709 3861 1744 συν·

469 1771 631 1834 circa
659 1773 837 1833 ﬁnem
865 1789 995 1851 cap.
1032 1775 1057 1831 1
1099 1771 1188 1832 tit.
1222 1771 1260 1830 2
1292 1769 1609 1850 praesentis
1641 1769 1860 1848 operis,
1895 1769 2068 1829 novel

2261 1772 2390 1846 ﬂacv
2421 1775 2448 1829 ὁ
2478 1774 2822 1855 πατριάρχης
2865 1777 2988 1855 περὶ
3043 1776 3109 1832 τὰ
3166 1775 3297 1845 τέλη
3341 1783 3434 1833 106
3478 1773 3531 1832 α’
3578 1799 3710 1855 neq).
3760 1784 3861 1833 106

469 1862 587 1925 lam
617 1860 946 1924 Justiniani
981 1859 1113 1937 123,
1147 1859 1273 1922 sive
1303 1860 1342 1921 5
1373 1878 1508 1940 cap.
1547 1859 1635 1920 tit.
1673 1859 1698 1918 1
1740 1857 1843 1918 lib.
1899 1873 1958 1919 ιν
1991 1859 2069 1920 Ba

2293 1864 2398 1924 τίτ.
2444 1873 2536 1923 τοῦ
2580 1867 2846 1943 παρόντος
2903 1867 3274 1944 συντάγματος
3317 1867 3419 1933 τὴν
3450 1863 3572 1946 ρκγ¹
3603 1867 3858 1923 Ἰουστι-

467 1951 594 2028 sil.,
627 1951 785 2033 quod
815 1951 997 2030 legas,
1023 1959 1204 2032 atque
1237 1949 1490 2030 insuper
1519 1967 1655 2026 quae
1685 1949 1784 2010 hic
1815 1966 2067 2029 compen

2257 1952 2422 2008 ίνειον
2452 1955 2664 2032 νεαρὰν,
2727 1953 2848 2022 ἤτοι
2906 1958 2967 2012 τὸ
3026 1956 3072 2011 ε’
3128 1978 3252 2036 κεφ,
3298 1965 3388 2014 106
3432 1955 3485 2013 α’
3528 1956 3638 2018 τίτ.
3672 1964 3775 2013 106
3808 1956 3857 2011 δ’

469 2041 636 2104 diose
691 2041 1003 2124 preposita
1053 2047 1212 2118 sunt,
1270 2058 1404 2121 quae
1461 2037 1738 2119 ejusdem
1790 2057 1924 2119 cap.
1972 2056 2069 2119 par

2256 2040 2398 2100 ὅλίου
2439 2051 2544 2102 τῶν
2590 2043 2917 2105 Βασιλικῶν.
2981 2045 3080 2102 Καὶ
3130 2045 3396 2125 ἀνάγνωθι
3453 2055 3638 2107 10610.
3711 2048 3856 2124 Πρὸς

466 2137 632 2193 sunt.
2192 2129 2248 2186 δὲ
2278 2132 2372 2189 καί
2403 2133 2470 2189 τὰ
2513 2133 2735 2192 ἐνταῦθα
2765 2135 3150 2212 συνοψισθέντα
3198 2136 3362 2216 μέρος
3412 2135 3541 2194 ὄντα
3591 2134 3699 2193 106
3743 2139 3859 2194 c6-

541 2309 792 2376 Tewtus.
827 2312 972 2384 Quae
1017 2311 1093 2374 de
1147 2310 1388 2372 vicariis
1421 2308 1692 2387 disserit,
1730 2316 1875 2388 etc.,
1909 2327 2106 2391 usque

2257 2245 2282 2277 υ
2314 2243 2372 2278 κε
2420 2264 2439 2282 .

2271 2247 2549 2387 ΚείιΪενον.
2597 2311 2660 2372 Ἠ
2731 2314 2785 2371 δὲ
2858 2316 2980 2393 περὶ
3020 2322 3415 2394 τοποτηρητῶν
3469 2313 3857 2395 διαλεγομῇνη

452 2402 535 2466 ad
564 2401 938 2479 dividuntur,
971 2409 1041 2464 ut
1065 2418 1214 2484 pag.
1253 2400 1395 2466 842.

2259 2398 2296 2457 δ’
2330 2404 2510 2482 νεαρὰ,
2545 2405 2729 2483 φησὶν,
2765 2427 2820 2464 κ.
2855 2428 2908 2470 1.
2941 2404 3022 2482 λ.,
3064 2422 3254 2488 usque
3286 2403 3362 2469 ad
3411 2407 3499 2464 καὶ
3546 2411 3660 2463 τῶν
3708 2409 3859 2464 κατὰ

2181 2513 2348 2549 τοπον
2379 2515 2684 2572 αρχοντων.

535 2581 880 2646 Scholium.
915 2579 1000 2643 De
1032 2578 1271 2641 vicariis
1300 2577 1673 2641 Justinianea
1722 2578 1853 2641 134.
1904 2587 2097 2643 const.

2264 2581 2524 2661 Σχόλιον.
2592 2584 2660 2641 ’Π
2726 2587 2846 2655 περὶ
2907 2591 3291 2665 τοποτηρητῶν
3349 2584 3463 2663 ρλδ⁹
3525 2587 3698 2663 νεαρᾶ
3755 2596 3857 2646 τοῦ

455 2673 649 2754 posita
707 2679 798 2733 est
856 2671 916 2731 in
965 2670 1229 2732 themate
1280 2674 1315 2729 2
1349 2687 1482 2748 cap.
1519 2672 1544 2730 1
1584 2670 1674 2733 tit.
1710 2671 1741 2731 7
1774 2669 1880 2732 lib.
1915 2687 2055 2731 xxv:

2251 2680 2566 2730 ιυστινιανοῦ
2595 2674 2747 2744 ἐτέθη
2779 2678 2854 2740 εἷς
2904 2677 3040 2752 θέμα
3069 2675 3120 2754 β’
3151 2684 3246 2734 τοῦ
3278 2676 3331 2733 α’
3362 2699 3493 2756 κεφ.
3521 2684 3616 2733 106
3651 2674 3705 2748 ζ’
3734 2680 3851 2738 τίτ.

456 2761 669 2838 Basil.,
705 2761 864 2843 quod
898 2760 1080 2840 legas.
1141 2757 1251 2820 Hic
1310 2759 1472 2821 enim
1527 2759 1753 2821 inserta
1782 2777 1901 2820 non
1935 2777 2056 2820 sum

2251 2765 2276 2818 6
2331 2762 2424 2830 κη’
2466 2762 2673 2840 βιϐλίου
2717 2772 2825 2822 τῶν
2869 2767 3197 2844 Βασιλικῶν,
3251 2765 3349 2824 καί
3391 2767 3670 2846 ἀνάγνωθι
3717 2770 3851 2824 1:6—

458 2853 740 2936 quoniam
777 2859 898 2913 tum
935 2852 1054 2925 hic,
1091 2859 1210 2912 tum
1236 2850 1296 2911 in
1327 2852 1362 2912 4
1387 2868 1518 2931 cap.
1553 2851 1646 2912 tit.
1679 2850 1756 2910 13
1787 2849 2058 2930 praesenti

2255 2875 2280 2906 ν
2308 2869 2324 2884 ·
2388 2852 2612 2911 ἐνταῦθα
2673 2856 2773 2934 γὰρ
2824 2858 2885 2913 06
2930 2858 3303 2935 κατεστρώθη,
3372 2857 3454 2913 ὅτι
3517 2861 3849 2932 συνωψίσθη

456 2945 680 3026 operis,
707 2943 769 3004 in
795 2941 1153 3022 compendio
1176 2949 1314 3002 sunt
1346 2941 1668 3021 proposita.
1704 2942 1789 3002 Ac
1821 2939 2056 3001 similite

2250 2942 2283 2999 ἰέ
2329 2965 2384 2999 τε
2429 2946 2518 3002 καὶ
2563 2945 2636 3010 εἷς
2681 2947 2742 3002 τὸ
2788 2943 2833 3002 δ’
2877 2967 2998 3028 κεφ.
3035 2957 3127 3006 τοῦ
3160 2947 3235 3026 ιγ’
3263 2949 3368 3010 τίτ.
3415 2952 3508 3003 106
3564 2949 3850 3025 παρόντος

454 3034 687 3096 novella
723 3032 833 3095 117
885 3032 945 3092 in
993 3030 1354 3110 compendio
1404 3039 1494 3090 est
1528 3029 1832 3109 proposita
1869 3046 1882 3088 :
1918 3049 2054 3110 qua:

2248 3035 2576 3112 ντάγματος,
2613 3026 2888 3102 Ὡσαύτως
2921 3026 3228 3112 συνωψίσθη
3272 3037 3358 3094 καὶ
3408 3039 3444 3105 ἡ
3504 3036 3604 3116 ριζ⁹
3674 3040 3848 3115 νεαρᾶ

457 3125 630 3186 etiam
667 3123 851 3199 legas.
887 3119 992 3182 Illa
1022 3139 1162 3182 vero
1214 3120 1290 3181 de
1347 3118 1627 3180 adulterii
1657 3127 1957 3194 accusato,
1993 3139 2057 3202 qt

2242 3147 2246 3170 ν
2303 3125 2390 3180 καὶ
2446 3124 2735 3203 ἀνάγνωθι.
2786 3127 2858 3185 Τὰ
2915 3125 2970 3182 δὲ
3029 3128 3146 3205 περὶ
3204 3134 3296 3184 106
3350 3127 3842 3204 κατηγορηθέντος

453 3231 563 3294 per
595 3211 994 3292 proditionem
1019 3209 1245 3289 judicis
1275 3227 1478 3288 pcenas
1510 3209 1936 3288 eﬂ'ugerit,non
1961 3229 2050 3270 ειη

2243 3214 2269 3270 τὶ
2325 3215 2549 3294 μοιχείᾳ
2605 3216 2692 3272 καὶ
2732 3217 2868 3272 κατὰ
2925 3215 3215 3294 προδοσίαν
3243 3223 3336 3273 τοῦ
3367 3215 3621 3272 δικαστοῦ
3687 3216 3843 3274 ἀπο-

454 3303 652 3383 posila
683 3302 741 3362 in
795 3300 974 3363 Basil.
1022 3300 1209 3378 Legas
1261 3303 1452 3379 [vero]
1486 3299 1661 3360 etiam
1697 3298 1988 3360 novellam
2019 3302 2054 3362 3

2244 3306 2440 3382 ιγόντος
2491 3305 2586 3370 τὰς
2643 3306 2860 3385 ποινὰς,
2921 3307 3015 3362 οὒκ
3053 3305 3311 3372 ἐτέθησαν
3339 3306 3414 3370 εἷς
3445 3306 3511 3362 τὰ
3541 3305 3844 3381 βασιλικά.

453 3392 846 3472 Imperatoris
897 3391 1106 3453 domni
1167 3390 1380 3452 Leonis
1434 3391 1772 3471 phil050phi
1825 3391 2052 3471 [cognit

2247 3394 2472 3472 νείγνωθι
2526 3395 2614 3451 καὶ
2675 3398 2775 3463 τὴν
2832 3392 2917 3470 λβ’
2959 3395 3150 3472 νεαρὰν
3195 3402 3290 3452 106
3333 3393 3600 3472 βασιλέως
3652 3397 3847 3474 χωρίου

452 3485 621 3558 sane]
655 3485 913 3546 maxime
945 3486 1371 3544 necessariam.

2176 3482 2402 3547 Λέοντος
2433 3492 2526 3542 τοῦ
2557 3483 2850 3564 φιλοσόφου
2880 3484 3313 3562 ἀναγκαιοτάτην
3342 3487 3525 3547 οὖσαν,

535 3572 702 3637 CAP.
760 3575 833 3636 ll.
888 3605 964 3619 —-
1001 3572 1086 3634 De
1141 3573 1221 3634 us
1278 3573 1491 3650 quiem
1526 3569 1671 3633 aliis
1700 3573 2094 3635 monasteriis

2259 3581 2515 3636 ΚΕΦΛΛ.
2556 3573 2645 3636 Β’.
2689 3607 2770 3620 --
2814 3576 2936 3653 Περὶ
2991 3580 3098 3630 τῶν
3156 3575 3207 3641 ἐξ
3267 3574 3461 3652 ἐτέρων
3535 3598 3841 3652 μοναστη-

447 3662 745 3744 praesules
774 3669 881 3724 aut
909 3661 1121 3724 clerici
1141 3661 1314 3741 ﬁunt.

2175 3662 2300 3739 ρίων
2330 3664 2627 3741 γινομένων
2658 3664 2970 3742 ἡγουμένων
2999 3665 3035 3732 ἢ
3067 3666 3359 3744 κληρικῶν.

533 3751 787 3814 Concilii
811 3749 1299 3828 Carthaginensis
1329 3767 1523 3813 canon
1570 3748 1692 3824 80;
1727 3749 1968 3812 concilii
1994 3748 2064 3812 Ni

2254 3751 2480 3809 Συνόδου
2542 3754 2914 3833 Καρθαγέννης
2971 3756 3150 3812 κανὼν
3182 3755 3239 3812 π’
3276 3772 3291 3786 ⁶
3330 3753 3549 3812 συνόδου
3594 3757 3841 3821 Νικαίας

450 3843 600 3905 οωηί
628 3841 879 3904 secundi
907 3859 1100 3904 canon
1131 3842 1198 3900 2i
1219 3889 1233 3903 .

1064 3860 1100 3901 η
1131 3842 1233 3903 21.
2173 3843 2234 3898 τὸ
2261 3841 2313 3920 β’
2341 3842 2516 3900 κανών
2548 3841 2661 3905 κα’.

533 3932 699 3996 CAP.
734 3931 832 3995 ΙΙΙ.
870 3967 944 3977 -
975 3931 1059 3992 De
1105 3931 1303 3992 servis
1346 3931 1450 4008 qui
1500 3930 1790 3991 monachi
1819 3929 1999 4009 ﬁunt,
2031 3939 2092 3994 et

2258 3939 2505 3990 ΚΕΦΑΛ.
2585 3923 2665 3992 Γ’.
2743 3966 2824 3979 -
2896 3935 3018 4013 Περὶ
3097 3933 3300 3992 δούλων
3358 3936 3738 4018 μοναζόντων,
3801 3939 3841 4004 ἧ

442 4023 698 4104 pietatis
753 4027 1060 4102 praetextu
1109 4021 1385 4083 dominos
1434 4026 1850 4093 contemnunt,
1906 4037 2042 4100 neq:

2237 4023 2435 4100 ›οφάσει
2521 4019 2796 4086 εὐλαϐείας
2907 4025 3380 4106 καταφρονούντων
3411 4071 3428 4100 ,
3548 4027 3641 4082 καὶ
3749 4028 3837 4103 μὴ

453 4111 631 4192 [illis]
661 4115 953 4174 serviunt.
1099 4139 1103 4144 -

2175 4108 2532 4168 δουλευόντων
2563 4125 2682 4170 τοῖς
2715 4111 3027 4179 δεσπόταις.

531 4200 780 4264 Concilii
814 4199 1176 4280 Gangrensis
1207 4217 1399 4261 canon
1430 4203 1466 4260 5
1494 4219 1508 4280 ;
1547 4199 1783 4260 concilii
1817 4204 1968 4264 sexti
1998 4218 2093 4262 ca-

2257 4200 2486 4258 Συνόδου
2518 4208 2773 4280 Γαγγρῶν
2803 4203 2981 4260 κανών
3012 4201 3065 4281 γ’
3091 4219 3105 4235 ⁸
3141 4202 3358 4262 συνόδου
3387 4202 3467 4280 ς’
3496 4206 3683 4262 κανών
3715 4207 3832 4263 πε’·

447 4309 568 4353 non
601 4291 713 4366 85;
741 4291 980 4351 concilii
1011 4289 1523 4352 Chalcedonensis
1555 4307 1748 4350 canon
1774 4290 1836 4352 4.

1473 4289 1523 4350 is
1555 4307 1748 4350 canon
1774 4290 1836 4352 4.
2173 4290 2391 4349 συνόδου
2423 4290 2764 4358 Χαλκηδόνος
2795 4292 2970 4349 κανών
3001 4291 3069 4356 δ’,

533 4379 784 4443 Textus.
815 4383 1026 4441 Const.
1060 4381 1136 4443 36
1171 4379 1262 4442 tit.
1298 4379 1461 4442 3lib.
1498 4380 1519 4438 1
1563 4378 1709 4442 Cod.
1755 4381 1835 4441 ait
1870 4398 1883 4443 :
1912 4379 2082 4453 Quod
2105 4396 2133 4450 ις

2251 4381 2532 4454 Κείμενον.
2580 4381 2645 4438 Ἢ
2696 4381 2808 4456 λς’
2841 4381 2982 4444 ὃιάτ.
3015 4391 3109 4441 τοῦ
3141 4382 3196 4461 γ’
3242 4383 3348 4444 τίτ.
3383 4386 3476 4440 106
3508 4384 3560 4439 α’
3604 4383 3831 4461 βιϐλίου

449 4471 577 4551 qui,
609 4478 750 4544 etc.,
784 4486 970 4548 usque
1001 4469 1080 4532 ad
1136 4469 1416 4530 dominus
1459 4469 1638 4551 capit,
1673 4477 1738 4532 ut
1765 4488 1907 4550 pag.
1944 4472 2049 4535 818

2231 4481 2265 4530 6
2306 4470 2530 4537 κώδικος
2560 4474 2748 4551 φησὶν,
2781 4495 2836 4533 κ.
2870 4493 2925 4532 τ.
2957 4471 3037 4544 λ.,
3075 4491 3267 4553 usque
3297 4473 3370 4535 ad
3405 4475 3494 4530 καὶ
3523 4471 3616 4531 δύο
3649 4498 3831 4551 μονα-

446 4560 587 4625 846,
2169 4564 2400 4638 στηρίων
2431 4561 2491 4617 06
2521 4563 2724 4640 γίνεται
2757 4562 2911 4624 αὐτὸς
2942 4563 3269 4640 ἡγούμενος.

525 4648 864 4712 Scholium.
892 4646 1139 4711 Constit.
1179 4647 1254 4712 36
1287 4648 1378 4713 tit.
1415 4647 1451 4714 3
1477 4649 1583 4712 lib.
1612 4667 1628 4712 ι
1660 4649 1810 4714 Cod.
1848 4670 1966 4713 non
1997 4660 2086 4714 est

2250 4651 2511 4732 Σχόλιον,
2558 4651 2622 4708 Ἢ
2667 4649 2781 4726 λς’
2825 4650 2968 4713 διάτ.
3018 4660 3112 4710 τοῦ
3147 4651 3198 4732 γ’
3245 4654 3346 4714 τίτ.
3397 4659 3490 4710 τοῦ
3527 4651 3580 4710 α’
3609 4652 3829 4729 βιϐλίου

445 4740 634 4822 posita
669 4739 727 4800 in
785 4738 992 4818 Basil.,
1057 4757 1253 4820 neque
1302 4739 1403 4813 37,
1441 4759 1634 4820 neque
1664 4743 1857 4818 [item]
1891 4751 2045 4802 consl

2229 4750 2258 4800 6
2287 4740 2518 4808 κώδικος
2553 4741 2647 4797 οὒκ
2677 4741 2832 4809 ἐτέθη
2867 4745 2942 4808 εἰς
2991 4743 3057 4802 τὰ
3115 4743 3403 4814 Βασιλικὰ,
3440 4742 3559 4800 ουδὲ
3590 4743 3676 4815 λζ’
3706 4745 3829 4803 οὐδὲ

447 4832 543 4904 13,
572 4831 664 4893 tit.
694 4833 714 4892 1
759 4830 1168 4904 Novellarum,
1200 4849 1332 4911 quae
1366 4838 1456 4891 est
1505 4831 1738 4892 novella
1764 4830 2047 4893 Justiniar

2237 4831 2311 4908 ιγ’
2340 4828 2482 4893 διάτ.
2514 4837 2606 4887 106
2639 4829 2688 4886 α’
2724 4831 2824 4892 τίτ.
2861 4838 2967 4888 τῶν
3022 4837 3263 4913 Νεαρῶν,
3316 4833 3478 4910 νεαρὰ
3511 4834 3647 4890 οὖσα
3680 4833 3828 4892 ’1ου-

443 4920 506 4983 5.
539 4920 622 4982 De
646 4921 836 4982 servis
862 4929 1088 4996 autem,
1113 4925 1210 5001 qui
1241 4921 1446 4983 clerici
1479 4921 1568 4982 vel
1601 4921 1877 4983 monachi
1910 4923 2043 4984 ﬁunt

2228 4921 2485 4986 ‘tvlaivstoc
2528 4918 2571 4976 ε’
2610 4938 2625 4953 ⁶
2686 4923 2805 4999 περὶ
2849 4919 3050 4979 δούλων
3114 4921 3498 5002 κληρουμένων
3550 4925 3828 4998 μοναζόν-

442 5020 545 5072 aut
577 5014 651 5074 ad
703 5012 1104 5091 episcopalem
1163 5009 1513 5090 dignitatem
1565 5011 1918 5091 procedunt,
1952 5012 2042 5092 leg

2225 5033 2296 5085 ον,
2345 5010 2380 5078 ἢ
2432 5011 2519 5067 καὶ
2569 5011 2640 5071 εἷς
2693 5009 3046 5068 ἐπισκοπικὸν
3079 5010 3286 5088 ἀξίωμα
3317 5009 3825 5095 προϐιϐαζομένων,

445 5101 524 5162 36
555 5119 686 5180 cap.
723 5101 811 5161 tit.
867 5101 892 5160 1
964 5101 1275 5180 prmsentis
1322 5101 1544 5179 operis,
1575 5119 1828 5181 quaeque
1858 5101 1919 5163 in
1953 5102 2044 5183 ips

2227 5101 2432 5178 ’ἀγνωθι
2464 5101 2525 5156 τὸ
2569 5098 2682 5173 λς’
2713 5121 2838 5180 κερ.
2871 5103 2966 5156 106
3007 5099 3057 5157 α’
3110 5102 3214 5164 τίτ.
3259 5103 3357 5158 106
3389 5100 3657 5173 παρόντος
3690 5125 3827 5159 συν-

445 5189 1194 5271 [comprehenduntur-Lm
1215 5190 1480 5251 novellas
1510 5190 1890 5267 imperatoris
1922 5191 2045 5253 dou

2228 5211 2466 5269 ίγματος,
2501 5190 2589 5246 καὶ
2619 5190 2684 5245 τὰ
2715 5189 2771 5246 ἐν
2803 5189 2971 5264 αὒτῷ.
3007 5191 3144 5270 Πρὸς
3179 5189 3233 5246 δὲ
3276 5190 3374 5258 τὴν
3416 5188 3488 5264 θ’,
3526 5188 3563 5246 ι’
3608 5195 3703 5249 καὶ
3749 5194 3828 5250 ια’

444 5278 508 5338 ni
552 5277 768 5339 Leonis
818 5277 1159 5361 philosophi
1213 5281 1274 5358 9,
1333 5281 1432 5361 10,
1470 5281 1564 5342 11.
1603 5279 1838 5342 Etenim
1871 5283 2044 5344 horui

2226 5284 2260 5337 .6
2289 5279 2552 5358 βασιλέως
2604 5281 2782 5358 κυρίου
2830 5279 3058 5346 Λέοντος
3121 5289 3215 5339 106
3271 5280 3569 5362 φιλοσόφου
3625 5284 3826 5362 νεαρὰν

443 5365 622 5428 etiam
651 5366 711 5426 in
736 5366 896 5428 dicto
930 5368 1003 5432 .6
1035 5387 1166 5450 cap.
1203 5369 1568 5432 mentionem
1602 5369 1882 5436 fecimus.

2227 5372 2252 5427 ti
2298 5371 2502 5428 τούτων
2563 5369 2664 5448 γὰρ
2723 5371 2908 5446 μνείαν
2966 5370 3340 5448 ἐποιησάμεθα
3404 5372 3478 5436 είς
3539 5374 3603 5429 τὸ
3662 5373 3827 5451 ῥηθὲν

2169 5459 2308 5534 λς’.
2341 5481 2461 5534 map.

522 5543 862 5612 Scloolium.
899 5545 1104 5610 Const.
1137 5547 1174 5609 2
1207 5549 1296 5611 tit.
1356 5550 1382 5612 1
1435 5547 1814 5614 Novellarum
1853 5559 1942 5616 est
1974 5569 2085 5614 no-

2227 5505 2241 5534 ,
2291 5507 2308 5523 .
2341 5485 2461 5539 κιφ.

2253 5551 2512 5635 Σχόλιον.
2548 5550 2610 5607 Ἦ
2642 5549 2693 5630 β’
2725 5550 2866 5613 διαίτ,
2899 5558 2992 5608 τοῦ
3024 5549 3074 5608 α’
3105 5551 3209 5614 τίτ.
3249 5555 3348 5610 τῶν
3403 5551 3652 5634 Νεαρῶν,
3707 5551 3827 5610 ἔστι
