3930 6218
146 346 281 428 1153

1048 341 1551 425 NOMOCANON‘.
1597 387 1674 402 -
1720 343 1881 418 TIT.
1927 342 2037 437 XI,
2079 347 2243 420 CAP.
2293 344 2556 423 II-VIII.

3330 345 3479 420 “54

138 498 282 575 νεαρὰ
324 494 745 562 Ἰουστινιᾶνειος
804 492 920 575 ρκγ’
980 496 1205 572 κείμενη
1256 494 1312 551 ἐν
1340 491 1528 571 βιϐλίῳ
1557 489 1599 549 δ’
1649 496 1795 549 τῶνλ

1940 491 1998 553 la
2049 489 2373 554 Iustiniani
2432 488 2571 571 423,
2623 488 2815 569 posita
2873 484 3010 571 [que
3041 485 3151 569 est]
3186 488 3246 552 in
3278 487 3385 554 lib.
3420 507 3481 554 Iv

141 586 425 646 Κασιλικῶν
454 589 560 648 τίτ.
590 584 642 642 α’
671 608 796 666 κεφ,
830 583 884 664 γ’
914 587 1003 642 καὶ
1056 584 1246 665 ἔχουσι
1288 583 1355 641 τᾶ
1396 593 1491 643 τοῦ
1521 584 1761 641 τοιούτου

137 698 244 758 κεφ.
288 678 360 741 ὡς
392 677 464 741 τίς
498 679 559 733 τὸ
611 678 859 752 κείμενον
905 677 1313 752 συνωῴίσθτβαν
1348 692 1364 709 ⁸
1418 674 1759 752 κατεστρώθη

135 765 184 824 δὲ
210 766 328 843 παρ’
373 769 531 841 ἡμῶν
581 768 643 824 τὸ
692 773 936 825 τοιοῦτον
986 787 1111 847 κεφ,
1143 763 1331 831 ἔξωθεν
1359 766 1455 822 τοῦ
1490 764 1575 840 λβ⁹
1629 787 1755 844 κεφ.

135 863 216 914 106
243 854 287 914 θ’
319 859 423 918 τίτ.
455 864 549 914 τοῦ
591 857 854 936 παρόντος
906 857 1303 933 συντάγματος.
1342 855 1440 913 Καὶ
1487 856 1638 926 ζήτει
1693 855 1759 911 τὰ

133 949 239 1025 περὶ
277 946 463 1003 τούτου
505 945 710 1007 luctat.
755 943 825 1004 Ἦ
883 947 1019 1013 αὖτή
1062 945 1116 1001 δὲ
1175 941 1295 1024 ρκγ’
1356 946 1515 1017 νεαρὰ
1547 942 1632 1000 διὰ
1668 951 1760 1001 106

130 1033 177 1112 β’
214 1056 333 1115 κεφ,
381 1042 474 1093 106
516 1036 570 1093 α’
598 1037 705 1100 τίτ,
739 1043 832 1095 106
860 1033 906 1091 δ’
938 1033 1146 1113 βιϐλίου
1173 1041 1282 1091 τῶν
1314 1033 1616 1091 Βασιλικῶν
1646 1055 1759 1114 φη-

132 1145 209 1181 σιν
245 1123 342 1181 ὅσα
386 1126 459 1191 εἷς
499 1126 562 1182 τὸ
605 1125 852 1201 κείμενον
924 1126 1359 1200 συνωψίσθησαν.
1435 1124 1558 1200 Περὶ
1601 1120 1656 1178 δὲ
1699 1124 1761 1179 τὸ

130 1213 269 1277 τέλος
300 1212 475 1292 λέγει,
510 1212 592 1272 ὅτι
623 1221 787 1272 ταῦτα
820 1212 875 1270 δὲ
924 1213 1098 1271 πάντα
1143 1214 1212 1270 τὰ
1265 1213 1394 1292 παρ’
1436 1213 1593 1287 ἡμῶν
1638 1210 1759 1268 δια-

129 1303 426 1360 τυπωθέντα
472 1301 557 1360 διὰ
619 1304 722 1372 τὴν
790 1302 1058 1383 προϐολὴν
1100 1304 1208 1359 τῶν
1248 1303 1561 1381 ἡγουμένων
1618 1323 1757 1379 κρα-

130 1405 236 1449 τεῖν
274 1392 746 1471 παρακελευόμεθα
787 1396 876 1450 καὶ
921 1392 1009 1450 ἐπὶ
1061 1393 1167 1450 τῶν
1226 1392 1539 1471 γυναικείων
1584 1413 1758 1467 μονα-

130 1484 349 1561 στηρίων
381 1500 397 1517 ⁸
431 1485 563 1562 πρὸς
595 1483 652 1539 δὲ
681 1485 771 1540 καὶ
800 1486 978 1562 τοῦτο³
1012 1484 1107 1539 106
1134 1482 1434 1538 ὃσιωτάτου
1465 1481 1759 1538 ἐπισκόπου

127 1571 206 1651 ὑφ’
247 1574 305 1628 ὃν
333 1573 393 1631 τὸ
431 1574 795 1652 μοναπτήριον
839 1572 1092 1629 τέτακται
1140 1573 1232 1628 τὸν
1287 1570 1457 1635 οὕτως
1500 1569 1760 1648 ἐπιλεγό-

129 1683 277 1737 μενον
319 1668 453 1721 πᾶσι
516 1663 734 1743 τρόποις
804 1662 1107 1741 ἡγούμενον
1168 1659 1633 1740 προϐαλλομένου.
1693 1660 1759 1717 Ἦ

131 1751 195 1829 ιγ’
223 1750 362 1815 διάτ,
395 1761 488 1810 106
516 1757 675 1812 αὒτοῦ
736 1750 785 1809 α’
830 1753 935 1811 τίτ.
984 1758 1092 1809 τῶν
1152 1752 1394 1831 Νεαρῶν,
1440 1750 1551 1808 ἔστι
1598 1751 1759 1827 νεαρὰ

1843 582 2047 662 Basil.,
2085 580 2176 642 tit.
2218 589 2270 654 ι,
2306 599 2437 659 cap.
2471 581 2530 653 3,
2581 590 2639 643 et
2692 579 2916 642 habent
2949 598 3081 660 quae
3107 581 3167 641 in
3198 582 3313 644 hoc
3344 601 3476 665 cap.

1841 669 2298 755 [continentur],
2348 669 2852 751 quemadmodum
2901 669 2962 731 in
2997 679 3157 733 textu
3189 689 3480 753 compen-

1843 761 2014 823 diose
2066 766 2369 842 proposita
2416 768 2578 823 sunt.
2627 758 2925 822 Insertum
2957 769 3047 821 est
3075 768 3272 823 autem
3305 779 3338 822 ι
3368 781 3482 823 no-

1842 849 1935 912 bis
1965 852 2080 913 hoc
2111 868 2245 931 cap.
2276 850 2337 912 in
2397 849 2628 912 scholio
2681 868 2814 929 cap.
2868 852 2946 912 32
2977 851 3067 911 tit.
3100 851 3139 913 9
3173 852 3485 930 praesentis

1844 940 2084 1022 operis:
2121 940 2293 1020 cujus
2325 940 2449 1002 illic
2481 939 2941 1020 eXplicationem
2975 957 3231 1021 quaras.
3264 940 3485 1004 Eadem

1846 1031 1959 1093 123
1993 1030 2248 1110 novella,
2284 1048 2391 1110 per
2420 1034 2458 1091 2
2517 1048 2654 1109 cap.
2720 1031 2813 1092 tit.
2874 1039 2896 1090 1
2938 1031 3042 1093 lib.
3075 1047 3130 1091 IV
3162 1029 3345 1093 Basil.
3378 1031 3482 1105 ait,

1844 1137 2224 1200 quaecunque
2250 1120 2310 1180 in
2343 1126 2504 1181 textu
2535 1119 2969 1201 compendiose
2994 1121 3300 1201 proposita
3321 1130 3482 1182 sunt.

1844 1209 2014 1272 Circa
2046 1209 2224 1271 finem
2258 1218 2457 1272 autem
2492 1209 2635 1270 dicit
2671 1230 2685 1273 :
2735 1210 2932 1287 Atque
2965 1209 3166 1271 omnia
3197 1211 3321 1272 haec
3352 1227 3487 1289 quas

1843 1299 1919 1361 de
1952 1300 2269 1380 praesulum
2304 1299 2683 1380 promotione
2712 1318 2745 1361 a
2776 1299 2953 1362 nobis
3005 1301 3294 1380 disposita
3323 1308 3484 1381 sunt,

1843 1390 2230 1470 praecipimus
2262 1390 2401 1451 item
2434 1389 2632 1452 valere
2659 1391 2719 1451 in
2752 1388 3144 1451 muliebribus
3179 1398 3486 1452 monaste-

1845 1480 1977 1544 riis.
2018 1479 2271 1561 lnsuper
2322 1480 2437 1541 hoc
2468 1480 2650 1542 etiam
2684 1479 3143 1556 religiosissima
3177 1481 3484 1561 episcopo,

1845 1569 1956 1631 sub
1988 1588 2105 1650 quo
2137 1570 2568 1630 monasterium
2620 1570 3004 1631 constitutum
3055 1577 3169 1643 est,
3207 1569 3488 1632 omnibus

1846 1660 2040 1721 modis
2072 1660 2414 1741 przrsulem,
2448 1659 2550 1739 qui
2585 1677 2655 1720 eo
2709 1659 2890 1720 modo
2934 1658 3164 1721 electus
3195 1668 3305 1734 est,
3340 1677 3486 1740 pro-

1843 1756 2095 1811 moturo.
2132 1750 2339 1813 Const.
2380 1749 2451 1811 13
2506 1747 2783 1827 ejusdem
2842 1748 2933 1811 tit.
2986 1746 3363 1811 Novellarum
3397 1756 3488 1812 est

128 1839 537 1907 ’Ῑουστινιεένειος
569 1845 612 1899 ε’
642 1861 657 1877 ⁸
689 1844 785 1900 οὐκ
814 1841 970 1910 ἐτέθη
1001 1839 1057 1898 δὲ
1088 1843 1164 1904 τίς
1205 1842 1272 1897 τὰ
1319 1840 1601 1915 Βασιλικὰ,
1636 1838 1754 1898 ἀλλ’
1785 1866 1795 1915 ι

1933 1839 2077 1903 vella
2099 1839 2415 1903 Iustiniani
2446 1839 2507 1902 5.
2539 1836 2669 1900 Non
2704 1845 2793 1900 est
2841 1847 3037 1901 autem
3073 1839 3265 1919 posita
3294 1840 3355 1901 in
3386 1841 3489 1905 BI-

128 1929 234 1987 οὖδέ
285 1934 320 2001 ἡ
368 1930 490 2008 μςη
549 1931 691 1994 διάτ.
754 1939 848 1990 τοῦ
889 1932 943 2012 γ’
988 1934 1093 1992 τίτ.
1144 1937 1240 1989 106
1295 1929 1349 1988 α’
1407 1930 1612 2006 βιϐλίου
1666 1938 1760 1989 τοῦ

125 2019 365 2097 κώδικος,
425 2022 545 2082 οὒδὲ
615 2024 650 2094 ἡ
714 2021 793 2080 λθ’
865 2020 1004 2081 διάτ.
1052 2028 1143 2080 106
1196 2020 1356 2079 αὒτοῦ
1408 2019 1614 2099 βιϐλίου
1673 2023 1761 2079 καὶ

128 2111 222 2172 τίτ.

203 2222 455 2280 ΚΕΦΑΛ,
505 2216 588 2281 Δ’,
635 2250 712 2262 -
754 2216 880 2294 Περὶ
923 2220 1016 2272 τοῦ
1072 2215 1150 2289 μὴ
1204 2215 1277 2280 ὡς
1322 2214 1483 2295 ἔτυχε
1513 2216 1760 2296 μοναχὸν

122 2302 297 2369 ἐξιέναι
361 2316 455 2366 τοῦ
508 2306 893 2384 μοναστηρίου,
953 2305 1044 2362 καὶ
1126 2304 1418 2384 πράγματα
1485 2306 1758 2383 πράττειν,

123 2396 203 2451 καὶ
233 2394 312 2451 ὅτι
345 2397 453 2452 ὑπὸ
483 2398 574 2453 τὸν
600 2392 893 2452 ὶπίσκοπόν
928 2395 1054 2453 εἶσι.

193 2494 425 2554 Συνόὸου
468 2495 810 2565 Χαλκηδόνος
857 2496 1033 2553 κανών
1065 2495 1143 2573 γ’,
1178 2494 1225 2551 δ’
1254 2492 1335 2569 η’,
1368 2495 1459 2575 κγ’
1495 2513 1509 2529 ⁸
1546 2497 1764 2556 συνόδου

126 2582 198 2659 ς’
219 2588 402 2644 κανὼν
431 2585 552 2667 μα’,
584 2585 703 2667 μβ’,
736 2585 881 2662 pg"
909 2582 1129 2645 συνόδου
1155 2583 1207 2642 α’
1236 2591 1327 2643 καὶ
1355 2585 1433 2667 β’²
1465 2584 1521 2642 ἐν
1550 2593 1628 2661 τῷ
1656 2596 1768 2665 ναῷ

127 2682 223 2731 τῶν
253 2667 454 2758 Ἀγίων
481 2675 832 2736 Ἀποστόλων
860 2675 1037 2732 κανών
1064 2673 1142 2752 β’,
1175 2672 1247 2737 δ’,

202 2780 484 2858 κτίμενον,
533 2779 600 2839 Ἦ
633 2776 712 2837 οιθ⁹
757 2778 899 2841 διάτ.
932 2786 1025 2837 106
1056 2777 1110 2857 γ’
1152 2779 1260 2839 τίτ.
1314 2782 1409 2839 106
1463 2779 1516 2839 α’
1558 2780 1764 2858 βιϐλίου

127 2877 209 2928 τοῦ
247 2870 512 2950 κώδικος,
555 2870 740 2951 φησὶν,
785 2890 840 2932 κ,
885 2891 939 2932 τ,
986 2867 1070 2946 λ.,
1103 2886 1292 2948 usque
1322 2867 1393 2931 ad
1424 2869 1473 2927 θ’
1519 2872 1626 2937 τίτ,
1671 2878 1765 2931 τοῦ

129 2962 384 3038 παρόντος
416 2960 819 3037 συντάγματος.

203 3063 471 3142 Σχόλιον.
514 3061 581 3120 Ἠ
610 3061 695 3121 κθ’
739 3060 881 3126 διάτ,
914 3068 1009 3119 τοῦ
1038 3059 1091 3140 γ’
1140 3061 1247 3124 τίτ.
1295 3060 1348 3118 α’
1407 3061 1623 3140 βιϐλίου
1674 3074 1768 3125 106

132 3149 345 3220 κώδικος
375 3153 480 3212 οὒκ
506 3152 662 3220 ἐτέθη
693 3153 768 3218 εἷς
797 3154 865 3210 τὰ
896 3150 1178 3225 Βασιλικὰ,
1231 3152 1347 3211 οὐδὲ
1395 3155 1429 3222 ἡ
1483 3152 1576 3222 λη’
1621 3153 1765 3220 διάτ,

134 3249 218 3301 106
255 3247 417 3304 αὖτοῦ
442 3244 551 3307 τίτ.
587 3260 603 3277 ⁸
636 3244 672 3312 ἡ
706 3240 761 3299 δὲ
791 3241 844 3320 β’
874 3239 1016 3305 διάτ.
1048 3249 1141 3301 τοῦ
1167 3241 1220 3298 α’
1250 3244 1349 3301 τίτ.
1386 3248 1492 3301 τῶν
1524 3246 1765 3325 Νεαρῶν,
1787 3275 1830 3329 c

135 3329 236 3387 ἔστι
265 3334 428 3413 νεαρὰ
482 3331 916 3395 Ἰουστινιάνειος
975 3328 1096 3410 ρκγ’
1142 3331 1364 3405 κειμένη
1409 3332 1464 3388 ἐν
1492 3331 1681 3409 βιϐλίῳ
1722 3333 1771 3391 δ’

138 3426 231 3475 τῶν
273 3422 581 3481 Βασιλικῶν
624 3421 736 3484 τίτ,
779 3421 830 3478 α’
863 3439 882 3461 ⁸
917 3422 1006 3478 καὶ
1036 3444 1170 3500 φησι
1199 3422 1260 3478 τὸ
1289 3421 1372 3500 Εγ⁹
1404 3444 1525 3502 nec.
1555 3431 1652 3480 106
1679 3424 1768 3480 αὖ·

135 3520 219 3569 τοῦ
258 3520 476 3592 νεαρᾶς³
522 3510 645 3580 ἤτοι
673 3514 737 3568 τὸ
771 3509 843 3568 ια’
873 3532 998 3590 κεφ.
1030 3519 1124 3568 τοῦ
1169 3511 1420 3589 ῥηθέντος
1448 3514 1555 3576 τίτ.
1586 3514 1681 3571 106
1721 3513 1772 3572 ’δ

136 3599 328 3676 βιϐλίου
350 3603 457 3660 ὅσα
487 3601 899 3678 συνωψίσθησαν
930 3602 1074 3678 παρὰ
1102 3607 1196 3659 τοῦ
1230 3602 1584 3683 πατριάρχου.

210 3713 467 3771 ΚΕΦΑΛ.
514 3704 603 3766 E'.
640 3736 718 3753 —
761 3706 883 3782 Περὶ
925 3711 1021 3762 τοῦ
1057 3711 1137 3781 μὴ
1167 3720 1370 3783 γαμεῖν
1400 3709 1700 3788 μοναχοὺς,
1732 3708 1767 3779 ἢ

136 3815 262 3851 τισιν
315 3799 391 3863 ὡς
460 3793 720 3877 ἀδελφαῖς
782 3807 1049 3874 συνεῖναι,
1121 3796 1261 3870 μήτε
1329 3795 1425 3862 τὰς
1494 3797 1773 3879 ἐπαγγελ-

134 3882 352 3961 λομένας
382 3887 672 3966 παρθενίαν
705 3883 905 3965 ἑτέροις
938 3898 1233 3947 συνοιιεῐν,

207 4064 433 4122 Συνόδου
464 4063 731 4143 Ἀγκύρας
775 4063 953 4122 κανών
1013 4061 1080 4121 ιθ⁹
1116 4082 1133 4103 ⁸
1181 4062 1401 4125 συνόδου
1430 4066 1774 4134 Χαλκηδόνος

136 4155 298 4210 κανὼν
341 4154 449 4231 ις’
482 4170 497 4186 ⁸
534 4152 753 4215 συνόδου
782 4152 884 4231 ς’,
930 4156 1109 4211 κανών
1167 4154 1251 4230 μ’,
1284 4154 1397 4231 μδ⁹,
1431 4154 1521 4232 μζ’
1555 4174 1571 4190 ⁸
1606 4166 1775 4216 Βασι-

135 4239 269 4304 λείου
303 4247 491 4304 κανὼν
524 4243 619 4324 ιϐ’,
675 4241 753 4325 κ’,
814 4243 859 4311 ξ’
891 4263 908 4282 ο
968 4243 1234 4321 ἀνάγνωθι
1264 4246 1331 4302 τὰ
1360 4248 1774 4328 παραγριοοὲντα

136 4330 186 4387 ἐν
216 4332 281 4389 ιδ’
336 4358 468 4416 κειρ.
512 4341 611 4418 106
656 4333 715 4402 η’
758 4335 867 4396 τίτ.
928 4337 1021 4392 106
1067 4335 1331 4415 παρόντος
1374 4339 1772 4418 συντάγματος,

138 4425 215 4482 καῖ
244 4424 300 4483 ἰν
327 4414 527 4501 τῷνκθ’
556 4447 681 4507 κεφ.
714 4435 809 4485 τοῦ
838 4423 885 4482 θ’
917 4427 1026 4488 τίτ.

214 4534 472 4590 ΚΕΦΑΔ.
515 4519 623 4604 ς’,
670 4559 748 4574 -ι-
816 4528 942 4609 Περὶ
984 4528 1244 4609 μοναχῶν
1289 4530 1586 4589 ποιούντων
1635 4554 1777 4614 φρα-

136 4624 296 4697 τρίας,
331 4626 424 4677 καὶ
445 4619 804 4697 συνωμοσίας.

209 4722 446 4781 Συνόδου
482 4721 828 4791 Χαλκηδόνος
871 4721 1048 4780 κανών
1103 4720 1182 4791 ιη’
1213 4740 1230 4759 ⁸
1287 4724 1505 4784 συνόδου
1532 4725 1638 4804 ς’,
1668 4750 1775 4785 κα-

136 4811 233 4869 νών
262 4810 347 4869 λδ’
378 4831 394 4849 ⁸
432 4813 701 4893 ἀνάγνωθι
744 4813 810 4869 τὰ
840 4812 1254 4894 παραγραφέντα
1284 4813 1340 4871 ἐν
1371 4819 1447 4893 τῷ
1496 4815 1577 4889 λζ’
1621 4838 1774 4899 κεφ.,

135 4912 224 4962 106
249 4902 297 4960 θ’
329 4904 442 4964 τίτ.
475 4903 670 4960 τούτου
701 4903 1095 4982 συντάγματος.

213 5013 473 5067 ΚΕΦΛΛ.
507 4995 586 5069 2⁸.
627 5040 696 5054 -
726 5007 851 5087 Περὶ
895 5014 989 5067 τόῠ
1030 5007 1109 5077 μὴ
1158 5006 1504 5069 συλλούεσθαι
1536 5011 1781 5082 ἆσκητὴν

136 5098 367 5174 γυναικὶ.

214 5186 450 5299 Συνόδου
507 5186 819 5254 Λαοδικείας
878 5187 1054 5246 κανῶν
1108 5184 1160 5246 λ’
1195 5205 1210 5220 ⁸
1273 5187 1487 5249 συνόδου
1542 5189 1621 5266 ς’
1673 5214 1780 5250 κα-

140 5277 241 5334 νών
270 5277 375 5351 οζ’.

220 5390 482 5451 ΚΕΦΑΛ.
517 5374 605 5452 θ’,
636 5419 715 5433 —
747 5384 879 5467 Περί
907 5386 1149 5467 φυλακῆς
1181 5386 1337 5467 ἱερῶν
1365 5390 1661 5469 παρθένων,

217 5474 457 5536 Συνόδου
546 5478 918 5558 Καρθαγὲννης
974 5478 1152 5538 κανών
1233 5476 1322 5556 μδ⁹
1358 5494 1375 5512 ⁸
1435 5477 1652 5537 συνόδου
1706 5480 1769 5556 ς·
1771 5479 1785 5505 ⁹

1842 1929 1967 2006 sil.,
2026 1949 2228 2007 neque
2285 1936 2493 1994 const.
2546 1929 2627 1993 46
2680 1928 2768 1992 tit.
2823 1928 2996 1997 3lib.
3030 1947 3049 1992 ι
3082 1928 3257 2007 Cod.,
3293 1950 3491 2014 neque

1843 2026 2039 2083 const.
2071 2019 2150 2083 39
2182 2018 2460 2099 ejusdem
2494 2018 2602 2081 lib.
2630 2032 2692 2081 et
2726 2018 2816 2080 tit.

1924 2212 2091 2276 CAP.
2127 2211 2227 2278 IV.
2262 2245 2336 2260 —
2367 2211 2459 2276 Ne
2514 2218 2741 2277 temere
2790 2211 3124 2275 monachus
3180 2221 3487 2278 monaste-

1843 2304 2005 2365 rium
2054 2309 2254 2377 θεῖσαι,
2287 2309 2346 2366 et
2405 2303 2648 2386 negotia
2699 2310 2867 2383 agat,
2927 2310 2987 2365 et
3017 2303 3180 2383 quod
3208 2305 3493 2368 monachi

1844 2393 2116 2472 episcOpo
2145 2392 2404 2457 subsint.

1932 2495 2182 2559 Concilii
2213 2495 2607 2559 Chalcedonis
2637 2515 2827 2558 canon
2854 2495 2914 2574 3,
2943 2497 3005 2572 4,
3032 2502 3092 2572 8,
3112 2499 3215 2579 23;
3246 2499 3492 2562 concilii

1848 2587 1999 2649 sexti
2016 2605 2207 2650 canon
2225 2585 2326 2664 4t,
2353 2586 2452 2667 42,
2473 2586 2574 2663 16;
2599 2586 2844 2649 concilii
2862 2586 3040 2665 primi
3074 2595 3135 2648 et
3155 2589 3409 2651 secundi
3427 2590 3492 2652 in

1851 2676 1977 2738 aede
1998 2675 2354 2739 Sanctorum
2386 2676 2804 2757 Apostolorum
2841 2675 3070 2759 [habiti]
3103 2696 3295 2741 canon
3325 2677 3387 2756 2,
3419 2685 3483 2747 4.

1937 2780 2174 2843 Τεωιιιε.
2209 2780 2415 2844 Const.
2471 2779 2550 2841 29
2606 2784 2698 2842 tit.
2759 2778 2797 2841 3
2829 2778 2934 2840 lib.
2967 2796 2987 2841 ι
3016 2779 3164 2844 Cod.
3196 2780 3279 2844 ait
3315 2804 3328 2845 :
3362 2781 3491 2846 Soli

1846 2868 2245 2950 apocrisiarii,
2288 2877 2450 2944 'etc.,
2512 2886 2703 2950 usque
2755 2868 2837 2932 ad
2869 2869 3201 2950 perscripta
3229 2881 3390 2955 sunt,
3422 2880 3493 2941 ut

1846 2978 1990 3040 pag.
2023 2962 2164 3033 851,
2200 2958 2342 3021 854.

1931 3058 2267 3124 Scholium.
2298 3059 2556 3123 Constit.
2589 3058 2668 3124 29
2703 3062 2792 3124 tit.
2824 3059 2864 3122 3
2892 3059 2999 3122 lib.
3032 3078 3053 3122 ι
3084 3061 3229 3126 Cod.
3264 3072 3497 3129 nonest

1850 3150 2048 3231 posita
2102 3149 2165 3212 in
2217 3149 2425 3226 Basil.,
2482 3168 2681 3232 neque
2733 3148 3002 3230 ejusdem
3038 3152 3126 3216 tit.
3162 3164 3355 3217 const.
3387 3154 3490 3219 38.

1855 3238 2055 3303 Const.
2100 3245 2138 3301 2
2181 3239 2271 3302 tit.
2320 3241 2346 3300 1
2401 3240 2786 3304 Novellarum
2816 3248 2909 3302 est
2941 3241 3176 3305 novella
3202 3244 3495 3309 Iustinia-

1854 3347 1969 3392 nea
2005 3332 2141 3406 123,
2175 3329 2365 3408 posita
2397 3330 2546 3411 [que
2578 3332 2687 3407 est]
2724 3331 2783 3390 in
2833 3330 2941 3394 lib.
2994 3332 3169 3393 Basil.
3206 3335 3268 3410 4,
3302 3336 3392 3398 tit.
3429 3340 3487 3411 1,

1852 3439 1923 3510 ac
1955 3419 2101 3510 dicit
2148 3421 2408 3510 63Ucap.
2461 3419 2732 3501 ejusdem
2791 3421 3059 3497 novellae,
3094 3423 3222 3486 sive
3255 3426 3323 3487 ll
3355 3445 3490 3510 cap.

1850 3508 1997 3571 dicti
2050 3508 2141 3569 tit.
2204 3508 2310 3570 lib.
2370 3524 2450 3586 ιν,
2513 3527 2882 3590 quaecunque
2937 3528 3048 3588 per
3091 3508 3490 3593 patriarcbam

1851 3597 2281 3679 compendiose
2314 3601 2620 3679 proposita
2640 3607 2802 3661 sunt.

1929 3700 2090 3765 CAP.
2126 3700 2199 3766 V.
2231 3736 2311 3749 —
2339 3700 2425 3763 Ne
2452 3701 2739 3764 monachi
2760 3702 3215 3767 matrimonium
3240 3712 3491 3775 contra-

1852 3792 2024 3864 hant,
2062 3799 2171 3855 aut
2221 3809 2357 3854 cum
2411 3791 2725 3871 aliquibus
2762 3791 3165 3877 [mulieribus]
3197 3802 3495 3879 tanquam

1855 3882 2171 3972 sororibus
2201 3886 2653 3972 conuersentur,
2691 3889 2750 3945 et
2792 3900 2867 3944 ne
2894 3883 3315 3964 virginitatem
3342 3908 3493 3972 pro-

1858 3976 2032 4053 fessos
2064 3971 2218 4035 virts
2247 3970 2615 4034 cohabitent.

1938 4062 2187 4126 Concilii
2219 4060 2521 4141 Ancyrani
2554 4079 2743 4124 canon
2783 4063 2875 4140 19;
2909 4063 3150 4126 concilii
3171 4066 3497 4134 Chalcedo-

1859 4152 2066 4244 nensis
2096 4170 2286 4213 canon
2320 4151 2438 4244 lli;
2469 4152 2893 4244 conciliisexti
2917 4171 3108 4216 canon
3137 4155 3237 4233 40,
3264 4157 3363 4235 44,
3392 4162 3491 4244 47;

1856 4241 2054 4304 Basilii
2112 4258 2303 4303 canon
2356 4242 2454 4317 19,
2514 4241 2616 4317 20,
2676 4241 2778 4306 60.
2840 4242 3028 4322 Legas
3057 4263 3191 4326 quae
3220 4241 3499 4314 adnotata

1859 4342 1997 4395 sunt
2028 4333 2087 4393 in
2111 4348 2244 4413 cap.
2283 4331 2356 4393 t4
2388 4334 2479 4397 tit.
2510 4332 2574 4408 8,
2608 4344 2669 4396 et
2697 4352 2833 4415 cap.
2865 4333 2943 4398 29
2983 4333 3078 4396 tit.
3122 4338 3160 4397 9
3188 4342 3501 4419 praesentis

1861 4440 2086 4504 operis.

1942 4527 2108 4591 CAP.
2143 4525 2241 4591 VI.
2275 4562 2356 4575 —
2401 4529 2489 4594 De
2533 4528 2843 4595 monachis
2888 4531 2997 4613 qui
3046 4535 3341 4613 factiones
3390 4545 3503 4602 aut

1861 4622 2322 4702 conjurationes
2348 4622 2608 4700 faciunt.

1939 4724 2189 4789 Concilii
2246 4723 2757 4789 Chalcedonensis
2837 4744 3029 4789 canon
3083 4732 3197 4810 l8;
3257 4729 3504 4793 concilii

1861 4816 2012 4882 sexti
2042 4833 2232 4878 canon
2279 4813 2378 4877 34.
2434 4814 2588 4896 Lege
2637 4834 2771 4898 quas
2799 4816 3079 4880 adnotata
3108 4826 3247 4880 sunt
3277 4818 3334 4881 in
3365 4838 3502 4900 cap.

1862 4910 1939 4973 37
1965 4906 2059 4969 tit.
2088 4905 2127 4968 9
2149 4904 2328 4984 huius
2359 4905 2587 4985 operis.

1896 5107 1907 5119 .
1942 5009 2110 5119 CAP.
2137 5007 2261 5072 VII.
2298 5046 2373 5056 —
2404 5008 2497 5072 Ne
2544 5011 2831 5075 monachi
2874 5010 3159 5075 laventur
3197 5030 3334 5076 cum
3364 5031 3506 5078 mu-

1862 5103 2195 5344 ιιεέιὲιόίιὶἰ
2244 5189 2569 5253 Laudiceni
2624 5208 2819 5255 canon
2861 5190 2983 5273 30;
3040 5194 3368 5260 conciliivr
3401 5214 3511 5260 ca-

1868 5303 1986 5344 non
2058 5286 2117 5344 7.

1868 5303 1986 5347 non
2027 5303 2117 5344 l'l.

1949 5386 2043 5450 CA
2054 5381 2278 5476 P.Vlll.
2290 5417 2376 5476 —7
2388 5383 2472 5446 De
2482 5385 2755 5476 custodia
2767 5395 3156 5455 sacratarum
3175 5392 3505 5476 virginum.

1951 5475 2198 5541 Concilii
2225 5472 2711 5555 Carthaginensis
2734 5496 2924 5540 canon
2955 5480 3074 5563 44;
3109 5472 3349 5546 concilii
3381 5501 3513 5548 sex-

140 5564 308 5622 κανών
358 5564 490 5643 pg"
547 5567 658 5642 ρξ’,
723 5567 826 5645 μηδ’
859 5588 871 5603 ⁸
933 5567 1152 5627 συνόδου
1209 5570 1431 5638 Νικαίας
1480 5571 1543 5630 τὸ
1570 5569 1647 5650 β’,
1680 5592 1785 5629 κα-

1944 5585 2136 5631 canon
2165 5565 2267 5641 46,
2297 5564 2399 5642 47,
2434 5565 2547 5645 48;
2576 5567 2815 5632 concilii
2842 5566 3068 5635 Nicmni
3118 5573 3368 5637 secundi
3400 5591 3509 5639 ca-

142 5654 242 5713 νών
271 5657 382 5739 ιη’,
418 5654 505 5731 κ’,
526 5657 636 5738 νβ’,

1870 5678 1993 5725 non
2028 5656 2124 5740 l8,
2149 5654 2252 5742 20,
2282 5655 2384 5721 22.
