3930 6218
429 291 587 361 1159

1620 287 1889 362 ΡΗΟΤΙΙ
1930 287 2454 363 PATRIARCH/E
2496 293 2613 365 GP.

3611 305 3719 373 lltiO

420 437 644 508 statuit,
680 453 756 497 ne
796 433 868 497 ab
891 424 1192 497 haereticis
1219 433 1576 496 monasteria
1608 443 2053 508 construantur,

2160 441 2495 514 ιειτουργιῶν
2548 435 2596 509 ζ’
2655 437 2794 498 διάτ.
2842 443 2935 496 τοῦ
2978 437 3021 496 ε’
3071 441 3174 502 τίτ,
3219 452 3310 500 106
3355 440 3405 496 α’
3447 440 3624 517 βιϐλίου
3657 442 3726 499 τοῦ

420 545 618 608 neque
640 525 711 586 ad
739 525 1009 585 militiam
1037 526 1353 602 aspiretur.
1387 523 1654 602 [Interim
1710 534 1906 586 tamen
1930 543 2061 604 cap.

423 620 501 679 23
524 617 611 678 tit.
656 617 678 677 1
717 614 866 676 lib.|
910 615 1087 674 Basil.
1123 615 1209 674 ait
1249 635 1260 675 :
1302 613 1768 692 Apollinaristaa,
1804 614 1906 692 qui
1935 633 2066 674 san-

425 709 538 769 ctis
561 716 812 787 quatuor
842 704 1116 766 conciliis
1150 722 1268 764 non
1309 701 1690 774 obediunt,et
1721 704 2068 783 quicunque

426 807 634 859 contra
666 803 938 856 sanctum
971 792 1457 855 Chalcedonense
1488 794 1805 855 concilium
1837 803 1938 856 aut
1972 794 2068 855 di-

426 903 565 948 cere
586 884 888 966 quidpiam
919 884 1008 945 vel
1043 883 1398 953 docere,aut
1424 883 1644 962 scripta
1667 883 1930 944 retinere
1952 901 2067 944 au-

423 975 592 1050 dent,
619 995 651 1035 a
683 973 963 1054 przesenti
994 973 1428 1033 constitutione
1460 972 1634 1031 dictis
1668 971 2073 1051 subjiciuntur

422 1064 642 1146 pceuis.
670 1064 814 1142 Cap.
849 1062 927 1124 24
958 1063 1040 1122 ait
1074 1080 1086 1123 :
1128 1061 1438 1139 Legitimis
1462 1061 1727 1122 haeretici
1762 1062 2074 1123 traduntor

425 1154 771 1234 sepulturis.
809 1153 1093 1232 Ejusdem
1150 1151 1343 1222 [vero]
1402 1169 1532 1230 cap.
1580 1152 1779 1211 thema
1810 1152 1848 1212 οὶ
1881 1152 2024 1212 dicit
2058 1170 2072 1214 :

427 1244 871 1306 Manichmusin
896 1243 1024 1303 loco
1077 1240 1344 1301 Romano
1383 1240 1602 1318 degere
1637 1239 2072 1320 deprehensus,

429 1334 781 1396 decollator.
810 1331 916 1393 Et:
958 1330 1236 1392 Haeretici
1261 1331 1520 1390 honores
1547 1349 1661 1389 non
1689 1349 2075 1410 consequun-

431 1432 614 1496 tur,et
637 1422 926 1502 deinceps
947 1422 1202 1498 [cmtera]
1230 1437 1363 1500 qua:
1387 1424 1444 1480 in
1464 1427 1625 1480 textu
1648 1419 2074 1499 compendiose

429 1522 564 1575 sunt
597 1513 925 1593 proposita.
961 1511 1101 1591 Cap.
1135 1511 1216 1570 25
1247 1511 1370 1570 haec
1404 1508 1607 1571 statuit
1642 1531 1653 1567 :
1690 1510 1750 1572 Si
1797 1518 2075 1588 parentes

430 1604 681 1665 diversae
713 1601 854 1662 ﬁdei
886 1609 1062 1680 atque
1095 1599 1408 1677 religionis
1439 1599 1580 1672 sint,
1632 1598 1759 1678 ejus
1805 1600 2074 1660 voluntas

432 1693 628 1773 [atque
652 1690 1019 1752 desiderium
1061 1689 1118 1748 iu
1144 1688 1552 1764 successione]
1597 1687 1936 1762 prtevaleto,
1971 1688 2072 1768 qui

2147 525 2375 588 κώδικος
2414 529 2510 583 ουκ
2539 527 2692 595 ἐτέθη
2726 531 2800 594 εἰς
2832 531 2896 585 τά
2929 530 3220 590 Βασιλικὰ.
3281 531 3408 588 Οὖδὶ
3467 535 3498 599 ἦ
3540 533 3589 596 η’
3623 531 3729 591 διάτ.

2149 621 2241 671 106
2287 616 2445 673 αὒτοῦ
2491 618 2591 674 τίτ,
2655 619 2742 674 καὶ
2789 617 2899 694 βιϐ.
2954 621 2988 686 ἡ
3033 618 3372 697 διοριζομένη
3431 622 3505 693 μὴ
3552 622 3734 695 γίνεσθαι

2150 706 2292 783 παρὰ
2339 713 2446 761 τῶν
2491 708 2770 784 αἱρετικῶν
2833 710 3189 788 μοναστήρια,
3224 708 3360 784 μηδὲ
3393 713 3736 787 στρατεύεσθαι.

2151 796 2222 851 Τὸ
2250 793 2336 872 κγ’
2383 815 2504 873 κεφ.
2539 803 2630 852 τοῦ
2661 793 2712 851 α’
2759 797 2861 856 τίτ,
2914 800 3006 854 106
3037 798 3087 854 α’
3122 797 3325 875 βιϐλίου
3357 805 3464 855 τ·.ἶ›ν
3497 799 3742 855 Βασιλιιιῶν

2152 904 2338 962 φησιν,
2373 883 2419 938 οἱ
2454 883 2889 962 Ἀπολιναρισταὶ
2923 887 3000 961 μὴ
3032 901 3156 948 ταῖς
3188 888 3362 964 ἁγίαις
3393 889 3624 965 τέσσαρσι
3649 910 3746 943 συν-

2155 969 2297 1035 όδοις
2329 974 2657 1047 πειθόμενοι,
2692 974 2788 1029 καί
2823 975 2936 1030 ὅσοι
2972 978 3106 1032 κατὰ
3139 982 3233 1044 τῆς
3268 979 3424 1055 ἁγίας
3476 977 3528 1032 ἒν
3571 977 3750 1042 Χαλκη-

2157 1059 2266 1116 δόνι
2309 1060 2527 1119 συνόδου
2552 1063 2586 1130 ἢ
2637 1062 2810 1141 λέγειν
2843 1087 2917 1138 τι,
2949 1065 2984 1133 ἢ
3016 1064 3303 1138 διδάσκειν,
3339 1067 3373 1135 ἢ
3409 1068 3753 1145 συγγράμματα

2161 1155 2450 1218 κεκτῆσθαι
2520 1150 2790 1230 τολμῶσι,
2865 1167 2988 1218 ταῖς
3062 1156 3367 1231 εἰρημέναις
3442 1164 3506 1229 τῇ
3551 1158 3751 1232 παρούσῃ

2159 1238 2298 1300 διάτ.
2345 1245 2623 1319 τιμωρίαις
2656 1241 3162 1306 ὑποϐαλλέσθωσαν,
3199 1248 3270 1302 Τὸ
3327 1244 3410 1301 κδ’
3442 1266 3560 1323 κέαρ.
3604 1246 3750 1322 φησὶν,

2160 1329 2284 1394 ταῖς
2311 1331 2714 1405 νενομισμέναις
2768 1335 3022 1410 αἱρετικοὶ
3073 1333 3540 1413 παραδιδόσθωσαν
3573 1347 3756 1410 τασαῖς.

2160 1419 2230 1476 Τὸ
2261 1419 2312 1494 β’
2344 1419 2478 1492 θέμα
2511 1428 2600 1476 τοῦ
2644 1424 2802 1479 ο.ιῦτοῦ
2849 1443 2950 1502 κεφ
2976 1469 2990 1483 .
3015 1422 3185 1503 λέγει,
3221 1431 3531 1502 Μανιχαϊος
3563 1425 3612 1479 ἐν
3649 1416 3756 1480 ςΡω-

2157 1515 2342 1582 μαϊκῴ
2373 1509 2521 1582 τόπῳ
2549 1507 2746 1586 διάγων
2799 1511 2974 1590 ὀφθεὶς
3033 1512 3438 1592 ἀποτεμνέσθω,
3486 1515 3569 1568 καὶ
3609 1515 3679 1568 ὃτι
3717 1515 3752 1566 οἱ

2157 1599 2407 1675 αῖρετικοὶ
2438 1600 2498 1654 οὗ
2527 1601 2762 1675 γίνονται
2808 1600 3178 1676 ἂξιωματικοὶ,
3244 1607 3334 1659 καὶ
3383 1602 3468 1682 ἔρρ’
3513 1603 3626 1670 ἑξῆς
3676 1600 3752 1656 ὅσα

2156 1689 2564 1762 συνωψίσθησαν
2596 1690 2669 1753 εἷς
2701 1691 2761 1744 τὸ
2793 1692 3061 1764 κείμενον,
3098 1694 3169 1749 Τὸ
3222 1691 3303 1748 κε’
3349 1715 3474 1770 κεφ,
3522 1691 3757 1768 διορίζεται

427 1783 585 1843 inter
608 1781 761 1841 ﬁlios
786 1780 1180 1840 orthodoxam
1205 1778 1381 1838 ﬁdem
1410 1777 1679 1856 suscipit:
1711 1776 1944 1837 tametsi
1967 1796 2068 1857 pa-

2160 1784 2321 1832 ταῦτα
2356 1795 2370 1811 ⁶
2405 1778 2608 1833 Γονέων
2653 1777 2707 1834 δὲ
2740 1778 2988 1858 διαφόρου
3023 1783 3250 1846 πίστεως
3306 1782 3475 1837 ὄντων
3526 1783 3612 1838 ιιαέ
3651 1786 3760 1856 09n-

431 1879 522 1934 ter
553 1871 629 1931 sit
662 1870 762 1949 qui
791 1867 1182 1929 contradicat.
1234 1865 1439 1945 Neque
1484 1885 1628 1928 vero
1664 1865 1744 1940 [in
1781 1865 1946 1946 ﬁliis]
1983 1865 2074 1926 id-

426 1961 586 2022 circo
618 1977 1008 2031 succensens,
1049 1957 1386 2019 necessaria
1419 1956 1581 2034 ipsos
1608 1955 1894 2016 alimonia
1919 1957 2079 2018 aliis-

427 2068 498 2111 ve
522 2048 882 2110 necessariis
905 2046 1246 2124 sumptibus
1274 2045 1522 2125 privato:
1550 2045 1654 2106 sed
1676 2063 1870 2125 neque
1897 2045 2077 2106 ullam

427 2138 606 2200 aliam
641 2139 808 2220 [suae]
846 2138 903 2198 in
936 2136 1070 2198 illos
1102 2139 1204 2197 irae
1236 2153 1474 2196 causam
1533 2144 1886 2214 praetexens,
1945 2135 2081 2196 data

427 2227 565 2289 dote
593 2236 907 2307 propterve
932 2225 1168 2306 nuptias
1192 2224 1898 2299 donatione,orthodoxis
1918 2225 2080 2305 ipsos

428 2318 704 2398 personis
735 2318 793 2378 in
847 2316 1296 2377 matrimonium
1347 2314 1722 2394 conjungito.
1778 2311 1846 2376 Ut
1880 2321 2076 2376 autem

429 2407 603 2469 liberi
623 2406 945 2468 orthodoxi
971 2406 1017 2466 si
1043 2405 1186 2487 quid
1213 2406 1269 2465 in
1300 2414 1582 2485 parentes
1607 2403 1920 2465 hazreticos
1939 2421 2080 2484 pec-

427 2508 588 2571 cent,
626 2495 972 2575 puniantur,
1015 2514 1134 2554 non
1169 2505 1262 2554 est
1295 2502 1737 2573 transumptum
1771 2492 1833 2554 in
1867 2495 2074 2570 Basil.,

427 2586 599 2664 cujus
626 2585 944 2664 [profecto]
967 2583 1143 2644 etiam
1170 2585 1256 2644 rei
1280 2602 1460 2644 causa
1484 2583 1721 2644 illorum
1747 2583 2076 2645 architecto

427 2674 633 2754 gratiae
669 2672 1035 2754 [debentur].
1067 2672 1212 2748 Cap.
1249 2672 1323 2733 18
1356 2673 1447 2736 tit.
1482 2673 1508 2732 1
1548 2671 1653 2733 lib.
1691 2689 1710 2732 ι
1741 2671 1923 2734 Basil.
1946 2673 2071 2736 ait:

425 2763 587 2825 Nulli
625 2761 869 2823 omnino
905 2760 1167 2823 haeretici
1199 2780 1397 2842 neque
1430 2761 1749 2823 interdicta
1776 2764 2077 2825 conventi-

427 2852 798 2934 cula,neque
831 2851 1164 2914 adulterata
1197 2851 1552 2931 baptismata
1575 2851 1941 2912 celebrauto:
1965 2870 2077 2914 nec

428 2942 550 3004 ullo
574 2943 748 3004 modo
773 2941 1139 3003 adorandam
1165 2939 1655 3002 communionem
1672 2941 1965 3018 attingere
1983 2961 2075 3003 au-

427 3032 609 3093 dento
640 3053 652 3094 :
691 3050 802 3093 nec
830 3032 888 3092 in
919 3030 1138 3111 quibus
1156 3031 1303 3092 locis
1325 3029 2073 3104 olliciuashabent,eorum

427 3121 756 3216 privilegiis
814 3128 1099 3182 utuntor:
1154 3118 1432 3201 [alioqui]
1467 3137 1686 3216 eorum.
1705 3120 1809 3216 qui
1840 3119 2074 3216 legibus
2093 3165 2133 3216 ο

427 3210 839 3290 adversantur,
902 3228 1106 3290 pcenas
1168 3217 1525 3270 metuuuto:
1588 3208 1689 3291 qui
1722 3209 1894 3288 [vero
1927 3209 2072 3292 illis]

429 3299 589 3361 aedes
619 3317 758 3364 suas
787 3299 1032 3378 praebet,
1068 3298 1369 3379 praedictis
1405 3299 1596 3379 poenis
1629 3298 1923 3362 obnoxius
1957 3311 2068 3364 est.

430 3387 709 3454 Omnium
747 3389 991 3450 minime
1049 3389 1424 3450 Montanistai
1467 3406 1828 3470 quemquam
1863 3408 2070 3454 eorum

427 3480 528 3561 qui
557 3478 633 3542 ab
665 3481 810 3560 ipsis
843 3486 943 3540 aut
976 3477 1324 3561 patriarcha;
1363 3485 1465 3539 aut
1496 3479 2066 3556 communicatores,

431 3578 531 3633 aut
563 3569 852 3651 episcopi,
883 3579 987 3630 aut
1020 3566 1374 3650 presbyteri,
1413 3575 1511 3636 aut
1544 3567 1780 3630 diaconi
1833 3589 2073 3632 nuncu-

423 3657 1201 3740 pantur,Gonstantinopoli
1225 3656 1509 3720 habento:
1541 3667 1721 3736 atque
1744 3658 1902 3720 intra
1922 3659 2074 3722 ﬁnes

423 3750 555 3829 ejus
589 3757 831 3831 propter
860 3749 1164 3828 subjectus
1191 3747 1408 3828 cuique
1437 3746 1576 3826 [rei]
1601 3747 1863 3810 rationes
1896 3768 2074 3830 nego-

423 3839 580 3912 tiari,
636 3837 888 3902 lascivos
921 3846 1111 3900 cmtus
1147 3837 1405 3918 impiare
1435 3837 1705 3900 convivia
1736 3839 2071 3918 celebrare,

423 3936 483 3990 et
516 3929 813 4009 mancipia
840 3929 1096 3990 mercari
1121 3927 1537 4008 prohibentor.
1563 3925 1642 3990 29
1665 3929 2073 4008 cap.ejusdem

423 4018 713 4081 lib.ettit.
743 4020 1033 4079 insertum
1059 4017 1240 4078 estad
1274 4017 1454 4078 ﬁnem
1483 4035 1613 4096 cap.
1649 4019 1676 4078 1
1710 4021 1796 4077 ιιι.
1826 4019 1886 4100 9,
1913 4019 2072 4099 quod

413 4107 598 4187 legas.
634 4105 854 4169 Statuit
903 4106 1146 4188 [autem]
1204 4123 1280 4168 ne
1316 4106 1582 4167 hazretici
1616 4115 1824 4168 contra
1857 4108 2068 4170 ortho-

414 4197 611 4260 doxos
643 4197 1053 4259 testimonium
1107 4196 1332 4259 dicant.
1386 4195 1640 4260 Constit.
1676 4196 1713 4256 2
1748 4197 1840 4259 tit.
1874 4198 1912 4259 8
1942 4196 2066 4260 No-

416 4288 703 4349 vellarum
767 4295 857 4348 est
913 4285 1147 4347 novella
1204 4285 1529 4348 Justiniuui
1576 4285 1676 4347 42.
1714 4283 1839 4349 Hoc
1869 4296 2065 4351 autem

419 4377 554 4456 ejus
585 4393 715 4456 cap.
751 4394 872 4438 non
903 4383 999 4438 est
1057 4376 1318 4456 positum
1370 4377 1430 4436 in
1465 4375 1645 4438 Basil.
1681 4374 1800 4437 Tit.
1834 4379 1870 4440 9
1905 4378 2012 4443 lib.
2047 4397 2067 4443 Ι

2163 1868 2364 1941 σκείας,
2425 1867 2624 1925 ἐκείνου
2683 1869 2889 1942 μᾶλλον
2939 1873 2973 1938 ἡ
3036 1873 3228 1948 γνώμη
3288 1874 3550 1946 κρατείτω
3581 1879 3662 1927 τοῦ
3685 1872 3762 1936 τὴν

2161 1955 2432 2032 ὀρθόδοξον
2486 1955 2569 2013 ἐπ’
2630 1959 2815 2020 αὐτοῖς
2875 1959 3255 2037 ἀναιρουμένου
3317 1965 3517 2034 πίστιν,
3576 1959 3762 2024 κάνεῗη

2162 2056 2340 2124 πατὴρ
2385 2052 2411 2102 ὃ
2471 2046 2792 2125 ἀντιλέγων,
2853 2050 2930 2121 μὴ
2963 2048 3197 2105 ἐντεῦθεν
3242 2048 3297 2105 δὲ
3344 2049 3648 2128 ἀγανακτῶν
3686 2053 3762 2113 τῆς

2163 2136 2448 2214 ἀναγκαίας
2498 2137 2685 2200 αὖτοὺς
2751 2140 3002 2216 στερείτω
3071 2145 3300 2218 τροφῆς,
3365 2141 3404 2208 ἢ
3465 2147 3565 2196 τῶν
3620 2138 3764 2194 ἄλλων

2161 2225 2465 2303 ἀναγκαίων
2509 2225 2909 2303 δαπανημάτων
2945 2248 2960 2264 ο
3015 2227 3155 2284 ἀλλὰ
3187 2232 3270 2285 καὶ
3307 2244 3514 2307 προῖκα
3543 2227 3767 2303 διδοὺς,ἢ

2161 2315 2442 2393 προγάμου
2513 2315 2712 2394 δωρεὰν
2799 2317 3093 2396 ὀρθοδόξοις
3180 2321 3370 2383 αὖτοϊς
3467 2319 3767 2388 συνοικιζέτω

2161 2405 2490 2481 προσώποις,
2528 2405 2792 2481 μηδεμίαν
2843 2409 3028 2486 ἑτέραν
3081 2412 3244 2488 ὀργῆς
3307 2406 3433 2465 κατ’
3467 2409 3630 2464 αὖτῶν
3659 2428 3767 2483 προσ

2159 2491 2489 2569 ϐαλλόμενος
2537 2498 2821 2576 πρόφασιν,
2874 2501 2945 2556 Τὸ
2980 2497 3033 2554 δὲ
3076 2504 3434 2576 τιμωρεῖσθαι
3489 2502 3605 2563 τοὺς
3645 2501 3769 2575 ὀρθο-

2159 2581 2338 2650 δόξους
2370 2585 2564 2650 παῖδας
2597 2586 3046 2663 πλημμελοῦντας
3096 2591 3232 2647 κατὰ
3285 2592 3568 2666 αἱρετικῶν
3607 2589 3771 2667 γονέων

2158 2673 2254 2729 οὒκ
2283 2673 2545 2754 ἐξελήφθη
2577 2678 2650 2740 εἷς
2696 2679 2761 2732 τὰ
2823 2679 3105 2750 Βασιλικὰ,
3151 2680 3237 2734 καὶ
3297 2680 3462 2758 χάρις
3522 2681 3595 2753 τῷ
3636 2684 3768 2733 ταῦτα

2161 2764 2482 2840 συνθεμένῳ,
2516 2767 2604 2822 καὶ
2636 2767 2765 2844 ὑπὲρ
2797 2768 3007 2831 τούτου,
3055 2771 3126 2826 Τὸ
3160 2767 3252 2835 κη’
3283 2791 3415 2848 κεφ,
3469 2779 3562 2826 τοῦ
3616 2767 3660 2822 α’
3704 2767 3773 2841 βι-

2159 2850 2306 2908 ϐλίου
2350 2857 2454 2910 τῶν
2513 2853 2814 2912 Βασιλικῶν
2848 2879 3001 2937 φησι,
3035 2859 3230 2922 πάντες
3263 2866 3497 2935 γενικῶς
3528 2861 3570 2915 οξ
3597 2859 3766 2935 αἱρετιο

2159 2942 2249 2999 κοί
2295 2945 2433 3017 μήτε
2481 2945 2885 3019 παρασυνάξεις,
2933 2947 2968 3016 ἢ
3013 2946 3513 3026 παραϐαπτίσματα
3555 2947 3771 3005 ποιείτω-

2159 3053 2278 3112 σαν,
2312 3035 2450 3107 μήτε
2480 3035 2578 3102 τῆς
2612 3042 2986 3114 προσκυνητῆς
3016 3037 3156 3100 ὅλως
3190 3041 3482 3102 κοινωνίας
3515 3037 3769 3111 τολμάτω·

2157 3143 2254 3177 σαν
2284 3122 2563 3199 ἅπτεσθαι,
2615 3125 2650 3193 ἢ
2682 3139 2798 3189 τοῖς
2833 3133 2948 3200 μῶν
2980 3126 3117 3203 ὅρων
3176 3129 3518 3206 προνομίοις,
3583 3127 3658 3204 ἐφ’
3699 3124 3771 3186 οἷς

2158 3211 2378 3292 ἔχουσιν
2421 3213 2788 3294 ἐργαστηρίοις
2845 3219 3258 3296 κεχρήσθωσαν,
3297 3220 3393 3279 τὰς
3451 3225 3557 3275 τῶν
3588 3217 3769 3274 ἔναντι-

2157 3302 2394 3378 ουμένων
2453 3317 2571 3368 τοῖς
2617 3305 2800 3380 νόμοις
2859 3308 3045 3372 ποινὰς
3101 3306 3452 3387 ὑφορώμενος
3497 3308 3585 3364 106
3617 3328 3768 3387 χορη-

2156 3399 2376 3470 γοῦντος
2405 3394 2494 3450 τὸν
2522 3395 2678 3451 οἷκον
2711 3409 2831 3458 ταῖς
2865 3397 3282 3475 προειρημέναις
3325 3399 3606 3476 τιμωρίαις
3659 3397 3769 3451 ὕπο·

2155 3482 2402 3558 κειμένου
2434 3500 2448 3516 ⁸
2489 3486 2848 3542 Μοντανισταί
2877 3485 3154 3566 ἐξαιρέτως
3188 3485 3400 3562 μηδένα
3448 3491 3552 3544 τῶν
3601 3485 3772 3543 καλου-

2158 3570 2331 3647 μένων
2364 3574 2490 3651 παρ⁹
2521 3577 2704 3638 αὐτοῖς
2757 3583 3132 3656 πατριάρχῶν,
3168 3576 3204 3645 ἢ
3259 3584 3536 3634 κοινωνῶν
3595 3577 3627 3644 ἣ
3668 3574 3768 3630 ἑπι-

2157 3662 2397 3738 σκόπων,
2451 3663 2486 3732 ἢ
2543 3663 2929 3743 πρεσϐυτέρων,
2967 3664 3002 3734 ἢ
3049 3663 3305 3722 διακόνων
3341 3666 3494 3731 ἐντὸς
3527 3666 3770 3746 ἐχέτωσαν

2163 3753 2798 3834 Κωνσταντινουπὸλεως,
2829 3752 3216 3810 κωλυέσθωσαν
3247 3752 3302 3810 δὲ
3335 3755 3492 3817 ἐντὸς
3543 3774 3772 3834 πραγμα-

2157 3840 2398 3898 τεύεσθαι
2442 3848 2548 3898 τῶν
2581 3842 2718 3920 ὅρων
2760 3844 2949 3918 αὐτῆς,
3000 3845 3086 3900 καὶ
3141 3846 3207 3900 τὰ
3265 3843 3483 3922 ἀσελγῆ
3543 3843 3774 3918 συσσίτια,

2160 3930 2194 3998 ἢ
2222 3931 2286 3986 τὰ
2316 3929 2483 3999 ἀσεϐῆ
2545 3933 2814 4009 συμπόσια
2873 3946 3075 4014 ποιεῖν,
3111 3934 3146 4002 ἢ
3206 3931 3514 4012 ἀνδράποδα
3543 3931 3777 4010 ἐμπορεύ-

2156 4023 2299 4077 εσθαι
2345 4019 2430 4078 δια
2469 4022 2592 4086 τοὺς
2636 4021 3022 4098 ὑποκειμένους
3072 4021 3156 4103 ἔφ’
3207 4024 3424 4095 ἑκάστῳ
3487 4022 3772 4102 λογισμούς.

2153 4111 2225 4168 Τὸ
2267 4109 2348 4168 κθ⁹
2409 4133 2529 4192 κεφ,
2591 4120 2683 4170 106
2744 4116 2902 4172 αὐτοῦ
2957 4110 3165 4190 βιὲλίου
3193 4114 3282 4169 καὶ
3315 4112 3425 4176 τίτ,
3459 4113 3772 4187 κατεστρώθη

2153 4201 2227 4264 εἷς
2283 4202 2344 4258 τὸ
2393 4201 2547 4266 τέλος
2607 4211 2700 4262 106
2762 4200 2814 4258 α’
2872 4224 2996 4283 κεφ.
3054 4201 3227 4260 τοῦθ’
3261 4203 3364 4264 τίτ,
3397 4203 3500 4260 τοῦ
3543 4202 3776 4280 παρόντος

2152 4291 2519 4368 συντάγματος
2557 4310 2574 4331 ο
2632 4293 2721 4348 καὶ
2762 4291 3028 4369 ἀνάγνωθι
3080 4299 3234 4350 106:0
3295 4290 3661 4370 διοριζόμενον
3712 4289 3774 4362 μῆ

2151 4393 2440 4457 μαρτυρεῖν
2499 4381 2636 4437 κατὰ
2685 4378 2960 4460 ὀρθοδόξου
2991 4383 3311 4461 αἱρετικούς,
3346 4384 3412 4438 Ἥ
3448 4383 3500 4460 β’
3535 4382 3669 4443 διάτ.
3700 4385 3774 4436 τοῦ

421 4463 832 4560 Cod._positus
864 4465 1042 4560 est-in
1094 4483 1228 4545 cap.
1262 4465 1340 4560 32
1371 4466 1458 4560 tit_.
1495 4469 1520 4528 1
1585 4465 1693 4528 lib.
1723 4482 1744 4527 ι
1776 4467 1970 4560 Βοεὶιτ
1994 4469 2066 4531 Et

2160 4469 2207 4536 η’
2265 4471 2364 4529 τίτ,
2414 4477 2519 4527 τῶν
2564 4477 2805 4549 Νεαρῶν,
2856 4471 2968 4528 ἔστι
3014 4473 3175 4550 νεαρὰ
3224 4469 3646 4536 Ἰουστινιάνειος
3698 4463 3773 4543 μβ’

420 4573 551 4638 quae
581 4555 642 4616 in
675 4553 1037 4635 compendio
1081 4572 1115 4614 a
1177 4554 1514 4633 patriarcha
1546 4563 1683 4617 sunt
1733 4559 2061 4636 proposita,

420 4652 558 4710 sunt
607 4643 879 4725 ejusdem
933 4643 1026 4708 tit.
1060 4650 1117 4706 et
1153 4642 1286 4717 lib.,
1340 4661 1474 4723 cap.
1534 4645 1632 4721 32,
1679 4646 1776 4719 33,
1817 4649 1917 4726 34,
1961 4649 2060 4728 35,

421 4737 523 4814 36,
557 4735 659 4812 37,
696 4733 797 4810 38,
823 4733 926 4815 39,
957 4734 1058 4815 40,
1096 4735 1199 4814 4t,
1233 4734 1333 4815 4a,
1367 4735 1468 4796 43.

2148 4565 2303 4616 τοῦτο
2335 4557 2389 4615 δὲ
2421 4563 2481 4616 τὸ
2513 4582 2636 4638 κεφ,
2670 4564 2835 4628 αὐτῆς
2866 4561 2962 4617 οὒκ
3002 4561 3157 4628 ἐτέθη
3191 4563 3266 4626 εἷς
3294 4563 3361 4618 τὰ
3391 4560 3680 4620 Βασιλικᾶ.
3724 4555 3769 4612 ’0

2145 4648 2190 4706 θ’
2223 4650 2324 4710 τίτ,
2361 4657 2452 4707 τοῦ
2486 4648 2534 4706 α’
2568 4649 2773 4727 βιϐλίου
2805 4658 2895 4706 106
2925 4649 3154 4715 κώδικος
3185 4651 3341 4719 ἐτέθη
3402 4654 3478 4717 εἷς
3535 4673 3651 4730 κεφ.
3694 4645 3768 4720 λ¹β

2145 4741 2239 4796 τοῦ
2282 4739 2333 4794 α’
2365 4740 2444 4797 τίτ
2501 4737 2552 4796 α’
2584 4738 2792 4817 βιϐλίου
2822 4746 2927 4797 τῶν
2964 4739 3263 4796 Βασιλικῶν
3323 4743 3412 4798 καὶ
3443 4744 3545 4798 εἶσὶ
3577 4742 3637 4797 τα
3665 4761 3768 4796 συν·

2455 4785 2466 4798 .
3275 4788 3288 4814 ,
3478 4785 3490 4797 .

416 4827 702 4904 οψισθέντα
731 4827 874 4905 παρὰ
916 4833 1010 4883 τοῦ
1053 4827 1386 4906 πατριάρχου
1415 4833 1507 4884 106
1537 4828 1693 4884 αὒτου
1724 4830 1825 4892 τίτ,
1878 4833 1972 4887 καὶ
2006 4827 2211 4907 βιϐλίου
2241 4851 2365 4910 κεφ.
2400 4827 2508 4910 λβ’,
2543 4829 2656 4908 λγ³,
2693 4827 2797 4911 λδ’,
2832 4827 2938 4910 λε’,
2971 4829 3108 4908 λς’,
3146 4830 3253 4906 λζ’,
3288 4830 3381 4899 λη’
3411 4828 3520 4907 λθ’,
3559 4829 3640 4908 μ’,
3671 4825 3770 4911 μα’,

422 4918 540 4995 eli’.
574 4916 694 4997 μγό

498 5005 668 5070 CAP.
703 5003 806 5071 III.
842 5039 917 5052 —
949 5005 1040 5069 De
1071 5006 1250 5070 libris
1283 5007 1728 5076 hwreticorum.

502 5096 931 5177 Apostolorum
965 5115 1158 5160 canon
1187 5098 1250 5173 7,
1285 5097 1362 5159 60
1385 5118 1400 5178 ;
1425 5097 1663 5159 concilii
1694 5096 1847 5160 sexti
1879 5115 2069 5160 canon

424 5183 537 5257 68;
571 5186 816 5248 concilii
853 5187 1077 5248 Nicaeui
1109 5187 1356 5249 secundi
1390 5206 1582 5249 canon
1613 5191 1675 5250 9.

512 5276 753 5337 Textus.
784 5274 987 5339 Const.
1047 5277 1084 5338 3
1139 5277 1226 5338 tit.
1283 5279 1310 5341 1
1349 5277 1458 5340 lib.
1495 5295 1510 5339 ι
1546 5276 1692 5339 Cod.
1729 5277 1813 5341 ait
1865 5295 1878 5340 :
1916 5276 2067 5340 Por-

423 5361 639 5444 phyrii,
675 5370 818 5439 etc.,
853 5382 1042 5443 usque
1070 5366 1149 5428 ad
1174 5368 1626 5445 exterminatur,
1659 5375 1726 5430 υι
1744 5384 1896 5450 pag.
1921 5368 2062 5433 871.

497 5541 828 5632 Scholium.
863 5540 1067 5632 Const.
1101 5550 1137 5607 3
1172 5547 1260 5610 tit.
1296 5547 1324 5608 1
1365 5547 1469 5610 lib.
1504 5566 1519 5610 l
1553 5546 1698 5612 Cod.
1735 5557 1824 5611 est
1855 5567 1986 5632 cap.
2030 5549 2068 5611 3

420 5633 626 5703 titulil
663 5629 773 5696 lib.
811 5649 828 5695 ι
862 5630 1069 5712 Basil.,
1104 5651 1172 5698 ac
1203 5634 1380 5698 docet
1404 5655 1782 5720 quaecunque
1811 5638 1872 5702 in
1902 5629 2064 5703 textu

2237 5014 2486 5072 ΚΕΦΑΛ,
2523 5009 2610 5074 Γ¹,
2641 5043 2722 5056 —-
2754 5010 2879 5089 Περὶ
2907 5009 3128 5088 βιϐλίων
3162 5013 3464 5089 αἶρε-δικῶν,

2233 5097 2576 5158 Ἀποστόλων
2608 5102 2784 5158 κανὼν
2815 5099 2886 5175 ζ’,
2923 5100 2966 5166 ξ’
3008 5117 3023 5133 ⁸
3057 5100 3273 5158 συνόδου
3323 5101 3405 5175 ς’
3441 5101 3614 5159 κανὼν
3655 5095 3730 5164 ξη’
3753 5113 3768 5131 ⁸

2156 5188 2372 5246 συνόδου
2405 5192 2625 5254 Νικαίας
2657 5192 2718 5247 τὸ
2738 5187 2789 5267 β’
2819 5191 2994 5247 κανὼν
3025 5189 3097 5250 θ’.

2236 5280 2513 5355 Κείμενοθ.
2547 5277 2612 5337 Ἦ
2646 5278 2698 5360 γ’
2729 5277 2870 5342 διάτ,
2905 5283 2997 5336 106
3026 5278 3078 5336 α’
3105 5280 3209 5344 τίτ,
3244 5287 3335 5338 τοῦ
3369 5278 3420 5339 α’
3467 5278 3667 5358 βιϐλίου
3695 5281 3769 5332 τοῦ

2149 5368 2376 5434 κώδικός
2407 5393 2594 5450 φησιν,
2639 5392 2695 5432 κ.
2733 5392 2785 5430 τ.
2840 5368 2923 5446 λ.,
2971 5387 3161 5452 usque
3221 5370 3294 5434 ad
3352 5369 3635 5449 δημεύεται
3687 5367 3764 5424 καί

2150 5459 2460 5538 ἐξορίζεται.

2234 5549 2488 5630 Σχόλιον.
2524 5545 2586 5606 Ἠ
2617 5547 2670 5628 γ’
2701 5548 2841 5614 διάτ.
2877 5558 2968 5609 τοῦ
3000 5548 3048 5609 α’
3099 5553 3204 5612 τίτ,
3257 5551 3350 5610 106
3380 5551 3431 5608 α’
3464 5549 3662 5630 βιϐλίου
3689 5552 3764 5606 τοῦ

2148 5639 2398 5716 κώδικος,
2433 5640 2544 5698 ἔστι
2599 5661 2724 5722 κεφ.
2779 5641 2830 5722 γ’
2887 5645 2978 5700 106
3008 5640 3060 5700 α’
3091 5642 3195 5705 τίτ,
3228 5647 3320 5701 τοῦ
3353 5640 3404 5702 α’
3433 5640 3633 5722 βιϐλίου
3672 5637 3761 5695 τῶν
