4052 6222
243 292 401 363 1173

1215 299 1710 368 NOMOCANON.
1760 335 1831 347 —
1883 299 2043 365 TIT.
2106 300 2277 383 XIII,
2322 302 2493 368 CAP.
2543 299 2624 364 II.

3457 292 3610 365 1174

236 441 397 499 αὗταὸ
426 441 503 504 εἰς
532 454 765 519 γυναῖκα
794 441 881 501 διὰ
908 444 970 501 τὸ
1001 441 1361 522 ἱπιτραπῆναι
1391 446 1492 501 ὕπὸ
1547 444 1654 501 τῶν
1699 443 1862 518 νόμω1

1962 451 2196 506 sextum
2229 443 2480 524 gradum
2517 441 2824 520 prohiberi
2858 441 3163 519 duntaxat,
3197 458 3267 508 ac
3299 446 3604 533 [proinde]

234 533 358 597 τοὺς
419 532 629 609 γάμους
671 534 778 591 τῶν
831 532 885 600 ἐξ
940 534 1173 608 α’ἷματος
1230 539 1502 611 συγγενῶν
1555 533 1651 591 ἀπ’
1695 533 1874 614 ἀρχῆς

231 629 327 678 τοῦ
358 619 413 688 η’
445 624 670 698 βαθμοῦ.
703 623 919 702 ’Ἑτεροι
953 621 1008 679 δὲ
1037 623 1366 681 ἆντετίθεντο
1415 624 1506 680 τὸν
1565 623 1626 679 ἐκ
1670 645 1870 701 συγγε-

228 710 374 773 νείας
405 708 485 784 ς’
517 713 722 787 βαθμὸν
759 712 1059 778 κωλυθῆναι
1093 712 1278 786 μόνον,
1313 715 1401 768 καὶ
1443 712 1672 791 ὀφείλειν
1702 714 1794 768 τὸν
1824 710 1872 784 ζ’

228 799 377 856 εἶναι
422 800 718 873 ἀκώλυτον,
752 804 827 863 ὡς
878 799 1013 876 μηδέ
1054 800 1381 881 κωλυθέντα)
1416 800 1609 877 διέγνω
1638 804 1666 858 6
1695 802 1872 878 ῥηθεὶς

228 890 575 970 πατριάρχης
623 891 760 964 μετὰ
811 895 909 957 τῆς
954 897 1247 957 τηνικαῦτα
1308 890 1713 967 παρευρεθείσγ,ς
1744 913 1874 945 συν-

229 978 357 1038 ὁδου
387 989 553 1038 ταῦτα
603 982 802 1059 ῥητῶς,
849 980 1005 1039 Ἐπεὶ
1052 982 1141 1038 οὖν
1175 983 1202 1035 6
1252 981 1352 1055 μὲν
1385 979 1657 1042 Βασίλειος
1688 981 1734 1052 ζ’
1767 982 1871 1055 βα-

229 1075 368 1143 θμοὸ
525 1071 806 1147 θεοκτίστῃ
850 1070 1200 1142 καθέστηκεν,
1252 1072 1280 1125 6
1338 1068 1393 1126 δὲ
1444 1071 1605 1143 νόμος
1662 1069 1873 1148 ἱπιτρὲο

229 1182 324 1216 πει
380 1177 498 1226 to";
554 1158 612 1225 η’
661 1163 869 1236 βαθμοῦ
916 1162 1045 1237 πρὸς
1079 1157 1346 1229 ἀλλήλους
1380 1161 1495 1216 οὖσι
1526 1162 1617 1216 τὸν
1647 1161 1821 1237 γάμον
1853 1176 1870 1193 ·

232 1251 553 1327 ἀπαγορεύει
584 1249 638 1306 δὲ
669 1264 787 1313 τοῖς
832 1251 913 1324 ς’
945 1264 1061 1316 τοῖς
1091 1271 1153 1327 γε
1197 1251 1297 1324 μὲν
1325 1247 1372 1321 ζ’
1401 1248 1635 1325 οὖδαμοῦ
1663 1251 1873 1307 ὠκονό-

233 1363 406 1412 μηται
450 1344 541 1397 τὸν
575 1342 814 1397 τοιοῦτον
843 1339 1015 1416 γέμον
1070 1341 1171 1416 πρὸ
1215 1340 1316 1412 μὲν
1347 1347 1440 1396 τοῦ
1477 1338 1760 1414 προὸἦναι,
1797 1341 1873 1411 μὴ

232 1431 632 1509 ἐπιτρέπεσθαι,
694 1430 829 1503 μετὰ
872 1428 926 1485 δὲ
983 1431 1046 1485 τὸ
1091 1428 1354 1506 προϐῆναι
1417 1433 1494 1504 μὴ
1551 1427 1872 1485 διασπᾶσθαι

1958 535 2278 613 septimum
2299 535 2546 613 gradum
2573 534 3007 615 impedimento
3030 552 3242 598 vacare
3259 536 3606 609 debere,ut-

1960 633 2096 709 pote
2127 626 2227 705 qui
2261 622 2595 703 prohibitus
2620 643 2738 685 non
2762 624 2864 704 sit)
2899 624 3102 686 statuit
3124 624 3321 687 dictus
3343 629 3603 692 sanctis-

1954 712 2145 775 simus
2168 714 2501 796 patriarcha
2540 731 2674 774 cum
2708 713 2937 792 synodo
2979 726 3122 776 tunc
3146 723 3349 777 coacta
3373 717 3498 781 haec
3520 719 3592 781 ad

1955 804 2225 865 verbum:
2243 802 2736 884 Quandoquidem
2755 802 2932 882 igitur
2948 803 3602 870 BasiliusTheoctisten

1955 894 2211 973 septimo
2234 896 2416 974 gradu
2441 892 2820 972 contingit,et
2839 892 2929 954 lex
2958 903 3163 956 octavo
3195 895 3381 973 gradu
3403 915 3469 959 se
3500 899 3601 961 in-

1959 983 2149 1044 vicem
2183 982 2671 1061 contingentibus
2697 982 3141 1045 matrimonium
3186 986 3496 1064 permittit,
3532 1006 3603 1050 ac

1959 1091 2095 1134 vero
2112 1086 2276 1135 sexto
2292 1072 2777 1153 contingentibus
2799 1071 3385 1154 intercidit,septimc
3398 1084 3597 1138 autem

1959 1163 2703 1244 nequaquam,ordinatum
2729 1169 2818 1224 est
2840 1169 2901 1223 ut
2922 1162 3257 1225 istiusmodi
3284 1166 3596 1228 matrimo-

1960 1252 2148 1333 nium,
2176 1253 2520 1331 priusquam
2556 1252 2988 1333 procedat,non
3017 1258 3413 1333 permittatur:
3441 1262 3600 1335 post-

1959 1362 2134 1422 quam
2168 1354 2363 1402 autem
2393 1342 2776 1421 processerit,
2815 1361 2931 1402 nun
2964 1340 3282 1402 divellatur
3313 1360 3328 1405 :
3363 1343 3468 1404 sed
3493 1342 3597 1424 qui

1958 1432 2038 1493 ita
2061 1432 2369 1512 conjuncti
2396 1431 2641 1501 fuerint,
2668 1430 3299 1512 paenissubjiciantur.
3325 1431 3597 1494 Obtinuit

230 1522 359 1593 μὲν,
403 1520 690 1592 ἐπιτιμίοιξ
724 1517 777 1574 δὲ
806 1517 1325 1582 καθυποὸάλλεσθαι,
1384 1519 1631 1597 Ἐκρατει
1677 1519 1766 1574 οὖν
1808 1520 1862 1575 τὸ

1952 1522 2151 1601 itaque
2172 1521 2525 1603 synodicum
2546 1520 2659 1583 hoc
2681 1522 2988 1583 oraculum
3016 1539 3205 1602 usque
3227 1520 3299 1582 ad
3323 1530 3595 1601 tempora

225 1621 470 1670 τοιοῦτον
533 1607 805 1665 συνοδικὸν
849 1608 1117 1683 θέσπισμα
1196 1610 1360 1689 μέχρι
1421 1617 1517 1675 τῆς
1574 1608 1862 1687 ἐφημερίας

1948 1612 2314 1674 sanctissimi
2368 1610 2535 1670 illius
2566 1610 2917 1689 patriarcha;
2944 1609 3146 1670 domni
3200 1611 3391 1672 Luem.
3424 1610 3592 1672 Tunc

223 1708 317 1757 τοῦ
387 1700 687 1774 ἀγιωτάτου
758 1697 959 1754 ἐκείνου
1028 1700 1366 1778 πατριάρχου
1425 1700 1602 1775 κυρίου
1661 1705 1862 1760 Λουκᾶ,

1946 1711 2167 1773 autem,
2199 1703 2321 1761 sive
2349 1718 2553 1761 mense
2584 1698 2802 1778 Aprili,
2836 1698 3165 1762 indictione
3191 1700 3291 1779 14,
3316 1717 3470 1760 anno
3497 1698 3589 1780 [ab

218 1790 531 1856 Τηνικαῦια
562 1786 617 1844 δὲ
649 1787 769 1856 ἤτοι
830 1789 967 1844 κατὰ
1010 1790 1101 1844 τὸν
1135 1785 1445 1865 Ἀπρίλλιον
1475 1788 1620 1863 μῆνα
1651 1794 1752 1855 τῆς
1798 1787 1862 1845 ιδ’

1951 1791 2098 1852 orbe
2129 1789 2390 1869 condito]
2436 1789 2619 1861 6676,
2652 1786 2754 1849 ubi
2788 1787 3088 1869 quondam
3145 1788 3591 1849 sarratissimus

214 1877 536 1941 ἶνδικτιὸνος
590 1886 683 1935 τοῦ
743 1875 961 1958 clo:
1020 1876 1168 1940 ἔτους
1254 1877 1638 1956 ἀνενεγκόντος
1701 1900 1862 1935 συνο-

1950 1880 2442 1959 metropolitanus
2461 1883 2530 1942 At
2545 1877 2926 1941 heniensiset
2950 1876 3312 1939 venerabilis
3332 1877 3591 1940 domnus

217 1969 382 2031 δικῶς
448 1978 543 2027 τοῦ
632 1968 1005 2047 ἀποιχομένου
1085 1969 1377 2044 ἱερωτάτου
1467 1968 1866 2044 μητροπολίτου

218 2058 486 2133 Ἀθηνῶν,
549 2060 634 2115 καὶ
692 2058 986 2135 ὕπερτίμου
1033 2059 1208 2134 κυρίου
1244 2057 1508 2117 Νικολάου
1536 2070 1631 2118 τοῦ
1672 2060 1864 2137 Ἀγιο-

217 2150 556 2226 θεοδωρήτου
612 2148 856 2227 μεγάλην
917 2150 1152 2208 ιντεῦθεν
1204 2149 1448 2229 ψυχικὴν
1477 2148 1682 2224 βλάϐην
1715 2152 1866 2227 γίνε-

219 2246 338 2298 σθαι
372 2243 444 2304 εἰς
477 2240 624 2303 τινας
683 2242 789 2295 τῶν
834 2240 936 2295 ὑπὸ
992 2240 1092 2304 τὴν
1141 2237 1347 2313 ξνορίαν
1396 2242 1558 2296 αὺτοῦ
1588 2240 1862 2317 κρυφογά-

222 2353 353 2403 μους
430 2330 477 2402 ζ’
531 2331 739 2406 βαθμοῦ
796 2329 1169 2394 πεποιηκότας
1229 2327 1317 2384 διὰ
1373 2330 1465 2384 τὸν
1537 2326 1700 2407 φόϐον
1757 2336 1866 2385 τῶν

219 2423 524 2495 ἐπιτιμίων,
560 2419 849 2498 διάγνωσις
894 2441 1081 2496 γεγονε
1132 2416 1384 2485 συνοδικὴ
1428 2425 1594 2475 ταῦτα
1625 2417 1863 2493 διαὶαμ-

221 2510 474 2569 ϐάνουσα.
541 2511 637 2565 Διᾶ
681 2516 803 2585 γοῦν
849 2508 1017 2565 ταῦτα
1068 2510 1104 2576 ἦ
1164 2504 1453 2585 μετριότης
1512 2506 1667 2581 ἡμῶν
1726 2508 1862 2579 μετὰ

218 2601 317 2668 τῆς
344 2602 487 2676 ἱερᾶς
532 2597 894 2670 ἆδελφότητος
925 2599 1023 2664 τὴν
1055 2610 1341 2674 γεγονυῖαν
1393 2598 1535 2675 παρὰ
1566 2603 1657 2653 τοῦ
1684 2598 1859 2672 ἁγιω-

218 2691 380 2746 τάτου
412 2690 615 2745 ἐκείνου
665 2686 1006 2767 πατριάρχου
1048 2686 1224 2761 κυρίου
1280 2683 1519 2751 Ἀλεξίου
1579 2684 1859 2751 συνοδικήν

218 2779 526 2851 οἰκονομίαν
557 2777 645 2833 ἐπὶ
679 2780 753 2848 τῷ
809 2776 984 2852 ῥητῶς
1046 2775 1147 2831 ὑπὸ
1206 2782 1298 2832 τοῦ
1355 2773 1634 2833 πολιτικοῦ
1693 2775 1860 2848 νόμου

218 2870 297 2942 μὴ
340 2865 627 2925 κιυλυθέντι
686 2864 773 2922 ἐπὶ
818 2871 923 2920 τῶν
982 2864 1033 2930 ἐξ
1066 2863 1299 2938 αἳματος
1327 2864 1373 2935 ζ’
1404 2864 1611 2940 βαθμοῦ
1640 2864 1857 2943 γάμων,

215 2959 355 3029 μήτε
412 2959 653 3027 καθαρῶς
714 2952 1057 3030 ἑπιτραπέντι
1115 2954 1466 3030 κρατύνοδσα,
1529 2953 1628 3009 καί
1672 2956 1858 3030 στηρί-

217 3055 402 3123 ζουσα,
459 3045 547 3100 καὶ
590 3045 714 3101 οἷον
795 3042 1253 3123 ἒςρειῖινμηνεύιιυσα⁷
1320 3043 1406 3098 καὶ
1469 3044 1854 3121 σαφηνίζουσα,

1949 1970 2251 2034 Nicotlaus
2274 1967 2861 2048 Hagiotheodoritus,
2896 1978 3167 2048 magnam
3190 1967 3332 2030 inde
3353 1970 3587 2030 anima-

1947 2079 2080 2122 rum
2106 2061 2401 2140 jacturam
2436 2057 2761 2137 aliquibus,
2796 2057 2897 2138 qui
2938 2056 2998 2117 in
3027 2056 3455 2136 jurisdictione
3482 2074 3590 2120 sua

1951 2166 2258 2231 poenarum
2286 2159 2444 2208 metu
2478 2147 2628 2208 clam
2658 2151 2717 2207 in
2755 2145 3011 2225 septimo
3047 2147 3237 2227 gradu
3271 2144 3587 2207 matrimo-

1950 2241 2115 2300 nium
2149 2237 2609 2309 contraxissent,
2645 2235 2935 2297 obvenire
2968 2235 3026 2295 in
3059 2234 3314 2297 concilio
3338 2234 3585 2297 retulis-

1948 2337 2086 2389 sent
2111 2349 2127 2409 ;
2152 2327 2369 2388 factum
2397 2336 2486 2386 est
2530 2324 2878 2407 synodicum
2929 2332 3236 2397 statutum,
3267 2323 3424 2405 quod
3459 2324 3586 2387 hac

1946 2417 2383 2497 complectitur.
2398 2417 2655 2496 Propter
2672 2416 2796 2477 haec
2818 2414 2996 2493 igitur
3011 2413 3368 2496 [moderatio
3383 2423 3587 2478 nostra

1945 2526 2083 2570 cum
2110 2508 2479 2584 sanctorum]
2501 2505 2749 2565 fratrum
2774 2513 2959 2583 cmtu,
2979 2503 3191 2564 factam
3209 2522 3243 2566 a
3263 2503 3579 2567 sanctissi-

1946 2616 2043 2658 mo
2073 2596 2176 2657 illo
2205 2594 2566 2674 patriarcha
2619 2594 2842 2655 domno
2872 2593 3080 2655 Alexio
3110 2593 3187 2653 de
3218 2594 3584 2667 consangui-

1945 2703 2198 2748 neorum
2228 2687 2284 2745 in
2310 2684 2565 2763 septimo
2584 2682 2767 2761 gradu
2797 2681 3239 2754 matrimonio,a
3264 2680 3423 2744 civili
3452 2681 3586 2761 lege

1943 2792 2138 2854 neque
2151 2794 2217 2835 ex
2228 2791 2433 2852 presm
2450 2771 2981 2852 prohibito,neque
2994 2769 3308 2833 evidenter
3320 2770 3582 2851 permis-

1942 2863 2383 2944 so,synodicam
2397 2860 2836 2922 ordinationem
2861 2858 3262 2925 corroborans
3286 2869 3345 2923 et
3366 2860 3583 2923 confir-

1945 2971 2135 3026 mans,
2173 2971 2241 3014 ac
2276 2952 2451 3013 veluti
2497 2950 2907 3029 interpretans
2934 2957 2993 3010 et
3024 2948 3371 3028 explanans,
3405 2949 3584 3012 simul

1942 3063 2080 3105 vero
2114 3041 2268 3123 quod
2325 3040 2525 3100 multis
2574 3040 2814 3100 noxium
2864 3046 2955 3101 est
2984 3045 3043 3098 et
3072 3055 3582 3119 supervacaneum

220 3137 334 3208 ἅμα
389 3132 443 3189 δὲ
500 3136 588 3189 καὶ
651 3138 711 3190 τὸ
754 3136 861 3189 τῶν
917 3131 1137 3189 πολλῶν
1193 3131 1492 3210 κακοὺργὸν
1544 3153 1600 3186 τε
1635 3134 1721 3187 καὶ
1751 3154 1853 3188 πε-

1946 3150 2243 3203 resecans,
2267 3132 2557 3210 quasique
2586 3128 2659 3189 ab
2691 3128 2822 3209 ipsa
2851 3127 3055 3189 radice
3070 3128 3392 3192 revellens:
3416 3136 3478 3191 ut
3508 3147 3585 3193 ne

222 3226 428 3303 ρίεργον
458 3224 875 3299 περικόπτουσα,
913 3224 994 3278 καὶ
1027 3222 1150 3279 οἷον
1205 3220 1255 3287 ἐξ
1312 3222 1457 3299 ῥίζης
1520 3225 1685 3288 αὖτῆς
1724 3221 1856 3277 ἂνα-

1946 3222 2200 3299 amplius
2224 3219 2529 3298 illegitima
2552 3217 2962 3298 suppullulent
2981 3219 3481 3299 germina,neque
3496 3218 3584 3281 vi-

226 3317 442 3382 σπῶσα,
477 3313 570 3369 ἵνα
601 3317 678 3385 μὴ
710 3315 796 3369 καὶ
828 3312 908 3369 ’ἐτι
970 3311 1305 3389 παρανομίας
1366 3309 1675 3383 ὲξανατείλῃ
1720 3309 1860 3385 βλα-

224 3406 496 3483 στήματα,
531 3406 617 3459 καὶ
658 3403 816 3459 τὲκνα
862 3409 1100 3477 μωμητὰ
1130 3400 1426 3475 πληθλνθῇ,
1461 3402 1549 3455 καὶ
1600 3400 1699 3454 υἱοὶ
1756 3401 1864 3454 τῶν

220 3494 374 3551 θείων
418 3493 598 3566 νόμων
656 3491 952 3560 αὖξηθῶσιν
1008 3489 1287 3567 ἀλλότριον
1341 3494 1435 3545 τὸν
1492 3488 1554 3545 ἐκ
1609 3495 1703 3546 τοῦ
1752 3509 1861 3543 τοι-

222 3584 377 3639 ούτου
424 3583 630 3657 βαθμοῦ
672 3581 848 3656 γάμον
902 3582 962 3636 οὗ
1020 3581 1183 3653 μόνον
1242 3580 1589 3654 ἐρωτώμενον
1632 3573 1858 3654 προϐαί-

220 3694 327 3728 νειν
356 3670 575 3744 κωλύει,
607 3669 747 3726 ἀλλᾶ
803 3672 891 3725 καὶ
956 3670 1088 3746 πρὸς
1135 3669 1449 3746 ἐρωτήσεως
1499 3664 1860 3744 γεγενημένον

220 3760 539 3818 διασπᾶσθαι
599 3758 960 3816 διακελεύεται
1018 3756 1258 3833 παντελῇ
1317 3763 1410 3813 τοῦ
1457 3756 1701 3814 τοιούτου
1750 3758 1853 3834 γά-

220 3873 322 3925 μου
374 3851 563 3927 ἀργίαν
619 3849 1103 3928 καταψηφιζομένη
1159 3848 1265 3904 ἀπὸ
1309 3847 1405 3913 τῆς
1469 3848 1705 3924 σήμερον
1752 3848 1855 3902 τῶν

219 3941 530 4019 φθασάντων
585 3938 827 4016 γενέσθαι
873 3937 1129 3994 τοιούτων
1172 3936 1362 4014 γάμων
1433 3934 1583 4011 μένει
1645 3935 1857 3991 πάντων

218 4028 538 4109 ὀφειλόντων
582 4025 983 4089 ἀδιασπάστων,
1018 4028 1089 4083 Τὸ
1143 4032 1268 4099 γοῦν
1329 4024 1436 4081 ἀπὸ
1468 4022 1614 4081 τοῦδε
1646 4026 1693 4080 οἷ
1738 4047 1854 4081 τοι-

221 4126 373 4177 οῦτον
430 4118 604 4195 γάμον
665 4117 925 4182 συστῆσαι
983 4113 1372 4192 τολμήσαντες,
1440 4114 1499 4170 οὖ
1558 4115 1722 4189 μόνον
1770 4116 1860 4171 τοῦ

222 4211 415 4266 οἰκείου
461 4214 665 4264 σκοποῦ
712 4204 956 4279 οὐδαμῶς
1003 4203 1390 4283 ἀπολαύσουσι,
1424 4202 1562 4259 ἄλλα
1591 4206 1677 4260 καὶ
1723 4203 1859 4280 μετὰ

221 4304 317 4366 τῆς
376 4305 470 4354 τοῦ
536 4296 777 4354 τοιούτου
834 4294 1277 4370 συναλλάγματος
1338 4292 1698 4367 διασπασεως,
1770 4295 1859 4351 καὶ

222 4388 501 4463 ἀφορισμῷ
532 4382 1131 4456 καθυποὸληθτξσονται,
1165 4384 1239 4446 ὡς
1272 4385 1363 4439 τοῦ
1420 4383 1683 4460 παρόντος
1728 4406 1858 4440 συν-

221 4476 399 4533 οδικοῦ
475 4477 699 4552 ὁρισμοῦ
780 4474 1201 4551 καταφρονηταὶ,
1284 4472 1374 4529 καὶ
1444 4472 1517 4537 ὡς
1574 4474 1858 4551 συγγενικὰ

224 4563 544 4642 συγχέοντες
601 4561 831 4635 αἵματα,
891 4560 1008 4617 θ’ἷτε
1062 4573 1180 4619 tot:
1240 4560 1379 4617 οὕτω
1438 4560 1857 4618 συναλλαττουσι

224 4652 617 4717 συναινέσοντες
674 4653 961 4727 αὖστηρίας
1052 4657 1344 4716 κανονικῆς
1416 4653 1854 4729 πειραθήσονται,

222 4748 304 4801 καὶ
342 4746 391 4800 οἱ
434 4742 777 4820 ἱερολογῆσαι
839 4740 1205 4815 τολμάσοντες
1257 4742 1560 4821 καθαιρέσει
1617 4741 1860 4810 ὑποϐλη-

221 4835 493 4901 θῆσονται,
546 4832 737 4909 Γέγονε
795 4829 851 4886 δὲ
909 4830 994 4887 ἐπὶ
1040 4832 1250 4892 τούτοις
1293 4833 1382 4888 καὶ
1411 4831 1730 4909 πρόσταγμα
1767 4839 1859 4890 τοῦ

223 4932 468 5000 κρρταιοῦ
525 4922 618 4977 καί
664 4922 815 4999 ἁγίου
870 4922 1025 4994 ἡμῶν
1081 4919 1344 4997 βασιλέως
1403 4920 1665 4977 ἆπολυθὲν
1724 4923 1858 4979 κατὰ

226 5015 307 5069 τὸν
343 5019 519 5067 Μαϊον
578 5009 721 5081 μῆνα
766 5016 862 5078 τῆς
908 5014 1075 5075 αὐτῆς
1130 5008 1440 5072 ίνδικτιόνος
1497 5010 1858 5087 διοριζόμενον

224 5100 274 5157 ὲν
303 5099 452 5178 μέρει
496 5107 685 5170 ταῦτα,
730 5122 1001 5176 τοιγαρτοι
1060 5101 1147 5155 καὶ
1194 5101 1228 5168 ἡ
1275 5101 1519 5175 βασιλεία
1564 5103 1717 5169 ἡμῶν
1758 5102 1859 5168 τὴν

223 5189 499 5257 συνοδικὴν
555 5190 755 5256 ταύτην
827 5190 913 5246 ἐπὶ
968 5193 1046 5262 τῷ
1089 5189 1371 5260 ζητηθέντι
1433 5189 1716 5267 ἀπόκρισιν
1774 5187 1856 5255 ἥτ’

223 5278 411 5347 ἀληθὲς
470 5281 644 5335 εἰπεῖν
698 5280 1030 5354 ὃροθέτησιι,
1089 5280 1161 5342 ὣς
1219 5278 1498 5352 ἑπομένως
1551 5292 1670 5344 τοῖς
1697 5280 1860 5343 θείοις

222 5370 427 5440 κανὸσι,
473 5369 558 5427 καὶ
605 5381 723 5431 τοῖς
783 5367 1090 5431 πολιτικοῖς
1151 5368 1462 5426 ἐκτεθεϊσαν
1521 5369 1705 5444 νόμοις
1766 5369 1863 5425 ἐπ-

222 5459 386 5536 ἐκρινε
431 5459 520 5516 καὶ
564 5471 785 5535 κρατεῖν
844 5460 918 5522 εἷς
982 5460 1043 5515 τὸ
1089 5459 1238 5530 ἑξῆς,
1303 5460 1392 5515 καὶ
1442 5458 1858 5535 ἁμετατρέπτως

222 5549 369 5628 ἔχειν
427 5551 500 5612 εἷς
546 5550 607 5605 τὸ
665 5546 906 5615 διηνεκὲς
952 5546 1258 5627 διορίζεται,
1315 5555 1414 5616 τῆς
1476 5552 1638 5616 αὐτῆς
1667 5571 1860 5606 κοινω-

225 5639 381 5698 νοῦσα
410 5638 635 5717 γνώμης
676 5636 763 5698 επὶ
808 5644 877 5718 τῇ
928 5638 1075 5696 λύσει
1133 5647 1228 5699 τοῦ
1269 5638 1628 5720 προκειμένου
1681 5641 1859 5712 ζητή-

1949 3308 2314 3389 tuperabiles
2340 3307 2812 3386 multiplicentur
2841 3306 3244 3388 liberi,neque
3266 3307 3522 3371 ﬁliorum
3549 3326 3585 3372 ι

1945 3397 2165 3460 divinis
2193 3397 2423 3475 legibus
2452 3395 2784 3458 alienorum
2813 3394 3159 3471 inaugescat
3194 3397 3533 3480 [numerus]
3569 3416 3583 3458 :

1948 3487 2118 3549 istius
2148 3486 2367 3565 gradus
2404 3484 2848 3545 matrimonium
2901 3503 3021 3545 non
3073 3485 3252 3548 modo
3282 3503 3419 3548 cum
3458 3487 3589 3565 ejus

1946 3572 2398 3657 [contrahendi]
2431 3572 2678 3634 facultas
2708 3572 2948 3651 petitur,
2984 3572 3261 3652 prohibet
3293 3591 3306 3636 :
3342 3590 3584 3636 verum-

1944 3666 2121 3729 etiam
2137 3676 2277 3727 ante
2294 3662 2641 3745 petitionem
2659 3669 3034 3724 contractum
3049 3661 3507 3744 distrahijubet:
3523 3671 3590 3728 ut

1941 3754 2014 3818 ab
2036 3753 2329 3817 hodierno
2352 3751 2454 3815 die
2475 3751 2819 3832 huiusmodi
2863 3751 3311 3814 matrimonium
3341 3769 3589 3832 prorsus

1940 3851 2445 3923 cesset,censens:
2475 3851 2671 3904 tamen
2693 3850 2756 3902 ut
2773 3842 2894 3921 jam
2919 3849 3227 3905 contracta
3249 3842 3588 3905 istiusmodi

1942 3933 2317 3995 matrimonia
2351 3930 2544 3993 modis
2581 3929 2859 3993 omnibus
2879 3930 3173 3994 indivulsa
3200 3948 3446 3994 manere
3472 3931 3586 3994 de-

1943 4024 2140 4087 beant.
2166 4022 2273 4095 Qui
2300 4021 2497 4103 itaque
2520 4019 2870 4101 hujusmodi
2900 4020 3349 4083 matrimonium
3368 4020 3443 4084 de
3460 4038 3580 4085 caa-

1944 4123 2069 4176 tero
2118 4110 2474 4174 contrahere
2529 4110 2864 4183 audebunt,
2900 4127 3019 4171 non
3051 4109 3242 4172 solum
3278 4110 3582 4191 proposito

1942 4202 2059 4265 sibi
2089 4203 2247 4283 [ﬁne]
2270 4204 2521 4263 omnino
2563 4219 2680 4262 non
2715 4202 3021 4276 fruentur;
3064 4217 3270 4262 verum
3296 4207 3428 4281 post
3453 4202 3585 4283 ejus

1942 4301 2285 4355 contractus
2317 4290 2799 4365 distractionem,
2822 4298 3102 4372 tanquam
3137 4291 3454 4372 praesentis
3483 4309 3582 4372 sy-

1946 4381 2387 4445 nodalisstatuti
2401 4382 3100 4463 contemptores,quique
3113 4387 3428 4459 cognatum
3450 4398 3586 4443 san-

1942 4472 2183 4551 guinem
2204 4469 3221 4539 confundunt,excommunicationi
3241 4471 3418 4534 etiam
3442 4470 3585 4533 sub-

1935 4558 2363 4642 jirientur.Qui
2390 4577 2528 4621 vero
2552 4561 2633 4623 ita
2650 4559 3154 4642 [matrimonium]
3178 4558 3585 4622 contrahenti-

1944 4651 2058 4712 bus
2069 4668 2375 4712 assensum
2398 4648 3139 4730 praebuerint,austeritate
3154 4649 3442 4711 canonica
3457 4658 3582 4709 ten-

1943 4741 2242 4802 tabuntur.
2257 4741 2324 4801 Et
2338 4740 2439 4821 qui
2458 4738 2595 4817 [tale
2610 4738 3080 4817 matrimonium]
3098 4753 3457 4800 consecrare
3469 4754 3585 4798 au-

1942 4830 1992 4892 si
2026 4828 2598 4908 fuerint,dejectioni
2630 4828 2736 4909 [de
2758 4826 3120 4905 sacerdotio]
3159 4825 3586 4907 subjicientur.

1945 4920 2118 4983 Edita
2143 4928 2232 4981 est
2256 4925 2430 4981 etiam
2461 4925 2755 4999 praeterea
2779 4934 2987 4978 mense
3015 4916 3169 4980 Maio
3192 4915 3465 4996 ejusdem
3490 4916 3588 4979 in-

1941 5008 2226 5071 dictionis
2259 5008 2516 5089 potentis
2545 5014 2725 5088 atque
2757 5007 2950 5067 sancti
2980 5004 3173 5068 nostri
3202 5005 3587 5086 imperaturis

1936 5098 2152 5178 jussio,
2190 5118 2324 5179 qua;
2356 5097 2572 5176 partim
2634 5098 2760 5158 huic
2791 5094 2993 5156 statuit
3023 5116 3038 5155 :
3074 5094 3367 5168 Quocirca
3400 5095 3583 5158 etiam

1942 5187 2328 5267 imperatoria
2355 5194 2557 5248 nostra
2580 5182 3164 5265 majestas,eamdem
3190 5183 3266 5245 de
3289 5183 3586 5248 solutione

1944 5277 2264 5360 propositae
2280 5274 2632 5358 quaestionis
2661 5272 3020 5337 sententiam
3045 5292 3179 5336 cum
3203 5273 3585 5336 sanctissimo

1943 5366 2186 5429 domino
2211 5385 2345 5428 meo
2365 5364 2743 5428 mcumenico
2770 5364 3107 5445 patriarcha
3125 5372 3185 5426 et
3206 5371 3412 5426 sancta
3427 5362 3587 5426 divi-

1944 5474 2139 5537 naque
2160 5455 2384 5538 synodo
2408 5455 2737 5532 sustinens,
2771 5452 3055 5535 synodale
3076 5454 3192 5518 hoc
3213 5453 3286 5516 ad
3312 5452 3584 5516 eamdem

1944 5547 2336 5625 quaestionem
2358 5551 2845 5626 responsum,aut
2869 5551 2933 5605 ut
2955 5542 3112 5625 quod
3137 5561 3237 5606 res
3257 5551 3346 5605 est
3364 5543 3583 5614 dicam,

1944 5644 2256 5714 statutum,
2277 5636 2361 5699 uti
2382 5634 2539 5719 quod
2564 5633 2899 5699 secundum
2923 5631 3160 5700 divinos
3200 5650 3463 5697 canones
3493 5630 3586 5696 ci-
