4052 6222
287 365 438 432 1177

1247 365 1744 434 NOMOCANON.
1815 399 1890 412 -
1941 365 2098 430 TIT.
2147 367 2317 450 XIII,
2360 368 2526 434 CAP.
2574 362 2653 434 ΙῙ.

3498 363 3653 434 1178

278 511 452 569 πάντα
496 512 561 568 τὰ
604 509 925 590 ἀγχιστείας
979 508 1135 567 ἕκτου
1206 511 1413 587 βαθμοῦ
1472 498 1678 592 γαμικὰ
1722 508 1913 572 συναλ-

2008 508 2315 573 decisione
2346 511 2753 577 introductum
2790 515 3206 600 [matrimonii]
3246 524 3642 592 contractum,

278 603 532 682 λαγματα
577 603 678 659 δπὸ
740 601 943 660 τούτων
1016 599 1325 658 ἀλίσκεσθαι
1361 619 1375 634 ⁶
1439 606 1763 683 πρόσταγμα
1821 603 1923 680 γὰρ

278 694 395 751 ἔστι
425 694 518 751 τοῦ
545 690 792 768 ἀοιδίμου
832 689 1097 769 βασιλέως
1148 691 1328 768 κυρίου
1370 690 1609 759 Ἀλεξίου
1657 700 1751 751 τοῦ
1810 703 1922 752 K0-

280 794 492 861 μνηνοῦ
533 781 809 863 ἑξενειθὲν
838 782 925 839 ἐπὶ
970 782 1269 852 ξιπομνήσει
1325 790 1421 841 τοῦ
1476 781 1732 863 προέδρου
1774 783 1920 840 ὲκεί-

283 896 374 933 νοο
417 871 594 952 Βάδρα
650 874 738 929 καὶ
789 871 1139 951 ἑταιριᾶρχου
1193 876 1288 928 τοῦ
1344 869 1505 949 ξηροῦ
1579 874 1718 930 κατά
1774 877 1921 947 μῆνα

284 964 520 1043 Μάρτιον
575 960 890 1028 ίνδικτιόνος
950 961 1040 1020 ιε’.
1095 962 1487 1040 Καταπεμφθὲν
1540 964 1615 1025 είς
1674 963 1767 1020 τὸν
1796 962 1920 1020 τότε

282 1055 587 1134 ἁγιώτατον
642 1053 987 1133 πατριάρχην
1036 1052 1217 1129 κύριον
1264 1050 1533 1111 Νικόλαον
1576 1054 1664 1111 καὶ
1694 1053 1794 1121 τὴν
1836 1055 1920 1110 ἱε-

283 1146 376 1223 ρᾶν
426 1145 517 1202 καὶ
561 1143 706 1201 θείαν
751 1140 969 1199 συνόδον
1026 1139 1387 1219 διοριζόμενον
1439 1142 1730 1209 ἀκωλύτως
1790 1165 1922 1201 συν-

282 1236 542 1294 άπτεσθαι
597 1236 746 1290 θετον
803 1232 902 1290 καί
952 1232 1197 1308 ἀνεψιὸν,
1255 1234 1380 1289 θεῖα
1434 1234 1523 1289 καὶ
1584 1233 1782 1309 ἀνεψιὰ
1821 1234 1923 1292 κᾶν

281 1326 439 1383 ἰκτου
479 1327 686 1403 βαθμοῦ
717 1323 1033 1402 συγγένειαν
1082 1321 1135 1388 ἐξ
1186 1321 1502 1403 ἀγχιστείας
1564 1322 1760 1404 ἔχωσι.
1823 1325 1923 1383 Καὶ

282 1416 548 1493 ἀνάγνωθι
603 1415 665 1472 τὸ
720 1419 961 1471 τοιοῦτον
1030 1412 1352 1492 πρόσταγμα
1414 1416 1791 1493 καταστρωθὲν
1846 1417 1921 1478 είς

282 1506 570 1580 σημείωμα
639 1502 913 1561 συνοδικὸν
996 1504 1376 1583 εῦρισκόμενον
1430 1505 1504 1570 είς
1559 1505 1628 1562 τὰ
1697 1503 1922 1563 κωδίκια

283 1604 378 1656 τοῦ
406 1594 786 1676 διαληφθέντος
843 1595 1183 1674 πατριάρχου
1235 1594 1417 1672 κυρίου
1474 1595 1762 1656 Νικολάου.
1794 1595 1919 1655 νοτι

285 1684 341 1744 δὶ
384 1686 544 1765 λόγος
595 1683 784 1764 γέγονέ
843 1706 974 1743 ποτε
1031 1682 1178 1755 παρᾶ
1231 1690 1309 1759 τῷ
1363 1684 1638 1757 Βασιλικῷ
1706 1687 1917 1763 βήματι

284 1778 405 1855 περὶ
454 1783 546 1834 τοῦ
598 1778 643 1833 εἰ
683 1773 896 1833 δύναται
956 1777 987 1833 ὁ
1041 1775 1202 1837 αὒτδς
1258 1776 1346 1831 καὶ
1401 1775 1490 1841 εἷς
1532 1773 1623 1835 δύο
1673 1774 1920 1854 δευτέρας

280 1866 570 1946 έξαδέλφας
628 1865 923 1942 λαμϐάνειν
976 1865 1116 1924 κατᾶ
1172 1863 1336 1943 λόγον
1379 1867 1582 1943 γάμου,
1643 1868 1713 1930 ὡς
1763 1865 1920 1935 δῆθεν

2005 600 2055 662 si
2068 601 2192 682 jam
2217 617 2671 667 consummatus
2687 606 3450 688 sit,etiamsiejusfaciendi
3465 607 3648 671 facul-

2006 700 2093 753 tas
2108 692 2289 770 petita
2313 711 2429 754 non
2448 693 2774 769 fuerit,non
2791 696 3064 759 distrahi:
3091 695 3195 758 sed
3213 697 3448 777 judicio
3466 711 3648 780 atque

2003 781 2434 860 approbatione
2485 783 2600 846 loci
2644 785 2929 847 antistitis
2976 787 3054 848 ita
3091 786 3153 848 in
3196 789 3645 851 matrimonium

2003 871 2342 951 conjunctis
2392 872 2587 953 poenis
2633 876 2870 954 gravari
2919 875 3253 958 iisdemque
3301 878 3644 959 conjugium

2003 963 2368 1025 conservari.
2399 962 2569 1036 Quod
2594 981 2740 1026 vero
2779 965 3144 1048 [istiusmodi
3170 967 3648 1050 matrimonium]

2006 1051 2374 1131 petitur,non
2398 1057 2529 1115 sine
2553 1055 3053 1118 convenientibus
3077 1057 3266 1137 poenis
3287 1067 3348 1120 et
3372 1075 3645 1139 praecep-

2006 1143 2104 1217 tis,
2140 1146 2309 1222 cujus
2339 1161 2528 1207 causa
2585 1147 2864 1228 superius
2924 1149 3314 1231 [reverentia]
3345 1148 3505 1213 dicta
3529 1156 3643 1230 est,

2002 1233 2274 1297 concedi:
2308 1252 2507 1313 neque
2536 1235 2647 1318 [id]
2683 1238 3020 1318 petentibus
3045 1256 3148 1317 pro
3193 1239 3519 1321 [ipsorum]
3550 1256 3648 1301 ar-

2006 1324 2210 1396 bitrio,
2242 1332 2341 1387 aut
2363 1335 2660 1408 prompte,
2695 1337 2793 1390 aut
2815 1328 2965 1391 citra
2995 1328 3502 1409 criminationem,
3537 1329 3644 1392 sed

2004 1415 2268 1478 adhibita
2286 1416 2866 1479 commouefactione
2881 1418 3449 1499 permitti,quinimo
3471 1419 3648 1483 dicta!

2005 1504 2352 1581 decisionis,
2383 1524 2639 1588 qumque
2675 1506 2737 1570 in
2769 1526 2839 1571 ea
2887 1508 3241 1572 ordinantur
3268 1508 3344 1571 ab
3373 1509 3649 1573 Ecclesia

2001 1595 2165 1676 ipsos
2190 1597 2636 1675 suggestionem
2660 1603 2960 1679 accipere:
2988 1608 3045 1660 et
3078 1599 3127 1662 si
3161 1600 3402 1681 quidem
3428 1618 3646 1663 oracu-

2002 1687 2124 1748 lum
2178 1685 2384 1767 [illud]
2435 1689 2709 1750 venerari
2771 1687 3239 1763 constituentes,
3288 1708 3420 1769 qua
3451 1690 3511 1751 in
3542 1688 3645 1752 illo

2001 1776 2620 1858 comprehenduntur,
2680 1777 3041 1841 inconcussa
3096 1777 3402 1841 custodire
3461 1779 3649 1840 velint

2005 1865 2283 1928 omnibus
2313 1866 2504 1928 modis
2554 1866 2837 1929 laudandi
2886 1876 3028 1929 sunt
3063 1885 3077 1931 :
3111 1867 3205 1929 sin
3241 1868 3403 1946 quod
3436 1866 3509 1929 ab
3539 1867 3645 1929 illo

280 1960 355 2024 είς
385 1956 458 2032 ζ’,
506 1956 597 2024 Ἐξ
625 1956 944 2038 ἀγχιστείας
1001 1956 1207 2033 βαθμον
1261 1955 1600 2034 ἀγαγομένου
1656 1966 1749 2016 τοῦ
1789 1980 1913 2014 συν-

2007 1955 2250 2017 vetitum
2283 1964 2395 2028 est,
2424 1974 2712 2037 peragere
2737 1957 2970 2031 malint,
2996 1956 3373 2037 permittetur
3401 1956 3642 2037 quidem

280 2047 628 2127 αλλάγματος
682 2046 923 2114 ἀπελύθη
982 2046 1305 2123 πρόσταγμα
1361 2052 1456 2104 τοῦ
1525 2054 1781 2126 κραταιοῦ
1831 2050 1922 2106 καὶ

280 2137 434 2216 ἁγίου
468 2139 621 2211 ἡμῶν
649 2136 915 2215 βασιλέως
946 2137 1025 2211 μὴ
1083 2135 1322 2212 γίνεσθαί
1363 2158 1493 2193 ποτε
1554 2144 1704 2194 τοῦτο
1748 2134 1915 2214 διορι-

2001 2044 2061 2107 id
2096 2045 2215 2108 illis
2245 2046 2468 2127 facere,
2502 2046 2609 2109 sed
2646 2048 2887 2109 nonnisi
2941 2048 3426 2129 competentibus
3453 2047 3646 2129 pinnis

2001 2135 2290 2200 subactis.
2322 2135 2491 2205 Nota,
2527 2137 2685 2215 quod
2710 2156 2846 2218 qua;
2866 2138 2924 2198 in
2946 2137 3226 2218 praesenti
3261 2135 3646 2217 imperatoria

280 2228 504 2303 ζόμενον
559 2224 647 2283 διᾶ
700 2228 763 2283 τὸ
809 2227 927 2290 ἐνὸς
982 2226 1189 2303 βαθμοῦ
1248 2225 1548 2304 λογίζεσθαι
1616 2229 1711 2284 τὸν
1760 2225 1913 2304 ἄνδρα

1996 2225 2268 2306 jnssione
2291 2226 2362 2287 ad
2387 2227 2790 2307 abrogandam
2810 2227 3441 2291 Sisinniidecisionem
3455 2225 3646 2288 conti-

281 2317 420 2390 μετὰ
452 2321 553 2385 τῆς
585 2317 838 2394 γυναικὸς
883 2316 970 2372 καὶ
1013 2314 1279 2387 καταντᾷν
1329 2317 1393 2373 τὸ
1440 2315 1795 2396 συνάλλαγμα
1844 2317 1913 2380 εἶς

2004 2321 2243 2386 nentur,
2272 2317 2503 2378 interea
2527 2316 2750 2379 nostris
2772 2318 3145 2398 temporibus
3165 2316 3391 2378 nullam
3415 2314 3644 2378 habue-

279 2406 433 2465 ἕκτον
486 2406 690 2485 βαθμὸν
748 2403 800 2471 ἐξ
856 2404 1198 2485 ἀγχιστείας,
1240 2404 1395 2463 Ἐπεὶ
1441 2403 1496 2462 δὲ
1555 2408 1617 2463 τὸ
1677 2409 1913 2463 τοιοῦτον

2000 2404 2122 2465 rint
2144 2405 2703 2484 efficaciam.Atque
2729 2424 2943 2488 precor
2963 2406 3353 2488 equidem,ne
3377 2422 3639 2486 unquam

278 2496 601 2574 πρόσταγμα
630 2496 726 2553 οῦκ
754 2494 949 2576 ἔφθασε
1009 2495 1440 2571 κατεστρωθῆοαι
1499 2498 1574 2559 εἰς
1631 2493 1699 2552 τά
1742 2495 1913 2573 πρόσ-

2001 2494 2183 2557 ullam
2206 2493 2490 2558 habeant:
2517 2515 2651 2558 cum
2671 2513 2914 2558 causam
2931 2496 3008 2558 ob
3030 2514 3203 2577 quam
3229 2503 3452 2558 statuta
3474 2502 3636 2567 sunt,

275 2609 414 2665 φορα
468 2585 704 2663 σέκρητα
736 2601 753 2618 ⁸
814 2585 925 2663 εγὼ
955 2584 1053 2659 μὲν
1083 2587 1181 2644 οῦκ
1219 2583 1338 2665 ἔχω
1365 2587 1663 2663 τι“γράψαι
1722 2584 1912 2648 πλέον,

2000 2583 2063 2646 in
2098 2585 2259 2646 nuda
2300 2586 2606 2649 voluntate
2635 2585 2807 2648 sitam
2842 2603 3002 2663 esse,
3035 2604 3103 2647 ac
3136 2591 3460 2664 prapterea
3486 2582 3639 2646 nihil

277 2667 340 2734 Ἠ
373 2674 428 2733 δὲ
468 2675 767 2744 Ἐκκλησία
810 2673 1007 2731 κωλύει
1064 2673 1154 2732 τὸν
1208 2681 1448 2733 τοιοῦτον
1492 2677 1689 2755 γάμον.
1748 2674 1913 2732 ’Λνά-

1999 2673 2139 2736 boni
2162 2675 2743 2738 aﬂ‘erresciamﬂaac
2761 2675 3007 2750 [autem]
3021 2692 3360 2757 quanquam
3374 2674 3637 2737 sanctis-

273 2769 437 2846 γνωθι
483 2766 571 2824 καὶ
624 2767 719 2822 τὸν
770 2763 845 2835 ξζ⁹
910 2765 1108 2821 κανόνα
1151 2766 1248 2821 τοῦ
1296 2766 1445 2841 ἁγίου
1494 2765 1795 2836 Βασιλείου,
1827 2766 1913 2822 καὶ

1996 2765 2133 2827 simi
2161 2766 2510 2843 patriarcha!
2533 2765 3638 2847 Sisinniidecisio,insuperqueimpe-

267 2858 335 2915 τὰ
370 2857 447 2920 είς
477 2855 577 2923 τὴν
634 2854 920 2931 ἑρμηνείαν
964 2855 1124 2910 αῦτοῦ
1180 2854 1472 2934 γραφέντα,
1526 2854 1650 2914 Ἐπὶ
1698 2856 1912 2919 τούτοις

1996 2855 2213 2917 ratoria
2237 2856 2435 2936 jussio
2460 2863 2858 2919 constituant:
2886 2876 2961 2918 ne
2985 2858 3235 2938 [tamen]
3259 2874 3471 2918 omnes
3491 2875 3641 2918 con-

266 2945 497 3025 γίνωσκε
527 2943 610 3001 ὅτι
662 2946 764 3020 πρὸ
815 2943 914 3018 μὲν
942 2946 1043 3010 τῆς
1073 2942 1350 3021 βασιλείας
1379 2951 1475 3001 τοῦ
1519 2943 1763 3018 ἀοιδίμου
1805 2947 1911 3022 βα-

1996 2947 2244 3025 sanguio
2254 2965 2460 3008 eorum
2476 2947 2627 3009 sexti
2649 2948 2870 3026 gradus
2887 2947 3194 3027 nuptiales
3209 2955 3550 3009 contractus
3561 2945 3636 3007 ab

270 3033 469 3098 σιλὲως
514 3033 691 3111 κυρίου
736 3031 974 3098 Ἀλεξίου
1003 3042 1097 3093 τοῦ
1129 3042 1411 3107 Κομνηνοῦ
1456 3033 1633 3097 ἄλλως
1676 3035 1913 3114 ἐγίνοντο

1998 3035 2093 3097 his
2126 3035 2337 3113 perimi
2364 3036 2824 3100 dixeris.Exstat
2846 3037 3005 3099 enim
3025 3037 3219 3117 jussio
3259 3054 3500 3117 semper
3529 3055 3636 3099 ce-

271 3127 325 3182 αἱ
369 3137 659 3197 μνηστεϊαι
710 3124 847 3179 κατὰ
903 3121 959 3178 δὲ
1018 3124 1109 3179 τὸν
1154 3121 1373 3181 Ἰούλιον
1429 3127 1577 3194 μῆνα
1607 3130 1704 3193 τῆς
1732 3126 1779 3197 ζ’
1831 3128 1913 3182 ἶν-

1998 3125 2267 3187 lebrandi
2303 3128 2678 3207 imperatoris
2709 3128 2915 3190 domni
2981 3127 3171 3192 Alexii
3216 3126 3528 3199 Comneni,
3561 3130 3633 3190 ad

276 3213 539 3270 δικτιόνος
569 3211 864 3291 τοῦςφζ¹β’
925 3211 1071 3278 ἔτους
1125 3211 1364 3279 ἀπελύθη
1417 3215 1577 3289 νεαρὰ
1634 3216 1913 3273 νομοθεσία

1997 3219 2440 3293 suggestionem
2474 3218 2717 3295 proedri
2751 3218 2911 3279 illius
2943 3229 3001 3280 et
3026 3216 3404 3281 betaeriarchi
3430 3217 3637 3280 Bardae

283 3311 371 3361 :06
414 3303 574 3361 αὒτοῦ
603 3301 867 3381 βασιλέως
899 3302 1069 3365 οὕτως
1111 3301 1334 3383 ἔχουσα.
1373 3294 1436 3359 Ἠ
1467 3303 1564 3377 μὲν
1593 3303 1798 3361 παλαια
1827 3306 1913 3361 καὶ

1997 3278 2154 3381 Zeri,
2164 3324 2373 3367 mense
2392 3278 3204 3372 Martioiindictione—(lemimia.
3223 3278 3633 3387 quintaedita,

274 3393 604 3474 πρεσϐυτέρα
644 3393 927 3467 νομοθεσία
983 3392 1165 3472 πόρρω
1206 3393 1272 3451 τὰ
1328 3395 1619 3467 μνηστείας
1664 3395 1753 3451 καὶ
1808 3395 1913 3472 γά-

2001 3403 2059 3457 et
2087 3395 2160 3456 ad
2216 3395 2379 3456 illius
2431 3398 2718 3473 temporis
2750 3398 3196 3459 sanctissimum
3231 3398 3633 3477 patriarcham

275 3505 377 3555 μου
421 3485 680 3561 ὁρίσματα
733 3482 905 3546 ἔθετο,
957 3484 1055 3540 Καὶ
1113 3482 1320 3555 μᾶλλον
1378 3484 1580 3540 τούτω»
1637 3484 1700 3540 τὸ
1758 3484 1913 3559 μέρος

1998 3484 2285 3546 damnum
2315 3484 2624 3546 Nicolaum
2655 3504 2723 3546 ac
2755 3497 3020 3547 sanctam
3055 3486 3635 3566 divinamquesyno-

273 3573 413 3649 ἤπερ
454 3574 521 3630 τὰ
577 3577 800 3649 Φρυγῶν
850 3573 934 3629 καῖ
997 3576 1190 3631 Μυσῶν
1246 3575 1281 3640 ἡ
1325 3573 1588 3646 παροιμία
1631 3571 1912 3650 ἐγνώρισε.

1999 3575 2139 3635 dum
2175 3574 2380 3647 missa,
2415 3593 2547 3655 quae
2578 3575 2817 3636 amitam
2845 3586 2901 3636 et
2924 3595 2999 3639 ex
3026 3576 3208 3637 fratre
3237 3584 3476 3649 neptem
3505 3594 3641 3637 cum

277 3655 338 3720 Ἠ
370 3659 425 3719 δὲ
470 3661 554 3742 έφὶ
596 3663 692 3718 τοῦ
747 3662 1042 3739 μακαρίτου
1103 3662 1442 3742 πατριάρχου
1486 3663 1663 3739 κυρίου
1722 3660 1913 3720 Ἰωαν-

1999 3672 2209 3746 patruo
2243 3672 2302 3725 et
2330 3683 2400 3726 ex
2435 3666 2617 3726 fratre
2669 3674 2909 3744 nepote,
2968 3671 3199 3727 tametsi
3234 3668 3389 3726 sexti
3421 3665 3643 3744 gradus

271 3772 365 3809 νου
394 3762 489 3812 τοῦ
517 3751 801 3831 Ξιφιλίνου
853 3749 1100 3828 συνοδικῇ
1160 3750 1440 3828 διασκέψει
1499 3751 1913 3810 συντελεσθεῖσα

1996 3755 2411 3832 cognationem
2446 3773 2511 3815 ex
2545 3754 2836 3816 affinitate
2858 3755 3350 3827 obtineant,citra
3379 3755 3641 3835 impedi-

268 3840 592 3915 σημείωσις,
654 3842 691 3918 ᾗ
747 3843 845 3897 καί
904 3841 932 3898 ὃ
990 3841 1045 3897 ἐν
1095 3839 1403 3917 βασιλεῦσιν
1446 3838 1686 3914 ἀοίδιμος
1731 3840 1912 3917 κύριος

1997 3851 2260 3905 mentum
2285 3844 2459 3926 jungi
2493 3845 2711 3907 statuit.
2763 3843 2948 3918 Quam
2975 3844 3315 3926 jussionem
3371 3847 3640 3926 synodali

268 3930 576 4011 Νικηφόρος
627 3933 655 3986 ὁ
712 3930 1082 3997 Βοτανειάτης
1126 3929 1210 3987 διὰ
1243 3928 1641 4011 χρυσοϐούλλου
1699 3936 1910 4011 γραφῆς

1996 3935 2563 4016 commentariu,qui
2587 3935 2645 3996 in
2684 3936 2999 3998 memorati
3032 3936 3387 4016 patriarchae
3408 3936 3637 3998 domini

263 4022 329 4079 τὸ
360 4029 515 4095 κῦρος
558 4022 851 4085 εὑρίσκεται
882 4021 1252 4101 χαρισάμενος
1310 4022 1377 4078 τὰ
1420 4019 1680 4078 διεστῶτα
1740 4022 1911 4102 χωρὶς

1996 4022 2224 4085 Nicolai
2255 4023 2468 4086 codice
2498 4027 2825 4105 reperitur.
2854 4026 3136 4087 insertam
3165 4026 3345 4104 legas.
3383 4024 3641 4090 Proinde

264 4109 521 4181 ἀλλήλων
564 4112 639 4174 εἷς
685 4110 742 4168 ἓν
793 4112 1131 4168 συνάπτουσα
1180 4111 1421 4191 φαίνεται
1452 4110 1734 4170 κάντεῦθεν
1779 4111 1912 4188 ὅπερ

1996 4116 2278 4195 quoniam
2313 4113 2471 4193 apud
2507 4114 2960 4196 imperatorium
2995 4114 3255 4177 tribunal
3286 4132 3486 4177 sermo
3517 4114 3636 4176 ali-

263 4198 501 4258 ἐπὶτῶν
543 4200 734 4278 γάμων
793 4203 821 4257 ὁ
882 4198 1154 4264 συνοδικὸς
1216 4200 1463 4257 ἐθέσπισε
1520 4203 1686 4275 τόμος
1754 4210 1911 4260 τοῦτο

1996 4203 2233 4285 quando
2262 4203 2499 4278 incidit,
2534 4224 2607 4267 an
2641 4224 2796 4267 unus
2831 4214 3011 4285 atque
3042 4205 3201 4266 idem
3236 4206 3491 4266 duorum
3521 4205 3638 4266 fra-

264 4291 352 4347 ὶπί
384 4295 482 4358 τῆς
516 4292 812 4357 μνηστείας
873 4288 1159 4369 διαρρήδην
1214 4292 1348 4358 αῦτὴ
1387 4291 1765 4370 ἀποφαίνεται,
1817 4290 1907 4348 δύο

1996 4301 2394 4374 trum,neptes
2418 4295 2478 4354 in
2501 4295 2945 4356 matrimonium
2973 4312 3215 4357 sumere
3240 4293 3450 4374 possit,
3477 4294 3636 4373 quod

270 4378 525 4457 ἀδελφοῖς
584 4378 875 4459 ὲξαδέλφας
930 4379 1022 4436 δύο
1087 4381 1165 4457 μὴ
1216 4380 1430 4453 ἐφιεῒσα
1491 4383 1904 4454 μνηστεύεσθαι,

1996 4382 2267 4445 videlicet
2285 4386 2342 4444 in
2361 4384 2682 4464 septimum
2705 4384 3013 4447 afﬁnitatis
3026 4384 3274 4462 gradum
3295 4393 3637 4445 contractus

266 4470 357 4525 καὶ
413 4472 441 4525 ὁ
505 4470 602 4543 μὲν
647 4468 813 4533 πολὺς
872 4469 1147 4544 ἅνθρωπος
1192 4470 1551 4537 ἀνεξετάστως
1607 4477 1684 4544 τῷ
1728 4472 1908 4550 πράγ-

1996 4473 2303 4547 referatur,
2339 4474 2561 4536 emissa
2590 4483 2679 4537 est
2716 4475 2911 4555 jussio
2944 4475 3205 4556 potentis
3235 4483 3413 4554 atque
3445 4474 3638 4536 sancti

267 4580 398 4633 ματι
427 4557 733 4615 ἒπιϐςίλλων
799 4561 885 4616 καὶ
949 4560 1171 4636 βάπτειν
1217 4559 1359 4623 ὅλως
1419 4564 1497 4633 μὴ
1542 4561 1909 4635 ἑξικνούμενος

1996 4563 2179 4625 nostri
2207 4564 2609 4643 imperatoris,
2633 4584 2768 4646 quae
2786 4583 2862 4627 ne
2883 4564 2941 4627 id
2967 4583 3229 4642 unquam
3258 4564 3357 4625 fiat
3378 4563 3583 4625 statuit
3617 4585 3631 4626 :

268 4650 342 4712 εἷς
394 4650 484 4703 τὸν
529 4655 647 4705 νοῦν
698 4649 795 4716 τῆς
828 4647 1107 4717 συνοδικῆς
1142 4649 1478 4728 διαγνωσεως
1509 4649 1910 4729 ἀσυλλογίστως

1996 4639 2482 4734 proptereaquod
2501 4639 2746 4716 maritus
2759 4665 2989 4717 etuxor
3015 4639 3191 4715 unius
3213 4652 3390 4735 [esse]
3414 4652 3636 4730 gradus

265 4736 578 4817 ἑπελάζετο,
615 4737 696 4793 ὅτι
734 4738 864 4795 πότε
896 4740 1158 4813 μνηστεία
1216 4740 1324 4796 έστέ
1377 4739 1471 4795 καῖ
1503 4738 1652 4802 ὅπως
1683 4739 1802 4820 ἔχει
1845 4742 1909 4798 τὸ

1996 4742 2500 4817 existimentur,et
2523 4743 2932 4825 [matrimonii]
2953 4752 3296 4807 contractus
3317 4743 3374 4803 in
3395 4751 3632 4804 sextum

262 4826 498 4906 ἀσφαλὲς
555 4826 765 4901 μᾶλλον
822 4825 1071 4905 ἀκριϐοῦν
1150 4829 1227 4904 μὴ
1288 4827 1604 4909 δυνάμενος,
1663 4831 1755 4887 καί
1805 4852 1908 4888 που

1996 4832 2295 4895 afﬁnitatis
2323 4834 2568 4912 gradum
2595 4834 3113 4895 iucurrat.Verum
3139 4831 3275 4911 quia
3300 4831 3424 4892 haec
3441 4830 3633 4908 jussio

259 4917 410 4995 τάχα
448 4917 510 4973 τὸ
563 4920 663 4983 τῆς
721 4915 852 4980 ἰδίας
896 4918 1286 4975 ἀνεπίσκεπτον
1340 4916 1569 4984 διανοίας
1627 4921 1764 4976 κατά
1808 4920 1905 4987 τῆς

262 5004 725 5074 ὲκκλνριαστικῆς
790 5006 1123 5088 ἐπεγράφετο
1194 5006 1489 5083 ἀκριϐείας,
1569 5000 1630 5067 Ἠ
1690 5007 1743 5065 δὲ
1808 5014 1905 5078 τῆς

258 5093 528 5171 ἡμετέρας
586 5096 864 5172 βασιλείας
947 5093 1186 5153 εύσέϐεια
1244 5098 1729 5170 ὶπιστατικώτερον
1782 5098 1904 5156 ἐπι-

260 5178 498 5269 βαλοῦσα
550 5190 619 5259 τῇ
671 5182 949 5261 διασκέψει
1009 5187 1098 5243 καί
1153 5185 1223 5262 τῇ
1280 5186 1678 5269 ἐναντιοφανείᾳ
1723 5188 1903 5253 καλὼς

260 5268 585 5342 διαιτήσασα
627 5273 851 5349 ἀρίστην
904 5277 1006 5343 τὴν
1060 5277 1367 5357 συμφωνίαν
1414 5268 1511 5334 aia
1546 5280 1644 5346 τῆς
1704 5279 1904 5356 παρούο

260 5380 361 5426 σης
420 5364 736 5437 νομοθεσίας
792 5363 1095 5443 ἐξεύρηκεν.
1149 5364 1374 5435 Ἐπειδὴ
1431 5367 1533 5446 γὰρ
1585 5368 1614 5423 ὁ
1671 5366 1899 5434 παλαιὸς

259 5446 421 5524 νόμος
465 5452 563 5521 τὴν
618 5454 913 5527 μνηστείαν
943 5454 999 5511 ἐν
1028 5456 1168 5535 μόνῃ
1191 5462 1261 5534 τῇ
1290 5463 1396 5513 τῶν
1428 5455 1898 5514 συναλλαττόντων

256 5539 417 5616 ὁρίζει
473 5541 752 5617 βουλήσει,
812 5546 903 5601 καὶ
958 5544 1125 5603 πλέον
1178 5545 1330 5603 οῦδὲν
1372 5550 1748 5620 συναινέσεως,
1809 5551 1899 5605 καὶ

257 5626 609 5712 συμϐολαίου,
644 5634 736 5690 καὶ
795 5635 1087 5713 μνήστρων
1141 5638 1554 5717 παρεργάζεται.
1619 5628 1786 5713 Ἡμῖν
1843 5635 1898 5695 δὲ

256 5718 456 5813 χάριτι
483 5727 617 5800 Θεοῦ
664 5723 797 5801 πρὸς
855 5726 1224 5808 κοσμιωτέραν
1279 5726 1470 5813 πολλῷ
1496 5729 1586 5786 καὶ
1614 5725 1899 5813 ἱερωτέραν

1990 4921 2051 4983 in
2076 4929 2518 5002 competentem
2548 4922 2765 4985 librum
2792 4921 2977 4983 relata
3003 4940 3122 4984 non
3147 4929 3258 4992 est,
3288 4938 3404 4980 non
3440 4919 3631 4981 habeo

1988 5011 2268 5091 equidem
2294 5010 2452 5092 quod
2478 5012 2734 5090 amplius
2774 5010 3057 5073 scribam.
3092 5009 3362 5071 Ecclesia
3385 5009 3629 5071 interim

1988 5100 2327 5163 istiusmodi
2353 5100 2798 5161 matrimonium
2829 5098 3330 5180 probibet.Legas
3354 5117 3493 5159 vero
3515 5099 3631 5160 eti-

1987 5209 2080 5252 am
2097 5187 2531 5267 sexagesimum
2549 5186 2867 5267 septimum
2889 5205 3180 5249 cauonem
3198 5186 3387 5248 sancti
3403 5185 3626 5261 Basilii,
3658 5227 3667 5232 -

1985 5280 2322 5358 quaeqnein
2350 5277 2511 5338 illius
2552 5278 3051 5358 interpretatione
3092 5278 3314 5357 scripta
3339 5285 3499 5338 sunt.
3535 5276 3630 5340 Ad

1981 5369 2108 5431 haec
2138 5368 2291 5429 scias
2314 5366 2473 5446 quod
2493 5385 2626 5427 cum
2663 5378 2806 5429 ante
2836 5367 3155 5443 imperium
3190 5385 3433 5447 semper
3461 5366 3628 5428 cele-

1984 5456 2195 5519 brandi
2229 5455 2613 5535 imperatoris
2667 5456 2872 5519 domni
2906 5456 3099 5519 Alexii
3131 5457 3424 5519 Comneni
3452 5457 3628 5519 aliter

1983 5548 2113 5609 ﬁeri
2136 5545 2436 5626 sponsalia
2460 5546 2751 5628 [solerent
2783 5550 2825 5626 ει
2856 5565 3064 5608 mense
3084 5545 3247 5610 Julio
3278 5546 3627 5609 indictionis

1981 5636 2259 5716 septimae
2285 5637 2427 5698 anni
2462 5637 2565 5718 [ab
2598 5635 2746 5700 orbe
2799 5636 3075 5719 condito]
3108 5636 3267 5702 6592
3298 5637 3521 5698 emissa
3549 5635 3625 5697 sit

1983 5727 2254 5819 ejusdem
2274 5727 2652 5817 imperatoris
2678 5726 2913 5793 novella
2937 5727 3029 5791 lex
3054 5745 3187 5819 quae
3206 5727 3370 5791 hunc
3402 5725 3464 5789 in
3486 5742 3623 5799 mih
