4052 6222
470 311 621 381 1183
1655 326 1922 393 PHO'I‘II
1967 329 2066 392 PR

2253 328 2492 395 BGHM
2533 333 2650 396 GP.
3690 335 3853 402 1184

465 470 871 550 legitimorum
889 476 1318 557 armorumque
1330 475 1767 556 sponsaliorum
1784 477 1973 539 vicem
1989 496 2061 539 no

2258 480 2493 538 ›οσώπων
2536 477 2913 558 ἀπαρίθμησιν
2955 479 3256 551 ἐποιήσατο
3314 481 3394 556 μὴ
3448 480 3614 561 ὶφιεὶς
3675 493 3858 536 ταῦτα

465 563 796 626 obtineant:
815 564 920 628 sed
934 565 1145 628 saltem
1169 574 1448 646 tanquam
1470 568 1840 630 conﬁrmata
1859 567 2065 649 stipula

2259 594 2262 630 τ
2306 572 2404 640 τὴν
2449 571 2882 651 ἀποζευχθεῖσαν
2927 572 3179 646 μνηστὴν
3210 579 3308 628 τοῦ
3337 571 3640 649 ἐγγίζοντος
3674 591 3859 648 προσ-

465 654 658 716 tiones
679 654 1222 738 habeantur,atque
1237 656 1564 718 secundum
1588 659 1844 720 aliorum
1863 667 2065 721 contra

2255 681 2336 717 του
2365 659 2727 740 εἶσέρχεσθαι,
2779 659 2876 718 καί
2918 665 2980 720 τὸ
3024 663 3212 739 νεαρὸν
3250 669 3344 719 τοῦ
3389 659 3855 741 φιλοσοφωτάτου

462 752 662 805 ctuum
698 753 973 807 naturam
1007 755 1354 826 operentur.
1400 745 1470 808 Et
1491 746 1563 808 ad
1599 749 1758 810 hunc
1785 749 1797 827 |
1821 748 2062 830 quidem

2256 750 2323 810 ἱτ.
2371 751 2611 825 κοσμίως
2641 752 2697 806 εν
2729 749 2898 807 ἅπασι
2942 749 3079 817 δόξει
3110 760 3339 832 κρατοῦν
3397 750 3495 807 καί
3539 748 3856 808 πολιτευό-

464 833 706 897 modum
720 837 874 915 apud
891 855 1102 899 omnes
1114 836 1385 898 subditos
1398 838 1748 900 nostrosilla
1764 838 2064 901 obtineant

2258 862 2369 920 νον,
2435 842 2523 897 καὶ
2594 841 2658 898 τὰ
2727 839 3107 914 συμϐάλλοντα
3171 841 3434 921 πρόσωπα
3477 843 3583 896 τῶν
3645 839 3858 917 ἀώρων

464 925 547 1002 [ut
578 933 778 987 tamen
804 925 1071 1005 interim[
1107 936 1270 989 vetus
1305 927 1420 1002 lex,
1456 946 1588 1008 qua
1637 927 2064 1008 desponsalibu

2263 937 2438 1010 ρεπῶν
2497 929 2812 1006 κωλυόμενα
2871 930 3236 989 συνελεύσεων
3278 931 3605 1008 ἀγνεύουσαν
3674 930 3858 998 ποιή-

465 1016 835 1095 promulgata
861 1025 975 1089 est,
1010 1017 1071 1077 in
1106 1035 1396 1097 personas
1423 1018 1494 1079 ad
1545 1017 1876 1097 sejunctam
1911 1037 2062 1099 spon

2256 1043 2366 1077 νται
2410 1021 2508 1087 τὴν
2553 1020 2898 1100 ἀναστροφὴν
2939 1022 2995 1078 ἐν
3039 1020 3236 1095 εὐθέτῳ
3295 1027 3466 1097 καιρῴ
3521 1018 3648 1094 μεθ’
3696 1022 3856 1096 ἱερᾶς

463 1123 588 1166 sam
613 1105 847 1184 ingredi
871 1107 1228 1187 probibitas,
1259 1108 1490 1188 plenam
1514 1106 1841 1170 efﬁcaciam
1875 1108 2063 1171 baber

2255 1111 2524 1179 ικλήσεως
2557 1111 2632 1174 εἷς
2694 1108 2908 1177 ἄλληλα
2954 1110 3350 1191 συνερχόμενα,
3385 1109 3659 1176 Ὀπηνίκα
3697 1106 3761 1163 δὲ
3821 1107 3855 1174 ἢ

461 1194 887 1279 debeatzidque
900 1216 1019 1278 quo
1035 1197 1132 1278 [is]
1147 1205 1332 1258 status
1345 1216 1524 1274 quem
1543 1197 1600 1257 in
1616 1196 2061 1261 Christianorur

2259 1202 2475 1268 ηστείαν
2530 1199 2626 1257 καί
2681 1198 2855 1277 γάμον
2899 1204 3086 1266 αὗτοτς
3149 1201 3578 1278 καταρτίζεσθαι⁹
3647 1199 3750 1254 καὶ
3798 1196 3857 1254 εἴ

462 1285 776 1366 republica
819 1289 1018 1366 vigere
1064 1289 1367 1364 convenit,
1399 1296 1782 1366 augmentum
1815 1289 2062 1369 accipiat

2257 1314 2266 1355 ;
2309 1290 2453 1368 παρά
2509 1290 2574 1346 τὰ
2625 1287 3015 1369 διηγορευμένα
3058 1296 3127 1366 τῇ
3186 1289 3428 1368 παρούσῃ
3459 1295 3555 1345 τοῦ
3603 1289 3857 1366 κράτους

461 1375 608 1439 Nam
637 1378 876 1440 tametsi
900 1397 970 1440 ea
993 1397 1091 1441 res
1113 1378 1441 1441 secundum
1483 1386 1747 1440 exactam
1773 1379 2061 1442 rationem

2257 1385 2336 1436 νῶν
2407 1378 2546 1438 διάτ.
2632 1381 2927 1454 μνηστείας
2978 1377 3240 1454 τολμήσει
3297 1377 3698 1457 διαπράξασθαι
3761 1377 3857 1431 καί

462 1467 728 1547 perfecta
759 1469 1063 1549 sponsalia
1098 1487 1217 1530 non
1251 1468 1368 1530 sint
1402 1491 1415 1527 :
1464 1476 1729 1530 attamen
1763 1468 1904 1548 quia
1933 1489 2062 1549 quo.

2255 1507 2259 1536 ι
2316 1469 2535 1531 ταύταις
2619 1475 2845 1548 γενικῶς
2931 1471 3072 1526 κατὰ
3132 1469 3346 1526 πάντων
3404 1469 3855 1546 ἐκφωνηθείσαις

459 1555 678 1636 agitur,
709 1559 1148 1634 sponsaliorum
1185 1557 1555 1638 propositum
1587 1558 1810 1620 habere
1832 1558 2059 1622 videtur

2254 1561 2268 1615 ἱ
2311 1561 2384 1625 εἰς
2427 1560 2487 1616 τὸ
2533 1557 2656 1626 ἑξῆς
2713 1557 3054 1639 ὀφειλούσαις
3114 1569 3336 1637 κρατεῖν
3367 1561 3564 1628 φανείη
3617 1556 3854 1630 ἕπόμε-

459 1654 638 1728 atque
669 1648 810 1710 inde
839 1649 1184 1730 nuptiarum
1214 1648 1806 1728 fundamentumjaci
1831 1649 2045 1730 incipit

2254 1671 2269 1713 :
2299 1648 2394 1706 ἀπ’
2426 1649 2593 1716 αὐτῆς
2623 1649 2720 1717 τῆς
2763 1649 2817 1705 α’
2845 1649 3054 1727 ἡμέρας
3103 1658 3197 1708 τοῦ
3255 1645 3479 1704 εἰσιέναι
3529 1645 3854 1720 μέλλοντος

461 1754 674 1816 magna
705 1740 973 1818 profecto
1000 1740 1152 1801 ratio
1185 1738 1696 1817 est,quamobrem
1728 1757 1761 1800 a
1794 1740 1926 1815 lege
1957 1758 2061 1816 pro

2252 1738 2403 1799 κυλίου
2461 1740 2634 1815 μηνὸς
2688 1740 2785 1806 τῆς
2842 1737 3143 1804 ἐνεστώσης
3193 1737 3240 1810 ζ’
3300 1736 3689 1811 ἑπινεμήσεως
3755 1745 3852 1794 τοῦ

459 1825 666 1890 hibita
699 1847 972 1906 persona
1002 1829 1219 1891 iterum
1279 1827 1707 1908 impediantur,
1743 1828 1947 1910 [adeo]
1979 1849 2056 1909 qu

2253 1829 2383 1908 ρ4β⁹
2442 1830 2592 1892 ἔτους
2653 1829 2740 1885 καὶ
2795 1826 3099 1907 ἀρῤαὸὦνας
3158 1829 3260 1905 πρὸ
3302 1833 3395 1883 τοῦ
3441 1824 3853 1899 νενομισμένου

458 1919 1039 1996 nemoimpudenter
1055 1918 1289 2000 precari
1321 1929 1661 1998 prasumat,
1689 1925 1752 1979 ut
1769 1918 1827 1979 in
1849 1937 2058 1982 uxore!

2254 1919 2270 1974 ἱ
2314 1917 2409 1985 τῆς
2442 1920 2586 1992 ἱερᾶς
2639 1917 2887 1995 εὐλογίας
2930 1916 3197 1992 τολμήσει
3229 1914 3620 1992 διαπράξασθαι
3659 1915 3702 1982 ἢ
3760 1916 3854 1970 καί

459 2024 768 2070 assumere
793 2008 1034 2078 audeat.
1060 2025 1236 2090 quam
1257 2007 1532 2070 vetuslex
1547 2026 1827 2088 sponsam
1846 2007 2059 2088 alicuju

2249 2029 2256 2069 :
2312 2008 2437 2064 θέαν
2493 2006 2754 2078 ἀλλήλοις
2810 2008 3001 2086 εφήσει
3069 2007 3135 2062 τὰ
3199 2004 3646 2062 συναλλάσσοντα
3709 2027 3849 2062 συν-

455 2096 693 2177 factam,
727 2097 1045 2177 diremptis
1075 2096 1460 2180 sponsalibus
1492 2099 1552 2159 in
1583 2099 1831 2159 alterius
1859 2116 2055 2160 manui

2249 2101 2406 2176 seen
2464 2097 2727 2176 πρόσωπα
2768 2098 2858 2153 καὶ
2914 2095 3224 2176 ἀδιαφορίαν
3281 2095 3432 2175 ἔχειν
3465 2095 3518 2151 ἒν
3553 2099 3785 2167 αὒτοῐς,
3819 2097 3849 2150 ὃ

456 2188 777 2250 convenire
838 2208 957 2251 non
1006 2189 1268 2251 sinebat.
1328 2186 1759 2249 Verumtamen
1819 2186 1920 2248 ubi
1977 2187 2056 2267 [id

2253 2210 2278 2243 ν
2315 2183 2815 2266 συμϐολαιογρᾶφος
2873 2188 2902 2242 ὁ
2947 2188 3008 2242 τὸ
3068 2183 3437 2264 ἀρῤαόωνικὸν
3499 2182 3851 2258 συμϐόλαιον

455 2283 690 2355 tempus
719 2277 1056 2353 advenerit,
1085 2277 1248 2355 quod
1279 2277 1659 2357 sponsalibus
1691 2277 1868 2338 simul
1905 2285 1964 2338 et
1986 2295 2055 2339 nu

2247 2277 2515 2352 τιθέμενος
2574 2281 2672 2343 τῆς
2729 2273 2860 2341 ἰδίας
2945 2276 3240 2338 στατιῦνος
3303 2274 3847 2351 μετακινηθιςσεται⁹

457 2367 594 2448 ptiis
620 2367 948 2432 convenire
970 2369 1373 2450 judicavimus
1425 2367 1576 2446 [ubi]
1617 2385 1835 2446 nempe
1871 2367 2056 2428 femin

2287 2363 2340 2421 δὲ
2398 2367 2497 2434 τὴν
2559 2366 2850 2442 μνηστείαν
2894 2367 2998 2443 πρὸ
3056 2365 3199 2443 ὥρας
3231 2364 3706 2442 κατεργαζόμενοι
3743 2364 3848 2419 ἀν-

453 2458 881 2522 duodeeimum
941 2479 1191 2534 annum,
1244 2459 1543 2520 masculus
1591 2475 1732 2520 vero
1786 2457 2053 2519 decimut

2246 2457 2424 2530 mniup
2472 2457 2558 2512 καὶ
2601 2456 2724 2530 θείῳ
2784 2455 3030 2513 ’ίστωσαν
3083 2455 3302 2520 ἑαυτοὺς
3364 2454 3846 2534 ἐνοχοποιοῦντας

455 2557 734 2629 quartum
787 2551 1165 2630 excesserit),
1229 2556 1370 2610 tunc
1423 2549 1484 2608 in
1533 2547 1764 2628 primus
1792 2547 2055 2628 sponsali

2246 2551 2469 2621 ινίματι.
2537 2537 2596 2604 Ὀ
2645 2547 2744 2622 μὲν
2800 2545 3064 2616 δημόσιον
3119 2544 3204 2602 διὰ
3260 2547 3355 2602 τοῦ
3411 2544 3673 2621 σειιρέτου
3732 2551 3846 2601 τῶν

456 2637 846 2700 decantandis
874 2639 1062 2701 sacris
1095 2637 1771 2718 precibus,illorumque
1796 2637 2052 2699 solemni

2245 2641 2457 2693 ιειανῶν
2489 2637 2551 2692 τὸ
2582 2649 2702 2699 τοῖς
2733 2633 3084 2712 συμϐολαίοις
3143 2635 3453 2712 ἐγκείμενον
3511 2633 3568 2699 ἐξ
3615 2635 3845 2705 ἐπερω-

457 2729 568 2788 bus
595 2726 802 2807 (arrha
831 2728 1137 2808 videlicet,
1183 2737 1470 2807 gratoque
1501 2725 1883 2806 desponsatis
1909 2745 2054 2788 oscu

2244 2747 2390 2794 eam:
2449 2726 2746 2803 πρόστιμον
2803 2724 2886 2804 ἐφ’
2945 2725 3158 2798 ἑκάστῳ
3243 2726 3416 2781 αύτῶν
3482 2722 3844 2797 εἰσπράξεται

453 2817 536 2895 Ιο)
569 2817 960 2880 observandis
984 2817 1370 2900 perﬁciantur
1396 2838 1411 2879 :
1433 2824 1613 2893 atque
1635 2816 1858 2878 deinde
1876 2817 2050 2893 exigu

2242 2816 2292 2874 ,θ’
2324 2815 2624 2894 ὁλόκληρον
2669 2814 2755 2872 διὰ
2783 2816 2882 2882 τὴν
2912 2815 3008 2871 τοῦ
3037 2815 3300 2888 παρόντος
3361 2811 3500 2876 διέτ,
3559 2817 3842 2893 περιφρό-

452 2909 800 2987 longioreve
860 2919 1153 2989 tempore,
1235 2912 1538 2988 quomodo
1595 2905 2052 2969 contrahentibu

2241 2929 2330 2972 ,otv
2379 2907 2701 2982 πιστεύομεν
2739 2903 2794 2962 δὲ
2827 2906 2914 2960 καὶ
2949 2907 3107 2962 αὐτὸν
3136 2906 3228 2960 τὸν
3263 2905 3394 2960 Θεὸν
3425 2905 3570 2961 κατὰ
3625 2906 3841 2962 τούτων

451 2999 641 3060 visum
675 3000 874 3074 fuerit,
911 2999 1440 3073 intermisso,citra
1469 2997 1909 3060 recusationem
1945 2997 2051 3076 legi

2243 2997 2623 3065 ιναστήσεσθαι
2682 2994 2765 3052 ὅτι
2829 2995 3090 3072 πονηρίαν
3155 2995 3295 3050 κατά
3349 2995 3669 3072 προαίρεσιν
3737 2994 3843 3050 ἆο-

453 3088 614 3150 tima
636 3090 818 3150 etiam
847 3092 1074 3169 nuptia
1095 3087 1444 3168 procedant:
1469 3105 1587 3148 non
1611 3095 1809 3148 autem
1839 3086 2048 3148 multut

2240 3108 2351 3165 ιρυς
2387 3086 2472 3142 ἐπὶ
2531 3085 2695 3162 μέσον
2751 3091 2858 3142 τῶν
2916 3085 3050 3141 νέων
3110 3086 3422 3163 εἰσαγαγεῖν
3455 3088 3553 3144 οὒκ
3585 3083 3840 3162 ἐνάρκη-

457 3179 634 3256 [inter
659 3188 752 3258 se]
797 3178 1116 3258 disjuncta
1173 3196 1272 3239 res
1319 3177 1496 3238 simul
1560 3195 1677 3238 uno
1728 3175 1943 3272 die,_et
1975 3177 2057 3256 [ul

2238 3201 2294 3241 ιν,
2357 3178 2415 3234 Ei
2475 3177 2574 3252 μὲν
2619 3177 2718 3255 γὰρ
2761 3178 2790 3234 ὁ
2832 3174 3065 3240 παλαιὸς
3123 3178 3287 3250 νόμος
3329 3179 3392 3233 οὗ
3445 3176 3838 3253 κατήργηται,

453 3286 614 3342 sape
643 3269 794 3350 [ﬁeri
827 3269 1002 3341 solet,
1053 3270 1187 3346 una]
1220 3269 1366 3330 hora
1395 3268 1681 3329 eﬂ‘ectum
1734 3267 2053 3328 sortiantur

2236 3269 2262 3324 :i
2332 3269 2624 3339 μνηστείας
2682 3265 2888 3328 τελείας
2947 3266 3008 3320 οὗ
3078 3263 3295 3322 δύναται
3353 3265 3836 3340 καταπράξασθαι.

449 3358 677 3420 Taliter
694 3359 856 3420 enim
882 3359 1096 3421 ordine
1119 3359 1178 3419 in
1201 3358 1422 3437 nuptiis
1443 3356 1976 3436 procedente,cum
1995 3358 2049 3419 le

2239 3379 2250 3412 ι
2294 3356 2349 3412 δὲ
2405 3362 2504 3424 τῆς
2564 3357 2824 3436 νεωτέρας
2858 3357 3170 3431 νομοθεσίας
3224 3357 3297 3420 εἰς
3344 3354 3498 3432 ἔργον
3531 3353 3839 3434 ἐξαγαγεῖν

449 3459 646 3521 vetus,
682 3468 813 3529 qua
846 3449 1281 3530 prohibitarum
1318 3465 1707 3528 personarum
1756 3448 2049 3526 catalogur

2278 3446 2733 3511 συναλλάσσοντες
2792 3445 3142 3504 ἀπαναίνοντί
3197 3469 3249 3502 τι
3300 3444 3435 3504 ἄλλο
3480 3453 3740 3504 ποιοῦσιν
3798 3446 3837 3514 ἦ

449 3540 612 3614 fecit,
644 3537 759 3601 illis
795 3559 911 3602 non
948 3541 1301 3619 permittens
1346 3538 1417 3599 atl
1453 3538 1782 3618 sejunmam
1817 3547 2049 3616 cognata

2236 3538 2477 3612 θρώπους
2519 3537 2668 3593 οὒδέν
2701 3536 2962 3606 ἀλλήλοις
2993 3537 3129 3593 κατά
3187 3536 3382 3610 νόμους
3440 3537 3835 3613 προσήκοντας

451 3647 725 3710 persona
753 3648 1035 3710 sponsam
1075 3627 1762 3708 ingredi,observabitur
1791 3647 1804 3690 :
1835 3636 1958 3690 tum
1985 3646 2050 3688 sa

2236 3642 2384 3692 υτοῐς
2445 3638 2784 3708 συγχωροῦσι
2841 3627 2985 3706 παρά
3043 3628 3135 3684 τὸν
3189 3628 3356 3701 νόμον
3409 3626 3836 3703 συμφθείρεσθαι

450 3721 810 3800 pientissimi
849 3719 1232 3799 imperatoris
1266 3718 1494 3780 novella
1529 3718 1724 3796 jussio
1775 3717 2039 3778 decorei

2233 3739 2370 3782 ωτας
2402 3716 2654 3794 ἀσελγεῖς
2683 3730 2806 3779 ταῖς
2845 3724 2950 3773 τῶν
2997 3717 3129 3772 νέων
3173 3719 3386 3795 ψυχαῖς
3418 3713 3504 3770 δια
3535 3720 3639 3782 τῆς
3675 3716 3833 3772 ἀνίε-

449 3808 730 3870 omnibus
761 3821 820 3871 et
849 3811 1050 3871 valere
1081 3818 1141 3869 et
1181 3811 1240 3870 in
1291 3807 1603 3888 republica
1634 3806 1908 3869 obtinere
1937 3827 2049 3870 con

2234 3831 2261 3862 u
2317 3808 2770 3884 κατεργαζόμενοι
2831 3811 3292 3884 συναναστροιρῆς.
3369 3805 3667 3868 Ὠσαύτως
3719 3806 3834 3861 ἀπ-

448 3899 786 3978 spicietur:
841 3902 1036 3981 [quin]
1097 3907 1156 3960 et
1213 3899 1639 3960 contraheutes
1689 3915 1962 3976 persona
2010 3917 2044 3960 a

2233 3897 2331 3964 ύθη
2363 3899 2452 3954 καὶ
2488 3899 2641 3975 ἑτέρα
2685 3897 2968 3975 πρόσταξις
3018 3903 3112 3954 τοῦ
3162 3896 3321 3952 αἱ)τοῦ
3351 3893 3623 3970 βασιλέως
3656 3896 3831 3975 χάριν

448 3989 890 4067 intempestivis
907 4003 968 4051 et
992 3989 1298 4051 indecoris
1321 3986 1754 4066 congressibus
1784 3989 2048 4051 coercita

2233 4011 2265 4056 ,ς
2299 3991 2464 4054 αὐτῆς
2493 3990 2804 4062 νομοθεσίας
2847 3986 2987 4043 οὕτω
3039 3984 3313 4058 δυνάμεως
3368 3984 3598 4064 ἔχουσα,
3659 3984 3833 4058 ἴσμεν

449 4087 670 4140 castam
696 4081 871 4140 vitam
897 4080 1494 4158 ducent,opportuno
1517 4089 1808 4154 tempore.
1844 4079 2041 4158 quand

2226 4077 2304 4135 ιτὰ
2333 4080 2425 4134 τὸν
2476 4076 2697 4134 Ἰούλιον
2742 4082 2888 4148 μῆνα
2942 4077 3037 4145 τῆς
3067 4073 3111 4130 ε’
3156 4071 3474 4140 ἶνδικτιόνος
3505 4081 3602 4131 τοῦ
3634 4074 3826 4155 ςφςβ

447 4170 751 4249 sponsalia
778 4171 1138 4249 nuptiasque
1159 4168 1308 4248 ipsis
1333 4167 1541 4243 perlici
1574 4168 1911 4242 conveniet,
1945 4188 2047 4230 cur

2229 4188 2315 4232 ους
2345 4169 2800 4241 νομοθετήσαντες
2861 4167 2978 4241 περὶ
3037 4165 3214 4242 γάμου
3261 4185 3320 4221 τε
3374 4165 3462 4220 καὶ
3518 4170 3827 4237 μνηστείας

448 4277 619 4345 sacra
649 4259 1026 4321 invocatione
1057 4259 1316 4320 invicem
1359 4275 1796 4337 congressura.
1832 4258 2000 4330 Quod
2033 4277 2048 4320 ε

2224 4281 2266 4314 πα
2326 4263 2392 4333 τῇ
2448 4279 2504 4313 τε
2563 4258 2786 4335 τοιαύτῃ
2831 4257 3116 4330 νομοθεσίᾳ
3147 4257 3235 4311 καὶ
3293 4261 3362 4330 τῇ
3421 4255 3669 4334 ἀναφορᾷ
3720 4277 3824 4311 πε-

445 4344 802 4429 quisConlra
815 4359 993 4428 atque
1011 4365 1261 4428 prasenl
1278 4349 1293 4408 i
1311 4347 1596 4427 potentia
1619 4356 1835 4408 nostra
1848 4349 2043 4409 consti

2229 4345 2497 4414 είληπται,
2532 4347 2622 4404 καί
2664 4347 2867 4403 τούτων
2914 4344 3062 4402 οὐδὲν
3128 4347 3563 4422 παρακινηθῆναι
3612 4346 3829 4424 ἀνεχό-

445 4436 2080 4517 tutioneprohibitumest,sponsaliaconﬁcereprasum-
2167 4441 2325 4516 μεθα,
2385 4435 2526 4492 ἀλλά
2583 4437 2768 4511 μένειν
2827 4435 3276 4516 ἀπαρεγχείρητα
3339 4432 3648 4510 βουλόμεθα
3729 4433 3826 4491 καί

445 4526 866 4608 pserit,neque
897 4528 1020 4588 hac
1048 4528 1410 4605 generaliter
1447 4535 1505 4588 et
1534 4530 1825 4589 adversus
1873 4544 2045 4588 omne

2224 4525 2500 4584 ναλλοίωτα
2543 4527 2709 4606 μέχρι
2772 4527 2997 4605 παντὸς,
3055 4529 3153 4582 καὶ
3187 4524 3287 4591 τήν
3331 4545 3388 4580 τε
3423 4525 3690 4580 σύστασιν
3724 4528 3824 4592 τῆς

446 4584 990 4699 promdlgaiamua
1019 4584 1081 4678 iii
1113 4629 1424 4698 posterum
1455 4615 1731 4678 obtinere
1761 4615 2043 4690 debent,a

2543 4584 2554 4600 .
2619 4584 2671 4606 ι...
2957 4584 2997 4605 -,
3245 4584 3255 4591 .
3785 4584 3817 4592 ,.

2217 4617 2459 4684 νηστείας
2518 4619 2607 4673 καὶ
2662 4623 2756 4673 τοῦ
2815 4613 2991 4694 γάμου
3047 4615 3232 4691 ὥσπερ
3279 4613 3497 4692 εἴρηται
3550 4615 3817 4691 γίνεσθαι,

443 4708 598 4788 ipsis
627 4707 912 4770 Kalendis
950 4709 1215 4770 ineuntis
1253 4707 1480 4770 mensis
1524 4706 1686 4779 Julii,
1721 4706 1997 4768 instantis

2225 4711 2259 4760 ἐν
2311 4728 2368 4763 τε
2429 4709 2627 4786 χρόνον
2670 4709 2953 4784 τηρεῖσθαι
3026 4705 3487 4780 ἀκαινοτόμητον,
3546 4706 3639 4760 καὶ
3716 4710 3825 4759 τῶν

444 4797 961 4872 indictionis,anni
981 4796 1074 4872 [ab
1090 4797 1237 4858 orbe
1260 4795 1527 4869 condito]
1543 4794 1902 4876 659%,sequi
1924 4794 2044 4857 visu

2225 4797 2646 4874 ιναρμοζομένων
2707 4803 2811 4852 τῶν
2876 4795 2976 4870 μὲν
3038 4796 3145 4850 τῶν
3193 4791 3260 4850 ιδ’
3306 4793 3440 4849 ἐτῶν
3486 4793 3635 4849 εἶναι
3700 4797 3825 4867 μεί-

442 4887 714 4967 fuerit,et
737 4896 872 4949 ante
897 4888 1224 4967 legitimum
1249 4897 1486 4966 tempus
1509 4902 1861 4965 sacramque
1895 4886 2042 4947 bene

2221 4909 2311 4960 ηνα,
2345 4887 2443 4953 τὴν
2473 4884 2528 4942 δὲ
2558 4891 2665 4942 τῶν
2699 4885 2772 4962 ιβ’
2802 4885 2918 4944 ἐπεὶ
2945 4882 3003 4940 δὲ
3036 4881 3187 4943 οὒδὲν
3239 4883 3364 4939 τότε
3395 4880 3821 4954 διατετύπωται,

443 4979 770 5041 dictionem
791 4978 1001 5040 arrhas
1026 4977 1246 5056 pacisci
1272 4976 1453 5038 fuerit
1471 4993 1677 5049 ausus,
1702 4983 1802 5035 aut
1823 4976 1999 5036 etiam
2023 4974 2040 5037 i

2223 4977 2284 5032 τε
2345 4975 2598 5036 λυόμεναι
2676 4977 2984 5054 προστίμων
3074 4973 3285 5030 ἔσονται
3363 4969 3706 5038 καταϐολαῐς
3774 4976 3823 5029 αἱ

443 5077 710 5130 mutuum
732 5078 1119 5144 conSpectum
1137 5065 1632 5129 contrahentibus
1657 5067 1930 5144 personis
1947 5083 2043 5125 cor

2221 5065 2596 5142 νιουτοτρόπως
2678 5066 3058 5139 συνιστάμεναι
3136 5074 3452 5138 μνηστεϊαι,
3515 5060 3630 5118 εἴτε
3723 5064 3821 5118 καί

441 5159 858 5240 venire,atque
886 5160 1044 5220 inter
1075 5177 1138 5220 se
1188 5158 1444 5238 [omnia]
1493 5156 1828 5237 promiscua
1860 5152 2041 5216 habet

2224 5156 2440 5212 ἷιέέλυτοι
2485 5164 2703 5231 μενοῦσι
2763 5158 2824 5212 τὸ
2879 5154 3153 5233 παράπαν,
3224 5153 3323 5211 Καὶ
3379 5150 3467 5208 διὰ
3513 5152 3675 5208 τούτο
3735 5155 3824 5209 καὶ

443 5249 808 5328 permiserit:
841 5249 1082 5310 tabellio
1100 5249 1202 5328 qui
1222 5246 1691 5309 arrhabonicum
1713 5252 2043 5306 contractu:

2226 5248 2285 5322 ιρὶ
2341 5247 2530 5305 τούτου
2589 5247 2745 5310 αὐτὸς
2788 5245 3062 5324 ἐρωτήσας
3113 5243 3430 5316 θεσπίζομεν
3477 5243 3577 5306 τὰς
3628 5244 3826 5299 τοιαύ-

441 5337 934 5416 conscripserit,a
962 5356 1066 5400 sua
1083 5339 1339 5400 statione
1363 5335 1796 5409 removebitur,
1822 5333 1924 5415 qui
1945 5353 2041 5396 ver

2228 5359 2262 5402 ης
2294 5337 2583 5410 μνηστείας
2618 5335 2678 5392 αἳ
2721 5337 2911 5412 κυρίως
2945 5346 3238 5410 μνηστεῖαι
3294 5331 3633 5411 τυγχάνουσι
3681 5332 3828 5407 ἀμε-

440 5436 580 5490 ante
609 5435 843 5506 tempus
864 5429 1167 5506 sponsalia
1192 5427 1590 5499 confecerint,
1625 5427 1903 5488 humana
1927 5425 2040 5485 divi

2226 5427 2485 5495 ικινήτους
2543 5425 2724 5500 μένειν
2782 5426 2869 5481 καὶ
2917 5421 3340 5499 ἀμεταπτώτως
3406 5423 3498 5478 καὶ
3569 5424 3634 5478 τὸ
3696 5422 3826 5478 ὅλον

441 5535 654 5599 naque
687 5519 788 5579 ira
818 5535 882 5578 se
907 5517 1202 5579 obnoxios
1238 5518 1653 5580 reddiderunt.
1689 5517 1900 5580 Fiscus
1921 5534 2041 5576 nan

2229 5517 2388 5581 ,ύτους
2420 5513 2481 5580 ἄς
2515 5537 2572 5572 τε
2605 5523 2736 5573 Θεοῦ
2767 5513 2934 5589 μέσον
2980 5513 3088 5570 τῶν
3133 5511 3553 5586 συναπτομένων
3601 5513 3829 5591 εἰσαγο-

438 5626 554 5689 que
587 5617 832 5687 pr0pter
863 5607 1176 5687 prasentis
1201 5607 1495 5686 jussionis
1532 5614 1942 5685 contemptum
1973 5624 2038 5684 pe

2226 5607 2328 5663 ἱνου
2387 5608 2474 5662 καὶ
2531 5607 2628 5674 τὴν
2673 5606 2926 5670 τοιαύτην
2986 5603 3332 5682 συναρμογὴν
3380 5599 3466 5658 διὰ
3496 5602 3609 5659 τῶν
3641 5607 3826 5683 εὖχῶν

437 5715 643 5772 rerum
699 5696 1168 5762 domesticarum
1236 5696 1628 5766 secretarium
1692 5696 1942 5778 positam
2004 5715 2036 5758 e

2229 5693 2554 5768 ιοτελεστίας
2642 5695 3014 5778 κρατύνοντος⁹
3101 5693 3191 5750 καὶ
3265 5690 3543 5771 μηδέποτε
3619 5695 3829 5756 ταύτας
