4052 6222
266 339 417 425 1185

1221 324 1713 417 NOMOCANON.
1777 378 1852 390 —
1909 324 2068 406 TIT.
2115 322 2284 422 xm,
2339 336 2503 407 CAP.
2573 318 2651 404 ii.

3472 316 3623 410 1186

261 501 541 579 προστῖμῳ
585 497 902 555 ἀναλύεσθαι
948 495 1190 570 δόσεσιν,
1239 495 1327 551 ὅτε
1381 492 1498 550 οὒδέ
1542 504 1661 556 τοῖς
1700 486 1907 552 συμϐο-

1996 484 2377 579 stipulatio‘ne
2424 486 2486 547 in
2516 487 2926 579 instrumentis
2960 507 3192 569 pinnam
3227 493 3299 556 ab
3353 497 3619 578 ipsorum

263 590 434 652 λαῖοις
478 592 541 647 τὸ
587 589 780 646 λοιπὸν
827 588 1283 666 ἐγγραφήσονται,
1321 583 1402 640 ὅτι
1447 580 1583 656 μηδὲ
1627 579 1753 657 παρ’
1802 582 1904 637 αὖ·-

266 685 374 735 τιῦν
420 682 471 735 αἱ
518 692 804 753 μνηστεϊαν
857 677 1232 751 κρατύνονται,
1300 673 1438 730 ἀλλὰ
1508 670 1592 727 διὰ
1651 676 1748 736 τῆς
1811 672 1904 724 τοῦ

264 775 399 826 Θεοῦ
442 767 807 839 ἐπικλήσεως,
840 765 1003 843 αἴπερ
1047 766 1139 821 καὶ
1181 762 1361 839 ἅμιτοι
1400 764 1459 818 τὸ
1505 760 1756 838 παράπαν
1799 778 1904 829 με-

264 865 418 915 νοῦσι
459 860 645 932 μόναις
694 855 951 930 λυόμεναι
995 870 1122 918 ταῖς
1151 854 1342 917 αἰτίαις
1382 852 1476 915 αἶς
1521 852 1608 905 καὶ
1652 852 1699 904 οἱ
1739 849 1904 925 γάμοι

266 948 355 1011 οῖς
394 946 738 1021 ἰσοδυναμους
783 946 929 1002 εἶναι
973 945 1169 1007 ταύτας
1214 942 1646 1017 νενομοθέτηται.
1703 938 1799 994 Καὶ
1843 935 1907 991 τὰ

265 1035 616 1112 κεκωλυμένα
647 1033 702 1091 δὲ
747 1036 936 1114 γενικὰ
983 1033 1239 1109 πρόσωπα.
1282 1033 1413 1108 πρὸς
1458 1030 1631 1106 γάμον
1673 1027 1709 1094 ἢ
1759 1047 1904 1100 μνη-

267 1128 446 1183 στείαν
490 1126 628 1181 κατὰ
671 1126 734 1181 τὸ
778 1122 932 1189 δόξαν
973 1122 1077 1188 ἕξει
1121 1123 1220 1189 τὴν
1266 1120 1495 1178 κώλυσιν
1537 1118 1625 1174 καὶ
1655 1117 1796 1193 παρὰ
1839 1119 1907 1190 τῇ

271 1214 657 1295 διηγορευμένῃ
689 1219 757 1291 τῇ
787 1213 841 1269 δὲ
871 1235 939 1289 τῃ
984 1211 1121 1273 διάτ,
1176 1211 1268 1268 ὑπ’
1323 1208 1533 1272 οὗδενός
1580 1231 1630 1264 τι
1675 1206 1904 1282 διαπρα-

269 1308 535 1386 χθήσεται
597 1306 643 1360 εἰ
696 1306 866 1380 μήπω
927 1301 1177 1379 βασιλεὺς
1232 1303 1554 1376 οἰκονομικῷ
1615 1320 1718 1354 τινι
1764 1296 1909 1373 λόγῳ

269 1398 372 1465 τήν
429 1416 487 1451 τε
553 1397 842 1471 μνηστείαν
877 1397 963 1449 καὶ
993 1392 1093 1459 τὴν
1138 1389 1188 1457 ἐξ
1221 1390 1520 1467 ἱερολογίας
1566 1390 1907 1465 συναρμογὴν

270 1486 422 1547 ἐντὸς
453 1490 559 1541 τῶν
599 1484 910 1560 ὁρισθέντων
958 1482 1091 1539 ἐτῶν
1118 1481 1445 1559 ἐπιτρέψειε.
1481 1476 1763 1535 Βασιλεῦσι
1807 1476 1908 1551 γὰρ

272 1573 475 1640 ἔξεστιν
519 1572 819 1651 δπερτέρως
866 1570 900 1637 ἢ
931 1572 1069 1628 κατὰ
1113 1570 1306 1644 νόμους
1353 1571 1685 1642 οἰκονομεῖν,
1729 1565 1909 1640 ὥσπερ

274 1668 302 1720 ὸ
347 1663 511 1741 σοφός
555 1684 612 1719 τε
660 1663 847 1740 εἴρηκε
878 1659 1154 1740 βασιλεὺς,
1201 1662 1435 1715 καὶτῶν
1474 1660 1798 1731 νομοθεσιῶν
1856 1654 1909 1709 αἱ

273 1750 641 1831 πρεσϐύτεραι.
701 1752 796 1810 Καὶ
844 1751 987 1811 αὐτοὶ
1043 1748 1097 1805 δὲ
1149 1751 1242 1805 τὸν
1287 1749 1483 1828 χρόνον
1530 1746 1909 1821 συιστὲμνοντες

273 1842 396 1921 οὐχὶ
439 1843 527 1898 καὶ
570 1841 671 1909 τὴν
714 1841 944 1921 φυσικὴν
995 1839 1251 1919 ἐφήσουσι
1284 1836 1497 1895 σύνοδον
1529 1837 1630 1902 ἕως
1673 1840 1778 1892 τῶν
1809 1836 1906 1911 ἀρ’

274 1931 610 2006 μοζομὲνων,
674 1922 732 1989 ιΟ
779 1932 878 2006 μὲν
936 1932 1027 1986 τὸν
1094 1926 1160 1985 ιδ’
1220 1929 1483 2008 ἐνιαυτὸν⁷
1517 1929 1549 1992 ἡ
1599 1924 1653 1983 δὲ
1700 1928 1791 1982 τὸν
1836 1923 1910 2001 ιβ’

271 2019 473 2098 ὑπερϐῇ
504 2027 612 2077 τῶν
643 2023 843 2098 γονέων
872 2018 1110 2092 ἐπιμελῆ
1168 2020 1399 2076 τίθεσθαι
1459 2015 1700 2097 φυλακὴν
1755 2016 1909 2095 ὄρει-

274 2110 478 2168 λόντων
524 2112 616 2167 τοῦ
675 2111 809 2186 μήτι
853 2110 955 2188 πρὸ
998 2114 1092 2164 τοῦ
1134 2107 1384 2186 ῥηθέντος
1435 2110 1746 2187 πραχθῆναι
1779 2104 1911 2184 χρό-

271 2223 359 2257 νου
390 2203 464 2265 ὡς
514 2208 606 2257 τοῦ
658 2221 710 2256 τε
769 2197 1195 2277 διαπραξαμένου
1250 2199 1350 2265 τὴν
1395 2196 1568 2272 ἄωρον
1613 2195 1776 2270 μίξιν,
1822 2196 1910 2251 καὶ

271 2298 379 2347 τῶν
419 2290 729 2369 γενητὸρων
775 2292 930 2347 αὒτοῦ
972 2302 1091 2351 τοῖς
1152 2288 1291 2344 κατᾶ
1318 2292 1425 2343 τῶν
1458 2286 1691 2366 φθορέων
1723 2289 1908 2355 νόμοις

273 2380 719 2455 ὃποκεισομένου,
792 2381 891 2438 Καὶ
950 2377 1037 2435 ὅτε
1093 2376 1147 2434 δὲ
1207 2378 1460 2454 βασιλεὺς
1529 2376 1819 2451 μνηστείας
1874 2374 1909 2443 ἢ

269 2471 447 2548 γάμου
490 2471 842 2545 καινοτομοίη
882 2471 1067 2545 καιρὸν
1127 2469 1372 2542 ἀθανάτῳ
1402 2467 1676 2523 διασταῖεν
1709 2469 1755 2522 οἱ
1808 2467 1909 2543 ἆρα

272 2561 559 2636 μοζόμενοι
604 2562 708 2637 πρὸ
751 2567 844 2617 τοῦ
886 2558 1184 2638 ὶρισθέντος
1245 2564 1321 2633 τῷ
1378 2557 1652 2636 πράγματι
1711 2556 1911 2634 χρόνου

271 2648 375 2715 ἕξει
416 2652 503 2706 καὶ
548 2649 688 2706 οὕτω
718 2651 814 2717 τὴν
873 2649 1103 2706 κώλυσιν
1161 2649 1227 2704 τὰ
1282 2647 1596 2720 κωλυόμενα
1646 2649 1909 2723 πρόσωπα

275 2742 363 2796 καὶ
410 2744 507 2799 οὒκ
559 2740 706 2796 ἔσται
778 2740 983 2801 τούτοις
1044 2738 1342 2817 ἐνάφορμον
1405 2739 1534 2803 πρὸς
1593 2736 1654 2791 τὸ
1707 2733 1910 2810 τολμᾷν

273 2832 338 2885 τὰ
395 2830 678 2904 ἆτόλμητα
736 2831 796 2885 τὸ
851 2830 952 2906 πρὸ
995 2828 1089 2886 to?)
1144 2827 1425 2890 δοκοῦντος
1468 2839 1589 2890 ταῖς
1617 2823 1907 2904 ἡμετέραις

274 2918 538 2985 διατάξεσι
601 2920 801 2999 χρόνου
858 2919 956 2984 τὴν
1016 2918 1307 2992 μνηστείαν
1367 2917 1402 2983 ἢ
1454 2918 1545 2971 τὸν
1605 2915 1779 2992 γάμον
1813 2916 1908 2979 τὴν

274 3009 422 3065 λύσιν
450 3009 678 3066 θανάτου
727 3007 990 3073 δέξασθαι.
1025 3010 1096 3065 Τὸ
1129 3008 1229 3084 γὰρ
1279 3006 1533 3062 ἐλλεῖπον
1580 3011 1674 3061 τοῦ
1705 3003 1911 3060 τελείου

275 3099 477 3179 χρόνου
513 3099 609 3166 τῆς
666 3098 956 3173 μνηστείας
999 3097 1035 3165 ἢ
1064 3103 1158 3153 τοῦ
1191 3098 1364 3174 γάμου
1401 3096 1436 3163 ἠ
1496 3099 1588 3151 τοῦ
1644 3091 1909 3169 βασιλέως

1987 576 2239 655 singulis
2290 575 2586 656 integram
2652 578 2870 657 exiget.
2904 580 3229 644 Credimus
3261 575 3407 648 vero
3440 590 3619 653 etiam

1988 664 2190 759 ipsum
2217 664 2402 728 Deum
2438 665 2719 759 adversus
2752 667 2859 728 hos
2912 668 3428 759 insurrecturum,
3464 680 3621 759 quod

1990 755 2144 817 inter
2166 754 2423 834 juvi'nes
2478 756 2799 836 nequitiam
2834 758 3023 835 palam
3059 757 3292 837 [atque]
3325 754 3620 831 destinato

1986 845 2373 907 introducere
2405 864 2522 907 non
2555 845 2929 909 erubuerint.
2964 845 3199 910 Etenim
3237 853 3287 913 si
3316 865 3487 919 vetus
3529 858 3623 921 lex

1987 934 2157 995 irrita
2187 933 2339 996 facta
2373 944 2487 1009 est,
2524 944 2581 996 et
2615 935 2874 1016 perfecta
2926 939 3232 1017 sponsalia
3261 947 3476 1007 conﬁci
3511 967 3622 1009 ne-

1987 1032 2217 1116 queunt
2253 1045 2266 1086 :
2303 1021 2607 1116 [ac]_vero
2638 1026 3001 1116 recentioris
3042 1027 3439 1106 legislationis
3469 1055 3624 1116 prae-

1990 1113 2277 1193 scriptum
2293 1114 2363 1174 ad
2392 1113 2664 1175 effectum
2690 1114 2800 1176 ded
2814 1134 2989 1177 ucere
3008 1120 3435 1185 contrahentes
3457 1113 3626 1189 recu-

1990 1212 2123 1264 sant
2156 1224 2170 1266 :
2204 1203 2345 1283 quid
2379 1204 2540 1265 aliud
2570 1206 2812 1279 faciunt,
2836 1225 3011 1287 quam
3046 1208 3323 1272 homines
3353 1214 3467 1276 sibi
3500 1236 3624 1278 mu-

1993 1300 2090 1354 tuo
2113 1293 2443 1355 secundum
2470 1293 2660 1374 legem
2682 1314 2798 1357 non
2826 1295 3165 1370 obstrictos,
3201 1310 3404 1364 contra
3430 1304 3622 1382 legem

1992 1383 2150 1445 inter
2171 1400 2235 1445 se
2253 1386 2555 1466 corrumpi
2578 1386 3093 1466 sinunt,juvcnum
3121 1392 3287 1469 [que]
3314 1394 3529 1456 animis
3548 1396 3631 1458 la-

1990 1475 2184 1536 scivos
2206 1491 2441 1566 artiores
2463 1496 2566 1549 per
2591 1477 2873 1557 pollutam
2898 1481 3420 1544 conversationem
3451 1487 3622 1566 inge-

1994 1561 2239 1626 nerant?
2260 1561 2410 1626 Nota
2434 1584 2570 1628 vero
2597 1584 2665 1628 ex
2694 1566 2969 1647 praesenti
2998 1568 3253 1644 novella,
3288 1575 3443 1653 quod
3472 1561 3627 1639 m—ale

1995 1654 2349 1734 permissum
2387 1654 2497 1717 fuit
2539 1656 2822 1717 bellicoso
2847 1656 3065 1717 domno
3088 1657 3362 1724 Michaeli
3388 1666 3626 1737 [matri-

1997 1743 2224 1819 monio]
2239 1746 2515 1825 conjungi
2541 1763 2672 1806 cum
2697 1746 3017 1808 rarissimae
3039 1747 3628 1817 formaadominaAn-

1996 1856 2234 1920 na,quze
2258 1837 2539 1915 patruelis
2555 1844 2681 1896 erat
2697 1834 3123 1897 MarizeSerblii
3146 1838 3334 1916 [tiliae]
3352 1852 3525 1904 antea
3543 1844 3626 1906 illi

1994 1927 2332 2007 deSponsze.
2361 1924 2511 1987 Nam
2553 1924 2787 1985 tametsi
2832 1923 2961 2004 lege
2987 1926 3195 1988 mortis
3216 1938 3353 1990 ante
3393 1935 3629 2011 nuptias

1993 2017 2066 2079 ab
2090 2036 2159 2078 ea
2176 2035 2395 2099 sponsa
2418 2024 2728 2096 separatus
2753 2024 3062 2095 est.neque
3081 2035 3214 2078 cum
3242 2018 3343 2081 illa
3357 2039 3423 2082 se
3454 2040 3629 2085 com-
3728 2042 3735 2047 ‘

1996 2110 2534 2180 miscuit,attamen
2559 2105 2750 2185 ipsius
2774 2105 3100 2185 patruelem
3131 2125 3374 2171 uxorem
3403 2112 3628 2176 ducere

1994 2216 2117 2259 non
2138 2197 2587 2278 debuit.Neque
2605 2197 2763 2257 enim
2790 2195 3159 2275 conjunctio,
3192 2199 3298 2261 sed
3325 2203 3628 2281 precatio-

1994 2305 2134 2348 num
2160 2289 2630 2360 caeremoniaemt
2653 2287 2953 2366 sponsalia
2973 2295 3250 2369 tanquam
3280 2293 3501 2373 nupti‘e
3522 2312 3629 2358 re-

1995 2373 2637 2456 putentur.l'aciunt.Si
2662 2375 3038 2453 igiturlaicus
3061 2376 3179 2439 tale
3205 2378 3514 2460 quidpiam
3541 2383 3629 2444 fa-

1994 2483 2132 2528 cere
2154 2464 2861 2546 prohibetur,[prol‘ecto]
2888 2477 3268 2529 consecratus
3292 2470 3476 2532 multo
3505 2490 3630 2534 ma-

1993 2555 2240 2636 gis.Tali
2265 2574 2525 2633 namque
2550 2554 2922 2634 temporibus
2950 2557 3308 2619 sanctissimi
3334 2558 3495 2622 illius
3521 2580 3629 2642 pa-

1996 2645 2272 2707 triarchae
2292 2646 2496 2707 domni
2524 2644 2830 2706 Michaelis
2851 2646 3125 2709 Anchiali
3162 2664 3268 2728 per
3283 2651 3627 2730 synodalem

1994 2735 2497 2797 commentarium
2524 2736 2769 2798 vetitum
2794 2743 2885 2796 est
2910 2735 3170 2816 legitime
3194 2740 3473 2820 conjungi
3493 2760 3626 2803 cum

1994 2824 2124 2905 [ea]
2144 2824 2418 2900 muliere,
2446 2843 2578 2906 quae
2600 2835 2852 2906 cognata
2873 2825 3001 2904 ejus
3020 2825 3216 2899 fuerit,
3245 2847 3375 2907 quae
3397 2830 3623 2909 obliga-

1995 2914 2167 2976 toriis
2188 2914 2426 2995 scriptis
2444 2917 2731 2977 duntaxat
2754 2915 2838 2976 illi
2859 2916 3142 2978 obstricta
3162 2916 3395 2993 fuisset,
3432 2938 3627 3001 neque

1993 3003 2435 3085 sponsaliorum
2491 3023 2700 3086 preces
2728 3025 2861 3067 cum
2903 3009 3028 3085 ipso
3076 3009 3431 3087 excepisset,
3468 3012 3626 3092 quod

1993 3102 2095 3156 aut
2116 3104 2372 3169 mortua,
2401 3105 2502 3157 aut
2526 3096 2899 3175 paenitudine
2922 3097 3091 3158 ducta
3116 3098 3289 3160 alteri
3322 3101 3451 3161 viro
3481 3119 3628 3163 con-

275 3172 676 3267 ganlqpoﬁur
699 3187 976 3261 οἰκονομία
1033 3172 1380 3264 ἀπαράϐατον
1407 3185 1632 3252 τηρήσει
1661 3195 1781 3246 τοῖς
1809 3203 1907 3238 κε-

1996 3184 2195 3262 juncta
2212 3193 2390 3247 esset:
2417 3172 2584 3247 extra
2599 3205 2773 3267 quam
2794 3186 2844 3248 si
2867 3205 2995 3249 eam
3019 3187 3275 3250 necdum
3300 3207 3625 3254 sexennem

276 3277 608 3352 κωλυμένοις
658 3279 757 3346 τὴν
805 3277 1037 3335 κώλυσιν
1081 3278 1169 3332 καὶ
1213 3272 1458 3349 οὗδαμῶς
1499 3272 1724 3341 θήσουσι
1785 3295 1912 3328 συν-

277 3368 531 3447 άλλαγμα
563 3366 904 3443 κωλυόμενον
936 3365 1062 3422 ἀλλ’
1093 3364 1188 3422 ὅσα
1217 3364 1270 3431 ἒξ
1314 3362 1563 3442 ἀκριϐοῦς
1624 3364 1916 3439 μνηστείας

273 3460 311 3529 ἢ
338 3459 541 3516 τελείου
588 3459 765 3537 γάμου
814 3457 1111 3514 κωλύονται
1168 3453 1573 3533 συναλλάγματι
1619 3460 1784 3510 ταῦτα
1829 3455 1918 3509 καὶ

273 3551 378 3607 ὑπὸ
406 3555 511 3605 τῶν
541 3549 688 3614 ἐντὸς
718 3554 813 3604 τοῦ
844 3544 1232 3621 νενομισμένου
1275 3544 1477 3625 χρόνου
1523 3544 1625 3609 τὴν
1666 3542 1916 3599 σύστασιν

274 3640 630 3714 οἶκῦνομικῶς
674 3638 761 3694 καὶ
820 3638 919 3704 τήν
978 3634 1128 3692 λύσιν
1184 3634 1420 3716 φυσικῶς
1470 3631 1772 3705 δεξαμένων
1802 3631 1915 3708 εἶρ-

274 3731 564 3810 χθήσεται.
598 3728 911 3803 Σημείωσαι
956 3725 1057 3793 τὴν
1101 3731 1369 3799 παροῦσαν
1410 3723 1696 3799 ἑρμηνείαν
1726 3729 1820 3779 τοῦ
1861 3721 1913 3799 β’

272 3840 399 3898 κεφ.
446 3825 540 3876 τοῦ
584 3815 660 3895 ιγ’
715 3814 1068 3872 διδάσκουσαν
1124 3812 1299 3871 πολλὰ
1331 3815 1579 3894 χρήσιμα
1611 3812 1774 3892 χάριν
1807 3813 1915 3891 γά-

275 3929 396 3982 μων
444 3905 832 3982 κεκωλυμένων
910 3904 998 3961 καὶ
1070 3902 1562 3983 ἐκκεχωρημὲνων,
1622 3900 1747 3959 ’Ἔτι
1807 3924 1916 3969 ση-

276 3999 506 4077 μείωσαι
581 3997 681 4064 τὴν
769 3994 988 4069 δύναμιν
1076 4000 1171 4050 τοῦ
1248 3992 1540 4074 γραφέντος
1643 3988 1917 4048 συνοόικοῦ

273 4091 448 4164 τόμου
490 4087 544 4144 ἐν
586 4099 710 4152 ταῖς
767 4084 993 4164 ἡμέραις
1071 4090 1163 4140 τοῦ
1219 4083 1522 4163 ἁγιωτάτου
1583 4082 1916 4161 πατριάρχου

275 4181 459 4259 κυρίου
501 4175 739 4243 Ἀλεξίου
782 4174 880 4232 καί
909 4174 1150 4239 τεθέντος
1201 4173 1256 4229 ἒν
1310 4178 1378 4249 τῇ
1434 4172 1676 4251 παρούσῃ
1737 4172 1914 4248 ἑρμη-

274 4272 415 4343 νείᾳ.
453 4269 680 4324 Γίνωσκε
714 4264 791 4322 ὅτι
822 4265 925 4320 κᾶν
955 4266 982 4321 ὁ
1011 4270 1254 4326 τοιοῦτος
1284 4263 1472 4338 τόμος,
1505 4262 1594 4319 καὶ
1650 4263 1685 4328 ἡ
1729 4261 1913 4318 τοῦτον

275 4356 601 4437 ὶπιγυροῦσι
677 4354 935 4433 βασιλικὴ
1018 4353 1327 4432 πρόσταξις,
1404 4352 1523 4426 μετ’
1615 4348 1914 4431 ἐμϐριθείας

273 4449 466 4526 κωλύῃ
495 4450 587 4504 τὸν
617 4445 669 4511 ἐξ
700 4444 931 4520 αἵματος
967 4441 1015 4514 ζ’
1065 4444 1269 4519 βαθμοῦ
1316 4441 1518 4520 γάμον.
1567 4437 1737 4497 Ἀλλὰ
1778 4440 1917 4497 κατὰ

2000 3292 2160 3335 mors
2185 3273 2543 3337 arrhabonis
2566 3277 2754 3339 instar
2775 3276 3327 3342 abstulerit.Visum
3354 3291 3445 3343 est
3466 3282 3626 3344 enim

1999 3363 2259 3453 concilio
2285 3363 2344 3424 in
2369 3382 2695 3427 sexennem
2723 3366 3031 3428 mulierem
3055 3371 3283 3448 copulas
3304 3372 3629 3453 concupis-

2001 3452 2257 3514 centiam
2283 3472 2403 3515 non
2424 3455 2913 3535 concipi.Verum
2937 3457 3045 3518 hoc
3062 3457 3121 3518 in
3148 3457 3317 3521 laicis
3342 3478 3459 3522 non
3483 3452 3633 3522 obti-

2000 3542 2345 3606 nebit.Nam
2370 3544 2469 3625 qui
2495 3545 3055 3624 altari[deserviunt]
3074 3547 3188 3610 soli
3212 3548 3388 3610 unius
3404 3550 3628 3628 uxoris,

1999 3630 2394 3715 ejusdemque
2440 3634 2689 3715 virginis
2711 3635 2817 3697 viri
2847 3636 3163 3712 nominari,
3201 3637 3437 3719 ipsique
3463 3637 3632 3720 ejus-
3684 3658 3690 3663 ‘

1999 3721 2136 3783 dem
2169 3731 2357 3784 status
2387 3741 2519 3785 esse
2550 3723 2796 3785 debent.
2831 3722 3014 3786 Porro
3061 3746 3188 3807 qua:
3219 3722 3372 3799 [hac]
3403 3729 3635 3792 novella

1997 3811 2074 3875 de
2107 3813 2486 3894 sponsalibus
2515 3814 3136 3892 comprehenduntur,
3169 3834 3238 3878 ex
3273 3820 3399 3898 ipsa
3435 3820 3633 3881 mani-

1998 3901 2148 3965 festa
2178 3912 2339 3966 sunt.
2373 3900 2539 3966 Scias
2571 3922 2712 3967 vero
2743 3904 2900 3985 quod
2934 3905 2991 3966 in
3036 3906 3498 3988 chartophylacii
3529 3927 3631 3971 εο-

2001 4001 2098 4072 ριο
2156 3993 2516 4054 sanctissimi
2576 3993 2733 4055 illius
2786 3993 3136 4075 patriarchae
3169 3996 3371 4057 domni
3403 3995 3633 4060 Nicolai

2003 4082 2288 4164 (quidam]
2308 4083 2773 4145 commentarius
2795 4092 3134 4147 asservatur
3152 4085 3253 4166 qui
3270 4085 3394 4149 haec
3416 4086 3488 4148 ad
3506 4105 3634 4149 ver-

2002 4172 2139 4233 bum
2155 4173 2601 4253 complectitur:
2622 4174 2992 4237 mensislulii
3013 4174 3631 4250 die4,indictione15.

2001 4262 2146 4325 Cum
2169 4264 2584 4325 sanctissimus
2608 4273 2815 4326 noster
2835 4264 3115 4327 dominus
3136 4275 3192 4328 et
3221 4266 3635 4330 (economicus

2002 4353 2337 4432 patriarcha
2361 4352 2643 4416 Nicolaus
2684 4355 2747 4415 in
2791 4351 3110 4417 Thomaita
3160 4356 3534 4435 praesideret,
3568 4375 3637 4420 ac

1999 4459 2133 4504 cum
2158 4442 2288 4523 ipso
2305 4442 2408 4504 Dei
2431 4444 2827 4506 amantissimi
2854 4444 3298 4527 metropolitani
3320 4445 3421 4509 ille
3434 4457 3491 4508 et
3509 4447 3634 4524 ille,

276 4542 381 4608 τὴν
412 4538 456 4595 δ’
484 4536 767 4595 ἰνδικτιόνα
824 4541 917 4593 τοῦ
974 4534 1114 4614 ς’χζ
1129 4531 1174 4588 δ’
1208 4532 1357 4594 ἔτους
1397 4529 1682 4609 πρόσταξις
1726 4532 1911 4608 γέγονε

1998 4529 2106 4592 Dei
2129 4533 2579 4595 amantissimus
2621 4534 3121 4616 metropolitanns
3162 4536 3354 4617 Cyzici
3388 4536 3638 4599 Simeon

274 4636 374 4687 τοῦ
403 4634 654 4709 κραταιοῦ
682 4624 779 4683 καῖ
810 4626 964 4704 ἁγίου
995 4625 1150 4698 ἡμῶν
1199 4620 1466 4699 βασιλέως
1517 4622 1693 4700 κυρίου
1733 4619 1916 4678 ἰσαα-

274 4719 395 4779 κίου
452 4724 544 4775 τοῦ
605 4714 836 4793 ἀγγέλου
893 4713 1382 4792 πατριαρχεύοντος
1439 4720 1532 4770 τοῦ
1600 4718 1917 4785 καματηροῦ

276 4809 459 4889 κυρίου
517 4804 796 4863 Βασιλείου
854 4801 1195 4882 διοριζομένη
1268 4801 1349 4877 μὴ
1411 4800 1915 4879 προκριματίζεσθαι

273 4900 337 4958 ἐκ
397 4903 504 4955 τῶν
560 4897 819 4974 ῥηθεισῶν
886 4892 1116 4972 πράξεων
1185 4893 1279 4948 τὸν
1342 4891 1476 4967 μετὰ
1540 4889 1641 4959 τὴν
1697 4890 1915 4957 ποίησιν

271 4990 454 5047 αὐτῶν
510 4988 776 5045 συστάντα
818 4984 991 5065 γάμον
1033 4981 1197 5058 μέσον
1247 4983 1355 5039 τῶν
1404 4980 1915 5061 πανευτυχεστάτων

272 5082 552 5156 κσισοίρων
595 5074 762 5155 ἤγουν
822 5077 914 5132 τοῦ
972 5077 1378 5144 Κατακουζηνοῦ
1444 5071 1625 5149 κυρίου
1670 5069 1917 5127 Ἰωάννου

273 5170 501 5237 καὶτῆς
549 5165 883 5245 αὒταδέλφης
941 5174 1035 5224 τοῦ
1091 5161 1354 5240 βασιλέως
1403 5166 1500 5229 τῆς
1534 5160 1716 5240 κυρίας
1750 5161 1917 5239 Εἰρή-

276 5283 383 5328 νης
427 5260 518 5317 καὶ
564 5260 637 5324 εἷς
682 5256 731 5329 ζ’
787 5257 990 5334 βαθμὸν
1035 5253 1087 5321 ἐξ
1131 5252 1364 5330 α’ίματος
1408 5251 1761 5331 ἀναγόμενον,
1796 5247 1917 5305 ἀλλ’

275 5350 412 5409 ὅσον
443 5350 503 5406 τὸ
533 5350 605 5411 εἰς
658 5348 843 5410 αὖτοὺς
890 5346 978 5403 καὶ
1021 5344 1216 5421 μόνους
1260 5344 1600 5423 ἇπρακτῆσαι
1651 5341 1718 5396 τὰ
1774 5342 1919 5419 παρὰ

271 5446 381 5508 τῆς
438 5438 654 5498 συνόδου
700 5436 795 5496 καὶ
831 5443 924 5494 τοῦ
978 5433 1240 5513 βασιλέως
1270 5433 1448 5515 κυρίου
1501 5427 1753 5498 Μανουὴλ
1801 5428 1916 5487 διο-

272 5530 525 5615 ρισθέντα
571 5530 731 5610 χάριν
777 5534 866 5585 τοῦ
923 5527 1164 5586 τοιούτου
1219 5526 1310 5581 καὶ
1368 5521 1584 5615 ξδείχθη
1641 5521 1732 5577 καὶ
1774 5520 1918 5615 παρα

269 5611 382 5689 τῆς
427 5619 665 5679 συνόδου.
697 5618 823 5677 ’Ἔτι
865 5618 1168 5692 σημείωσαι
1208 5616 1290 5673 δτι
1343 5614 1410 5672 τὰ
1454 5612 1510 5669 ἓν
1538 5618 1614 5686 τῷ
1646 5611 1918 5685 Βασιλικῷ

266 5711 659 5797 προστάγματι
721 5707 1087 5790 περιεχόμενα
1157 5707 1231 5769 εἷς
1305 5704 1570 5786 ἄναίρεσιν
1592 5700 1771 5770 ’δῆθεν
1827 5710 1918 5763 τοῦ

1997 4640 2133 4684 cum
2155 4631 2358 4684 nostra
2373 4622 2786 4686 moderatione
2800 4624 3637 4706 considens,dixit,quomodo

2003 4710 2287 4793 [quidam]
2315 4711 2579 4774 matricis
2602 4731 2724 4775 suae
2749 4713 2913 4775 urbis
2927 4714 3185 4776 clericus
3200 4714 3447 4775 nomine
3459 4711 3641 4775 Joan-

2003 4819 2110 4863 nes
2130 4800 2490 4865 Diabatenus
2517 4803 2821 4883 sponsalia
2843 4803 3064 4865 inierat
3086 4821 3218 4865 cum
3241 4803 3500 4883 quadam
3525 4801 3639 4865 Ma-

1997 4893 2088 4956 ria
2121 4891 2441 4974 Theophili
2473 4892 2654 4967 dicta,
2708 4911 2841 4972 quze
2888 4899 3049 4956 esset
3079 4902 3249 4955 aetate
3278 4891 3587 4972 septennis
3621 4917 3636 4962 ε

2000 4991 2180 5064 atque
2224 4981 2553 5057 intellecto,
2618 4989 2862 5062 propter
2907 4999 3145 5062 sponsae
3175 4980 3641 5063 impubertatem

2002 5080 2219 5154 praeter
2239 5073 2344 5153 jus
2378 5069 2678 5154 sponsalia
2707 5089 2841 5133 esse
2875 5068 3092 5146 [inita],
3135 5079 3274 5133 tunc
3305 5069 3378 5133 ab
3408 5070 3511 5135 illa
3537 5089 3643 5134 re-

2000 5172 2287 5237 cesserat,
2322 5180 2391 5224 ac
2425 5170 2557 5244 post
2585 5177 2775 5223 annos
2826 5171 2961 5223 octo
3016 5159 3284 5239 legitime
3336 5160 3527 5243 ipsam
3584 5162 3644 5223 in

2004 5252 2448 5314 matrimonium
2481 5259 2914 5332 assumpserat.
2947 5250 3142 5332 Atque
3202 5250 3327 5313 hinc
3380 5268 3513 5313 cum
3546 5250 3644 5313 di-

2002 5341 2358 5422 xisset,quid
2382 5343 2458 5406 de
2481 5342 2703 5403 clerico
2726 5336 2877 5412 [illo]
2896 5339 3127 5402 faciend
3139 5359 3233 5402 um
3260 5341 3648 5414 esset,disce-

2002 5450 2071 5497 re
2094 5431 2300 5493 voluit.
2362 5429 2604 5495 Audivit
2653 5430 2836 5511 igitur
2891 5449 2926 5493 a
2966 5440 3170 5493 nostra
3203 5431 3644 5514 moderatione,

2003 5522 2568 5604 considentiumque
2604 5521 2858 5585 fratrum
2891 5532 3073 5594 cretu,
3107 5524 3268 5602 quod
3301 5543 3419 5587 non
3452 5524 3646 5586 solum

2002 5615 2062 5675 in
2096 5611 2347 5693 nuptiali
2406 5619 2713 5676 contractu
2772 5614 2982 5676 ari-has
3014 5614 3146 5676 dari
3178 5624 3488 5697 receptum
3520 5616 3595 5675 sit
3629 5629 3644 5677 :

1999 5720 2207 5766 verum
2287 5702 2464 5764 etiam
2526 5706 2586 5765 in
2645 5699 2919 5783 [caeteris]
2978 5702 3394 5769 contractibus
3445 5703 3644 5766 omni-
