4052 6222
539 265 687 340 1187

1722 262 1988 339 ΡῙΙΟΊἽΙ
2031 264 2552 348 PATRIARCHE
2591 274 2707 346 GP.

3733 275 3853 348 “88

535 422 650 484 bus
686 445 700 486 :
735 437 911 508 atque
945 425 1023 507 [id
1059 411 1321 505 quidem]
1358 441 1473 484 non
1507 431 1735 494 coacte,
1769 421 1874 483 sed
1929 430 2144 501 sponte

2229 424 2423 498 ,τύμου
2468 436 2560 484 τοῦ
2617 428 2860 484 Σισινίου
2921 424 3018 485 οὒκ
3062 427 3442 506 ἔνηργήθησαν
3472 427 3603 492 τέως
3651 429 3727 484 ἐπὶ
3769 436 3854 485 τῶν

534 515 1050 590 Quemadmodum
1111 516 1288 593 igitur
1330 515 1386 574 in
1441 513 1574 574 aliis
1602 513 2017 575 contractibus
2054 532 2171 574 non

533 607 788 669 dicimus
804 608 966 684 quod
987 615 1184 667 actum
1206 605 1372 677 σει,δί
1399 605 1594 664 arrbze
1610 603 1760 664 datm
1781 623 1898 664 non
1925 603 2168 674 fuerint,

533 716 665 759 esse
686 698 916 758 irritum
948 718 962 759 :
991 695 1070 756 ita
1091 713 1332 774 quoque
1357 694 1416 754 in
1441 702 1747 754 contractu
1772 692 2044 772 nuptiali.
2075 700 2169 754 ta-

533 787 705 849 metsi
727 788 904 848 arrha
925 787 1048 847 sive
1073 779 1552 864 sponsaliaInon]
1573 783 1973 856 processerint
1989 781 2168 862 [quod

526 890 726 939 actum
749 873 1226 955 fuerit],lirmum
1253 873 1800 953 atqueinlivulsum
1822 871 2172 951 eritltaque

529 965 921 1048 [quanquam,
954 983 1084 1047 qum
1115 965 1274 1025 inter
1295 963 1577 1024 clericum
1604 963 1927 1024 etMariam
1957 963 2043 1041 (ut
2074 960 2168 1021 di-

529 1067 688 1120 ctum
724 1065 837 1129 est)
877 1055 1182 1133 sponsalia
1221 1062 1659 1134 processerunt,
1695 1052 2028 1113 subsistere
2061 1069 2169 1110 ne-

531 1153 753 1228 queant
788 1168 802 1207 :
841 1145 1082 1207 habebit
1111 1145 1353 1222 [tamen]
1380 1141 1883 1204 intlissolubiliter
1914 1139 2169 1202 clericus

528 1255 776 1300 uxorem
810 1237 921 1314 ipsi
955 1253 1060 1314 per
1081 1234 1266 1295 solam
1300 1233 1620 1314 nuptialem
1655 1232 2167 1293 consecrationem

528 1330 615 1408 (ut
644 1326 1005 1405 explicatum
1036 1325 1147 1403 est)
1178 1323 1582 1402 conjunctam.
1617 1321 1700 1383 De
1729 1320 2054 1382 donatione
2086 1331 2170 1380 ta-

529 1437 664 1480 men
685 1427 928 1498 propter
948 1416 1651 1494 nuptias.pr0ptrrqtlam
1671 1411 1969 1491 sponsalia
1985 1411 2161 1471 etiam

527 1508 658 1571 ﬁeri
685 1525 1055 1568 consuevere
1081 1507 1235 1566 inter
1257 1523 1365 1564 con
1369 1504 1546 1582 juges
1576 1503 1917 1583 ipsorumve
1943 1509 2161 1582 partes,

526 1617 646 1659 non
673 1596 1044 1658 tractabitur:
1064 1596 1168 1656 sed
1188 1594 1437 1674 perinde
1458 1603 1634 1673 atque
1657 1593 1706 1653 si
1728 1590 2032 1672 sponsalia
2046 1609 2163 1652 non

525 1688 983 1768 processissent,
1019 1704 1216 1766 neque
1257 1693 1392 1744 ante
1417 1683 1650 1763 nuptias
1679 1681 1920 1742 donatio
1943 1681 2161 1743 subse-

524 1786 661 1838 cuta
688 1785 870 1845 esset,
900 1777 1134 1835 firmum
1164 1779 1274 1834 erit
1294 1771 1740 1833 matrimonium
1767 1779 1949 1846 atque
1968 1768 2160 1830 indis-

520 1877 790 1946 ruptum.
819 1863 1114 1927 Similiter
1139 1864 1253 1924 alia
1273 1862 1453 1924 etiam
1482 1860 1750 1940 ejusdem
1776 1859 2162 1940 imperatoris

520 1955 596 2017 de
645 1956 854 2017 eadem
908 1955 1281 2033 legislatione
1304 1951 1674 2031 editajussio
1701 1960 1813 2026 est,
1847 1969 1980 2030 quae
2006 1951 2160 2010 hanc

519 2047 637 2107 vim
659 2044 862 2106 habet:
889 2046 971 2105 De
991 2044 1213 2124 nuptiis
1235 2051 1409 2122 atque
1427 2041 1810 2122 sponsalibus
1831 2058 2036 2101 mense
2056 2038 2160 2101 Ju-

517 2135 599 2196 lio
626 2134 974 2196 indictionis
1020 2135 1222 2211 5,anni
1265 2133 1338 2194 ab
1386 2131 1528 2193 orbe
1551 2131 1794 2192 condito
1817 2128 1997 2200 6592,
2032 2137 2156 2190 sta-

520 2225 706 2286 tuisse
733 2226 890 2303 (nos]
913 2225 1154 2305 scimus,
1193 2217 1403 2304 quaein
1430 2222 1526 2282 illa
1569 2221 1944 2298 legislatiune
1976 2229 2156 2297 atque

515 2316 806 2377 relatione
823 2315 1256 2394 comprehensa
1269 2322 1403 2374 sunt
1417 2320 1631 2393 .Atque
1645 2308 2152 2392 eorumlquide'n]

522 2404 670 2466 nihil
692 2403 1038 2466 labefactari
1063 2402 1546 2469 sustinemus.sed
1571 2402 1629 2462 in
1651 2412 1941 2462 aeternum
1963 2399 2155 2460 inten-

519 2503 638 2555 tata
657 2492 1128 2554 etimmutabilia
1152 2511 1394 2553 manere
1422 2488 1801 2554 volumus.Ut
1826 2489 2152 2569 [videlicet]

515 2583 817 2664 sponsalia
843 2581 953 2654 [et]
993 2581 1210 2662 nupti:e
1233 2578 1766 2660 [quemadmodum
1792 2579 2011 2640 dictum
2037 2579 2150 2659 est)

516 2682 1049 2750 coagmententur:
1079 2680 1143 2732 ut
1166 2673 1221 2733 in
1249 2670 1526 2741 [statuto]
1552 2683 1825 2750 tempore
1869 2667 2019 2730 nihil
2050 2668 2148 2730 in-

513 2771 857 2836 novetur,et
879 2781 949 2823 ex
971 2761 1388 2823 consociandis
1411 2779 1536 2822 mas
1558 2757 2012 2840 quatuordecim
2033 2776 2147 2819 an-

513 2853 606 2914 nis
631 2855 818 2932 major
831 2851 1162 2926 sit,femina
1182 2870 1324 2912 vero
1347 2847 1991 2920 duodecim.Quoniam
2013 2865 2150 2909 vero

511 2943 661 3005 nihil
693 2955 813 3006 tum
835 2951 1116 3004 statutum
1143 2950 1334 3014 est,an
1357 2959 1428 3002 eo
1453 2940 1630 3001 modo
1653 2939 1800 3000 inita
1819 2937 2146 3018 sponsalia,

509 3031 558 3094 si
588 3031 793 3104 [forte]
814 3030 1497 3101 tlirimantur,solvendaa
1517 3047 1714 3107 paenae
1730 3025 2035 3108 [obnoxia]
2059 3026 2148 3088 fu-

2262 513 2535 591 ἣμετέρων
2591 518 2832 594 ἡμερῶν,
2898 517 3145 597 Εἷχομαι
3205 521 3297 575 οὖν
3353 516 3490 589 μηδέ
3551 517 3855 596 ἐνεργηθῆναί

2257 626 2388 660 ποτε
2448 607 2521 668 ὡς
2568 607 2717 668 εἰδὼς
2763 608 2861 674 την
2909 609 3076 664 αἰτίαν
3109 607 3179 663 δι’
3211 609 3277 674 ἣν
3320 607 3668 686 διωρίσθησαν
3719 609 3855 674 θελη-

2257 695 2492 768 ματικὴν
2550 698 2710 752 οὖσαν
2753 697 2848 753 καί
2895 696 2979 753 διὰ
3028 705 3187 754 τοῦτο
3232 696 3371 772 μηδὲ
3438 698 3856 777 τελεσγορήσασιν

2255 783 2453 860 ἀγαθόν
2481 807 2558 847 τι.
2617 785 2742 843 ’Ἔτι
2793 788 3094 860 σημείωσαι
3141 787 3246 843 ἀπὸ
3290 794 3389 854 τῆς
3432 793 3625 865 νεαρᾶς
3669 795 3752 843 τοῦ
3775 788 3856 860 βα-

2255 873 2450 938 σιλέως
2533 877 2710 952 κυρίου
2789 875 3027 941 Ἀλεξίου
3081 879 3175 932 τοῦ
3237 885 3520 950 Κομνγενοῦ
3577 876 3657 933 ὅτι
3711 883 3857 938 κακῶς

2254 961 2567 1042 ἐξεχωρήθη
2613 968 2641 1021 ὁ
2691 965 2927 1043 πλευρῆς
2993 968 3182 1040 Κυρίου
3237 965 3462 1046 Μιχαὴλ
3510 967 3858 1042 συζυγηναιιῇ

2254 1054 2652 1127 σπανσπουλίνᾳ
2708 1056 2859 1131 κυρίᾳ
2931 1055 3104 1131 ⁰Αννῃ
3179 1079 3370 1132 πρωτη
3443 1055 3580 1133 οῧσῃ
3637 1054 3858 1132 tia-Sila!)

2253 1147 2350 1208 τῆς
2401 1146 2922 1221 προμνηστευθείσης
2994 1148 3138 1220 αὐτῷ
3199 1147 3400 1223 Μαρίας
3458 1152 3560 1212 τῆς
3621 1153 3708 1203 τοῦ
3753 1152 3858 1222 Σερ-

2251 1230 2399 1289 κλίο)
2437 1253 2450 1268 ⁸
2500 1234 2598 1290 κᾶν
2641 1235 2741 1311 γὰρ
2785 1236 2936 1308 νόμω
2986 1237 3215 1293 θανάτου
3260 1238 3390 1314 πρὸς
3450 1243 3548 1293 του
3607 1237 3770 1313 γάμου
3803 1233 3858 1288 δι.

2252 1323 2413 1398 εζύγη
2459 1323 2554 1391 τῆς
2600 1327 2851 1389 τοιαύτης
2899 1325 3143 1399 μνηστῆς
3177 1327 3265 1382 καὶ
3294 1323 3412 1381 ουδὲ
3467 1327 3725 1402 συνεμίγη
3761 1327 3857 1380 τιν·

2249 1434 2318 1487 τῃ
2350 1411 2469 1468 ἀλλ’
2505 1413 2603 1471 οὐκ
2643 1413 2871 1494 ὤφειλεν
2924 1413 3220 1494 ἐξαδέλφην
3279 1417 3447 1482 αὖτῆς
3507 1415 3725 1492 πρώτην
3776 1414 3856 1468 λα-

2246 1499 2388 1564 ϐεῖν.
2451 1502 2581 1562 Οὐδὲ
2635 1505 2736 1581 γὰρ
2790 1507 2825 1572 ἡ
2884 1504 3163 1583 συνάφεια,
3213 1503 3352 1560 ἀλλὰ
3404 1507 3440 1574 ἡ
3471 1508 3572 1573 τῆς
3597 1506 3757 1584 εὒχῆς
3784 1525 3856 1559 τε·

2245 1590 2376 1659 λετὴ
2412 1607 2560 1650 ποιεῖ
2609 1595 2708 1663 τὴν
2753 1595 3045 1667 μνηστείαν
3098 1597 3173 1659 ὡς
3234 1595 3412 1674 γάμον
3457 1593 3775 1674 λογίζεσθαι,
3815 1597 3855 1650 Ei

2245 1688 2370 1760 γοῦν
2429 1681 2622 1748 λαῖκὸς
2677 1692 2922 1742 τοιοῦτον
2963 1706 3014 1741 τι
3074 1697 3255 1742 ποιεῖν
3313 1685 3640 1748 κεκώλυται.
3703 1691 3856 1756 πολλῴ

2184 1770 2450 1846 Βμᾶλλον
2501 1772 2804 1849 ἱερωμένος.
2876 1766 2934 1832 Ὀ
2994 1780 3234 1840 τοιοῦτος
3305 1776 3404 1852 γὰρ
3489 1773 3728 1840 ἐκωλύθη
3788 1773 3853 1828 διᾶ

2244 1862 2626 1935 σημειώματος
2677 1862 2953 1920 συνοδικοῦ
3001 1863 3088 1920 ἐπὶ
3134 1869 3230 1930 τῆς
3294 1863 3592 1942 ἐφημερίας
3647 1865 3850 1940 ἁγιωτέ-

2243 1972 2334 2006 του
2390 1953 2592 2009 ἑκείνου
2649 1953 2986 2031 πατριάρχου
3045 1955 3229 2032 κυρίου
3277 1953 3507 2034 Μιχαὴλ
3539 1963 3632 2013 τοῦ
3663 1953 3854 2032 Ἀγχιά-

2242 2039 2336 2098 λου
2368 2043 2723 2100 συνάπτεσθαι
2771 2043 3014 2117 νομίμως
3070 2045 3278 2122 γυναικὶ
3329 2058 3590 2122 συγγενεῖ
3633 2044 3755 2118 οὔσῃ
3802 2049 3852 2117 τῇ

2239 2129 2324 2188 διὰ
2407 2131 2736 2205 δεσμοτικῶν
2821 2133 2985 2208 μόνον
3070 2133 3350 2213 ἐγγράφων
3445 2134 3849 2211 κατηγγυηθείσῃ

2237 2223 2410 2294 τούτῳ
2439 2224 2526 2279 καὶ
2558 2224 2636 2297 μὴ
2668 2223 2912 2302 φθασάσῃ
2963 2221 3153 2280 λαϐεῖν
3205 2227 3500 2295 μνηστείας
3556 2225 3726 2302 εὒχῆν
3755 2225 3849 2296 μετ’

2238 2313 2419 2384 αὑτοῦ,
2481 2311 2515 2379 ἣ
2604 2315 2677 2375 ὡς
2763 2313 3021 2388 θανούσῃ,
3083 2316 3156 2378 ὡς
3224 2313 3390 2391 ἑτέρῳ
3441 2317 3754 2388 συναφθείσῃ
3804 2313 3849 2367 ἐν

2434 2403 2441 2416 ί
2672 2399 2694 2420 ἢ
2727 2403 2740 2420 ε
2832 2403 2846 2424 ν
3211 2403 3223 2424 I
3422 2403 3442 2422 ρ
3552 2403 3579 2414 ~
3675 2404 3696 2422 ν
3830 2405 3837 2414 ι

2238 2401 2545 2475 μεταμελου
2599 2403 2738 2478 ἀνορι
2804 2423 2849 2457 ει
2901 2405 3073 2475 μήπω
3129 2425 3331 2468 ταυτην
3390 2402 3586 2471 ἐςαετη
3642 2426 3786 2458 ουσαν
3828 2426 3848 2455 ο

2235 2492 2455 2557 Θάνατος
2504 2489 2924 2570 ἠῤῥαϐωνίσατο.
2969 2492 3155 2559 ’Ἔδοξε
3215 2494 3317 2571 γὰρ
3359 2494 3426 2569 τῇ
3488 2491 3686 2566 συνόδῳ
3738 2493 3847 2566 μετὰ

2233 2580 2476 2645 ἑξαετοῦς
2523 2584 2774 2659 γυναικὸς
2829 2582 3108 2657 ἐπιθυμίαν
3168 2587 3367 2662 φθορᾶς
3410 2583 3491 2658 μὴ
3525 2580 3844 2656 μεσολαϐεῖν,

2231 2682 2390 2732 τοῦτο
2433 2673 2488 2731 δὲ
2545 2678 2634 2732 επὶ
2682 2675 2888 2732 λα’ίκων
2937 2678 2999 2734 οὔ
3051 2679 3335 2753 κρατήσει,
3370 2678 3540 2733 Μύνοι
3577 2679 3675 2754 γὰρ
3706 2677 3747 2733 οἱ
3775 2683 3846 2732 τοῦ

2233 2764 2476 2839 βήματος
2536 2771 2658 2838 μιᾶς
2716 2768 2968 2844 γυναικὸς
3020 2770 3106 2823 καὶ
3158 2767 3253 2835 τῆς
3289 2767 3449 2833 αὒτῆς
3486 2767 3740 2844 παρθένου
3767 2763 3844 2819 ἄν·

2233 2851 2348 2930 δρες
2409 2854 2677 2934 ὀφείλουσι
2745 2857 3119 2930 ὀνομάζεσθαι,
3181 2855 3276 2913 καί
3339 2858 3489 2913 αὗτοὶ
3547 2861 3654 2922 τῆς
3705 2855 3843 2920 «hic

2231 2943 2376 3000 εἶναι
2419 2946 2822 3009 καταστάσεως.
2859 2946 2983 3003 "En
3023 2954 3323 3018 σημείωσαι
3381 2947 3462 3001 ὅτι
3521 2948 3592 3003 τὰ
3651 2946 3743 3021 μὲν
3790 2944 3843 3018 τῇ

2229 3039 2390 3113 νεαρᾷ
2444 3034 2793 3115 παρεχόμενα
2839 3036 3003 3115 χάριν
3047 3036 3144 3104 τῆς
3193 3037 3487 3112 μνηστείας
3541 3033 3684 3101 δῆλά
3736 3035 3841 3090 εἰσιν

510 3131 663 3194 tura,
697 3141 772 3182 an
796 3139 934 3182 vero
963 3121 1207 3182 omnino
1235 3118 1682 3181 indissolubilia
1717 3135 1997 3180 mansura
2026 3115 2145 3177 sint

2229 3123 2290 3179 ἐκ
2347 3124 2440 3192 τῆς
2490 3133 2584 3182 του
2641 3124 2801 3183 αὒτοῦ
2861 3126 3100 3192 ’Δλεξίου
3152 3129 3343 3206 κυρίου
3402 3125 3672 3204 βασιλέως
3702 3125 3844 3183 δευτέ·

507 3220 688 3292 atque
713 3211 847 3272 ideo
871 3211 1047 3272 etiam
1074 3229 1141 3271 ea
1160 3209 1234 3272 de
1255 3207 1347 3283 [re
1386 3209 1514 3283 nos]
1541 3209 1667 3290 ipse
1707 3207 2092 3286 interrogasti
2127 3224 2140 3269 :

506 3301 816 3364 sancimus
842 3309 904 3361 ut
925 3299 1101 3362 istius
1123 3301 1278 3361 modi
1302 3299 1772 3380 sponsalia,quaa
1792 3296 2031 3378 proprie
2053 3304 2146 3363 [ac

504 3391 675 3471 vere]
699 3390 1004 3471 Sponsalia
1027 3390 1461 3464 sunt,immota.
1491 3387 1979 3460 immutabilia,et
2008 3405 2141 3448 om-

505 3480 649 3542 nino
674 3479 1019 3542 insolubilia
1047 3490 1319 3542 maneant
1343 3479 1579 3560 (quippe
1601 3478 1788 3560 [quia]
1811 3475 1970 3538 Deus
1987 3476 2144 3538 inter

502 3569 939 3632 consociandos
969 3570 1306 3643 inducatur,
1343 3587 1598 3649 eamque
1651 3567 2138 3647 conjunctionem

503 3679 610 3740 per
643 3679 889 3741 precum
916 3661 1303 3722 caeremonias
1331 3657 1721 3720 communiat‘
1746 3667 1805 3718 et
1836 3674 2138 3736 nunquam

503 3749 608 3810 illa
643 3750 836 3830 pcenis
869 3749 1082 3812 dandis
1113 3750 1444 3821 solvantur,
1503 3767 1634 3830 qua;
1668 3747 1910 3829 [poma]
1945 3764 2141 3828 neque

500 3840 911 3902 contractibus
943 3841 1231 3920 deinceps
1261 3839 1710 3902 inscribentur:
1745 3837 1886 3920 quia
1917 3855 2034 3898 non
2063 3834 2136 3896 ab

499 3929 642 4004 illis,
674 3929 777 3992 sed
815 3949 920 4012 per
973 3930 1077 3992 Dri
1133 3929 1570 3992 invocationem
1603 3927 1905 4009 sponsalia
1935 3944 2139 3989 corro-

501 4020 809 4094 borantur,
845 4020 1258 4101 cujuscemodi
1291 4019 1650 4101 [sponsalia]
1682 4019 1930 4080 omnino
1956 4017 2134 4079 etiam

496 4109 847 4172 insolubilia
907 4109 1232 4171 manebunt
1263 4109 1508 4190 [iisque]
1544 4109 1829 4170 duntaxat
1881 4107 1956 4168 de
1988 4125 2134 4168 cau-

494 4198 580 4261 sis
613 4200 944 4273 solventur,
983 4200 1197 4280 quibus
1258 4199 1658 4272 matrimonia,
1695 4198 1908 4278 quibus
1941 4196 2038 4256 illa
2075 4203 2136 4257 ut

489 4289 717 4351 viribus
767 4290 1021 4370 aequalia
1085 4298 1246 4369 sunt,
1331 4297 1618 4350 statutum
1680 4301 1791 4350 οει.
1857 4290 2136 4365 Cognata:

489 4396 629 4440 vero
661 4397 938 4459 personae
968 4380 1024 4440 in
1057 4378 1535 4459 [contrahendis]
1572 4379 1799 4461 nuptiis
1822 4379 1910 4439 vel
1943 4396 2132 4457 spon-

488 4466 714 4530 salibus
745 4477 922 4548 prout
957 4469 1126 4550 [jam]
1172 4468 1456 4548 placitum
1520 4477 1633 4550 est,
1697 4468 2130 4549 impedientur,

2228 3236 2323 3288 ρας
2379 3213 2742 3292 προστάξεως,
2803 3218 3037 3273 Γίνωσκε
3096 3216 3150 3272 δὲ
3209 3215 3291 3273 ὅτι
3351 3224 3428 3290 τῷ
3486 3217 3720 3293 σεκρὲτῳ
3768 3221 3842 3272 τοῦ

2227 3303 2662 3384 χαρτοφυλακίου
2720 3306 2962 3380 σημείμα
3038 3305 3408 3383 κατέστρωται
3469 3314 3565 3362 τοῦ
3629 3307 3838 3385 ἁγιωτάο

2231 3416 2319 3450 του
2351 3393 2554 3450 ἐκείνου
2583 3395 2760 3471 κυρίου
2807 3396 3072 3452 Νικολάου
3125 3396 3490 3476 πατριάρχου.
3533 3398 3613 3454 Τὰ
3657 3396 3707 3452 δὲ
3757 3417 3840 3450 ια-

2224 3483 2291 3540 τὰ
2318 3481 2465 3558 ῥῆμα
2523 3479 2903 3558 διαλαμϐάνων
2962 3486 3093 3560 μηνὶ
3151 3483 3360 3558 Ἰουλίῳ
3416 3483 3530 3563 κα’,
3595 3485 3758 3562 ἡμέρᾳ
3804 3481 3840 3538 δ’

2225 3569 2558 3633 Ἰνδιιιτιόνος
2594 3571 2684 3646 ιε’,
2744 3573 3158 3650 προκαθημένου
3209 3581 3302 3632 τοῦ
3349 3575 3656 3651 άγιωτάτου
3708 3577 3838 3648 ἡμῶν

2222 3658 2483 3718 δεσπότου
2538 3662 2626 3718 καὶ
2683 3663 3053 3737 οἷκουμενικοῦ
3101 3665 3437 3743 πατριάρχου
3495 3664 3756 3723 Νικολάου
3795 3661 3836 3718 ἓν

2222 3756 2429 3822 τῴ.....
2491 3747 2936 3822 συνεδριαζόντων
2993 3755 3138 3826 αὖτῷ
3188 3752 3608 3832 μητροπολιτῶν
3639 3765 3727 3813 τοῦ
3753 3751 3837 3808 δεῖ·

2221 3861 2308 3906 νος
2363 3841 2455 3897 καὶ
2502 3838 2703 3915 δεῖνος,
2763 3843 2791 3898 ὃ
2845 3843 3255 3924 θεοφιλέστατος
3300 3843 3708 3923 μητροπολίτης
3760 3850 3834 3899 του

2223 3931 2441 4002 Κυζίκου
2500 3933 2722 4007 Συμεὼν
2793 3931 3142 4012 συνεδριάζων
3202 3940 3270 4012 τῇ
3344 3936 3500 4010 ἡμῶν
3546 3934 3832 4014 μετριάτῃτι

2219 4021 2403 4096 εἶπεν,
2463 4020 2533 4084 ὧς
2594 4019 2853 4100 κληρικὸς
2911 4025 3012 4090 τῆς
3077 4024 3199 4081 κατ’
3261 4026 3422 4083 αὑτὸν
3479 4022 3832 4103 μετροπόλεως

2219 4110 2472 4178 Ἰωάννης
2548 4110 2918 4180 Διαϐακτηνὸς
2991 4113 3390 4189 ὀνομαζόμενος
3461 4113 3832 4189 ἐμνηστεύσατο

2216 4201 2448 4280 γυναῖκά
2479 4223 2599 4256 τινα
2643 4205 2850 4279 Μαρίαν
2894 4209 2988 4260 τοῦ
3032 4203 3289 4282 Θεοφίλου
3345 4201 3690 4280 καλουμένην
3727 4201 3832 4269 ἠλι-

2215 4291 2332 4352 κίας
2419 4292 2576 4346 οὖσαν
2655 4292 2974 4367 ἑπταετοῦς,
3058 4294 3244 4368 μαθὼν
3322 4291 3376 4348 δὲ
3434 4295 3531 4360 τὴν
3593 4291 3831 4369 μνηστίαν

2215 4380 2360 4437 εἶναι
2417 4379 2731 4459 παράνομον
2788 4379 2874 4437 διὰ
2937 4383 3036 4450 τὴν
3096 4387 3198 4449 τῆς
3250 4387 3497 4458 μνηστης
3531 4382 3828 4459 ἆνεϐότητα,

2213 4470 2335 4527 τότε
2393 4469 2491 4545 μὲν
2549 4469 2757 4538 ἀπέστη
2791 4471 3016 4546 ταύτης,
3053 4473 3190 4545 μετὰ
3219 4469 3276 4528 δὲ
3319 4474 3550 4551 χρόνους
3596 4472 3737 4530 ὀκτὼ
3761 4492 3830 4527 νο·

489 4576 687 4639 neque
749 4568 957 4620 contra
1014 4578 1187 4640 quam
1248 4560 1358 4621 hac
1417 4560 1849 4622 constitutione
1880 4559 2124 4621 vetitum

2229 4561 2392 4634 ιίμως
2440 4559 2638 4626 ταύτην
2698 4561 3014 4639 πρόσγαμον
3069 4563 3329 4640 ἠγάγετο,
3388 4562 3476 4618 καὶ
3533 4570 3697 4620 ταῦτα
3750 4559 3828 4616 λέ-

487 4659 604 4726 est,
641 4647 970 4729 quidquam
1003 4668 1034 4710 a
1068 4667 1368 4730 quoquam
1403 4649 1645 4724 conﬁet,
1705 4649 1822 4712 nisi
1853 4647 1902 4710 si
1929 4666 2124 4730 quan-

487 4739 562 4802 du
627 4739 958 4820 imperator
1011 4739 1270 4820 quodam
1335 4740 1804 4822 dispensationis
1859 4738 2036 4800 modo
2069 4746 2130 4800 et

481 4829 784 4907 sponsalia
817 4837 875 4890 et
928 4830 1383 4891 consecratione
1435 4830 1831 4908 peragendam
1865 4827 2126 4907 conjun-

482 4919 743 4982 ctionem
803 4919 960 4982 intra
1049 4928 1411 5001 praastitutos
1495 4939 1687 4982 annos
1757 4918 2128 5002 permiserit.

486 5011 742 5072 Licitum
780 5019 870 5072 est
900 5011 1060 5072 enim
1096 5009 1565 5089 imperatoribus
1615 5009 1697 5071 uti
1729 5010 1907 5070 aliter
1945 5026 2122 5090 quam

489 5098 820 5160 secundum
883 5099 1046 5176 leges
1080 5092 1430 5182 dispens'ent
1474 5117 1488 5164 :
1529 5098 2034 5181 quemadmodum
2069 5106 2128 5159 et

489 5190 735 5268 sapiens
797 5191 1128 5268 imperator
1185 5200 1244 5251 et
1302 5193 1666 5254 vetustiores
1716 5188 2127 5269 legistationes

489 5277 720 5340 dixere.
777 5277 983 5359 Neque
1044 5298 1184 5342 vero
1247 5281 1361 5362 ipsi
1422 5301 1556 5344 cum
1614 5291 1852 5361 tempus
1901 5278 2122 5341 abbre-

487 5365 752 5441 viabuut,
816 5369 1156 5450 priusquam
1217 5371 1318 5452 qui
1380 5374 1843 5450 conjungentur,
1912 5387 2124 5432 eorum

485 5455 788 5518 masculus
867 5468 1144 5539 quartum
1245 5461 1571 5538 decimum,
1671 5460 1900 5522 femina
1985 5477 2126 5522 vero

483 5543 912 5610 duodecimum
944 5567 1166 5612 annum
1200 5551 1551 5628 excesserit,
1599 5549 1936 5615 naturalem
1973 5569 2120 5613 con-

479 5654 752 5722 gressum
786 5638 1159 5722 permittant.
1211 5641 1384 5722 [Quin
1419 5642 1505 5722 et]
1552 5649 1862 5724 parentes,
1897 5641 2124 5725 nequid

2207 4671 2317 4729 γων
2359 4647 2514 4717 ἤθελε
2544 4651 2606 4706 τὸ
2661 4650 2918 4717 ποιητέον
2971 4651 3058 4708 ἐπὶ
3111 4654 3173 4708 τὸ
3235 4649 3581 4729 κληρωθῆναι
3633 4655 3824 4728 μαθεῖν,

2207 4737 2433 4807 ἥκουσιν
2495 4741 2584 4794 οὖν
2640 4739 2746 4796 ἀπὸ
2804 4740 2902 4808 τῆς
2962 4742 3116 4816 ἡμῶν
3175 4741 3550 4822 μετριότητος,
3611 4739 3825 4806 καὶτῆς

2209 4827 2649 4908 συνεδριαζούσης
2707 4827 3070 4908 ἆδελφότητος
3120 4832 3193 4892 ὡς
3249 4833 3342 4888 οὐκ
3401 4831 3486 4888 ἐπὶ
3541 4836 3703 4908 μόνον
3752 4834 3825 4886 τοῦ

2205 4926 2438 4998 γαμικοῦ
2496 4917 2940 4998 συναλλάγματος
3022 4917 3327 4998 ἀρραϐῶνας
3405 4923 3712 4996 νενόμισται
3763 4918 3825 4974 δί-

2207 5010 2409 5080 δοσθαι,
2464 5007 2602 5064 ἀλλὰ
2646 5010 2734 5065 καὶ
2786 5007 2873 5066 ἐπὶ
2937 5011 3153 5068 πάντων
3197 5011 3304 5067 τῶν
3361 5009 3818 5090 συναλλαγμάτων,

2209 5097 2350 5166 πλὴν
2404 5101 2499 5158 οὐκ
2565 5098 2995 5177 ἡναγκασιιένως
3081 5097 3203 5155 ἀλλ’
3261 5099 3610 5179 αὐθαιρέτως,
3664 5101 3821 5173 ὥσπερ

2207 5191 2378 5248 τοίνυν
2449 5189 2536 5247 ἐπὶ
2598 5192 2707 5247 τῶν
2762 5189 2940 5248 ἄλλων
2989 5191 3448 5269 συναλλαγμάτων
3505 5197 3566 5252 οὗ
3623 5192 3822 5270 λέγομεν

2207 5280 2400 5360 ἄκυρον
2462 5279 2611 5338 εἶναι
2657 5282 2719 5336 τὸ
2775 5283 2995 5360 γεγονὸς
3057 5281 3135 5357 μη
3191 5280 3447 5338 δοθέντων
3504 5280 3819 5360 ἆῤῥαϐώνων,

2208 5370 2347 5429 οὕτω
2377 5375 2464 5428 καὶ
2519 5370 2606 5427 ἐπὶ
2664 5377 2759 5427 τοῦ
2817 5372 3054 5450 γαμικοῦ
3111 5370 3560 5451 συναλλάγματος
3613 5371 3707 5428 κᾶν
3749 5366 3824 5446 ἆῤ·

2205 5461 2380 5540 ῥαξὼν
2437 5459 2554 5528 ἦτοι
2612 5461 2873 5537 μνηστεία
2923 5460 2982 5518 οὗ
3041 5459 3236 5540 προϐῇ,
3304 5458 3522 5539 βέϐαιον
3553 5461 3696 5519 ἔσται
3749 5458 3821 5516 καὶ

2207 5549 2566 5609 ἀδιάσπαστον
2599 5565 2614 5581 ⁸
2681 5555 2776 5618 τῆς
2814 5543 2960 5629 ’γοῦν
2988 5549 3264 5631 προϐάσης
3297 5555 3586 5630 μνηστείας
3617 5555 3688 5615 ὡς
3742 5546 3818 5604 τί·

2207 5663 2362 5724 ρηται
2417 5639 2583 5720 μέσον
2641 5648 2735 5699 τοῦ
2762 5639 3020 5723 κληρικοῦ
3049 5642 3138 5700 καὶ
3180 5645 3278 5711 τῆς
3337 5643 3531 5721 μανίας
3563 5640 3718 5712 οὔσης
3745 5638 3818 5697 ἀν·
