4052 6222
277 325 431 399 H89
1164 318 1660 396 NOMOCANON.
1718 363 1789 376 —
1864 320 2022 393 TIT.
2082 318 2255 409 xm,
2298 325 2467 390 CAP.
2515 317 2765 402 111,1v.
3486 316 3638 391 1190

200 508 203 515 -
273 467 577 526 υποστάτου
625 466 831 524 ἐσεῖται
880 466 908 521 ὁ
955 463 1214 538 κληρικὸς
1247 463 1394 544 ἔχων
1438 461 1787 529 ἂδιασείστως
1816 461 1915 527 τὴν

2025 467 2138 521 inte
2167 459 2393 523 dictum
2427 469 2663 542 tempus
2697 461 2815 528 fiat.
2852 458 3196 539 diligentem
3230 477 3433 522 curam
3457 460 3638 523 adhi-

275 556 360 614 διᾶ
410 559 585 633 μόνης
676 554 914 634 γαμικῆς
989 553 1290 630 ἱερολογίας
1351 554 1710 628 ἁρμοσθεῖσαν
1769 552 1912 625 αὗτῷ

2025 566 2142 611 ιρι-ε
2200 549 2529 616 debebunt.
2589 550 2828 631 Alioqui
2886 558 2943 612 et
2986 554 3084 630 qui
3148 550 3637 634 intempestivum

275 649 497 726 σύζυγον
548 650 621 712 ὡς
680 643 981 711 διείληπται
1018 661 1031 675 ⁸
1072 645 1353 722 προγέμου
1393 642 1459 710 δὴ
1503 643 1700 720 δωρεᾶς
1732 641 1801 699 δι’
1845 640 1910 709 ἣν

2025 637 2217 699 oitum
2253 641 2582 719 peregerit,
2616 648 2678 701 et
2711 628 3208 719 parentes—ipsius
3233 628 3494 720 legibus,
3525 628 3638 701 ad-

272 741 360 795 καὶ
417 738 516 805 τήν
591 735 881 808 μνηστείαν
957 735 1369 807 νενομοθέτηται
1450 733 1683 809 γίνεσθαι
1747 731 1911 804 μέσον

2030 743 2201 789 ersus
2221 738 2595 809 stupratores
2623 729 2798 807 tlatis]
2855 728 3094 790 obnoxii
3137 739 3336 793 erunt.
3374 732 3556 792 Porro
3588 729 3638 791 si

274 834 379 883 τῶν
427 827 728 902 ὃμοζύγων,
786 825 823 890 ἦ
866 828 973 879 τῶν
1033 827 1209 899 μερῶν
1252 823 1426 878 αὒτῶν
1467 824 1526 880 οὔ
1559 818 1913 896 τρακταισθή-

2025 817 2231 895 mando
2257 818 2334 879 im
2347 816 3040 899 peratorsponsaliorum
3067 819 3639 898 nuptiarumvetem-

273 939 446 978 σεται,
512 915 632 970 αλλ’
691 914 872 988 ὥσπερ
929 914 972 969 εἰ
1031 911 1168 985 μηδέ
1216 908 1417 989 προέϐη
1464 909 1724 984 μνηστεία
1774 904 1911 981 μηδὲ

2025 924 2110 966 »υς
2143 907 2461 979 innovavit,
2499 907 2906 987 conjungendi
2964 917 3102 968 ante
3135 909 3492 988 praeﬁnitum
3529 907 3636 987 [ei]

273 1005 559 1083 προγᾶμου
609 1000 1058 1081 παρηκολούθησε
1120 998 1311 1078 δωρεὰ,
1385 997 1598 1076 βέϐαιος
1653 999 1681 1053 ὁ
1740 995 1911 1075 γάμος

2025 994 2082 1055 ei
2111 1003 2350 1076 tempus
2382 1006 2573 1058 morte
2603 996 2887 1075 disjuncti
2926 996 3150 1058 fuerint
3186 1014 3198 1056 :
3234 998 3642 1077 impediantur

277 1095 426 1153 ἔσται
458 1096 548 1151 καὶ
577 1091 953 1171 ἀδιᾶῤῥτ,κτος.

2026 1102 2144 1145 unc
2205 1090 2381 1146 etiam
2448 1087 2768 1167 prohibitm
2829 1104 3121 1166 personae,
3187 1104 3385 1167 neque
3416 1087 3538 1150 illis
3565 1087 3638 1148 ad

270 1183 611 1246 audendum
647 1200 765 1243 non
789 1179 1065 1241 audenda
1098 1179 1311 1240 bonum
1345 1176 1722 1238 occasionem
1754 1171 2180 1253 suppeditabit,
2205 1176 2366 1251 quod
2400 1176 2704 1256 sponsalia
2734 1177 3023 1254 nuptizeve
3056 1188 3194 1237 ante
3223 1186 3457 1256 tempus
3482 1177 3641 1259 quod

274 1275 501 1335 nostris
530 1269 1067 1333 constitutionibus
1100 1270 1342 1346 placuit,
1367 1275 1557 1328 morte
1587 1262 1874 1325 dissoluta
1904 1260 2047 1324 sint.
2072 1261 2240 1334 Quod
2273 1265 2432 1326 enim
2471 1266 2739 1346 perfecto
2766 1266 3205 1345 sponsaliorum
3230 1267 3642 1346 nuptiarumve

271 1362 527 1443 tempori
569 1362 760 1439 deest,
797 1359 897 1437 ]it|]
944 1358 1233 1439 supplens
1265 1346 1644 1438 imperatoris
1696 1351 2066 1443 dispensatio
2095 1365 2452 1443 perpetuum
2506 1355 2767 1418 servabit
2798 1356 3636 1443 prohibitisimpeilimentum

277 1460 340 1513 ut
384 1438 523 1531 [illi]
556 1450 716 1512 nullo
750 1438 926 1512 modo
957 1438 1197 1509 vetitum
1248 1456 1618 1508 contractum
1653 1442 1807 1531 inire
1837 1438 2139 1531 [possint].
2177 1442 2369 1514 Quare
2411 1448 2755 1527 quicunque
2785 1440 3133 1508 contractus
3154 1463 3224 1507 ex
3247 1446 3432 1527 justis
3462 1466 3641 1529 spon-

273 1528 883 1622 salibus'perfectisve
914 1538 1133 1619 nuptiis
1165 1537 1600 1618 impediuntur,
1637 1532 1695 1594 hi
1725 1529 1899 1592 etiam
1932 1528 2008 1622 ab_
2039 1530 2158 1592 illis
2203 1553 2335 1614 qua:
2366 1537 2519 1599 intra
2552 1535 2882 1615 legitimum
2914 1545 3154 1616 tempus
3187 1555 3295 1617 per
3322 1528 3638 1617 diSpensa-

275 1631 498 1694 tionem
522 1617 845 1693 constituta
877 1636 935 1690 et
958 1617 1308 1689 naturaliter
1337 1625 1627 1688 dissoluta
1656 1628 1815 1694 sunt,
1849 1617 2242 1687 arcebantur.

360 1728 609 1782 ΚΕΦΑΔ.
658 1720 740 1779 Γ’.
801 1753 875 1764 -
940 1720 1071 1798 Περί
1117 1724 1224 1774 τῶν
1249 1718 1587 1774 ὑπονοουσῶν
1623 1715 1912 1769 ἀποθανεῖν

272 1812 394 1877 τοὺς
421 1808 608 1879 ἄνδρας
642 1814 836 1881 αὐτῶν,
870 1811 956 1866 καὶ
981 1813 1290 1887 γαμουσῶν,

354 1899 583 1957 Συνόδου
608 1897 712 1973 ς’,
744 1899 921 1956 κανὼν
955 1896 1053 1976 4γ’
1089 1917 1102 1932 ⁸
1136 1895 1408 1953 Βασιλείαν
1440 1894 1613 1952 κανὼν
1635 1888 1748 1965 λα’,
1773 1889 1909 1965 λς,

272 1987 395 2068 PQ"

360 2039 638 2156 Κέίμενον,
702 2078 769 2135 Ἠ
852 2079 977 2157 περῖ
1063 2075 1337 2155 ῥεπουδίου
1393 2071 1753 2152 διαλεγομένη
1813 2067 1914 2148 ριζ’

1998 1981 2077 2044 46

2079 1709 2248 1777 CAP.
2285 1712 2382 1777 ΙΙΙ.
2437 1749 2508 1761 —-
2568 1714 2661 1778 De
2714 1715 3105 1796 mulieribus,
3167 1734 3305 1797 quw
3360 1716 3641 1780 absentes

1939 1838 1976 1889 Β
1995 1805 2251 1867 maritos
2276 1821 2418 1869 suos
2443 1804 2662 1868 abiisse
2689 1807 3070 1884 suspicantes
3096 1804 3356 1889 nubunt.

2078 1893 2331 1956 Concilii
2363 1893 2515 1958 sexti
2544 1913 2735 1958 canon
2768 1894 2846 1956 95
2876 1915 2893 1972 ;
2926 1892 3132 1957 Basilii
3164 1887 3356 1957 canon
3388 1896 3491 1976 3t,
3536 1896 3638 1975 36,

2086 2028 2331 2137 7extus.
2365 2073 2508 2147 Quae
2538 2074 2614 2137 de
2641 2077 2911 2157 repudiis
2959 2075 3208 2138 disserit
3238 2076 3467 2139 novella
3503 2078 3639 2158 H7,

275 2170 460 2249 νεαρὰ,
505 2192 561 2229 κ.
603 2192 655 2227 τ.
702 2167 783 2249 λ.,
824 2183 1017 2248 usque
1046 2165 1120 2228 ad
1152 2172 1197 2224 εἰ
1228 2165 1282 2223 δὲ
1312 2163 1624 2246 φοιδεράτος
1652 2161 1792 2239 παρᾶ
1824 2168 1916 2218 τοῦ

2025 2172 2142 2239 etc.,
2176 2180 2368 2245 usque
2395 2164 2474 2226 ad
2496 2162 2570 2226 ab
2604 2166 2792 2246 ipsius
2826 2165 3097 2248 optione,
3132 2173 3200 2230 ut
3222 2183 3370 2247 pag.
3400 2166 3542 2231 903.

272 2258 547 2322 οπτίοντος
580 2258 757 2318 αὺτοῦ.

359 2349 620 2431 Σχόλιον.
669 2350 734 2406 Ἦ
789 2350 913 2427 περὶ
948 2345 1218 2425 διαζυγίου
1275 2344 1376 2425 ριζ’
1426 2346 1586 2424 νεαρὰ
1614 2349 1710 2400 ταῦ
1753 2342 1914 2431 βασιτ

274 2439 412 2504 λέως
472 2437 869 2519 ’1ουστινιανοῡ,
931 2436 1042 2494 ἔστι
1097 2459 1220 2517 acip,
1269 2436 1321 2515 γ’
1351 2445 1445 2495 τοῦ
1473 2443 1521 2517 ζι
1555 2436 1656 2495 τίτ,
1700 2439 1792 2489 τοῦ
1824 2427 1918 2497 κη’

277 2527 509 2607 βιῦλίου,
564 2531 652 2586 καί
708 2552 839 2607 φησι
898 2534 1007 2584 τῶν
1063 2532 1331 2605 γυναικῶν
1404 2548 1509 2582 των
1582 2526 1920 2580 δπονοουσών

278 2618 596 2690 τελευτῆσαι
667 2621 786 2681 τοὺς
865 2616 1275 2694 ἀποδημοῦντας
1332 2615 1523 2695 ἄνδρας
1589 2611 1920 2691 στρατιώτας

2078 2341 2413 2407 Scholium.
2448 2345 2532 2407 De
2592 2345 2861 2426 repudiis
2900 2347 3008 2409 H7
3043 2345 3427 2425 imperatoris
3454 2344 3645 2409 Justi-
3714 2420 3717 2427 ι

2003 2431 2167 2493 niani
2197 2433 2453 2509 novella,
2488 2442 2579 2496 est
2608 2454 2740 2516 cap.
2777 2434 2836 2509 3,
2872 2437 2959 2497 tit.
2996 2438 3054 2508 7.
3095 2435 3198 2498 lib.
3234 2453 3413 2499 xxvnt
3456 2436 3640 2499 Basil.

2003 2522 2334 2586 etdicitde
2393 2524 2754 2588 mulieribus
2813 2526 3061 2588 maritos
3109 2544 3252 2589 suos
3285 2525 3505 2588 milites
3530 2523 3643 2589 ab-

2003 2622 2207 2674 sentes
2237 2611 2458 2676 obiisse
2491 2615 2956 2696 suspicantibus,
2982 2634 3354 2698 quaecunque
3386 2615 3448 2677 in
3481 2623 3645 2679 textu

2005 2703 2436 2782 compendiose
2469 2704 2774 2786 proposita
2803 2714 2964 2767 sunt.

2084 2791 2249 2856 CAP.
2286 2794 2380 2856 IV.
2420 2828 2490 2839 -
2524 2795 2611 2857 De
2636 2795 2717 2857 iis
2744 2798 2853 2876 qui
2881 2795 3208 2860 divortium
3238 2797 3499 2874 faciunt.

2086 2882 2513 2963 Apostolorum
2540 2902 2733 2947 canon
2767 2888 2804 2946 5
2831 2906 2847 2961 ;
2880 2886 3123 2948 concilii
3154 2884 3519 2965 Gangrensis
3550 2902 3645 2947 ca-

2006 2991 2126 3034 non
2159 2972 2277 3048 t4;
2310 2974 2546 3035 concilii
2581 2976 3071 3055 Carthaginensis
3104 2993 3295 3037 canon
3337 2980 3471 3053 106;
3505 2993 3645 3036 con-

2007 3062 2130 3124 cilii
2163 3064 2312 3124 sexti
2337 3081 2527 3126 canon
2560 3066 2675 3139 87;
2711 3066 2914 3128 Basdii
2945 3084 3137 3127 canon
3170 3066 3229 3139 9,
3272 3066 3373 3140 35,
3405 3066 3508 3140 48,
3540 3066 3643 3131 77.

373 3157 648 3233 Κιίμενον,
722 3158 847 3231 Περὶ
931 3154 1237 3227 διαζεύξεως
1278 3163 1282 3167 ⁴
1322 3155 1498 3232 γάμου
1568 3153 1622 3210 ὲν
1694 3151 1921 3214 πολλοῖς

2090 3149 2337 3216 Texlus.
2367 3151 2454 3214 De
2481 3153 2886 3234 disjnnctione
2917 3155 3463 3233 matrimoniorum,
3498 3164 3643 3230 etc.,

283 3249 497 3319 τόποις,
531 3268 587 3309 κ.
620 3269 674 3305 τ.
710 3246 793 3325 λ.,
824 3262 1014 3327 usque
1043 3244 1115 3305 ad
1148 3245 1397 3323 γυναικὸς
1429 3245 1711 3321 ὁρισθεῖσι.

2025 3257 2194 3319 usque
2221 3242 2304 3303 ad
2331 3242 2660 3322 ignoretur,
2693 3250 2760 3307 ut
2787 3263 2932 3327 pug.
2965 3246 3106 3310 907.

365 3336 628 3418 Σχόλιον.
676 3334 738 3394 ’0
781 3334 831 3413 β’
877 3337 984 3395 τίτ.
1017 3336 1111 3391 τοῦ
1138 3331 1220 3391 κε’
1251 3331 1466 3410 βιϐλίου
1495 3339 1601 3389 τῶν
1632 3330 1773 3391 διατ.
1807 3344 1921 3387 κετ-

2058 3328 2421 3418 ,Schoh’um.
2455 3329 2574 3394 Tit.
2611 3332 2669 3404 2,
2709 3332 2815 3398 lib.
2852 3352 2969 3397 xxv
3020 3334 3156 3413 Dig.
3213 3342 3303 3396 est
3350 3333 3411 3396 in
3447 3334 3538 3397 tit.
3576 3335 3640 3395 11

278 3450 369 3485 ται
417 3417 490 3490 εἷς
548 3427 641 3482 τὸν
698 3423 796 3499 ια’,
849 3425 954 3484 τίτ.
988 3430 1080 3480 τοῦ
1108 3419 1430 3500 κη’βιϐλίου
1457 3427 1564 3479 τῶν
1596 3420 1918 3489 Βασιλικῶν,

2031 3417 2113 3481 ib.
2146 3418 2328 3482 Basil.
2367 3438 2571 3484 xxvnt.
2603 3424 2699 3484 Tit
2754 3442 2895 3486 vero
2930 3426 3029 3501 17,
3071 3424 3177 3487 lib.
3213 3444 3268 3501 ν,
3302 3426 3436 3486 cod.
3478 3423 3644 3503 posi-

279 3518 370 3573 καὶ
414 3517 442 3570 ὁ
478 3512 543 3586 ιζ’
589 3514 694 3576 τίτ,
741 3520 836 3571 τοῦ
881 3512 924 3569 ε’
969 3509 1176 3587 βιϐλίου
1219 3517 1312 3569 τοῦ
1360 3508 1592 3573 κώόικος
1635 3508 1790 3577 ἐτέθη
1850 3511 1921 3573 εἷς

2025 3527 2101 3568 ,υς
2135 3518 2225 3569 est
2252 3509 2312 3571 in
2344 3528 2478 3591 cup.
2518 3511 2610 3585 10,
2648 3515 2737 3574 tit.
2777 3515 2838 3594 7,
2898 3514 3005 3576 lib.
3041 3530 3243 3576 xxvnl.
3280 3513 3465 3577 Basil.
3501 3516 3647 3574 Jus-

278 3627 405 3685 κε’ρ.
440 3602 477 3661 ι’
509 3610 604 3661 τοῦ
653 3602 700 3674 ζ’
746 3605 851 3665 τίτ.
897 3608 991 3659 τοῦ
1034 3600 1128 3668 κη’
1184 3597 1390 3679 βιϐλίου
1431 3605 1538 3655 τῶν
1595 3597 1921 3679 Βασιλικῶν,

2025 3597 2214 3660 iniani
2247 3607 2445 3661 autem
2484 3601 2720 3663 novella
2758 3604 2889 3677 H7,
2946 3607 3139 3683 posita
3195 3611 3285 3664 est
3314 3610 3397 3675 (ut
3427 3603 3648 3683 saepius

279 3698 368 3752 καὶ
432 3695 466 3762 ἡ
526 3693 624 3770 ριζ¹
684 3691 1112 3755 ἰουστινιάνειος
1177 3691 1339 3769 νεαρὰ
1379 3689 1534 3756 ἐτέθη
1592 3691 1665 3753 ὡς
1714 3686 1921 3745 πολλά-

2025 3687 2293 3766 liximus)
2323 3689 2384 3751 in
2414 3689 2521 3752 lib.
2555 3706 2761 3765 xxvm,
2797 3692 2887 3754 tit.
2924 3693 2981 3769 Ἰ,
3018 3711 3150 3773 cap.
3183 3710 3224 3763 ι.
3260 3711 3393 3773 qua;
3422 3691 3509 3756 sic
3540 3709 3647 3774 pro

275 3807 363 3848 κις
396 3781 626 3858 εἴπομεν
658 3783 732 3846 εἰς
763 3778 967 3857 βιϐλίον
996 3780 1088 3847 κη’
1120 3780 1279 3851 vim?
1313 3777 1495 3860 κεφ.α’
1529 3777 1697 3841 οὕτως
1721 3777 1921 3859 ἔχουσα

2025 3788 2179 3842 iarte
2208 3779 2410 3854 habet,
2445 3789 2509 3841 ut
2536 3780 2598 3842 in
2632 3788 2794 3843 textu
2818 3782 3248 3862 compendiose
3274 3781 3649 3863 propositum

277 3874 338 3932 ἐν
370 3873 517 3950 μέρει
549 3874 626 3941 ὼε
656 3872 965 3947 συνωψίσθη
1024 3871 1100 3934 εἷς
1156 3873 1219 3928 τὸ
1274 3869 1542 3945 ιιείμενον.
1585 3864 1650 3924 Ἠ
1693 3865 1750 3923 δὲ
1807 3869 1921 3947 περὶ

2025 3877 2121 3930 ast.
2160 3870 2246 3932 De
2300 3869 2525 3950 nuptiis
2582 3870 2820 3934 novella
2872 3870 2972 3948 ἓξ,
3039 3872 3232 3950 posita
3290 3880 3382 3934 est
3429 3872 3491 3934 in
3536 3870 3644 3935 lib.

279 2710 478 2785 αὐτῶν,
512 2710 611 2766 ὅσα
644 2710 1052 2784 συιωψίσθησαν
1085 2709 1157 2773 είς
1187 2710 1242 2764 τὸ
1275 2710 1547 2782 κείμενον,

366 2806 618 2861 ΚΕΦΑΛ.
669 2797 730 2855 A'
745 2845 760 2861 .
794 2800 920 2874 Περὶ
956 2805 1053 2854 τῶν
1086 2795 1560 2875 διαζευγνυμένων.

364 2886 711 2946 Ἀποστὸλων
756 2888 934 2945 κανὼν
978 2885 1021 2943 ε’
1069 2885 1286 2944 συνόδου
1332 2887 1574 2964 Γάγγροις
1617 2885 1793 2942 κανὼν
1823 2880 1869 2938 δ’
1903 2898 1917 2911 ·

285 2977 501 3037 συνόδου
537 2977 903 3055 Καρθαγέννης
959 2978 1135 3034 κανὼν
1195 2976 1277 3052 ρβ’
1312 2996 1325 3011 ·
1362 2974 1581 3032 συνόδου
1610 2974 1712 3048 ς’,
1750 2974 1922 3029 κανὼν

286 3068 373 3139 πζ’
410 3087 426 3103 ⁸
462 3067 738 3124 Βασιλείου
769 3068 943 3125 κανὼν
974 3064 1047 3138 θ’,
1082 3065 1186 3146 λε’,
1222 3066 1344 3141 μη’,
1378 3063 1479 3136 οζ’.

275 3963 458 4042 γάμον
499 3958 588 4018 κα⁹
633 3961 794 4039 νεαρὰ
824 3958 979 4027 ἐτέθη
1030 3961 1102 4025 εἷς
1145 3957 1351 4036 βιϐλίον
1395 3955 1489 4029 κη’
1547 3960 1650 4017 τίτ,
1714 3955 1781 4013 ιδ’
1839 3960 1927 4013 καὶ

275 4053 387 4114 τίτ.
418 4049 466 4108 δ’
514 4053 579 4108 τὸ
616 4052 717 4118 τῆς
769 4046 882 4129 ρκζ’
928 4056 1115 4127 νεαρᾶς
1175 4071 1298 4131 κεφ.
1358 4049 1421 4105 τὸ
1481 4049 1599 4127 περὶ
1653 4044 1928 4126 ῥεπουδίου

276 4140 666 4221 διαλεγόμενον
695 4140 793 4197 οὒκ
823 4140 977 4207 ἐτέθη
1027 4141 1101 4203 εἷς
1153 4141 1218 4199 τὰ
1260 4137 1544 4212 Βασιλικόι,
1578 4136 1699 4195 ἀλλ’
1729 4136 1926 4217 ἐδέχθη

277 4231 493 4309 μᾶλλον
522 4232 583 4287 τὸ
617 4229 689 4308 ιγ’
723 4251 842 4310 κεφ.
878 4234 977 4296 τῆς
1008 4227 1119 4308 ρλδ’
1171 4234 1359 4304 νεαρᾶς
1406 4229 1495 4285 καὶ
1539 4226 1652 4301 ἔστι
1698 4248 1819 4308 κεφ.
1881 4223 1925 4281 δ’

276 4328 376 4380 τοῦ
413 4319 459 4392 ζ’
503 4322 605 4379 tit.
656 4327 749 4379 τοῦ
781 4317 872 4388 κη’
914 4315 1143 4396 βιϐλίου,
1192 4317 1288 4374 καὶ
1319 4317 1463 4395 λέγει
1492 4316 1618 4382 ’ίσας
1653 4318 1799 4374 εἶναι
1830 4317 1927 4379 τὰς

277 4411 472 4476 ποινὰς
505 4417 612 4469 τῶν
643 4409 855 4488 ἀλόγων
886 4406 1197 4488 ρεπουδίων,
1225 4409 1315 4465 καὶ
1345 4404 1781 4488 ἐπ’ἀμφοτέροις
1810 4419 1928 4472 τοῖς

281 4499 495 4580 μέρεσι.

2008 3974 2214 4034 xxvm,
2249 3960 2339 4021 tit.
2371 3960 2405 4020 4
2436 3971 2499 4021 et
2537 3961 2628 4022 14.
2664 3959 2835 4033 Quod
2868 3963 3049 4041 [vero]
3084 3960 3334 4023 novellae
3367 3962 3504 4035 427,
3543 3980 3648 4024 ca-

2011 4058 2114 4129 put
2143 4048 2219 4111 de
2248 4050 2518 4131 repudiis
2547 4050 2812 4126 disserit,
2849 4069 2966 4113 non
3002 4059 3093 4113 est
3126 4051 3383 4131 positum
3436 4053 3498 4114 in
3530 4052 3646 4115 Ba-

2010 4137 2130 4213 sil.,
2163 4140 2268 4201 sed
2325 4141 2511 4219 magis
2540 4140 2931 4221 approbatum
2966 4150 3057 4204 est
3105 4160 3235 4223 cap.
3298 4143 3367 4206 t3
3401 4142 3650 4205 novellae

2010 4226 2126 4292 134
2162 4246 2176 4292 :
2210 4229 2366 4309 quod
2401 4249 2536 4312 cap.
2568 4234 2633 4313 4,
2685 4232 2774 4293 tit.
2834 4233 2896 4308 7,
2958 4232 3059 4294 lib.
3097 4249 3281 4295 xxvm
3309 4240 3422 4309 est,
3457 4251 3527 4295 ac
3554 4242 3649 4295 te-

2011 4318 2406 4382 merariorum
2439 4321 2830 4402 repudiorum
2867 4323 2927 4384 in
2960 4332 3209 4404 utraque
3240 4331 3410 4406 parte
3439 4341 3650 4405 aequa-

2011 4407 2100 4471 les
2124 4427 2256 4472 esse
2289 4428 2495 4490 poenas
2526 4410 2693 4476 dicit.

365 4559 644 4666 ἰςιίεέενον.
678 4588 952 4666 Ἀζημίως
1000 4588 1056 4646 δὲ
1088 4588 1297 4670 λύεται,
1330 4611 1384 4651 κ.
1420 4610 1473 4652 τ.
1507 4587 1592 4663 λ.,
1625 4605 1816 4669 usque
1846 4587 1919 4650 ad

2096 4589 2340 4653 Temtus.
2379 4593 2629 4673 Impune
2680 4600 2879 4656 autem
2939 4593 3214 4676 solvitur,
3260 4601 3404 4670 etc.,
3457 4608 3649 4674 usque

280 4681 570 4754 πενταετίᾳ
596 4682 779 4757 μείνη,
814 4681 859 4738 εἰ
888 4681 978 4751 (ﬁ.

360 4770 620 4850 Σχόλιοι).
680 4773 752 4829 Τὸ
803 4769 848 4827 δ’
884 4792 1006 4851 me,
1041 4775 1138 4840 τῆς
1188 4767 1276 4848 κβ’
1319 4766 1748 4829 Ἰουστινιανείου
1792 4792 1921 4827 νεα-

276 4866 376 4938 ρᾶς
420 4862 478 4917 ἐν
514 4868 590 4935 τῷ
633 4859 679 4933 ζ’
725 4861 827 4924 τίτ,
890 4863 983 4918 τοῦ
1040 4860 1131 4928 κη’
1190 4857 1394 4937 βιϐλίου
1431 4861 1678 4936 κείμενόν
1735 4884 1867 4942 φησι
1904 4881 1917 4896 ⁸

282 4959 413 5012 Ταῖς
487 4948 541 5007 δέ
599 4951 905 5031 εἰρημέναις
978 4951 1163 5016 αἰτίαις
1235 4948 1537 5027 συνείθομεν
1611 4952 1699 5009 καὶ
1756 4960 1921 5011 ταῦτα

276 5039 536 5115 ὀνομαστὶ
581 5045 895 5120 προσθεῖναι
954 5039 1006 5107 ἐξ
1063 5043 1139 5097 ὧν
1183 5041 1305 5104 τοὺς
1339 5042 1545 5121 γάμους
1581 5041 1747 5109 ἔξεστι
1794 5040 1923 5122 δίχα

279 5128 474 5197 ποινῆς
532 5128 790 5190 διαλύειν.
856 5132 953 5191 Καὶ
1003 5132 1190 5191 αὐτίκα
1241 5130 1478 5213 ἐπιφέρει
1508 5133 1594 5190 καὶ
1627 5133 1720 5197 τὰς
1753 5132 1923 5198 αἰτίας

275 5218 380 5286 τήν
411 5220 509 5286 τῆς
540 5219 823 5287 ἀσκήσεως
853 5219 1086 5294 δηλαδὴ,
1150 5225 1248 5290 τὴν
1301 5221 1387 5279 ἐπὶ
1442 5221 1642 5301 τριετίᾳ
1681 5221 1924 5279 ἄσύναπ-

280 5329 379 5365 τον
409 5310 700 5391 ὁμοζωίαν,
761 5312 847 5369 καὶ
891 5311 993 5379 τὴν
1035 5310 1133 5379 τῆς
1179 5309 1581 5392 αἰχμαλωσίας,
1643 5310 1791 5379 Πλὴν
1821 5312 1928 5370 ἀπὸ

280 5397 383 5473 μὶν
414 5403 521 5454 τῶν
555 5396 646 5456 δύο
676 5401 860 5457 αἰτιῶν
891 5402 1058 5481 χωρὶς
1089 5404 1285 5469 ποινῆς
1332 5407 1430 5458 καί
1472 5398 1671 5467 δόσεως
1702 5400 1927 5472 οἱασδή-

277 5487 427 5553 τινός
472 5510 603 5569 φησι
648 5486 865 5547 λύεσθαι
908 5492 971 5547 τὸ
1003 5488 1354 5551 συνοικέσιον.
1391 5487 1529 5550 Ἀπό
1559 5489 1615 5549 δὲ
1643 5498 1739 5551 τοῦ
1767 5491 1929 5569 μοναί·

282 5600 372 5640 σαι
431 5579 652 5662 θάτερον
713 5580 818 5639 τῶν
879 5581 1160 5661 ὁμοζύγων
1203 5582 1333 5662 φησι
1393 5589 1582 5660 ταυτα,
1633 5587 1928 5653 τηνικαῦτα

2006 4678 2106 4749 ad,
2136 4680 2410 4762 quinque
2439 4700 2629 4745 annos
2661 4692 2921 4758 maneat,
2951 4684 3002 4744 si
3033 4684 3208 4759 vivat,
3248 4691 3316 4746 ut
3340 4700 3476 4763 pag.
3502 4684 3646 4745 910.

2084 4768 2423 4834 Scholium.
2452 4772 2712 4835 Novella:
2733 4771 3058 4835 Justiniani
3075 4773 3176 4845 29,
3193 4773 3233 4834 4
3256 4772 3463 4853 cap.in
3483 4771 3647 4845 tit.7,

2004 4858 2619 4943 lib.xxvm,positum,
2645 4863 2752 4925 ait:
2777 4859 3085 4924 Praedictis
3108 4858 3306 4924 causis
3324 4861 3513 4921 visum
3540 4878 3648 4923 no-

2007 4948 2097 5012 bis
2110 4959 2199 5011 est
2218 4950 2572 5014 nominatim
2590 4959 2648 5013 et
2671 4952 2852 5014 hasce
2871 4969 3276 5033 apponere,ex
3292 4948 3513 5031 quibus
3531 4968 3651 5012 ma-

2008 5041 2291 5103 trimonia
2312 5041 2640 5104 dissolvere
2676 5041 2767 5104 vel
2809 5042 2962 5103 citra
2987 5057 3219 5118 ptenam
3249 5040 3392 5103 licet
3421 5056 3436 5100 :
3466 5051 3648 5121 atque

2007 5130 2292 5193 continuo
2343 5149 2549 5194 causas
2600 5132 2779 5193 etiam
2829 5130 3098 5206 adducit,
3128 5129 3265 5193 vitae
3307 5130 3649 5193 monasticae

2011 5220 2405 5300 nempe,[eisi
2423 5220 2556 5302 qui]
2571 5221 2723 5282 intra
2749 5220 3077 5284 triennium
3093 5219 3414 5300 conjugem
3435 5238 3552 5281 non
3564 5227 3651 5283 at-

2014 5309 2288 5389 tingat,et
2308 5310 2665 5387 captivitatis
2688 5310 2953 5381 [causam
2982 5308 3294 5391 denique].
3328 5310 3647 5373 Verumta-

2014 5418 2149 5461 men
2173 5417 2242 5462 ex
2268 5399 2502 5462 duabus
2524 5401 2725 5462 causis
2743 5400 2891 5462 citra
2912 5418 3148 5483 pmnam
3174 5407 3353 5481 atque
3373 5399 3650 5482 qualem-

2012 5508 2251 5569 cunque
2278 5490 2583 5555 dationem
2631 5492 2975 5573 conjugium
3029 5489 3203 5566 solvi,
3236 5490 3317 5553 ait
3349 5507 3364 5551 ε
3400 5489 3649 5565 Quando

2012 5598 2156 5645 vero
2186 5581 2339 5646 alter
2365 5582 2689 5666 conjugum
2739 5587 2917 5645 vitam
2949 5580 3343 5646 monasticam
3374 5580 3649 5666 suscipit,
