4030 6212
164 338 292 403 1193
1098 324 1593 398 NOMOCANON.
1639 362 1717 375 -—
1776 328 1932 395 TIT.
1981 333 2149 415 x111,
2203 333 2367 402 CAP.
2417 334 2493 397 ν.
3337 323 3489 403 nos

156 484 255 538 ἐστΐ
294 480 436 555 νεκρὰ
495 477 917 545 ἰοδστινιάνειος
970 478 1084 556 ρμ’,
1119 479 1239 547 ἥτις
1272 477 1387 535 οὒόὲ
1420 479 1560 543 ὅλως
1593 478 1747 545 ἐτέθη

1896 496 1966 540 ise
1997 478 2159 541 nullo
2197 478 2370 543 modo
2407 479 2469 543 in
2503 479 2686 544 Basil.
2722 479 2915 560 posita
2942 484 3063 544 est.
3088 478 3262 553 Quod
3280 491 3487 549 autem

157 576 217 635 si;
260 569 523 632 Βαςιλικά,
560 568 661 627 Καὶ
704 571 765 626 τὸ
807 569 905 635 τήν
947 569 1203 647 ἄπροικον
1254 571 1495 645 γαμετὴν
1538 568 1748 645 λαμϐά-

1899 568 2109 630 1ᾶοιδιο
2167 586 2316 632 uxor
2371 587 2442 632 ex
2496 567 2875 633 maritalibus
2931 567 3131 646 bonis,
3192 588 3330 635 cum
3386 572 3490 638 ille

160 683 249 717 νιιν
297 662 353 716 τὸ
390 657 487 725 τῆς
532 657 769 736 ἁνδρώας
812 659 1117 738 παριουσίας
1162 662 1223 715 Est
1266 665 1361 716 τοῦ
1405 660 1619 738 ἀλόγως
1662 660 1751 736 ῥι-

1892 655 2079 739 psam]
2112 657 2265 720 citra
2292 659 2587 722 rationem
2620 658 2920 741 repudiat,
2956 658 3353 741 quadrantem
3384 680 3483 728 ca-

152 750 490 808 πουδιατιῶαι
544 750 694 822 aii-rb,
768 748 931 829 μέρος
975 750 1084 805 toti
1126 749 1227 817 τῆς
1270 747 1371 828 ριζ’
1417 756 1607 828 νεαρᾶς
1666 752 1743 806 vei

1893 747 1955 821 lt,
1989 755 2080 811 est
2108 763 2245 827 pars
2275 748 2528 813 novellas
2577 749 2959 831 imperatoris
2991 748 3314 815 Iustiniani
3348 753 3484 831 117,

150 839 383 917 βασιλέως
440 838 841 899 Ἰωστινιανοῦ.
905 837 1053 905 Πλὴν
1116 837 1231 897 οὒδὲ
1276 845 1432 896 τοῦτο
1477 838 1632 907 ἇτέθη
1683 842 1741 896 ιιι

1422 863 1432 894 ›
1477 838 1632 907 Non
1683 842 1757 904 εἰς
1842 837 1947 899 sed
1982 854 2177 917 neque
2207 837 2335 903 hac
2366 839 2430 903 in
2460 839 2646 903 Basil.
2681 840 2871 921 posita
2901 847 3013 905 est.

380 929 489 987 ικά.

148 930 203 987 τὲ
228 928 489 1006 βασιλικά.

220 1020 480 1094 licitas-los.
544 1025 805 1076 Τοσοῦτον
881 1017 934 1074 δὲ
1013 1017 1287 1076 ἀκώλὺτόν
1349 1020 1492 1076 ἐστιν
1558 1022 1593 1088 ἡ
1655 1027 1739 1078 τῶ·

1930 1014 2170 1080 Toxlus.
2232 1015 2430 1099 Usque
2479 1017 2631 1081 adeo
2687 1027 2886 1083 autem
2937 1020 3482 1097 matrimoniorum,

146 1110 314 1188 γάμων
368 1108 629 1174 διάλυσις.
675 1133 730 1169 κ.
776 1133 827 1171 τ.
880 1113 931 1169 λ.
981 1124 1172 1189 usque
1217 1108 1292 1169 ad
1356 1110 1737 1188 ἐπερωτηθιτσι

1527 1114 1759 1177 meum
1844 1113 1988 1180 etc.,
2022 1122 2210 1185 usque
2238 1105 2324 1169 ad
2353 1106 2523 1171 irrita
2553 1116 2672 1184 est,
2705 1116 2770 1171 ut
2793 1126 2937 1189 pag.
2971 1110 3118 1173 910.

148 1221 251 1257 ποιν
263 1201 287 1268 ἠ
299 1248 310 1261 .

207 1287 777 1369 Scholium.Dig.18,
819 1288 913 1354 tit.
947 1288 1006 1368 1,
1041 1287 1148 1349 lib.
1183 1288 1313 1367 Dig.
1352 1297 1583 1364 xav,est
1612 1306 1743 1371 cap.
1782 1291 1877 1368 18,
1918 1294 2008 1356 tit.
2043 1294 2100 1367 1,
2137 1292 2240 1355 lib.
2276 1310 2418 1358 xuu
2447 1295 2630 1359 Basil.
2668 1296 2832 1377 quod
2862 1297 2946 1360 sic
2967 1295 3168 1361 habet:
3196 1298 3368 1361 Irrita
3387 1304 3478 1362 est

138 1378 496 1469 stipulatione
530 1377 851 1469 constituta
880 1394 1076 1469 poena,
1108 1378 1159 1439 si
1187 1378 1368 1469 culpa
1400 1378 1646 1469 alterius
1675 1380 1996 1462 conjugum
2052 1383 2379 1447 divortium
2424 1384 2647 1449 factum
2677 1385 2880 1465 fuerit,
2917 1395 2980 1451 ut
3009 1405 3086 1450 ne
3117 1387 3485 1469 privatorum

138 1466 424 1558 hominum
449 1466 640 1548 pactis
654 1484 830 1548 pmna
854 1465 1093 1558 publica
1118 1466 1727 1548 perimatur.0useras
1754 1470 1857 1535 lib.
1887 1488 2048 1547 xxix,
2085 1474 2175 1534 tit.
2211 1474 2273 1550 5,
2299 1490 2435 1554 cap.
2459 1477 2519 1549 ὅ,
2554 1485 2616 1537 et
2638 1476 2728 1539 tit.
2762 1478 2824 1539 6.
2862 1476 2966 1539 lib.
2998 1465 3163 1553 xuii,
3193 1493 3329 1558 cap.
3359 1477 3491 1553 9,et

138 1556 320 1647 thema
351 1557 406 1633 3,
442 1574 578 1639 cap.
604 1558 705 1638 9⁵1,
741 1559 835 1647 tit.
870 1558 928 1632 1,
962 1556 1066 1647 lib.
1100 1574 1268 1633 mn,
1297 1565 1355 1620 et
1387 1558 1592 1621 thema
1618 1566 1680 1635 1,
1714 1579 1729 1622 1

1898 1560 1999 1623 134
2027 1563 2300 1643 ejusdem
2330 1562 2439 1625 lib.
2470 1570 2530 1627 et
2559 1565 2677 1639 tit.,
2704 1574 2767 1628 et
2797 1565 2999 1628 thema
3028 1564 3231 1647 2,cap.
3261 1556 3401 1645 121,
3426 1574 3489 1630 et

138 1645 229 1710 lib.
254 1664 312 1723 ιι,
342 1647 427 1709 tit.
463 1652 668 1727 2,cap.
690 1646 832 1724 243,
855 1654 912 1709 et
934 1645 1043 1708 lib.
1069 1662 1271 1722 xxvm,
1301 1648 1390 1711 tit.
1421 1648 1479 1724 7,
1508 1665 1639 1729 cap.
1668 1650 1724 1723 7,
1746 1654 1807 1723 8,
1830 1650 2276 1732 9.Digest.l34,
2302 1652 2392 1715 tit.
2427 1658 2483 1729 1,
2507 1652 2614 1715 lib.
2641 1669 2779 1717 XLV.
2804 1653 3032 1734 Digest.
3058 1645 3309 1736 estcap.
3343 1654 3487 1735 134,

136 1735 213 1797 tit.
246 1736 299 1811 1,
333 1736 438 1799 111).
474 1752 645 1800 me.
680 1736 1036 1819 Basil.quod
1066 1736 1247 1799 habet
1276 1737 1784 1819 quemadmodum
1813 1740 1874 1802 in
1906 1748 2070 1803 textu
2098 1741 2395 1822 scriptum
2426 1749 2542 1805 est.
2592 1743 2901 1806 Chumnus
2930 1744 2990 1805 in
3012 1735 3284 1824 margine
3303 1744 3488 1807 scho-

136 1825 261 1887 lium
291 1828 592 1908 ascripsit,
624 1827 782 1909 quod
817 1826 1020 1907 paucis
1053 1826 1257 1907 [illud]
1288 1846 1421 1908 cap.
1455 1827 1885 1908 interpretatur
1914 1852 1928 1889 :
1964 1839 2023 1894 et
2070 1831 2271 1905 docet,
2314 1832 2555 1912 quando
2585 1832 2662 1895 de
2692 1831 2891 1894 futuro
2922 1832 3303 1898 matrimonio
3332 1850 3486 1897 con-

132 1915 347 1996 scriptae
375 1916 773 1997 obligatione:
799 1916 1129 1980 efﬁcaciam
1161 1917 1386 1981 habere
1417 1917 1773 1995 debeant,et
1796 1919 2040 1998 quando
2074 1922 2455 1984 non.Verum
2482 1928 2547 1986 tu
2571 1921 2661 1983 illi
2684 1921 2917 1985 scholio
2937 1939 3016 1985 ne
3033 1921 3486 2002 auscultaveris;

131 2005 225 2066 sed
252 2013 418 2070 notes
453 2024 529 2069 ex
560 2008 673 2070 hoc
701 2006 999 2088 cap.quod
1025 2007 1555 2071 matrimoniorum
1586 2007 1946 2088 obligatoria
1976 2011 2403 2086 instrumenta,
2429 2011 2479 2072 si
2514 2011 2759 2091 quidem
2789 2030 2823 2074 a
2854 2011 3003 2073 solis
3034 2012 3253 2075 futuris
3284 2011 3491 2092 conju-

129 2093 283 2171 gihus
310 2097 589 2160 confecta
616 2097 1155 2177 fuerint,quautum
1191 2098 1264 2159 ad
1299 2114 1532 2176 poenam
1565 2096 1640 2159 ob
1673 2096 1916 2162 Illorum
1953 2100 2500 2180 transgressionem
2541 2100 2923 2179 exigendam,
2978 2100 3243 2164 invalida
3295 2107 3436 2164 sunt
3471 2122 3486 2164 :

130 2186 169 2242 si
198 2202 333 2247 vero
363 2184 437 2247 ab
472 2186 598 2248 illis
627 2185 1012 2266 quibuspiam
1043 2184 1374 2247 efﬁcaciam
1408 2185 1690 2262 habeant,
1724 2196 1783 2250 et
1817 2189 1865 2250 si
1899 2189 2072 2267 culpa
2096 2193 2534 2270 utriuscunque
2550 2188 2891 2252 futurorum
2916 2189 3243 2269 conjugum
3275 2189 3489 2251 matri-

128 2273 374 2337 monium
408 2276 747 2356 perfectum
782 2292 904 2337 non
934 2274 1135 2347 fuerit,
1169 2274 1319 2337 abeo
1351 2274 1451 2354 qui
1482 2292 1548 2337 se
1579 2275 1957 2353 effecturum,
1988 2286 2053 2340 ut
2086 2277 2185 2341 ille
2216 2276 2664 2340 matrimonium
2695 2278 2884 2361 ineat,
2918 2276 3292 2359 promiserit,
3309 2293 3491 2359 poena

128 2362 658 2439 exigaturﬂuseras
675 2364 852 2427 etiam
878 2362 1136 2426 Palmum
1164 2363 1271 2442 [in]
1295 2381 1428 2443 cap.
1462 2370 1518 2443 1,
1547 2364 1638 2425 tit.
1662 2365 1718 2441 1,
1752 2364 1858 2429 lib.
1885 2376 2156 2446 xxvi‘n,et
2180 2384 2312 2447 cap.
2344 2368 2418 2428 14
2447 2364 2602 2429 6115
2626 2366 2900 2447 ejusdem
2923 2365 3036 2429 lib.
3070 2375 3131 2429 et
3165 2365 3257 2430 tit.
3276 2366 3484 2431 Const.

126 2452 177 2525 2,
201 2452 281 2513 tit.
308 2453 403 2529 38,
430 2456 545 2517 lib.
569 2471 669 2517 vm
694 2454 931 2516 cod.est
960 2451 1785 2535 cap.2,tit.6,lib.xLiu,quod
1816 2453 1998 2517 habet
2028 2454 2177 2519 utin
2206 2463 2371 2519 textu
2399 2455 2695 2537 scriptum
2730 2463 2843 2520 est.
2869 2457 3067 2538 Atque
3100 2455 3161 2518 in
3191 2456 3283 2518 his
3314 2455 3484 2538 [qui-

125 2540 268 2623 dem]
299 2543 493 2606 civilis
522 2544 616 2606 lex
647 2540 967 2616 [vertitur.]
1003 2542 1169 2605 Scias
1199 2559 1339 2604 vero
1371 2542 1530 2622 quod
1586 2561 2005 2623 saepenumero
2058 2545 2371 2626 quaesitum
2434 2546 2536 2621 sit,
2572 2563 2648 2607 an
2681 2545 2784 2626 qui
2814 2544 3155 2607 istiusmodi
3184 2543 3483 2623 obligato-

125 2630 199 2690 ria
230 2632 300 2695 de
328 2634 566 2715 nuptiis
594 2634 1018 2705 instrumenta,
1049 2640 1149 2694 aut
1179 2630 1357 2693 etiam
1393 2631 1455 2692 in
1508 2632 1766 2695 inﬁrmis
1803 2634 2206 2714 sponsalibus,
2238 2634 2540 2713 nuptiales
2566 2635 2879 2717 pactiones
2911 2652 3047 2697 cum
3081 2633 3336 2699 muliere
3362 2633 3480 2697 ali-

120 2738 222 2792 qua
249 2722 633 2805 interposuit,
671 2730 982 2804 postquam
1014 2719 1366 2800 obligatoria
1388 2723 1820 2795 instrumenta,
1853 2724 1949 2786 vel
1985 2730 2202 2804 praeter
2226 2725 2327 2805 jus
2358 2722 2551 2802 [inita]
2589 2722 2899 2805 sponsalia
2927 2723 3484 2805 reprobarit,aliam

126 2827 349 2874 uxorem
375 2814 635 2892 ducere,
666 2821 767 2875 aut
797 2811 858 2874 in
889 2809 1228 2892 presbyteri
1260 2818 1480 2874 statum
1509 2812 1683 2875 evehi
1717 2814 1926 2891 possit.
1960 2811 2048 2875 Tu
2080 2812 2265 2894 igitur
2298 2813 2419 2893 dic,
2452 2815 2610 2896 quod
2672 2814 2724 2875 si
2776 2831 3055 2894 persona,
3090 2830 3222 2895 quas
3273 2814 3329 2876 ei
3376 2813 3481 2894 qui

120 2902 377 2965 sacerdos
409 2905 550 2967 ﬁeri
583 2903 729 2975 vult,
762 2903 1058 2981 desponsa
1089 2909 1205 2973 est,
1234 2908 1506 2982 tempore
1534 2902 1981 2980 reprobationis
2012 2903 2560 2966 instrumentorum
2604 2912 2838 2966 sextum
2872 2921 3094 2965 annum
3126 2903 3478 2979 excesserit,

121 3006 223 3050 non
256 2995 642 3071 permittetur
676 2993 730 3055 ei
762 2992 862 3074 qui
894 2992 1293 3053 instrumenta
1326 2990 1416 3052 vel
1448 3008 1481 3052 a
1512 2990 1644 3071 lege
1676 3011 1793 3052 non
1826 2993 2180 3054 confirmata
2213 2993 2516 3074 sponsalia
2548 2992 3012 3073 interposuit,ut
3042 2991 3215 3055 alteri
3240 2992 3481 3056 mulieri

118 3080 521 3162 conjungatur,
584 3090 682 3145 aut
742 3082 827 3143 sic
886 3080 1168 3144 sacerdos
1219 3080 1339 3153 ﬁat,
1407 3088 1685 3161 tanquam
1748 3081 1844 3141 bis
1899 3081 2347 3144 matrimonium
2406 3082 2773 3145 contraxisse
2841 3089 3210 3164 reputetur:
3273 3080 3479 3163 [idque

118 3177 342 3250 prepter
371 3171 1030 3254 concupiscentiam,et
1058 3168 1218 3251 quod
1246 3168 1467 3231 mulier
1497 3171 1720 3231 amoris
1752 3188 1935 3251 capax
1969 3170 2138 3235 sit.Si
2172 3189 2312 3233 vero
2339 3175 2478 3234 cum
2512 3182 2682 3251 pacta
2712 3172 3478 3251 reprobarentur,persona

114 3254 204 3320 illa
231 3277 330 3324 sex
361 3264 555 3327 annis
585 3262 784 3324 minor
813 3260 996 3323 fuerit
1027 3280 1039 3318 :
1074 3258 1327 3321 ﬁrmiter
1361 3259 1492 3321 talis
1542 3259 1715 3320 alteri
1763 3259 2003 3321 mulieri
2048 3262 2467 3340 conjungatur,
2513 3271 2617 3325 aut
2661 3280 2731 3323 ex
2782 3279 2854 3324 eo
2888 3272 3166 3342 tempore
3193 3261 3483 3324 sacerdos

118 3346 480 3416 ﬁaLAstruas
506 3368 656 3415 vero
678 3352 804 3414 haec
831 3351 1011 3412 etiam
1037 3366 1111 3412 ex
1132 3347 1368 3410 novella
1391 3348 1765 3426 legislatione
1796 3349 2179 3430 imperatoris
2209 3349 2416 3412 domui
2448 3351 2643 3414 Alexii
2702 3350 3019 3427 Comneui,
3058 3368 3191 3431 quae
3220 3350 3486 3429 legitima

114 3441 396 3516 sponsalia
422 3440 785 3505 insolubilia
810 3457 945 3502 esse
976 3438 1180 3501 statuit
1214 3456 1227 3499 :
1265 3445 1325 3499 et
1339 3437 1538 3516 jubet,
1570 3444 1635 3498 ut
1666 3437 1717 3498 si
1742 3438 2073 3517 sponsalia,
2113 3446 2393 3517 tanquam
2430 3438 2715 3517 legitimis
2749 3439 3122 3520 temporibus
3154 3456 3274 3500 non
3305 3439 3485 3517 facta,

113 3527 243 3590 solvi
275 3534 619 3615 contingat,
656 3530 999 3594 facultatem
1035 3547 1152 3591 non
1185 3526 1442 3589 habeant
1475 3535 1735 3605 cognata:
1770 3545 2003 3601 eorum,
2039 3528 2141 3608 qui
2174 3526 2634 3592 adversantibus
2666 3527 2901 3607 legibus
2928 3534 2989 3590 in
3017 3527 3278 3607 conjugii
3300 3526 3489 3588 socie-

116 3623 276 3682 tatem
310 3621 629 3703 conjuncti
660 3621 921 3695 fuerant,
957 3617 1274 3699 prohibita;
1305 3634 1598 3698 personas,
1633 3625 1695 3679 ut
1728 3618 1886 3687 [cum
1922 3617 2067 3688 illis]
2115 3617 2579 3695 conjungautur.
2629 3616 2813 3688 Quam
2852 3615 3148 3696 [quidem]
3182 3615 3481 3677 novellam

114 3723 228 3787 cap.
262 3711 296 3773 2
321 3712 655 3793 praesentis
686 3709 844 3774 tituli
874 3710 1161 3772 insertam
1195 3708 1375 3769 etiam
1408 3706 1598 3786 legas.

185 3809 433 3866 ΚΕΦΑΔ.
502 3794 590 3862 Ε’.
658 3833 731 3846 -
791 3801 923 3877 Περῖ
996 3800 1265 3877 πορνείας,
1330 3798 1607 3877 μοιχείας,
1668 3801 1753 3853 καὶ

1920 3796 2086 3860 CAP.
2122 3797 2194 3861 V.
2228 3831 2304 3843 -
2332 3796 2415 3858 De
2447 3798 2872 3874 fornicatione,
2908 3794 3240 3871 adulterio,
3268 3801 3480 3877 stupro

109 3890 309 3970 φθορᾶς,
342 3898 443 3950 καὶ
480 3892 905 3971 ἁῤῥενοκοιτίας,
1836 3894 1893 3949 et
1924 3888 2375 3966 pradicattone.

177 3978 533 4040 ’Δποστόλων
567 3983 747 4040 κανὼν
796 3979 879 4045 Ex’
909 3998 923 4014 '
974 3977 1193 4036 συνόδου
1249 3977 1513 4055 Ἀγκύρας
1575 3975 1752 4033 κανὼν

1916 3976 2340 4058 Apostolorum
2374 3994 2563 4038 canon
2594 3980 2659 4038 6|
2702 4000 2716 4053 ;
2753 3976 2988 4039 concilii
3041 3974 3347 4056 Ancyranl
3378 3993 3480 4039 ca-

107 4063 155 4130 τ1’
188 4090 199 4104 ·
248 4070 473 4130 συνόδου
536 4072 958 4151 Νεοκαισαριίας
1004 4070 1179 4126 κανὼν
1228 4068 1284 4134 η’
1318 4083 1332 4098 ·
1384 4066 1601 4124 συνόδου
1644 4067 1698 4141 ς

1893 4084 1958 4129 3n
1990 4067 2070 4139 8;
2104 4065 2341 4129 concilii
2370 4066 2882 4129 Neocmsariensis
2911 4082 3105 4129 canon
3133 4068 3195 4141 8;
3236 4066 3484 4130 concilii

108 4160 264 4214 κανὼν
304 4162 457 4242 πς⁹,
508 4161 602 4233 πζ⁹
641 4176 656 4193 ⁸
721 4160 999 4219 Βασιλιίου
1029 4160 1204 4215 κανὼν
1248 4158 1316 4232 ζ’,
1366 4154 1450 4231 η’,
1494 4157 1605 4235 ια’,
1636 4157 1699 4233 κβ

1883 4156 1988 4219 axti
2020 4174 2215 4219 canon
2242 4154 2341 4236 86,
2377 4155 2447 4218 87
2481 4177 2496 4233 ;
2529 4155 2735 4218 Basilii
2784 4173 2979 4218 canon
3006 4158 3068 4232 7,
3103 4156 3202 4236 18,
3237 4155 3336 4229 21,
3370 4155 3474 4231 22,

102 4244 189 4319 κε’,
223 4250 361 4325 ις’,
396 4250 477 4326 λ’,
522 4251 634 4327 λδν,
671 4249 777 4333 λζ’,
804 4249 918 4329 μεν,
943 4248 1053 4325 νη⁹,
1081 4247 1179 4327 ve’,
1206 4247 1309 4324 ξβ’,
1335 4246 1434 4318 οζ’.
1464 4246 1691 4327 Γρηγορί

1883 4248 1937 4323 5,
1971 4246 2074 4322 εδ,
2110 4245 2210 4318 30.
2247 4244 2346 4319 34,
2382 4243 2483 4320 37,
2515 4244 2613 4321 39,
2649 4247 2748 4327 41,
2784 4245 2885 4322 58,
2922 4244 3025 4321 59,
3057 4244 3160 4323 ee,
3190 4245 3294 4309 77.
3324 4244 3474 4309 Gre-

106 4336 301 4405 Νύσσης
332 4344 523 4399 κανὼν
559 4339 614 4420 γ’
628 4389 643 4405 .

1833 4338 1982 4417 gorii
2013 4335 2261 4417 Nysseni
2292 4353 2484 4398 canon
2517 4334 2573 4397 3.

174 4431 454 4506 Κιίμενον,
492 4433 630 4510 Περὶ
690 4434 906 4511 φθορᾶς,
971 4430 1249 4510 μοιχείας,
1302 4430 1388 4486 καὶ
1438 4427 1749 4506 ἀρῤινοκοι-

1916 4423 2164 4488 Tcxtus.
2193 4422 2278 4486 De
2310 4431 2541 4506 stupro,
2593 4422 2891 4499 adulterio
2942 4433 3088 4501 etc.,
3138 4442 3335 4506 usque
3395 4424 3476 4488 ad

96 4516 197 4580 πίας
228 4542 281 4581 κ.
313 4543 368 4586 τ,
405 4522 463 4586 λ,
501 4538 708 4603 usque
756 4519 854 4594 ad,
891 4522 975 4580 καὶ
1019 4520 1332 4597 μνηστείας,
1400 4520 1488 4574 καὶ
1532 4515 1687 4573 παλλε

1049 4520 1332 4595 .νηστείας,
1400 4520 1488 4574 καὶ
1532 4515 1748 4573 παλλα-
1832 4514 2197 4589 instituatur,
2227 4521 2299 4576 ut
2324 4531 2466 4595 pag.
2496 4515 2640 4576 915.

98 4624 300 4681 κισμου,

164 4697 520 4767 Scholium.
562 4700 694 4765 Tit.
726 4699 787 4777 9,
821 4699 930 4763 lib.
964 4717 1021 4763 ix
1052 4697 1200 4762 Cod.
1240 4698 1466 4779 positus
1499 4704 1590 4759 est
1632 4694 1696 4757 in
1727 4712 1859 4775 cap.
1894 4695 1967 4758 47
1997 4692 2090 4757 tit.
2125 4693 2201 4755 37
2236 4692 2345 4756 lib.
2402 4692 2591 4756 Basil.
2646 4709 2746 4772 LX,
2805 4700 2863 4755 et
2895 4692 2984 4757 tit.
3018 4693 3057 4752 ὅ
3107 4690 3213 4754 lib.
3248 4690 3481 4771 Digest.

96 4802 257 4854 mm
286 4793 540 4873 positus
578 4790 763 4855 estin
795 4807 929 4873 cap.
965 4788 1000 4852 3
1057 4790 1151 4850 tit.
1210 4789 1287 4852 37
1344 4785 1619 4869 ejusdem
1670 4802 1743 4849 ax
1799 4783 1965 4847 libri.
2015 4784 2205 4873 Cujus
2262 4783 2354 4846 tit.
2412 4782 2652 4873 diversa
2691 4800 2841 4873 cap.
2880 4781 3262 4873 _legas,__quze
3293 4780 3486 4843 multa

91 4868 427 4946 istiusmodi
464 4883 727 4956 docent,
760 4868 1100 4970 cujusmedi
1130 4876 1563 4970 compendiose
1594 4885 1735 4938 sunt
1786 4873 2121 4970 proposita.
2154 4870 2379 4970 verum
2413 4871 2571 4970 quod
2629 4870 2920 4970 adulteri,
2945 4868 3351 4970 ‘pasdicones,
3385 4878 3490 4970 aut

92 4974 462 5059 stupratores
492 4970 750 5053 capitali
782 4957 1077 5059 supplicio
1107 4957 1477 5059 afﬁciantur,
1514 4983 1635 5059 non
1678 4972 1770 5027 est
1801 4964 2061 5059 positum
2105 4961 2430 5059 in_Basil.,
2465 4961 2569 5059 sed
2628 4961 2700 5023 "l3
2756 4978 2895 5059 cap:
2927 4957 3073 5059 dicti
3098 4957 3309 5059 .tit.
3345 4958 3438 5059 ait
3468 4975 3480 5016 :

89 5047 354 5125 Adulteri
385 5047 712 5126 verberati
738 5066 798 5125 et
851 5047 1013 5121 tonsi
1088 5055 1337 5121 naribus
1388 5054 1737 5147 mutilantor
1772 5076 1784 5115 :
1818 5054 1923 5135 qui
1979 5069 2139 5147 vero
2180 5051 2546 5147 internuntii
2599 5059 2778 5147 atque
2826 5047 3168 5147 administri
3194 5047 3258 5147 in
3294 5048 3481 5128 impio

90 5146 182 5210 illo
211 5151 460 5217 scelere
491 5150 758 5229 fuerint,
791 5146 1092 5239 verberati
1139 5145 1405 5239 ettonsi
1449 5146 1513 5208 in
1560 5152 1917 5239 perpetuum
1967 5141 2250 5239 exsilium
2301 5142 2642 5239 mittuutor.
2695 5136 2947 5239 Novella
2976 5142 3181 5239 autem
3200 5136 3484 5239 impera-

92 5241 227 5328 toris
252 5240 615 5309 Justiniani
649 5226 785 5319 134,
824 5239 951 5305 sive
1009 5238 1145 5319 ejus
1203 5234 1280 5299 12
1332 5253 1466 5318 cap.
1522 5226 1824 5328 quodin
1861 5235 1951 5299 tit.
1988 5237 2021 5294 7
2056 5229 2167 5296 lib.
2200 5247 2380 5296 xxviii
2412 5230 2678 5328 positum
2709 5235 2824 5328 est,
2864 5228 3030 5328 circa
3077 5226 3321 5328 initium
3353 5226 3484 5328 hac

90 5327 228 5396 dicit
258 5354 274 5398 ξ
309 5332 379 5398 Si
409 5334 496 5398 de
528 5317 843 5396 adulterio
874 5317 1128 5393 maritus
1155 5334 1323 5410 putet
1351 5342 1523 5389 suam
1557 5324 1827 5388 convinci
1862 5340 2040 5405 posse
2069 5338 2344 5395 uxorem,
2379 5318 2759 5410 convenit,ut
2789 5317 3042 5410 maritus
3074 5317 3242 5410 prius
3270 5323 3487 5383 contra

88 5436 350 5507 uxorem,
383 5432 499 5490 aut
533 5421 728 5487 etiam
760 5419 1102 5485 adulterum
1130 5404 1198 5508 in
1223 5416 1457 5508 crimen
1486 5414 1847 5508 subscribat.
1868 5404 1963 5478 Et
1992 5412 2042 5475 si
2075 5410 2325 5508 quidem
2378 5404 3305 5508 adulterii“crimen"mani.feste
3334 5422 3483 5508 pro-

88 5508 280 5577 batum
313 5494 540 5598 fuerit,
578 5520 728 5577 tunc
758 5510 1115 5599 transmisso
1141 5506 1348 5571 libello
1411 5505 1673 5599 repudii,
1722 5504 2037 5599 jubemus,
2093 5508 2161 5599 ut
2210 5499 2329 5564 illis
2362 5517 2555 5583 poenae
2586 5494 3082 5599 delinquentibus
3119 5494 3486 5599 .irrogentu'r

87 5618 222 5681 quas
253 5583 690 5687 prescribunt
720 5602 883 5683 leges
919 5622 932 5661 :
970 5598 1093 5665 illis
1144 5614 1386 5680 quoque
1435 5583 1741 5687 legitimas
1788 5590 2233 5687 sustinentibus
2284 5607 2517 5687 prunas,
2560 5587 2695 5687 _qui_
2713 5586 2959 5687 quidem
2991 5583 3084 5649 vel
3114 5584 3483 5687 internuntii

86 5671 165 5755 v'el
196 5671 465 5762 ministri
498 5704 638 5759 tam
670 5671 854 5775 impio
888 5690 1128 5755 crimini
1158 5671 1544 5757 exstiteruul.
1584 5682 1929 5766 [Praeterea]
1964 5683 2039 5749 de
2068 5671 2409 5749 substantia
2440 5677 2722 5758 adulteri,
2758 5677 2810 5742 si
2839 5691 3091 5744 uxorem
3124 5671 3483 5754 habeat,dos

393 5808 691 5873 Paxaea.
737 5800 856 5869 Ga.
901 5800 1058 5867 CIV.
3091 5779 3165 5848 38
