4030 6212
566 313 718 379 1195
1746 315 2009 380 PHOTll
2070 310 2157 379 PA

2247 314 2590 380 {IARCHAE
2631 317 2746 380 ΟΡ.
3730 315 3838 388 1196

561 465 619 530 ei
647 465 1012 547 donatioque
1059 473 1198 527 ante
1229 468 1470 546 nuptias
1503 477 1947 530 conservetur:
2010 476 2112 529 aut
2165 470 2214 528 si
2273 467 2491 530 dotalia
2551 466 2954 530 instrumenta
3015 474 3186 547 [non]
3220 466 3677 542 intervenerunt,
3702 477 3839 549 portio

561 575 692 638 quae
731 566 937 618 nostra
993 555 1264 618 defertur
1319 557 1474 635 lege.
1535 557 1851 638 Reliquam
1913 557 2048 636 ejus
2085 557 2502 619 substantiam
2563 556 3010 619 descendentes
3069 566 3172 619 aut
3232 557 3622 619 ascendentes
3666 560 3842 639 (siqui

557 648 719 721 sunt)
749 664 937 725 usque
969 644 1040 705 ad
1076 645 1319 708 tertium
1351 647 1878 725 gradum,capiant
1900 648 2234 708 secundum
2270 647 2515 708 ordines
2545 656 2608 708 et
2631 646 2856 724 gradus
2887 647 3125 712 suos.Si
3159 646 3310 709 nulli
3339 647 3664 726 hujusmodi
3685 666 3843 727 super-

558 734 700 808 sint,
736 735 877 796 lisco
909 735 1036 796 haec
1068 735 1267 798 addici
1292 737 1604 815 jubemus.
1641 736 1856 798 Mulier
1903 753 2046 798 vero
2098 756 2230 818 quae
2272 736 2630 798 adulterium
2664 735 2989 811 commisit,
3025 737 3508 816 competentibus
3527 735 3736 798 subdita
3757 755 3846 816 pe-

558 823 676 899 nis,
711 825 769 885 in
803 825 1231 888 monasterium
1260 826 1663 905 conjiciatur:
1696 835 1755 889 et
1786 827 1922 898 [sic]
1958 826 2271 906 deinceps,
2307 843 2442 907 quae
2473 826 2818 906 patriarcha
2846 825 2908 888 in
2941 825 3367 907 compendium
3399 825 3696 890 contraxit.
3715 825 3846 902 Legas
3964 823 3965 907 ξ

558 913 747 988 [vero]
779 912 959 974 etiam
993 913 1292 976 novellam
1327 916 1716 996 imperatoris
1748 916 1953 977 domni
2001 917 2222 978 Leonis
2256 915 2599 998 philosophi
2629 914 2731 990 32,
2767 935 2899 996 quae
2929 916 3069 997 quid
3103 916 3376 980 adultero
3409 925 3467 978 et
3494 916 3747 980 adulterat
3763 915 3851 977 ﬁeri

555 1001 796 1079 debeat,
823 1003 1057 1067 statuit.
1092 1003 1356 1068 Proinde
1395 1006 1470 1067 de
1493 1006 1729 1069 incestu
1753 1025 1888 1086 cap.
1928 1007 2001 1070 76
2045 1005 2131 1068 tit.
2161 1009 2238 1067 37
2270 1005 2380 1069 lib.
2412 1023 2508 1080 ιι,
2541 1005 2671 1067 haec
2698 1005 2846 1068 dicit
2879 1023 2895 1070 :
2927 1007 3170 1081 Incesti,
3205 1007 3332 1070 sive
3367 1015 3640 1090 parentes
3670 1025 3776 1068 cum
3800 1006 3846 1066 li-
3964 1029 3965 1064 ι

559 1091 745 1166 beris,
778 1092 905 1155 sive
935 1093 1118 1155 liberi
1147 1113 1282 1154 cum
1316 1096 1822 1174 parentibus,sive
1851 1096 2068 1158 fratres
2098 1114 2231 1157 cum
2264 1095 2577 1157 sororibus
2608 1095 2706 1178 [se
2736 1096 3432 1178 commisceant],gladio
3461 1094 3852 1178 puniuutorﬂni
3964 1139 3965 1150 κ

553 1198 696 1243 vero
729 1185 790 1242 in
821 1179 937 1244 alia
966 1173 1330 1262 cognatione
1355 1203 1421 1246 se
1457 1185 1717 1248 invicem
1751 1185 2132 1258 incestarint,
2171 1197 2312 1264 puta
2343 1192 2516 1266 pater
2547 1173 2634 1246 et—
2654 1173 2764 1247 filii
2795 1204 2967 1267 uxor,
2999 1193 3100 1248 aut
3130 1173 3290 1249 filia
3320 1195 3379 1250 et
3406 1173 3589 1268 patris
3615 1203 3743 1248 uror
3765 1185 3851 1245 sive
3964 1183 3965 1194 ‘

555 1287 833 1345 noverca,
868 1280 970 1334 aut
1001 1273 1249 1334 vitricus
1281 1282 1340 1334 et
1370 1275 1664 1355 privigne,
1699 1287 1799 1337 aut
1834 1275 2016 1339 frater
2049 1285 2107 1337 et
2135 1274 2334 1336 fratris
2365 1293 2536 1355 uxor,
2587 1283 2690 1336 aut
2740 1281 2988 1355 patruus
3047 1284 3106 1338 et
3157 1295 3228 1340 ex
3257 1277 3445 1340 fratre
3475 1277 3684 1356 neptis,
3706 1281 3852 1336 ante:

553 1361 737 1423 fratre
767 1379 959 1442 nepos
992 1371 1052 1425 et
1081 1363 1283 1443 amita,
1318 1373 1422 1425 aut
1482 1366 1860 1444 [extraneos]
1895 1373 1954 1426 et
2011 1363 2144 1426 duce
2193 1382 2459 1445 sorores,
2491 1373 2594 1425 aut
2626 1364 2994 1435 [extraneus]
3029 1375 3090 1428 et
3121 1373 3313 1428 mater
3343 1384 3464 1428 una
3493 1385 3622 1428 cum
3649 1364 3752 1427 tilia
3777 1385 3789 1428 :
3813 1363 3854 1423 lii

555 1460 612 1513 et
645 1468 840 1512 mares
871 1461 930 1513 et
959 1451 1197 1513 feminae
1233 1453 1306 1532 (si
1345 1454 1637 1535 [quidem]
1674 1456 1936 1516 scientes
1971 1456 2151 1526 [sese]
2187 1452 2712 1535 commiscuerint)
2768 1453 3067 1518 verberati
3117 1456 3368 1518 naribus
3407 1455 3752 1518 mutilantor.
3792 1451 3854 1514 Si-

557 1539 783 1605 militer
811 1541 988 1602 etiam
1019 1543 1097 1605 77
1131 1561 1261 1626 cap.
1299 1543 1448 1605 dicit
1483 1565 1496 1605 :
1535 1544 1598 1607 Si
1631 1544 1940 1625 patrueles
1970 1545 2261 1607 horumve
2305 1543 2510 1620 liberi,
2565 1561 2677 1607 nec
2707 1543 2866 1608 ultra
2899 1545 3084 1616 [inter
3113 1547 3301 1623 sese],
3333 1545 3426 1608 vel
3478 1554 3642 1626 pater
3669 1551 3720 1606 et
3746 1543 3856 1605 ﬁlius
3964 1539 3965 1598 ι

557 1658 689 1701 cum
726 1646 918 1700 matre
945 1645 1003 1698 et
1035 1635 1180 1716 filia,
1213 1636 1306 1698 vel
1338 1636 1456 1699 duo
1511 1638 1725 1700 fratres
1771 1657 1906 1701 cum
1969 1638 2201 1700 duabus
2259 1635 2598 1712 sororibus,
2647 1637 2738 1700 vel
2771 1636 2890 1699 duo
2921 1637 3138 1700 fratres
3169 1657 3306 1700 cum
3339 1646 3531 1700 matre
3561 1647 3617 1701 et
3644 1637 3768 1712 ﬁlia,
3792 1635 3855 1696 vel
3964 1653 3965 1680 ι

555 1752 626 1795 ex
651 1733 832 1795 fratre
856 1749 1042 1811 nepos
1068 1749 1204 1804 cum
1239 1732 1439 1810 patrui
1473 1731 1568 1792 sui
1598 1732 1899 1813 quondam
1937 1751 2146 1807 uxore,
2185 1731 2570 1795 matrimonio
2603 1731 3374 1812 conjungantur,alioquive
3406 1732 3714 1796 carnaliter
3736 1748 3858 1791 com-

557 1827 849 1888 mercium
900 1824 1186 1900 habeant,
1216 1843 1396 1905 supra
1427 1827 1872 1906 separationem
1904 1827 2319 1893 verberantor.
2375 1828 2495 1898 [Et]
2548 1844 2686 1906 cap.
2747 1825 2824 1886 78
2883 1825 2966 1887 ait
3021 1847 3034 1887 :
3088 1825 3201 1899 Qui
3255 1845 3387 1889 cum
3422 1825 3740 1898 monachis,
3767 1823 3860 1885 dia-

554 1923 830 1997 conissis,
863 1929 963 1984 aut
991 1920 1268 1983 ascetriis
1304 1920 1621 1983 libidinem
1651 1933 1957 1999 exercent,
2014 1932 2295 2002 tanquam
2357 1920 2459 2002 qui
2516 1917 2849 1982 Ecclesiam
2882 1936 3166 2000 sponsam
3230 1920 3454 1983 Christi
3509 1917 3864 2000 coinquinant,

557 2022 616 2076 et
646 2016 760 2096 ipsi
791 2027 847 2078 et
879 2034 1011 2096 quae
1042 2033 1175 2076 cum
1210 2014 1359 2095 ipsis
1390 2033 1456 2076 se
1486 2017 1922 2092 contaminant,
1957 2017 2204 2080 naribus
2240 2014 2609 2079 mutilantor.
2647 2014 2791 2095 Cap.
2824 2022 3022 2077 autem
3063 2015 3137 2078 '79
3173 2033 3186 2078 :
3222 2015 3359 2091 Qui,
3386 2015 3605 2098 inquit,
3634 2028 3863 2076 cumcon-

555 2108 772 2171 cubina
803 2109 909 2170 ﬁlii
940 2109 1037 2172 sui
1067 2118 1168 2171 aut
1200 2109 1568 2172 matrimonii
1603 2120 1890 2190 praetextu
1926 2111 2035 2181 [se]
2099 2107 2477 2180 commiscet,
2530 2115 2633 2168 aut
2662 2106 2888 2188 alioqui
2919 2108 3070 2170 clam
3101 2109 3541 2172 commercium
3575 2105 3757 2180 habet,
3783 2121 3865 2165 ua

551 2221 687 2269 cum
722 2203 848 2283 ipsa
881 2204 1124 2267 naribus
1156 2203 1465 2265 mutilator
1495 2223 1509 2262 :
1540 2213 1605 2265 ut
1635 2213 1833 2267 tamen
1868 2207 2032 2285 prius
2059 2224 2092 2266 a
2123 2223 2186 2266 se
2218 2201 2474 2265 invicem
2511 2209 2889 2282 separentur.
2919 2203 3144 2264 Verum
3178 2204 3230 2264 si
3259 2220 3393 2265 cum
3451 2203 3562 2264 filii
3593 2199 3864 2264 concubina

551 2298 830 2358 maritata
858 2297 919 2358 id
953 2305 1290 2378 perpetret,
1327 2315 1503 2376 pcena
1533 2298 1749 2360 eodem
1783 2298 1960 2359 modo
1995 2297 2329 2378 procedito,
2363 2304 2543 2377 atque
2579 2294 2714 2366 [illi]
2770 2295 3021 2376 insuper
3069 2294 3489 2358 verberantor.
3524 2298 3705 2377 Legas
3730 2296 3864 2358 etiam

552 2393 590 2452 6
622 2392 824 2452 thema
854 2410 983 2472 cap.
1021 2394 1098 2453 10
1134 2393 1223 2454 tit.
1259 2391 1297 2451 5
1349 2391 1456 2452 lib.
1519 2391 1704 2454 Basil.
1758 2409 1938 2454 xxvm
1994 2392 2151 2472 quod
2212 2391 2294 2452 ait
2332 2411 2344 2450 :
2407 2389 2522 2462 Qui
2553 2388 2842 2467 virginem
2876 2396 2976 2450 aut
3008 2388 3246 2452 viduam
3277 2389 3507 2471 rapuit,
3542 2391 3688 2452 hanc
3717 2403 3866 2467 neque

547 2485 960 2546 consentiente
991 2485 1181 2565 ipsius
1209 2493 1378 2565 patre
1407 2503 1477 2546 ac
1509 2485 1798 2547 delictum
1834 2485 2238 2558 condonante,
2275 2482 2498 2544 ducere
2557 2499 2805 2544 uxorem
2869 2491 3083 2562 potest.
3147 2482 3441 2546 Caeterum
3477 2482 3582 2565 qui
3609 2482 3680 2545 de
3707 2489 3865 2546 sancto

552 2578 908 2658 baptismate
938 2579 1197 2660 aliquam
1233 2579 1526 2658 suscepit,
1585 2599 1702 2639 non
1760 2587 1949 2659 potest
2002 2580 2188 2659 ipsam
2245 2577 2628 2657 postmodum
2677 2575 2738 2637 in
2791 2575 3249 2639 matrimonium
3282 2595 3644 2641 assumere:
3695 2578 3867 2657 quippe

551 2689 683 2751 qum
715 2678 994 2750 tauquam
1028 2671 1214 2750 ipsius
1247 2671 1367 2732 ﬁlia
1398 2671 1552 2732 facta
1604 2671 1681 2732 sit
1714 2691 1728 2730 :
1795 2689 1989 2752 neque
2025 2670 2217 2740 [item]
2249 2671 2384 2749 ejus
2413 2679 2662 2732 matrem
2693 2677 2794 2731 aut
2825 2670 3005 2734 filiam
3045 2691 3061 2732 :
3091 2671 3234 2751 quin
3267 2689 3471 2749 neque
3503 2670 3692 2753 ipsius
3723 2669 3865 2732 filius.

549 2763 1046 2844 Quandoquidem
1084 2763 1234 2826 nihil
1267 2763 1430 2827 aliud
1465 2764 1717 2844 perinde
1750 2774 2061 2845 paternum
2097 2765 2374 2828 allectum
2395 2767 2751 2848 justumque
2785 2766 3150 2828 matrimonii
3187 2765 3692 2846 impedimentum
3721 2765 3866 2826 intro-

547 2858 771 2922 ducere
804 2867 1021 2940 potest,
1056 2867 1232 2940 atque
1266 2859 1377 2920 hoc
1408 2858 1737 2933 vinculum,
1777 2878 1892 2939 quo
1924 2859 2141 2921 anima:
2170 2859 2439 2940 ipsorum
2487 2858 2787 2921 mediante
2843 2861 2968 2922 Deo
3027 2859 3399 2922 coalescunt.
3438 2861 3599 2939 Lege
3642 2855 3867 2939 ejusdem

550 2953 659 3014 lib.
697 2961 756 3014 et
784 2954 876 3014 tit.
915 2971 1044 3031 cap.
1084 2952 1140 3026 3,
1183 2953 1384 3014 thema
1413 2949 1450 3011 2
1485 2960 1543 3012 et
1573 2955 1631 3024 3,
1671 2960 1730 3012 et
1761 2970 1892 3032 cap.
1946 2954 2040 3028 ll,
2095 2964 2152 3015 et
2201 2952 2307 3018 lib.
2358 2969 2462 3029 vn,
2498 2953 2588 3013 tit.
2623 2953 2686 3027 8,
2733 2971 2866 3034 cap.
2921 2954 2981 3032 4,
3017 2962 3077 3016 et
3122 2953 3231 3016 lib.
3263 2970 3394 3029 XLV,
3431 2954 3530 3015 tit.
3567 2953 3626 3028 2,
3662 2971 3777 3032 cap.
3822 2957 3864 3018 6,

551 3047 753 3108 thema
784 3046 842 3121 3,
878 3064 1015 3122 cap.
1051 3044 1150 3119 10,
1177 3045 1376 3106 thema
1401 3045 1440 3106 ἓ
1470 3053 1529 3106 et
1561 3045 1618 3124 3,
1651 3052 1709 3105 et
1735 3044 1840 3106 lib.
1879 3063 1946 3121 n,
1981 3046 2074 3109 tit.
2103 3047 2162 3120 3,
2200 3064 2333 3127 cap.
2365 3046 2401 3108 8
2434 3055 2494 3108 et
2523 3064 2658 3127 cap.
2698 3048 2835 3110 197.

635 3139 873 3201 Τρωίας.
915 3136 1169 3199 Proinde
1200 3139 1517 3200 fornicatto
1553 3157 1668 3200 non
1704 3139 1997 3215 laudatur,
2044 3146 2226 3222 etc.,l

2358 3140 2741 3222 Kcipcvov._'H
2786 3140 2971 3216 μέντοι
3027 3143 3243 3220 πορνεία
3301 3143 3396 3200 οὐκ
3456 3145 3753 3222 hminis-at
3798 3139 3867 3222 μὲν

554 3248 737 3310 usque
767 3230 847 3290 ad
881 3237 1156 3310 tanquam
1191 3231 1305 3302 fur,
1341 3235 1407 3291 ut
1432 3247 1574 3309 pag.
1609 3231 1750 3292 915.

2277 3222 2418 3296 παρὰ
2464 3227 2540 3295 τῷ
2582 3220 2844 3294 πολιτικῷ
2887 3223 3058 3298 νόμῳ,
3114 3246 3169 3282 κ.
3215 3245 3268 3284 τ.
3316 3222 3398 3298 λ.,
3449 3240 3645 3301 usque
3694 3220 3760 3282 ad
3802 3220 3868 3276 eis

2272 3309 2520 3390 ὶνέχετὰι
2551 3313 2624 3376 ὡς
2657 3311 2922 3380 κλέπτης.

632 3408 1213 3488 ScholiumDigest.
1246 3411 1306 3484 4,
1347 3409 1430 3470 tit.
1464 3410 1523 3489 5,
1552 3408 1657 3471 lib.
1685 3410 2106 3483 xu,estthema
2125 3412 2185 3490 9,

2354 3400 2613 3480 Σχάλιον.
2675 3404 2747 3460 Τὸ
2789 3401 2836 3457 δ’
2879 3401 3020 3464 διάτ.
3081 3409 3174 3461 τοῦ
3217 3400 3260 3490 ei
3305 3405 3408 3465 τίτ.
3460 3412 3557 3461 τοῦ
3600 3403 3668 3479 ιβ’
3707 3398 3866 3490 βιᾷλέω

549 3519 682 3581 cap.
715 3500 751 3560 5
781 3501 871 3561 tit.
922 3499 960 3559 ‘2
1012 3497 1117 3562 lib.
1174 3498 1360 3561 Basil.
1395 3513 1551 3572 xxtv,
1589 3498 1744 3580 quod
1775 3498 1984 3560 eadem
2019 3498 2135 3560 dici

2278 3492 2382 3548 ἔστι
2426 3490 2561 3566 Θέμα
2604 3490 2654 3566 β’
2699 3499 2792 3548 τοῦ
2837 3492 2881 3547 ι’
2924 3515 3047 3572 κεφ.
3080 3498 3171 3549 τοῦ
3212 3489 3264 3568 β’
3307 3493 3412 3551 tit.
3466 3504 3566 3553 τοῦ
3605 3491 3684 3551 κδ’
3711 3489 3869 3563 {itam

547 3577 768 3668 Digest.
827 3589 888 3663 ὃ,
925 3591 1011 3651 tit.
1047 3589 1106 3663 5,
1141 3587 1246 3653 lib.
1281 3605 1486 3667 xxxrx,
1523 3577 1775 3668 estcap.
1813 3588 1847 3650 5
1877 3587 1965 3647 tit.
2001 3588 2027 3647 1
2079 3587 2138 3650 lil

2275 3586 2376 3637 τῶν
2408 3580 2705 3637 Βασιλικῶν
2737 3582 2802 3638 τὰ
2834 3581 2966 3638 αὐτὰ
2995 3581 3178 3659 λέγοι.
3222 3582 3294 3640 Τὸ
3321 3582 3402 3656 ς’
3435 3580 3584 3646 διάτ,
3617 3588 3704 3639 τοῦ
3729 3577 3766 3634 ε’
3790 3578 3866 3634 τίς.

545 3667 727 3742 Basil.
761 3695 940 3747 XLVII,
980 3676 1136 3758 quod
1200 3678 1399 3754 habet,
1437 3677 1945 3757 quemadmodum
1979 3676 2136 3737 decla

2276 3671 2360 3727 τοῦ
2405 3668 2484 3729 λθ⁹
2529 3668 2734 3744 βιϐλίου
2769 3670 2877 3727 ’ἐστι
2907 3692 3032 3750 acup.
3080 3668 3123 3726 ε’
3165 3677 3259 3727 τοῦ
3305 3668 3358 3727 α’
3405 3673 3520 3735 τίτ,
3567 3679 3664 3728 ⁴ιοῦ
3688 3669 3766 3746 μζ¹
3802 3667 3867 3741 βι-

546 3776 741 3830 ratum
775 3776 884 3830 est.
922 3765 1102 3828 Recte
1157 3775 1356 3831 autem
1389 3766 1554 3840 dixit,
1605 3765 1760 3844 quod
1793 3765 1895 3845 qui
1926 3764 2137 3827 alienat

2276 3758 2415 3818 ἵλίου
2446 3764 2551 3817 τῶν
2611 3758 2916 3818 Βασιλικῶν
2964 3759 3130 3825 οὕτως
3179 3759 3308 3840 ἕχον
3341 3761 3415 3825 ὡς
3449 3764 3530 3827 εἷς
3560 3764 3622 3818 τὸ
3669 3760 3867 3832 κείμενον

547 3858 822 3921 ancillam
859 3856 1236 3918 meretricem
1263 3855 1436 3934 rapit,
1459 3871 1580 3916 non
1607 3863 1882 3916 teneatur
1904 3863 2138 3935 tanqual

2275 3850 2569 3927 τυνωψίσθη
2641 3851 2712 3908 Τὸ
2757 3849 2836 3908 λθ⁹
2880 3847 3022 3910 διάτ.
3059 3856 3153 3908 τοῦ
3207 3848 3258 3927 β’
3301 3849 3407 3911 τίτ.
3446 3851 3547 3908 τοῦ
3579 3849 3663 3927 μζ⁹
3706 3845 3866 3927 βιϐλὲω

547 3947 892 4028 plagiarius,
921 3946 1041 4006 sive
1067 3945 1126 4006 in
1162 3944 1467 4006 metallum
1503 3963 1619 4005 non
1653 3944 2138 4019 condemnatum

2272 3941 2377 3997 ἔστι
2422 3962 2544 4018 κεφ.
2591 3937 2671 3996 λθ’
2715 3947 2808 3998 τοῦ
2859 3937 2931 4018 ιβ’
2975 3941 3080 4000 τίτ.
3127 3945 3219 3997 τοῦ
3262 3939 3302 4004 ξ’
3344 3938 3561 4016 βιϐλίου
3596 3939 3696 3996 τῶν
3737 3947 3863 4028 Bart-

546 4023 636 4101 est
655 4023 730 4099 in
761 4023 940 4098 Basil.
969 4037 1115 4098 Nam
1150 4034 1250 4114 qui
1271 4033 1548 4095 ancillam
1580 4050 1710 4114 qua)
1744 4033 2028 4094 meretrix
2063 4052 2137 4095 no

2274 4031 2430 4088 λικῶν
2459 4029 2626 4092 οὕτως
2665 4029 2796 4110 ἕχον
2856 4032 2927 4093 ὡς
2971 4028 3217 4097 ὶδηλώθη
3255 4046 3270 4064 '
3308 4028 3496 4094 καλῶς
3528 4030 3587 4087 δὲ
3630 4030 3772 4088 εἶπεν
3807 4023 3865 4079 ὅτι

546 4136 659 4203 est,
691 4127 868 4205 rapit,
907 4128 964 4184 in
998 4124 1306 4186 metallum
1362 4124 1822 4195 condemnatur,
1858 4123 2064 4202 [cujus
2095 4141 2137 4184 τι

2274 4123 2294 4178 ὃ
2337 4119 2586 4197 ἁρπάζων
2626 4119 2908 4199 ἀλλοτρίαν
2952 4119 3144 4186 δούλην
3187 4118 3392 4196 πόρνην
3457 4121 3626 4178 οὖσαν
3681 4123 3766 4177 οὐχ
3798 4118 3865 4205 iv-

546 4215 744 4294 causa]
771 4204 884 4276 lib.
917 4230 1017 4294 Lx,
1053 4221 1238 4274 totum
1269 4213 1346 4275 38
1380 4213 1474 4276 tit.
1511 4231 1764 4292 quaeras.

2281 4211 2454 4290 ἱχεται
2500 4210 2572 4272 ὡς
2604 4205 3050 4286 ἀνδραποδιστὴς,
3104 4206 3268 4286 ἤγουν
3299 4207 3360 4263 οὗ
3420 4208 3788 4284 μετιλλῖζιται
3821 4204 3872 4263 ὡς

545 4307 601 4361 ὶν
632 4313 708 4378 τῷ
730 4303 994 4380 βασιλικῷ
1024 4317 1227 4363 κεῖται.
1263 4301 1321 4362 Ὀ
1353 4304 1452 4379 γὰρ
1497 4302 1746 4381 ἁρπάζων
1779 4302 1973 4370 δούλην
2005 4304 2082 4378 μὴ
2127 4301 2294 4360 οὖσαν
2321 4300 2548 4377 πόρνην,
2584 4297 2984 4379 μετριλλίζιιταιι³
3047 4299 3136 4356 καὶ
3191 4305 3349 4369 ζητεῖ
3384 4301 3486 4357 τὸν
3519 4301 3603 4378 μὴ
3634 4299 3749 4356 ὅλον
3786 4298 3865 4353 τίς.

543 4403 637 4453 τοῦ
664 4393 705 4458 ξ’
738 4391 940 4468 βιϐλίου
956 4439 970 4452 ,

634 4483 879 4544 Temius.
915 4478 1071 4540 Dicit
1128 4497 1267 4541 vero
1325 4480 1503 4542 etiam
1557 4481 1665 4544 lib.
1712 4498 1952 4556 xxxvm,
1991 4483 2082 4544 tit.
2119 4482 2225 4563 8,!

2351 4480 2630 4552 Κείμενον,
2665 4479 2820 4558 Λέγει
2853 4476 2908 4536 δὲ
2952 4481 3041 4536 καὶ
3097 4475 3300 4556 βιϐλίον
3357 4477 3454 4546 λη’
3503 4481 3614 4541 τίτ.
3659 4480 3711 4549 η’
3740 4478 3804 4534 ὅτι
3842 4475 3872 4529 αἱ

542 4580 690 4654 etc.,
725 4587 914 4650 usque
943 4568 1023 4631 ad
1061 4568 1375 4650 percipere
1408 4569 1660 4650 possint,
1694 4579 1760 4632 ut
1779 4588 1925 4650 pag.
1961 4571 2100 4635 915.

2282 4583 2638 4650 πορνογενεϊς,
2671 4591 2729 4632 κ.
2774 4592 2827 4629 τ.
2859 4569 2916 4634 λ.
2947 4587 3137 4650 usque
3166 4567 3240 4630 ad
3271 4565 3465 4626 λαϐεῖν
3530 4573 3636 4629 τῶν
3677 4576 3758 4626 τοῦ
3794 4587 3873 4622 az.

2269 4660 2420 4737 τέρος
2451 4659 2808 4738 πραγμάτων.

623 4770 959 4835 Scholtum.
996 4767 1118 4830 Tit.
1151 4768 1187 4830 8
1218 4765 1323 4829 lib.
1353 4782 1533 4830 xxvm
1572 4767 1801 4845 Digest.
1830 4768 2059 4847 positus
2081 4774 2172 4829 est
2192 4766 2253 4829 in
2278 4784 2410 4847 cap.
2435 4767 2472 4831 6
2505 4765 2597 4830 tit.
2620 4765 2657 4826 2
2680 4765 2788 4828 lib.
2807 4781 2928 4830 XLV
2951 4765 3165 4842 Basil.,
3197 4773 3376 4845 atque
3395 4765 3483 4828 ait
3516 4765 3778 4847 ejusdem
3804 4763 3872 4822 tit.

539 4887 671 4949 cap.
705 4867 740 4927 7
779 4886 793 4924 :
829 4863 966 4927 Haec
993 4863 1286 4925 bonorum
1315 4861 1617 4941 possessio
1641 4878 1852 4923 omnes
1884 4869 2056 4924 vocat
2084 4868 2394 4941 cognatos,
2415 4859 2559 4922 licet
2592 4857 2774 4940 [jure]
2810 4858 2968 4922 civili
3000 4877 3120 4922 non
3146 4859 3650 4925 vocentur.Unde
3670 4872 3724 4923 et
3741 4859 3874 4934 vulgo

539 4960 776 5043 quaesiti
809 4960 1022 5020 fratres
1052 4959 1209 5018 inter
1233 4973 1320 5028 se,
1360 4964 1418 5017 et
1450 4956 1508 5016 in
1547 4953 1768 5024 [bonis]
1799 4952 2424 5033 matris,cognationis
2453 4951 2786 5014 subsidium
2820 4949 3137 5033 habent,et
3167 4962 3362 5014 mater
3402 4951 3469 5014 in
3515 4953 3746 5016 illorum
3766 4950 3870 5021 [bo-

539 5056 685 5128 nis].
718 5052 941 5116 Eadem
975 5069 1212 5133 quoque
1243 5048 1318 5111 de
1349 5047 1566 5111 ancilla
1594 5057 1937 5129 praegnante
1968 5048 2333 5110 manumissa
2363 5045 2725 5110 dicimus.Et
2747 5045 3148 5127 cap.9,spurii
3177 5045 3510 5108 haereditas
3530 5048 3607 5110 ad
3631 5054 3871 5125 cognatos

538 5157 805 5225 paternae
833 5147 1040 5226 stirpis
1071 5165 1190 5208 non
1223 5143 1492 5226 pertinet
1519 5164 1534 5220 ;
1570 5161 1704 5204 nam
1741 5150 1968 5223 patrem
2006 5162 2123 5204 non
2156 5141 2509 5222 habet.Ejus
2533 5146 2740 5205 autem
2773 5141 2976 5222 matri,
2997 5140 3331 5220 eademque
3363 5150 3569 5204 matre
3601 5142 3748 5204 natis
3772 5139 3868 5199 fra-

539 5239 725 5300 tribus
755 5239 1150 5318 proximitatis
1175 5237 1514 5300 subsidium
1544 5236 1740 5300 datur.
1773 5239 1970 5318 Atque
2001 5237 2129 5299 haec
2159 5235 2402 5318 quidem
2427 5238 2596 5300 aiunt
2628 5235 3034 5316 leges,eorum
3067 5233 3477 5298 differentiam
3513 5237 3618 5318 qui
3649 5254 3750 5318 per
3770 5233 3868 5295 for-

536 5331 896 5393 nicationem
936 5333 1384 5413 conjunguntur
1415 5332 1806 5409 docentes,ac
1841 5331 2063 5412 spuriis
2107 5329 2350 5393 succedi
2405 5349 2439 5394 a
2493 5340 2782 5394 maternae
2811 5328 3018 5411 stirpis
3048 5329 3320 5409 cognatis
3353 5345 3367 5389 :
3407 5340 3644 5410 patrem
3677 5339 3863 5392 autem.

536 5432 638 5488 aut
691 5433 953 5504 paterna;
1010 5429 1218 5507 stirpis
1275 5436 1578 5506 cognatos,
1637 5427 1801 5508 ipsos
1861 5445 1977 5487 non
2035 5444 2411 5506 agnoscere:
2476 5426 2581 5488 sed
2644 5444 2712 5487 ex
2771 5442 2878 5486 sua
2934 5423 3222 5485 duntaxat
3273 5426 3455 5488 unica
3521 5423 3864 5505 illegitimum

535 5519 727 5581 filium
765 5519 913 5599 patri
961 5519 1260 5581 haeredem
1323 5521 1451 5581 fieri
1510 5520 1802 5582 dicentes.
1860 5517 2082 5581 Verum
2122 5520 2300 5600 [quae]
2362 5519 2437 5582 de
2497 5519 2722 5600 nuptiis
2753 5513 3054 5588 [tractant]
3088 5515 3253 5595 leges
3281 5525 3462 5598 atque
3499 5533 3772 5591 canones,
3820 5518 3865 5572 et

533 5620 888 5696 agnoscunt,
957 5629 1028 5674 ex
1091 5611 1491 5676 fornicatione
1548 5615 1996 5696 cognationem,
2051 5623 2109 5677 et
2163 5615 2262 5696 qui
2315 5633 2386 5678 ex
2446 5611 2849 5675 fornicatione
2881 5607 3166 5678 [invicem
3199 5609 3289 5691 se]
3340 5610 3725 5693 contingunt,
3777 5623 3861 5670 co-

531 5718 765 5794 gnatos,
823 5708 871 5771 si
928 5706 1222 5770 incestum
1284 5706 1683 5785 committant,
1743 5716 2025 5789 tanquam
2085 5708 2384 5789 legitimos
2453 5716 2739 5788 cognatos
2818 5709 3095 5788 puniunt.
3161 5703 3462 5778 Quorsum
3529 5705 3694 5785 legas
3740 5703 3793 5764 in
3833 5699 3862 5758 5

529 5825 663 5889 cap.
699 5802 925 5888 positos
955 5816 1245 5874 canones,
1279 5806 1337 5862 et
1367 5797 1666 5862 novellam
1698 5801 2079 5882 imperatoris
2131 5801 2456 5875 Justiniani
2491 5800 2629 5880 118,
2667 5817 2798 5886 quae
2825 5807 2916 5866 est
2945 5798 3011 5863 in
3043 5797 3161 5866 line
3193 5799 3283 5865 tit.
3318 5800 3356 5864 5
3386 5797 3505 5868 lib.
3535 5798 3714 5867 Basil.
3744 5811 3857 5868 ιιιύ
