4052 6222
273 388 421 470 1197
1130 385 1624 456 NOMOCANON.
1694 422 1768 433 —
1832 384 1992 450 TIT.
2041 388 2204 467 XIII,
2255 391 2421 454 CAP.
2469 385 2759 456 VI-VIlI.
3466 383 3622 456 1198

267 538 470 599 Const.
509 537 545 596 5
577 535 662 595 tit.
696 534 797 612 5'7,
855 535 961 597 lib.
1015 555 1068 597 vi
1101 535 1246 601 Cod.
1281 543 1371 600 est
1403 556 1537 617 cap.
1574 537 1650 600 42
1704 541 1796 602 ιιι.
1840 541 1863 598 1
1905 537 2012 602 lib.
2051 537 2229 601 Basil.
2264 557 2401 617 xcv,
2437 540 2599 622 quod
2657 540 2804 603 dicit
2835 559 2848 604 :
2883 538 2947 605 Si
2979 558 3096 623 qua
3124 540 3376 607 illustris
3407 545 3624 608 mulier

262 625 446 687 ﬁlium
483 643 550 685 ex
575 624 753 704 justis
785 625 1010 705 nuptiis
1041 628 1539 706 procreaverit,et
1571 626 1826 689 alterum
1860 627 2127 707 spurium
2161 628 2568 710 habuerit,cui
2601 641 2772 712 pater
2802 629 3071 693 incertus
3099 631 3213 696 sit:
3238 633 3626 714 quemadmo-

261 719 402 780 dum
437 733 535 776 res
566 726 852 778 maternae
874 717 946 778 ad
981 735 1084 779 eos
1118 720 1492 798 perveniant,
1528 719 1656 780 sive
1684 717 2097 782 tantummodo
2132 719 2206 782 ad
2267 719 2493 781 liberos
2545 722 2770 799 justos,
2837 721 2959 784 sive
3009 721 3186 784 etiam
3234 723 3308 785 ad
3360 724 3620 804 spurios,

261 807 912 874 dubitatur.Sancimus
941 809 1237 888 itaque,ut
1260 826 1454 889 neque
1477 826 1544 869 ex
1570 817 2158 891 testamento,neque
2179 809 2252 870 ab
2280 810 2789 892 intestato,neque
2812 829 2882 874 ex
2910 809 3267 874 liberalitate
3288 811 3446 875 inter
3464 813 3626 876 vivos

259 901 482 976 habita,
513 897 694 980 justis
726 896 934 959 liberis
965 896 1422 974 exsistentibus,
1457 896 1683 978 aliquid
1719 900 1956 978 penitus
1976 901 2050 967 ab
2083 897 2419 961 illustribus
2445 899 2740 962 matribus
2760 900 2834 962 ad
2867 900 3104 982 spurios
3135 900 3462 980 perveniat:
3489 921 3625 965 cum

259 993 320 1052 in
358 989 713 1052 mulieribus
744 985 1019 1066 ingenuis
1050 996 1108 1049 et
1138 985 1494 1060 illustribus,
1529 987 1748 1067 quibus
1780 991 2067 1055 castitatis
2097 987 2440 1052 observatio
2471 989 2838 1070 praecipuum
2871 989 3141 1054 debitum
3177 998 3291 1067 est,
3325 993 3627 1055 nominari

259 1081 516 1162 spurios,
547 1079 690 1141 satis
721 1076 1108 1156 iujuriosum,
1161 1076 1426 1156 satisque
1472 1076 1780 1154 acerbum,
1838 1087 1896 1141 et
1943 1079 2165 1144 nostris
2196 1076 2574 1158 temporibus
2605 1078 2917 1160 indignum
2945 1079 3294 1159 judicemus
3329 1102 3344 1144 :
3382 1089 3441 1144 et
3470 1081 3626 1145 hanc

261 1169 454 1250 legem
514 1170 626 1250 ipsi
661 1168 986 1248 pudicitiae,
1018 1184 1196 1244 quam
1253 1184 1496 1246 semper
1525 1167 1844 1229 colendam
1879 1187 2225 1246 censemus,
2262 1169 2475 1228 merito
2507 1166 2878 1233 dedicamus.
2913 1167 3018 1232 Sin
3047 1178 3246 1233 autem
3281 1169 3626 1234 concubina

259 1259 470 1322 liberae
502 1257 872 1320 conditionis
904 1255 1254 1335 constituta,
1289 1254 1476 1316 {ilium
1506 1265 1606 1317 aut
1637 1255 1817 1317 tiliam
1846 1276 1915 1320 ex
1947 1259 2110 1323 licita
2139 1255 2579 1320 consuetudine
2596 1276 2730 1321 cum
2761 1258 3007 1322 homine
3036 1259 3227 1322 libero
3258 1259 3461 1323 habita
3491 1279 3630 1341 pro-

259 1349 574 1421 creaverit,
587 1366 690 1410 eos
715 1347 895 1408 etiam
917 1364 1051 1406 cum
1073 1344 1358 1421 legitimis
1381 1344 1584 1406 liberis
1597 1343 1669 1406 ad
1687 1355 1956 1410 materna
1970 1349 2176 1412 venire
2189 1347 2510 1427 bona,quae
2530 1346 2634 1408 illa
2647 1348 2787 1427 jure
2809 1347 3080 1428 legitimo
3097 1355 3156 1410 et
3177 1349 3240 1410 in
3265 1349 3624 1431 patrimonio

259 1457 368 1501 suo
401 1439 690 1520 possidet,
730 1436 892 1498 nulla
919 1433 1146 1495 invidia
1196 1440 1302 1494 est.
1361 1433 1588 1512 Digest.
1644 1433 1722 1495 23
1773 1436 1867 1502 tit.
1915 1437 1954 1500 5
1982 1438 2090 1503 lib.
2124 1456 2142 1500 1
2197 1437 2328 1515 Dig.
2363 1444 2457 1497 est
2485 1455 2619 1518 cap.
2655 1437 2730 1501 19
2763 1437 2853 1499 tit.
2884 1445 2908 1498 1
2957 1437 3064 1502 lib.
3099 1455 3258 1514 XLVI,
3294 1439 3452 1520 quod
3489 1440 3572 1504 ait
3607 1459 3620 1502 :

261 1527 374 1600 Qui
405 1547 473 1590 ex
506 1527 774 1608 legitimo
807 1522 1190 1612 matrimonio
1222 1529 1396 1583 natus
1428 1532 1542 1599 est,
1584 1531 1811 1604 patrem
1845 1529 2116 1610 sequitur
2142 1547 2157 1602 ;
2179 1527 2352 1606 vulgo
2382 1527 2664 1607 qumsitus
2694 1536 2919 1605 autem,
2957 1539 3238 1590 matrem.
3271 1529 3347 1592 Et
3377 1533 3456 1591 24
3486 1547 3620 1612 cap.

261 1618 532 1695 ejusdem
559 1616 729 1677 lib.et
753 1614 869 1676 tit.:
897 1611 1008 1684 Qui
1030 1630 1147 1673 non
1172 1630 1241 1672 ex
1266 1612 1532 1691 legitimo
1557 1614 1936 1678 matrimonio
1965 1617 2516 1689 nascitur,matrem
2543 1619 2820 1698 sequitur
2851 1638 2866 1678 :
2896 1617 3009 1678 nisi
3033 1616 3129 1679 lex
3155 1617 3436 1699 specialis
3463 1611 3626 1682 aliud

259 1706 566 1786 quidpiam
591 1711 826 1766 statuat.
859 1700 976 1762 Tit.
1013 1703 1047 1762 '7
1073 1699 1174 1762 lib.
1210 1717 1324 1762 xxv
1347 1699 1478 1780 Dig.
1517 1720 1633 1763 non
1658 1705 2076 1786 estpositusin
2108 1705 2464 1770 Basil.Tit.5
2495 1705 2602 1768 lib.
2635 1723 2810 1771 xum
2842 1707 3168 1787 Digest.est
3189 1706 3251 1769 in
3283 1707 3392 1770 lib.
3427 1709 3618 1773 Basil.

260 1811 333 1855 1.x
367 1796 454 1859 tit.
479 1797 555 1858 37
593 1795 814 1871 Digest.
858 1797 1054 1852 autem
1090 1791 1154 1850 11
1189 1809 1308 1851 non
1340 1800 1430 1851 est
1457 1794 1907 1874 transcriptum.
1942 1796 2169 1858 Verum
2201 1795 2562 1857 aitthemaﬁ
2592 1801 2764 1874 cap.l
2800 1795 2892 1857 tit.
2929 1795 3004 1860 37
3037 1794 3144 1858 lib.
3170 1812 3247 1858 ιι
3281 1816 3298 1857 :
3333 1797 3446 1870 Qui
3481 1816 3621 1860 mu-

258 1883 467 1946 lierem
505 1885 812 1946 honestam
846 1889 906 1943 et
929 1881 1250 1959 ingenuam
1281 1880 1342 1941 in
1375 1880 1779 1946 concubinatu
1808 1885 2211 1968 habet,neque
2236 1902 2343 1966 per
2373 1885 2870 1947 contestationem
2905 1885 3020 1948 hoc
3050 1884 3435 1948 manifestum
3456 1885 3620 1962 facit,

257 1975 347 2037 vel
373 1992 617 2036 uxorem
650 1991 782 2034 eam
806 1970 984 2032 habet
1011 1992 1022 2028 ε
1050 1969 1141 2032 vel
1165 1969 1214 2031 si
1241 1971 1352 2031 hoc
1374 1981 1633 2053 recusat,
1670 1981 1970 2055 stuprum,
2005 1985 2183 2057 atque
2215 1975 2364 2036 adeo
2397 1973 2760 2037 adulterium
2790 1994 2927 2037 cum
2962 1992 3035 2038 ea
3067 1975 3387 2039 committit
3422 1993 3436 2035 :
3476 1975 3620 2038 dum

253 2067 536 2132 videlicet
564 2080 820 2143 corpore
849 2079 956 2122 suo
988 2069 1278 2141 quaestum
1315 2060 1463 2138 [illa]
1497 2081 1615 2124 non
1648 2064 1883 2127 fecerit.
1918 2065 2120 2129 Const.
2157 2067 2190 2128 5
2242 2064 2330 2124 tit.
2383 2065 2459 2126 57
2493 2063 2601 2126 lib.
2634 2080 2690 2126 v1
2718 2063 2864 2128 Cod.
2901 2083 3022 2126 non
3056 2071 3146 2126 est
3177 2065 3410 2145 integra
3444 2066 3616 2146 posi—

257 2169 340 2233 ta,
376 2159 543 2234 cujus
578 2153 812 2214 initium
847 2159 935 2212 est
966 2169 1096 2231 cap.
1131 2150 1209 2211 12
1238 2150 1330 2214 tit.
1369 2153 1392 2212 1
1433 2151 1542 2215 lib.
1577 2171 1689 2215 va
1722 2157 1896 2217 Basil.
1933 2156 2075 2236 Cap.
2109 2155 2148 2215 2
2181 2153 2432 2215 novellae
2463 2152 2783 2215 Justiniani
2807 2156 2907 2229 12,
2943 2163 3005 2216 et
3035 2171 3169 2231 cap.
3200 2151 3276 2216 13
3310 2153 3620 2233 [novellae]

253 2249 351 2325 18,
397 2253 452 2306 et
484 2241 716 2305 novella
746 2241 845 2317 19,
881 2249 941 2302 et
983 2259 1115 2320 cap.
1148 2244 1205 2303 3.
1261 2243 1361 2316 78,
1419 2250 1476 2303 et
1508 2260 1640 2323 cap.
1675 2248 1732 2320 3,
1768 2245 1844 2308 89
1880 2245 2246 2307 novellarum
2283 2243 2665 2322 imperatoris
2691 2241 3044 2318 Iustiniani,
3081 2249 3140 2305 et
3169 2241 3289 2306 alia
3319 2261 3453 2324 cap.
3489 2259 3621 2323 quae

252 2339 330 2400 de
361 2337 434 2398 iis
457 2336 703 2410 docent,
732 2331 834 2410 qui
868 2348 935 2391 ex
971 2329 1251 2409 legitimis
1282 2332 1686 2412 [postmodum
1720 2334 2029 2415 uxoribus,
2065 2339 2189 2408 aut]
2222 2333 2402 2394 etiam
2459 2351 2530 2394 ex
2576 2331 2932 2394 concubinis
2991 2330 3178 2413 [nati],
3214 2338 3275 2396 et
3309 2349 3380 2395 ex
3417 2331 3620 2394 nothis

256 2425 510 2506 legitimi
547 2422 655 2484 ﬁlii
690 2422 862 2498 [ﬁunt
893 2417 933 2500 ξ]
968 2419 1160 2500 posita
1188 2429 1324 2480 sunt
1351 2420 1412 2480 in
1443 2420 1538 2482 tit.
1575 2426 1600 2486 1
1644 2432 1700 2484 οι
1727 2422 1764 2482 2
1791 2423 1897 2489 lib,
1932 2440 2088 2486 χχχιι
2120 2421 2301 2484 Basil.
2339 2439 2489 2502 quos
2519 2421 2708 2500 legas.

340 2524 615 2595 Κείμενον.
685 2519 779 2574 Καὶ
824 2514 1011 2580 δούλας
1072 2513 1124 2569 δὲ
1183 2513 1311 2580 ἰδίας
1356 2513 1616 2591 δυνάμεθα
1678 2518 1888 2575 πολλα-

2061 2517 2308 2579 Textus.
2341 2515 2600 2578 Proinde
2632 2523 2688 2577 et
2717 2514 2969 2578 ancillas
3017 2521 3260 2576 nostras
3290 2515 3353 2576 in
3385 2533 3616 2578 concu-

253 2613 519 2680 κεύεσθειι,
553 2632 606 2670 κ.
643 2631 691 2666 τ.
730 2607 780 2663 λ.
841 2621 1038 2682 usque
1068 2603 1138 2665 ad
1173 2604 1410 2683 λέγεται,
1449 2607 1518 2669 ὡς
1565 2605 1766 2681 βιϐλίον
1825 2607 1870 2662 ν’

255 2703 358 2760 τίτ.
393 2699 516 2774 ις’,
549 2698 686 2758 διάτ.
727 2692 868 2774 ρμδ’.

341 2788 600 2870 Σχόλιον.
635 2787 706 2844 Τὸ
731 2783 773 2840 δ’
810 2783 944 2842 διάτ.
980 2791 1072 2840 106
1101 2781 1146 2837 δ’
1178 2784 1278 2842 τίτ.
1315 2789 1406 2839 τοῦ
1436 2782 1515 2856 ς’
1557 2782 1760 2859 βιϐλίου
1806 2793 1897 2842 106

258 2879 508 2953 κώδικος,
542 2878 653 2933 ἔστι
685 2875 819 2950 Θέμα
851 2883 942 2932 τοῦ
970 2871 1059 2939 κη’
1094 2895 1217 2951 κειρ.
1259 2894 1350 2928 του
1387 2873 1440 2927 α’
1482 2874 1582 2935 τίτ,
1633 2881 1721 2928 τοῦ
1779 2872 1894 2952 μιν,

255 2969 462 3045 βιϐλίου
509 2966 675 3028 οὕτως
723 2965 854 3043 ἔχον
914 2965 985 3026 ὡς
1039 2965 1109 3024 εἷς
1155 2964 1215 3018 τὸ
1257 2963 1500 3037 κείμενον
1564 2963 1892 3038 συνωψίσθη,

259 3053 322 3115 Ἠ
370 3057 419 3137 γ’
466 3055 698 3121 διάταξις
762 3061 855 3110 106
920 3053 984 3107 ιε’
1041 3051 1218 3108 τίτλου
1276 3059 1368 3107 τοῦ
1427 3052 1470 3122 ζ’
1546 3052 1748 3127 βιϐλίου
1804 3060 1897 3108 τοῦ

257 3147 509 3228 κώδικες,
543 3147 652 3202 ἔστι
687 3168 808 3224 χείρ,
845 3141 896 3222 γ’
929 3146 1018 3200 106
1052 3143 1114 3198 10’
1148 3144 1253 3202 111.
1288 3141 1380 3198 τοῦ
1430 3141 1528 3215 μὴ’
1567 3139 1770 3214 βιϐλίου
1816 3142 1899 3196 λέ-

255 3261 353 3318 γον
396 3239 589 3317 οὕτως,
639 3234 764 3294 Ἐάν
824 3257 903 3296 τις
962 3231 1156 3298 δούλην
1193 3232 1300 3311 ἔχῃ
1333 3232 1386 3286 ἐν
1416 3237 1484 3307 τῇ
1514 3228 1615 3302 ἰδίᾳ
1646 3232 1898 3310 συναφείᾳ

386 3330 532 3409 ἔχων
576 3327 838 3405 γαμετὴν,
887 3321 982 3378 καί
1029 3324 1186 3397 μείνῃ
1231 3317 1350 3396 μετ’
1383 3321 1546 3387 αὐτῆς
1593 3321 1758 3400 μέχρι
1803 3343 1896 3376 τε-

258 3419 482 3493 λευτῆς,
528 3417 639 3473 εἴτε
713 3415 858 3493 ἔχων
902 3410 1099 3476 παῖδας
1142 3409 1192 3475 ἐξ
1239 3411 1428 3484 αὐτῆς,
1491 3409 1602 3464 εἴτε
1649 3411 1750 3485 μὴ,
1815 3410 1899 3464 καὶ

255 3508 428 3585 μηδὲν
460 3507 595 3582 εἴπῃ
637 3506 755 3581 περὶ
815 3504 980 3568 αὐτῆς
1023 3501 1075 3556 ἐν
1113 3507 1182 3576 τῇ
1242 3498 1342 3572 ἰδίᾳ
1387 3498 1638 3574 διαθήκῃ,
1697 3501 1896 3577 γίνεται

254 3599 482 3664 κάκείνη
536 3595 808 3673 ἓλευθέρα.
878 3591 1113 3649 Ἀκούων
1194 3588 1248 3645 δὲ
1308 3590 1414 3645 ἀπὸ
1474 3592 1566 3645 106
1637 3590 1898 3668 παρόντος

247 3692 507 3761 κακόνος,
543 3686 622 3742 ὅτι
657 3685 858 3763 γίνεται
913 3683 1086 3748 ἐκείνη
1146 3679 1417 3758 ἐλευθέρα,
1453 3680 1530 3755 μὴ
1561 3679 1784 3755 νομίσῃς
1817 3678 1897 3734 ὅτι

248 3781 301 3838 οἱ
363 3776 552 3840 παῖδες
611 3777 774 3842 αὖτῆς
833 3772 1043 3844 δουλείᾳ
1103 3771 1408 3826 ὒπόκεινται
1446 3787 1461 3803 ⁸
1507 3768 1896 3846 ἐλευθεροῦνται

250 3870 359 3948 γὰρ
403 3868 579 3942 αὒτοί,
635 3868 705 3930 ὡς
766 3865 826 3920 τὸ
884 3861 1148 3940 ἀνώτερον
1208 3882 1328 3938 κεφ.
1388 3868 1482 3918 106
1549 3858 1636 3934 μθ⁹
1695 3856 1900 3935 βιϐλίου

1876 2654 1892 2684 9

251 3936 446 4038 ᾡηνσὶν,
501 3936 589 4013 καὶ
635 3956 681 4010 οἱ
741 3960 832 4010 τοῦ
881 3936 1141 4031 παρόντος
1186 3936 1304 4030 mp,
1352 3947 1691 4027 παράτιτλοι.
1727 3949 1797 4005 Τὸ
1830 3936 1964 4023 ιβ’Β

247 4036 354 4104 διαί
403 4045 476 4123 ιγ’
518 4044 654 4103 διὲίτ.
706 4053 798 4102 τοῦ
851 4041 894 4097 ε’
940 4041 1044 4102 τίτ.
1104 4047 1196 4097 106
1241 4038 1338 4115 μη’
1383 4036 1587 4116 βιϐλίου
1623 4039 1714 4094 οὐκ
1747 4036 1899 4103 ἐτέθη

249 4140 335 4200 εἷς
390 4139 457 4192 τὰ
504 4133 791 4192 Βασιλικά.
840 4135 910 4190 Τὸ
967 4129 1087 4210 ρμδ’
1144 4128 1282 4190 διάτ.
1341 4129 1435 4186 106
1467 4127 1567 4203 ις’
1597 4129 1697 4187 τίτ.
1732 4134 1824 4183 τοῦ
1854 4125 1899 4182 ν’

247 4223 462 4305 βιϐλίου
492 4231 600 4281 τῶν
633 4221 926 4288 διατάξεων
955 4219 1065 4276 ἐστι
1097 4241 1220 4297 κεφ,
1258 4215 1378 4296 ρμδ’
1412 4226 1504 4276 106
1541 4215 1592 4293 β’
1647 4217 1751 4276 τίτ,
1811 4216 1904 4270 τοῦ

249 4303 311 4394 β’
344 4313 548 4391 βιϐλίου
576 4318 682 4368 τῶν
715 4309 1015 4368 Βασιλικῶν
1067 4307 1232 4371 οὕτως
1271 4306 1434 4390 ἔχον,
1471 4304 1728 4374 Παλλακή
1759 4303 1901 4360 ἐστιν

246 4387 291 4474 Ῑῆ
341 4387 554 4476 συζῶσά
611 4425 711 4460 τινι
771 4401 825 4458 ἐν
894 4406 971 4474 τῷ
1028 4398 1169 4470 οἴκῳ
1233 4387 1392 4453 αἶ)τοῦ
1451 4395 1675 4471 νομίμου
1732 4394 1901 4472 χωρὶς

251 4495 439 4574 γάμου
472 4514 485 4528 ⁸
520 4495 554 4562 ἡ
586 4492 638 4548 δὲ
671 4491 834 4558 ἧττον
863 4487 1157 4566 τιμιωτέρα
1190 4483 1318 4566 φίλῆ
1349 4484 1588 4564 λέγεται.

345 4589 599 4644 ΚΕΦᾹΛ.
631 4582 694 4656 ς·
695 4580 735 4644 ’.
767 4611 847 4626 --
881 4578 1006 4636 Ἐὰν
1037 4576 1172 4656 γυνὴ
1200 4575 1396 4633 λαϊκοῦ
1425 4576 1717 4654 μοιχευθῇ.

345 4671 576 4732 Συνόδοο
623 4671 889 4750 Ἀγκύρας
946 4668 1120 4725 κανὼν
1175 4664 1227 4722 κ’
1260 4679 1276 4696 ⁸
1339 4663 1556 4722 συνόδου
1601 4673 1904 4722 Νεοκαισα-

249 4764 406 4847 ριίας
442 4763 627 4820 κανὼν·
676 4759 734 4828 η’
769 4780 784 4797 ο
857 4759 1118 4836 ἀνάγνωθι
1177 4757 1244 4847 τᾷ
1299 4752 1790 4847 παραγεγραμμένοι
1850 4750 1904 4806 ἂν

248 4845 339 4930 τῷ
369 4852 453 4930 λβ⁹
486 4874 606 4930 accep.
639 4859 731 4909 106
760 4848 812 4906 α’
842 4850 947 4909 τίτ.
986 4854 1077 4904 τοῦ
1106 4845 1370 4925 παρόντος
1400 4845 1796 4923 συντάγματος,

349 4949 604 5002 arma.
643 4941 729 5003 z'.
777 4974 852 4988 —
896 4943 1033 5018 Περὶ
1093 4941 1313 5017 φθορᾶς,
1363 4935 1452 4994 καὶ
1497 4935 1672 5013 γάμου
1703 4933 1905 5013 χήρας,

251 5035 354 5096 καὶ
382 5035 460 5100 τίς
493 5032 706 5112 λέγεται
742 5031 913 5112 χήρὰ.

341 5123 623 5182 Βασιλείου
654 5123 829 5180 κανὼν
860 5120 960 5198 ιη’,
995 5117 1098 5182 ιδ’,

349 5218 602 5272 ΚΕΦΔΛ.
652 5214 742 5275 Η¹.
801 5243 880 5255 --
941 5209 1065 5288 Περὶ
1122 5212 1231 5266 τῶν
1289 5206 1383 5264 Eni
1447 5203 1606 5283 γάμῳ
1649 5216 1906 5283 γυναῖκας

1984 2606 2213 2679 binatu,
2252 2616 2407 2679 etc.,
2442 2622 2634 2685 usque
2663 2605 2744 2670 ad
2773 2605 2987 2685 digest.
3044 2603 3156 2666 144
3187 2603 3522 2686 [traditur],
3554 2612 3621 2667 ut

1981 2713 2119 2776 pag.
2155 2696 2298 2760 918.

2064 2783 2398 2848 Schoiium.
2431 2783 2636 2847 Const.
2669 2788 2706 2845 4
2742 2783 2832 2847 tit.
2865 2783 2904 2845 4
2933 2781 3042 2844 lib.
3070 2799 3124 2846 v1
3147 2782 3394 2846 C0d.est
3415 2783 3620 2846 thema

1983 2875 2019 2935 4
2051 2892 2183 2954 cap.
2217 2874 2294 2937 28
2326 2874 2417 2936 tit.
2461 2875 2484 2936 1
2524 2873 2630 2936 lib.
2665 2890 2783 2955 n.1,
2819 2871 2980 2954 quod
3011 2871 3214 2948 habet,
3255 2880 3319 2934 ut
3357 2874 3420 2934 in
3451 2891 3622 2936 com-

1980 2963 2199 3043 pendio
2231 2964 2605 3046 propositum
2640 2971 2750 3026 est.
2809 2963 3012 3025 Const.
3045 2962 3108 3038 3,
3142 2961 3235 3024 tit.
3271 2963 3368 3025 14.
3402 2960 3513 3023 lib.
3546 2977 3623 3025 v11

1981 3052 2125 3115 Cod.
2166 3061 2257 3115 est
2286 3073 2419 3134 cap.
2454 3053 2491 3115 3
2521 3054 2617 3115 tit.
2656 3054 2750 3131 19,
2800 3052 2908 3114 lib.
2967 3067 3171 3132 xum,
3205 3049 3364 3132 quod
3398 3051 3491 3113 sic
3521 3050 3621 3112 di-

1983 3144 2110 3206 cit:
2147 3142 2211 3206 Si
2269 3147 2402 3224 quis
2462 3161 2709 3206 uxorem
2770 3159 2890 3203 non
2949 3138 3205 3215 habens,
3239 3158 3373 3202 cum
3405 3140 3625 3202 ancilla

1986 3233 2140 3312 [sua]
2171 3233 2670 3294 consuetudinem
2706 3231 3017 3306 babeat,ac
3049 3249 3183 3292 cum
3218 3229 3323 3292 illa
3358 3228 3432 3291 ad
3465 3247 3628 3292 mor-

1982 3327 2103 3382 tem
2134 3340 2322 3402 usque
2382 3328 2754 3402 permaneat,
2816 3337 3014 3401 neque
3059 3319 3383 3400 quidquam
3415 3319 3492 3382 de
3521 3319 3627 3382 illa

1981 3409 2041 3470 in
2074 3419 2429 3472 testamento
2460 3429 2568 3472 suo
2599 3410 2779 3485 dicat,
2814 3409 2938 3471 sive
2990 3407 3216 3471 liberos
3271 3427 3343 3470 ex
3394 3425 3464 3470 ea
3510 3409 3621 3470 ha-

1982 3497 2140 3574 beat,
2168 3499 2294 3560 sive
2328 3519 2471 3572 non,
2508 3499 2611 3561 illa
2643 3498 2833 3561 libera
2865 3496 3082 3562 evadit.
3131 3497 3277 3560 Cum
3309 3505 3512 3559 autem
3543 3497 3624 3558 li-

1983 3587 2187 3649 beram
2220 3587 2382 3648 illam
2415 3588 2546 3648 fieri
2597 3606 2666 3649 ex
2719 3585 3007 3667 praesenti
3061 3585 3258 3666 capite
3289 3584 3460 3646 audis
3494 3606 3510 3645 :
3543 3585 3622 3646 li-

1983 3676 2161 3738 beros
2192 3678 2322 3756 ejus
2353 3675 2623 3739 servituti
2654 3675 2946 3738 obnoxios
2978 3692 3114 3736 esse
3162 3692 3238 3736 ne
3284 3674 3618 3737 existimes.

1982 3768 2130 3829 Nam
2163 3775 2221 3828 et
2252 3766 2369 3847 ipsi
2397 3765 2571 3829 liberi
2622 3766 2792 3840 ﬁunt,
2841 3762 3143 3845 quomodo
3177 3762 3457 3844 superius
3486 3781 3621 3845 cap.

1983 3854 2089 3917 lib.
2122 3872 2245 3932 xu,
2282 3868 2341 3917 et
2372 3855 2684 3937 praesentis
2734 3872 2864 3935 cap.
2919 3860 3154 3915 veteres
3186 3851 3395 3935 [leges]
3428 3852 3619 3914 aiunt.

1985 3945 2209 4025 Digest.
2248 3947 2322 4008 12
2358 3953 2418 4008 et
2451 3945 2523 4010 13
2557 3945 2645 4009 tit.
2680 3946 2718 4007 5
2748 3943 2854 4006 lib.
2903 3959 3088 4006 XLvut
3117 3961 3237 4004 non
3268 3949 3408 4004 sunt
3434 3941 3627 4023 posita

1982 4032 2045 4096 in
2077 4033 2260 4096 Basil.
2292 4035 2518 4114 Digest.
2545 4034 2661 4098 144
2686 4034 2776 4094 ιὶι.
2819 4032 2893 4093 16
2922 4032 3029 4093 lib.
3063 4049 3101 4094 ι.
3132 4031 3460 4110 Digest.est
3489 4048 3622 4110 cap.

1983 4124 2138 4188 1444
2175 4127 2260 4186 tit.
2299 4129 2335 4185 2
2369 4125 2472 4186 lib.
2507 4143 2547 4187 ll
2577 4123 2786 4200 Basil.,
2817 4120 2981 4200 quod
3014 4121 3100 4184 sic
3133 4119 3314 4183 liabet
3342 4138 3359 4183 :
3394 4120 3625 4183 Concu-

1979 4211 2124 4276 bina
2155 4222 2267 4296 est,
2301 4232 2432 4295 quae
2462 4232 2598 4276 cum
2629 4213 2832 4295 aliquo
2865 4212 2927 4273 in
2960 4210 3139 4273 domo
3171 4211 3304 4291 ejus
3331 4217 3501 4273 extra
3527 4208 3624 4271 le-

1984 4301 2225 4380 gitimas
2255 4305 2494 4385 nuptias
2525 4302 2684 4365 vivit.
2723 4302 2913 4366 Minus
2943 4310 3144 4364 autem
3174 4300 3453 4376 honesta,
3480 4297 3626 4361 ami-

1985 4411 2053 4454 ca
2085 4392 2441 4475 appellatur.

2065 4573 2344 4635 CAP.VI.
2369 4606 2448 4617 —
2474 4571 2545 4635 Si
2578 4571 2722 4634 laici
2741 4585 2906 4633 uxor
2925 4567 3296 4631 adulterium
3312 4584 3495 4648 passa
3514 4566 3621 4628 sit.

2068 4659 2324 4723 Concilii
2365 4661 2664 4742 Ancyrani
2699 4677 2894 4722 canon
2923 4656 3048 4734 20;
3098 4655 3341 4719 concilii
3371 4654 3623 4717 Neocle-

1989 4750 2275 4813 sarieusis
2326 4768 2520 4813 canon
2572 4750 2634 4813 8.
2696 4749 2852 4827 Lege
2909 4765 3040 4827 quae
3086 4746 3367 4808 adnotata
3395 4750 3535 4804 sunt
3565 4743 3624 4801 in

1991 4857 2124 4922 cap.
2157 4841 2261 4921 32,
2290 4846 2382 4904 ιιι.
2421 4844 2444 4904 1
2483 4839 2796 4920 praesentis
2825 4835 3050 4917 operis.

2070 4920 2237 4992 CAP.
2273 4928 2397 4993 VII.
2432 4963 2505 4974 --
2539 4930 2623 4991 De
2652 4934 2865 5007 stupro
2921 4931 2974 4986 et
3032 4924 3266 5002 nuptiis
3309 4920 3534 4995 vidum,
3569 4925 3628 4982 et

1990 5036 2125 5099 qua:
2155 5019 2340 5082 vidua
2373 5018 2635 5081 dicatur.

2072 5107 2272 5170 Basilii
2303 5124 2500 5170 canon
2537 5106 2630 5183 10,
2657 5105 2757 5166 24.

2071 5199 2242 5261 CAP.
2277 5194 2431 5259 VIII.
2492 5228 2568 5241 —
2617 5195 2700 5256 De
2756 5194 2833 5255 iis
2891 5194 2997 5272 qui
3031 5190 3413 5254 matrimonii
3442 5205 3630 5252 causa

249 5304 631 5385 ἁρπαζόντων,
719 5302 755 5368 ἢ
834 5280 1167 5377 βιαζομένων
1251 5299 1288 5366 ἢ
1374 5280 1693 5377 τθενιρόντωην
1759 5315 1895 5371 παρ-

2002 5285 2272 5350 mulieres
2303 5286 2587 5366 rapiunt,
2621 5287 2728 5345 aut
2766 5281 3024 5385 violant,
3057 5290 3164 5343 aut
3191 5280 3461 5359 virgines
3487 5297 3628 5342 con-

249 5395 470 5466 θένους,
505 5393 592 5448 καὶ
622 5391 742 5471 περὶ
771 5390 1092 5468 συνιστόρων
1125 5387 1324 5448 αὐτῶν,

345 5479 696 5540 Ἀποστόλων
754 5480 930 5536 κανὼν
986 5475 1060 5549 ξζ’
1095 5496 1110 5513 ⁸
1158 5475 1376 5535 συνόδου
1422 5473 1683 5554 Ἀγκύρας
1732 5473 1908 5530 κανὼν

254 5570 368 5648 ια’,
401 5570 480 5628 κε’
517 5588 531 5602 '
565 5567 784 5626 συνόδου
830 5565 1175 5634 Χαλκηδόνος
1208 5566 1382 5624 κανὼν
1413 5564 1493 5634 κζ’
1533 5579 1546 5593 ⁶
1583 5559 1799 5619 συνόδου
1829 5558 1907 5634 ς’

249 5663 440 5724 κανὼν
473 5660 567 5740 4¹β⁹
602 5679 618 5698 ⁶
657 5657 931 5716 Βασιλείου
989 5657 1164 5717 κανὼν
1218 5656 1328 5734 ιβ’,
1377 5653 1454 5733 Α’,
1488 5652 1600 5733 Ay”
1649 5649 1739 5719 λη’
1773 5649 1852 5730 νγ’
1889 5668 1907 5688 ο

1989 5383 2300 5458 siuprani,
2333 5375 2482 5438 etde
2509 5374 2588 5437 iis
2619 5374 2728 5454 qui
2753 5371 2883 5436 illis
2913 5372 3141 5434 conscii
3169 5375 3334 5432 sunt.

2071 5457 2494 5548 Apostolorum
2517 5482 2708 5526 canon
2730 5461 2830 5544 6'7;
2857 5461 3096 5524 concilii
3114 5457 3419 5539 Ancyrani
3439 5477 3634 5548 canon

1995 5559 2060 5620 11
2079 5606 2096 5627 .
2125 5557 2228 5631 25;
2253 5553 2488 5617 concilii
2511 5551 3023 5616 Chalcedononsis
3044 5568 3238 5613 canon
3257 5549 3362 5624 27;
3386 5547 3634 5610 concilii

1995 5646 2143 5712 sexti
2169 5663 2362 5710 canon
2392 5643 2497 5724 92;
2527 5642 2733 5709 Basilii
2765 5660 2959 5710 canon
2990 5641 3096 5719 22,
3131 5638 3230 5717 30,
3259 5638 3361 5715 33,
3394 5637 3495 5713 38,
3528 5638 3630 5700 53.
