4030 6212
517 381 671 452 1199
1705 371 1970 446 ΡΗΟΤΙΙ
2015 375 2108 445 PR

2214 379 2543 446 'IARCHIE
2584 379 2699 448 ΟΡ.
3697 391 3805 456 1900

587 527 773 606 Legas
802 539 934 603 quae
961 520 1240 583 adnotata
1273 518 1500 585 suntin
1522 535 1656 599 cap.
1691 496 1790 598 30,
1828 520 1960 582 tit.9
1989 540 2178 602 ιιι-ωειλ

2229 521 2489 600 ἀνάγνωθι
2529 524 2595 582 τὰ
2654 542 2859 604 παραγ.
2875 523 3147 603 {puppium
3201 529 3258 582 ἓν
3311 533 3389 592 τῷ
3434 526 3483 583 λ’
3522 549 3640 607 κιο.
3668 540 3741 591 τοῦ
3774 529 3806 586 θ’

512 616 701 681 sentis
730 611 951 693 operis.

2235 615 2341 676 τίτ.
2370 615 2558 673 τούτου
2590 614 2982 694 συντάγματος.

595 704 759 769 CAP.
789 701 891 766 IX.
924 735 1001 747 —
1034 701 1115 762 De
1162 699 1256 761 his
1312 715 1446 778 qam
1493 708 1714 779 praeter
1772 703 2153 764 voluntatem

2322 710 2572 766 ΚΕΦΑΛ.
2637 705 2720 764 Θ’.
2797 739 2872 750 -
2932 709 3059 786 Πιρὶ
3118 713 3225 764 τῶν
3279 709 3422 788 παρὰ
3484 710 3684 788 γνώμην
3737 715 3811 766 τῶν

507 799 830 878 parentum
861 796 968 854 aut
985 788 1380 854 dominorum
1411 789 1671 854 nubunt.

2239 793 2444 853 οἰκείων
2477 794 2680 872 γονάων
2709 795 2744 866 ἦ
2771 792 3050 855 δεσποτῶν
3077 800 3390 875 γαμοωῶν,

590 882 802 950 Basilii
834 898 1026 946 canon
1057 878 1158 954 38,
1191 878 1293 954 41,
1329 878 1429 943 42.

2323 883 2600 942 Βισιλιίου
2627 886 2807 943 κανὼν
2836 882 2956 963 λη’,
2986 885 3114 963 μα’,
3140 887 3263 964 μβ⁹.

595 971 954 1045 Teztusﬂui
974 986 1181 1053 quave
1201 969 1262 1032 in
1288 968 1534 1032 alterius
1559 979 1850 1052 potestate
1867 980 2154 1048 sent,non

2321 976 2599 1049 Κοίμινον,
2651 973 2993 1057 't'srsEouoia,
3046 975 3083 1050 ﬁ
3139 978 3166 1036 ὃ
3213 975 3517 1044 esseEodem;
3564 979 3620 1036 ὠ
3656 978 3815 1036 δύναται

513 1071 766 1152 possunt
806 1061 1076 1142 legitime
1105 1057 1558 1152 matrimonium
1606 1062 1981 1128 contrahere.
2035 1080 2104 1152 ne

2237 1064 2475 1152 νομςμως
2520 1064 2724 1143 γαμοῖν
2775 1065 2854 1152 [si]
2906 1075 3278 1152 cavatvoﬁvvog
3305 1077 3398 1129 τοῦ
3430 1067 3646 1150 ἔχοντος
3671 1069 3813 1129 αὐτοὺς

512 1147 926 1224 consentiente
953 1168 1025 1214 eo
1049 1149 1152 1230 qui
1173 1147 1312 1211 illos
1335 1149 1395 1211 in
1417 1157 1710 1231 potestate
1735 1152 1933 1214 habet:
1960 1159 2024 1214 ut
2043 1150 2103 1214 lil

2235 1150 2584 1226 ὑπιξουσίως,
2635 1153 2710 1216 ὡς
2750 1149 2954 1227 βιϐλίον
2999 1150 3048 1210 ι’
3097 1153 3195 1212 τοῦ
3245 1147 3617 1222 ιιῶδικοξτετ.
3644 1154 3689 1213 δ’
3714 1176 3726 1191 ’
3757 1160 3816 1213 ιιιὶ

511 1267 551 1314 v
581 1246 758 1322 Cod.,
792 1244 881 1306 tit.
911 1241 974 1319 4,
1007 1246 1067 1303 et
1094 1237 1202 1302 lib.
1235 1256 1370 1317 nv,
1411 1244 1505 1303 tit.
1543 1240 1578 1304 2
1611 1240 1909 1322 [traditur]
1936 1263 1948 1301 :
1989 1249 2102 1304 catt

2238 1238 2441 1316 βιϐλίον
2472 1239 2581 1319 κγ’,
2616 1241 2729 1301 τίς.
2758 1240 2834 1319 β’,
2891 1242 2936 1300 αἰ
2985 1243 3064 1319 μὴ
3121 1255 3407 1323 γιγονυταν
3468 1247 3568 1314 τὴν

513 1355 691 1424 quam
721 1334 772 1396 si
791 1330 985 1424 [quis]
1019 1326 1214 1424 ﬁliam
1225 1327 1429 1406 viginti
1451 1330 1723 1424 quinque
1751 1349 1940 1424 annos
1957 1339 2104 1424 natat

2237 1328 2318 1424 μ’
2367 1330 2630 1424 Ϋίνιαυτῶν
2669 1332 2963 1424 -ὑπιρξθετο
3039 1333 3214 1405 ζιῦξαι
3247 1338 3262 1365 ³
3339 1336 3472 1402 τότη
3524 1335 3619 1414 γὰρ
3669 1335 3817 1401 ιαυτὴν

510 1417 604 1514 [in
633 1419 1112 1514 matrimonium]
1148 1417 1400 1514 _elo_care
1456 1418 1719 1514 differat.
1789 1421 1959 1514 Tunc
1991 1419 2101 1484 enii

2236 1419 2524 1514 ἂλωθᾶρως
2577 1417 2749 1514 (mihi
2806 1420 3020 1514 δύναται
3075 1423 3148 1486 ὥς
3189 1424 3226 1490 ἡ
3280 1426 3396 1501 περὶ
3440 1427 3554 1482 τᾶν
3586 1424 3639 1480 ἐν
3675 1424 3816 1500 κλήρῳ

513 1508 889 1602 Ῑίιιοιιίὒθτω
938 1508 1300 1574 conditionis
1356 1508 1592 1602 homini
1622 1511 1884 1602 seipsam
1918 1509 2104 1602 [matri

1356 1508 1592 1602 homini
1622 1511 1884 1602 seipsam
1918 1509 2150 1602 [matri-
2238 1513 2597 1589 εὐχαριστιῶν
2629 1510 2726 1588 ριι’
2759 1511 2941 1590 νεαρὰ.

513 1600 748 1687 monio]
764 1604 1021 1684 jungere
1044 1605 1257 1680 potest:
1284 1600 1792 1681 quemadmodum
1818 1617 1950 1682 qua)
1971 1600 2046 1663 de
2063 1601 2152 1662 in-

513 1694 874 1784 gratitudine
894 1688 1204 1754 haeredum
1230 1689 1488 1770 [tractat]
1511 1690 1751 1755 novella
1772 1693 1886 1755 115
1911 1689 2149 1770 [docet].

593 1815 931 1885 Scholium.
960 1809 1078 1873 Tit.
1112 1810 1150 1872 4
1170 1807 1276 1871 lib.
1295 1826 1329 1868 v
1349 1809 1496 1874 Cod.
1533 1811 1758 1890 positus
1779 1819 1868 1873 est
1888 1812 1948 1874 in
1972 1829 2104 1892 cap.
2137 1810 2213 1873 27
2238 1809 2328 1872 tit.
2356 1809 2390 1871 4
2415 1807 2520 1873 lib.
2548 1807 2730 1873 Basil.
2756 1825 2964 1874 xxviii.
2992 1809 3183 1885 Quale
3208 1818 3407 1876 tamen
3437 1830 3565 1894 cap.
3602 1811 3657 1874 in
3699 1816 3821 1874 textu

511 1910 801 1990 scriptum
831 1910 945 1977 est,
980 1898 1214 1963 nullum
1244 1899 1308 1960 in
1339 1906 1457 1962 toto
1494 1900 1645 1990 [illo]
1677 1901 1768 1963 tit.
1801 1909 1914 1965 est.
1949 1901 2118 1975 Quod
2148 1907 2347 1964 autem
2379 1897 2482 1981 qui
2510 1915 2712 1990 quave
2763 1898 2828 1960 in
2861 1907 3352 1990 potestatesunt,
3404 1901 3567 1965 circa
3614 1917 3823 1990 consen-

513 1988 652 2066 sum
671 1997 804 2076 ejus
826 1992 928 2074 qui
954 2006 1058 2052 eos
1083 1990 1146 2051 in
1178 1996 1470 2069 potestate
1500 1989 1973 2070 habet,legitime
2006 1989 2450 2053 matrimonium
2484 1988 2844 2051 contrahere
2873 2006 2994 2052 non
3024 1989 3279 2071 possint:
3310 1989 3401 2070 [id
3431 1991 3602 2073 vero]
3616 2008 3682 2054 ex
3714 1988 3828 2053 mul-

512 2093 588 2154 tis
621 2103 752 2167 cap.
789 2079 1171 2145 manifestum
1206 2087 1317 2142 est.
1352 2077 1474 2167 Tit.
1503 2079 1542 2141 9
1573 2079 1682 2142 lib.
1713 2095 1857 2143 χχιιι
1891 2081 2020 2161 Dig.
2055 2079 2233 2144 estin
2267 2096 2400 2159 cap.
2434 2079 2458 2139 1
2497 2077 2591 2167 tit.
2623 2077 2664 2140 4
2690 2076 2795 2142 lib.
2824 2093 3046 2156 nvm;
3077 2086 3262 2161 atque
3289 2079 3568 2161 ejusdem
3600 2082 3684 2144 tit.
3723 2096 3826 2160 cap.

515 2181 554 2243 2
582 2177 665 2242 ait
696 2165 714 2238 Ξ
747 2174 882 2237 Non
912 2169 1248 2232 consistunt
1304 2165 1548 2251 nuptias,
1598 2170 1714 2232 nisi
1773 2171 1871 2250 qui
1927 2170 2388 2251 conjungantiir,
2450 2166 2676 2249 quique
2729 2183 2833 2229 eos
2886 2167 2950 2230 in
2999 2175 3291 2249 potestate
3322 2167 3572 2244 habent,
3621 2185 3829 2231 consen~

514 2269 685 2334 tiant.
721 2258 964 2325 Novella
995 2257 1113 2320 115
1142 2263 1232 2319 est
1261 2257 1324 2318 in
1356 2274 1488 2339 cap.
1522 2259 1599 2321 38
1628 2258 1715 2321 tit.
1753 2260 1789 2320 8
1823 2258 1929 2322 lib.
1964 2276 2101 2337 xxv,
2135 2257 2347 2329 Basil.,
2381 2264 2561 2337 atque
2594 2258 2667 2317 12
2698 2258 2833 2336 ejus
2865 2274 2999 2339 cap.
3031 2258 3161 2320 hac
3191 2257 3337 2320 dicit
3368 2274 3383 2322 :
3417 2259 3485 2322 Si
3509 2258 3604 2321 cui
3639 2275 3704 2320 ea
3720 2272 3830 2339 prae

473 2355 475 2358 ’
516 2357 690 2422 dictis
723 2348 1073 2434 parentibus
1102 2345 1240 2409 ﬁliae
1269 2347 1508 2427 neptive
1539 2366 1659 2411 sua:
1692 2348 1970 2411 maritum
2003 2349 2170 2426 dare,
2215 2356 2274 2410 et
2307 2345 2638 2420 secundum
2678 2346 2834 2408 vires
2884 2347 3231 2428 patrimonii
3281 2349 3376 2412 sui
3406 2365 3518 2430 pro
3569 2367 3634 2412 ea
3676 2347 3832 2410 dotem

515 2447 734 2511 oﬁ'erre
761 2437 1008 2516 volenti,
1039 2436 1144 2498 illa
1168 2453 1289 2522 non
1323 2440 1724 2514 consenserit,
1759 2439 1863 2501 sed
1900 2445 2134 2520 turpem
2167 2439 2342 2502 vitam
2375 2434 2669 2515 delegerit
2701 2453 2714 2497 :
2750 2435 2856 2498 sed
2885 2435 2937 2498 si
2969 2435 3092 2499 ﬁlia
3121 2437 3196 2500 ad
3226 2454 3458 2501 annum
3489 2438 3668 2500 aetatis
3703 2437 3833 2498 vice-

515 2538 734 2601 simum
757 2528 1030 2611 quintum
1066 2528 1430 2607 pervenerit,
1464 2536 1524 2592 et
1551 2537 1829 2608 parentes
1861 2527 2142 2591 differant
2171 2525 2384 2590 marito
2430 2542 2561 2587 eam
2593 2525 2986 2606 conjungere,
3025 2533 3083 2590 et
3125 2543 3198 2590 ex
3232 2527 3349 2590 hoc
3397 2527 3696 2608 contingat
3718 2533 3770 2588 ut
3793 2525 3836 2586 in

517 2637 735 2703 corpus
764 2618 922 2680 forte
953 2630 1126 2678 suum
1161 2623 1392 2695 peccet,
1429 2617 1544 2678 hoc
1575 2617 1646 2678 ad
1689 2617 2182 2695 ingratitudinem
2235 2613 2514 2696 imputari
2546 2612 2991 2703 ﬁliminolumus
3025 2633 3039 2679 :
3075 2615 3566 2699 quandoquidem
3610 2634 3716 2678 non
3741 2631 3836 2685 sua.

513 2702 961 2793 sed’parentum
996 2703 1170 2793 culpa
1201 2707 1315 2767 hoc
1346 2704 1674 2786 deliquisse
1706 2706 2076 2786 dignoscitur
2111 2728 2126 2767 :
2161 2708 2360 2786 Atque
2391 2706 2520 2767 hinc
2569 2702 2812 2785 quidem
2847 2703 3079 2785 [habet]
3130 2704 3311 2768 Basil.
3359 2707 3586 2770 inserta
3636 2704 3841 2767 novella.

512 2802 602 2865 Tu
633 2792 772 2862 vero
802 2792 1261 2869 animadvertas,
1293 2793 1455 2874 quod
1491 2795 1614 2858 ﬁlia
1644 2803 1778 2875 post
1809 2796 2154 2858 vicesimum
2197 2799 2470 2879 quintum
2504 2811 2727 2856 annum
2779 2810 2846 2858 se
2895 2801 3114 2875 prater
3155 2795 3529 2859 voluntatem
3588 2794 3757 2878 patris
3780 2794 3844 2853 sui

512 2891 720 2956 liberte
749 2883 1114 2948 conditionis
1147 2882 1378 2946 homini
1403 2883 1687 2946 connubii
1713 2885 1854 2963 jure
1877 2885 2140 2962 jungere
2172 2884 2387 2966 possit,
2421 2883 2544 2964 [id]
2578 2883 2641 2944 in
2672 2883 2853 2946 Basil.
2884 2902 3004 2946 non
3041 2901 3176 2947 esse
3205 2895 3609 2967 assumptum,
3643 2883 3849 2962 ideoque
3962 2945 3963 2960 χ

516 2978 838 3045 etiicaciam
871 2990 990 3036 non
1014 2972 1260 3034 habere.
1295 2973 1483 3035 Aliud
1509 2973 1839 3035 Scholium.
1878 2975 2027 3036 Nota
2059 2991 2192 3054 qua)
2223 2974 2285 3036 in
2321 2972 2600 3054 praesenti
2631 2973 2670 3033 9
2700 2989 2831 3053 cap.
2867 2971 2945 3035 de
2970 2973 3208 3036 filiabus
3237 2974 3298 3036 in
3331 2983 3632 3056 potestate
3673 2970 3849 3034 consti-

514 3069 658 3132 tutis
688 3065 909 3144 scripta
939 3070 1097 3123 sunt.
1154 3061 1444 3134 Quoniam
1492 3079 1627 3124 vero
1675 3063 1952 3124 nonnulli
2004 3062 2304 3138 dixerunt,
2362 3063 2547 3124 ﬁliam
2601 3079 2739 3139 quae
2788 3070 2922 3143 post
2969 3063 3320 3126 vicesimum
3364 3065 3638 3148 quintum
3666 3075 3844 3125 annum

511 3157 869 3225 fornicatur,
918 3149 1250 3213 secundum
1305 3149 1380 3210 12
1440 3168 1569 3231 cap.
1633 3151 1718 3211 tit.
1777 3152 1814 3214 8
1877 3151 1982 3212 lib.
2045 3167 2200 3216 xxxv
2251 3151 2466 3227 Basil.,
2527 3150 2687 3229 quod
2735 3151 2831 3214 hic
2863 3154 3041 3216 etiam
3075 3152 3372 3217 insertum
3404 3161 3525 3236 est,
3557 3171 3670 3216 non
3712 3165 3850 3232 posse

517 3239 884 3310 exbmredari
912 3260 926 3316 ;
955 3256 1087 3320 qua)
1115 3256 1254 3302 vero
1287 3239 1479 3313 nubit,
1518 3258 1694 3322 posse
1723 3259 1736 3302 :
1767 3241 1926 3323 quod
1959 3240 2142 3306 ﬁliam
2178 3250 2311 3323 post
2339 3241 2691 3305 vicesimum
2719 3239 2994 3324 quintum
3029 3260 3252 3306 annum
3291 3251 3516 3324 praeter
3536 3242 3847 3307 voluntatem

523 3333 711 3418 patris
736 3330 828 3392 sui
851 3346 916 3390 se
939 3326 1227 3390 connubii
1252 3327 1381 3418 iure
1411 3328 1534 3391 viro
1559 3330 1816 3410 jungere
1861 3348 2061 3410 posse,
2088 3349 2206 3394 non
2238 3330 2314 3392 sit
2346 3331 2640 3393 insertum
2672 3328 2886 3418 Basil.,
2918 3329 3080 3409 dico,
3112 3331 3274 3414 quod
3326 3350 3465 3395 cum
3499 3331 3722 3409 eadem,
3751 3342 3849 3418 qua!

517 3415 724 3488 causas
745 3418 821 3482 ob
838 3435 987 3497 quas
1011 3424 1287 3498 parentes
1313 3417 1534 3481 liberos
1557 3419 1942 3484 exhaaredare
1970 3428 2217 3500 possunt
2243 3427 2582 3493 enumerat,
2603 3417 2983 3484 Justinianea
3005 3422 3241 3486 novella
3262 3429 3510 3498 statuat,
3530 3430 3594 3485 ut
3615 3419 3710 3503 qui
3727 3415 3848 3481 ﬁlius

514 3519 728 3596 praeter
757 3506 1163 3592 [consensum]
1197 3510 1378 3589 patris
1409 3525 1545 3570 cum
1593 3509 1792 3572 mimis
1825 3518 1930 3573 aut
1978 3511 2266 3574 arenariis
2296 3508 2689 3574 venatoribus
2719 3518 3130 3588 conversatur,
3183 3512 3635 3586 ethredetur,
3665 3508 3846 3572 debea-

518 3620 650 3666 mus
674 3596 1365 3672 dicere,fornicationem
1388 3605 1565 3678 atque
1596 3600 1834 3679 nuptias
1867 3599 2014 3662 alias
2045 3600 2215 3662 venia
2242 3597 2599 3678 dignandas,
2630 3597 2778 3661 alias
2801 3616 2948 3668 non.
2982 3600 3297 3684 Siquidem
3327 3601 3381 3663 si
3418 3602 3570 3678 ﬁlia,
3601 3601 3717 3663 sive
3742 3605 3848 3658 ante
3962 3631 3963 3638 η

519 3691 844 3774 perfectam
877 3693 1053 3749 astate
1085 3685 1210 3750 sive
1242 3695 1400 3767 post,
1433 3688 1794 3750 matrimonii
1832 3689 1964 3768 lege
1987 3707 2120 3752 cum
2164 3689 2288 3752 viro
2319 3688 2460 3770 [non
2494 3686 2772 3770 omnino]
2819 3688 3200 3770 vituperabili
3229 3690 3559 3770 conjuncta
3598 3686 3775 3759 fuerit,
3803 3692 3849 3745 ut

515 3799 636 3846 non
666 3795 902 3860 gravem
934 3783 1102 3857 pater
1132 3794 1202 3837 ex
1234 3775 1458 3856 nuptiis
1489 3776 1772 3857 injuriam
1807 3778 2086 3860 accipiat,
2122 3777 2572 3842 matrimonium
2607 3775 2852 3858 quidem
2893 3785 3174 3860 tanquam
3221 3777 3378 3860 quod
3419 3778 3742 3841 consistere
3765 3789 3847 3835 ne-

519 3877 716 3952 queat,
751 3885 824 3931 ex
851 3864 1116 3928 editione
1147 3866 1328 3946 patris
1361 3864 1450 3942 [ad
1479 3864 1768 3948 judicem]
1795 3865 2181 3944 dissolvetur,
2222 3867 2326 3930 sed
2361 3866 2482 3929 ﬁlia
2505 3883 2623 3928 non
2645 3864 3538 3948 ethredablturﬂuodipsnm
3588 3884 3720 3930 sane
3738 3863 3850 3952 ιυως

519 3949 650 4022 rum
682 3957 861 4020 etiam
891 3953 1062 4028 est,si
1091 3953 1274 4014 simili
1307 3953 1482 4015 modo
1537 3953 1836 4020 fornicata
1881 3955 2080 4020 fuerit.
2113 3959 2195 4022 At
2223 3955 2348 4020 sive
2377 3973 2485 4038 per
2516 3955 2776 4036 nuptias,
2805 3955 2933 4020 sive
2956 3974 3064 4038 per
3105 3956 3572 4020 fornicationem
3605 3949 3848 4038 [omnino]

407 4047 414 4049 “
520 4063 754 4128 gravem
781 4043 930 4126 patri
963 4042 1240 4122 lnjuriam
1274 4040 1578 4123 intulerit,
1610 4042 2116 4109 exhaeredabitur.
2145 4042 2310 4108 Idem
2347 4037 2483 4107 vero
2511 4042 2577 4106 in
2609 4042 2733 4107 tilio
2767 4043 2890 4109 ﬁet.
2925 4045 3011 4109 De
3042 4045 3443 4110 fornicatione
3490 4054 3685 4109 autem
3711 4037 3848 4106 adhi-

521 4138 641 4199 bito
666 4131 1019 4198 discrimine
1045 4137 1365 4212 quaretur.
1392 4129 1526 4193 Alia
1555 4132 1716 4194 enim
1751 4131 2056 4208 diuturna,
2092 4131 2208 4196 alia
2248 4133 2611 4216 temporaria
2640 4141 2752 4198 est.

602 4267 762 4333 CAP.
796 4266 867 4330 Χ.
902 4299 980 4311 --
1016 4265 1099 4327 De
1146 4264 1507 4354 mulieribus
1564 4267 2038 4348 fonticantibus,
2064 4269 2193 4348 fa-l

2327 4277 2578 4335 ΚΕΦΑΛ.
2616 4270 2678 4331 Ι’.
2724 4306 2804 4326 --
2851 4273 2975 4350 Περὶ
3032 4275 3138 4329 τῶν
3197 4294 3590 4354 πορνευουσφν,
3627 4269 3845 4331 καὶάντι-

523 4369 649 4423 tum
673 4354 1128 4444 perimentibas,
1162 4353 1255 4444 vel
1283 4354 1362 4416 ad
1418 4354 1718 4418 necandos
1769 4354 1932 4434 fetus
1961 4359 2114 4422 medi

1913 4376 1932 4418 Β
1961 4359 2157 4422 medi-
2245 4367 2444 4440 ρουσῶν
2477 4361 2543 4417 τὰ
2573 4361 2885 4438 τικτόμενα,
2919 4364 2954 4429 ἢ
2988 4363 3255 4421 ποιουσῶν
3289 4365 3504 4444 φθόρια.

523 4452 806 4512 camenta
836 4441 1314 4523 cmtﬁcientt‘bua.

604 4531 854 4598 Consilii
880 4513 1179 4611 Ancyram
1213 4547 1404 4594 canon
1435 4537 1502 4594 21
1534 4552 1549 4608 ;
1583 4533 1822 4597 concilii
1867 4536 2023 4602 sexti
2054 4556 2157 4601 ca-

2371 4528 2553 4588 υνόδου
2615 4531 2875 4608 Ἀγκύρας
2930 4533 3106 4588 κανὼν
3164 4532 3252 4590 κε’
3287 4548 3300 4564 ⁸
3357 4533 3581 4592 συνόδοδ
3609 4531 3682 4607 ς’
3711 4527 3842 4586 1N1"

522 4642 642 4689 non
667 4622 732 4688 9i
772 4643 788 4701 ;
820 4619 1027 4686 Basilii
1057 4637 1250 4684 canon
1281 4621 1341 4704 ἓ,
1375 4623 1435 4696 8,
1471 4623 1570 4687 59.

2248 4619 2342 4696 {at’
2382 4638 2395 4651 '
2431 4620 2712 4677 Βασιλιίοο
2745 4621 2920 4678 χανὼν
2952 4619 3028 4696 β’,
3063 4619 3146 4702 η’,
3180 4621 3284 4698 νβ’.

605 4714 849 4778 Textus.
887 4710 1117 4776 Dicitur
1147 4709 1250 4774 lib.
1283 4728 1456 4790 xsvn,
1495 4715 1586 4776 tit.
1624 4715 1720 4790 11,
1757 4714 1968 4798 Dig.4,
2006 4725 2152 4794 etc.,

2325 4710 2601 4798 Κιίμινοντ
2653 4707 2880 4788 Εἴρηται
2912 4707 3102 4785 βιϐλίῳ
3159 4710 3274 4787 pg’,
3338 4712 3445 4772 τίτ.
3513 4711 3607 4788 u’,
3641 4703 3840 4798 δώῃ-δί

519 4822 708 4887 usque
737 4801 817 4867 ad
848 4801 1049 4866 datum
1083 4800 1182 4875 sit,
1215 4809 1285 4864 ut
1309 4819 1450 4884 pag.
1488 4807 1629 4864 923.
1840 4795 1858 4798 ⁷
1955 4795 1963 4798 ⁷

2249 4799 2322 4856 ὃτι
2353 4800 2388 4866 ᾖ
2420 4796 2693 4887 ἕπιτηνδὶς,
2727 4820 2783 4860 χ.
2831 4820 2884 4857 τ.
2936 4797 2990 4858 λ.
3021 4816 3216 4880 usque
3247 4801 3346 4877 ad,
3381 4801 3483 4860 κᾶν
3517 4805 3692 4882 χωρὶς
3719 4795 3840 4855 δόλου

2240 4892 2300 4948 τὸ
2334 4889 2486 4965 πόμα
2509 4886 2762 4950 δέδωκεν.

603 4986 942 5068 Scholiasta.
977 4983 1202 5068 Digest.
1238 4986 1407 5068 stitit.
1459 4988 1526 5048 ll
1573 4985 1678 5049 lib.
1720 5004 1883 5053 xcvu
1915 4989 2046 5066 Dig.
2080 4994 2171 5052 est
2224 5002 2357 5068 cap_.
2389 4981 2470 5068 ἓξ
2502 4981 2599 5068 ti_t._
2637 4981 2853 5068 22Alib.
2887 5001 2956 5049 ιι
2987 4983 3200 5068 Basil.,
3236 4985 3398 5068 quod
3433 4983 3609 5068 dicit,
3637 4991 3699 5047 ut
3724 4977 3841 5043 scri-

520 5076 689 5209 ggnm
726 5073 836 5131 est.
872 5065 1002 5160 Dig.
1033 5061 1078 5128 8
1103 5064 1194 5129 tit.
1221 5067 1267 5157 8
1296 5065 1399 5128 lib.
1428 5081 1611 5160 xnvur
1643 5083 1766 5131 non
1802 5061 2059 5150 positum
2094 5061 2497 5162 est_in'Basil.
2534 5064 2664 5154 Dig.
2699 5061 2778 5128 39
2808 5064 2900 5127 tit.
2956 5067 3037 5126 19
3093 5064 3201 5160 lib.
3240 5061 3421 5159 iuvui
3461 5061 3602 5146 Dig.
3633 5069 3842 5138 estcap.

631 5155 721 5209 tit.
757 5149 828 5209 51
864 5145 966 5209 Ιώ.
994 5161 1072 5209 ιι
1101 5146 1312 5209 Basil..
1363 5165 1431 5208 ac
1476 5147 1620 5208 dicit
1662 5165 2037 5209 dumcunnue
2089 5154 2313 5209 scrinta
2347 5150 2509 5207 sunt.
2541 5141 2678 5209 Dm.
2711 5141 2788 5207 38
2834 5144 3110 5209 eiusdem
3141 5145 3254 5209 lib.
3287 5154 3347 5207 et
3379 5153 3476 5207 ut.
3512 5151 3604 5209 est
3629 5134 3842 5208 tbemaﬁ

563 5147 600 5210 9
631 5146 828 5230 tit._5t
864 5134 979 5230 lib:
994 5145 1312 5230 ua_Basil._,
1363 5165 1431 5230 ac
1476 5147 1620 5208 dicit
1662 5134 2037 5230 quaecunque
2089 5149 2313 5230 scripta
2347 5150 2509 5207 sunt.
2541 5134 2678 5230 Dig.
2711 5141 2788 5207 38
2834 5144 3110 5226 ejusdem
3141 5145 3254 5210 lib.
3287 5154 3347 5207 et
3379 5145 3476 5207 tit.
3512 5134 3604 5210 est
3629 5134 3845 5208 thema'ﬁ

522 5243 656 5307 cap.
687 5227 762 5290 38
794 5231 884 5290 tit.
914 5227 984 5288 5t
1023 5224 1129 5291 lib.
1165 5243 1234 5290 ιι
1264 5227 1475 5308 Basil.,
1507 5222 1700 5309 quod,
1726 5247 1858 5314 qua
1889 5222 2326 5312 compendiose
2349 5222 2658 5307 proposita
2687 5231 2846 5308 sunt,
2867 5222 3101 5290 narrat.

599 5355 762 5419 CAP.
800 5352 1010 5422 Xl.‘———
1043 5356 1132 5420 De
1161 5359 1238 5422 iis
1288 5361 1397 5440 qui
1439 5359 1876 5424 abominantur
1934 5363 2157 5427 matri-

2325 5368 2578 5428 ΚΒΦΑΔ.
2628 5352 2736 5426 [Αἵ.
2812 5393 2890 5412 —
2952 5363 3077 5444 Πιρὶ
3134 5368 3241 5422 τῶν
3286 5361 3720 5441 βδολυσσομένων
3775 5355 3841 5409 τδν

515 5445 812 5522 montum,
829 5535 833 5536 ί
849 5463 1096 5512 carnem
1121 5456 1176 5511 et
1205 5448 1443 5514 vinum.

2242 5454 2439 5532 γόμον,
2476 5453 2564 5510 καὶ
2595 5451 2751 5536 κρέα,
2782 5454 2874 5511 ιιιῖ
2899 5451 3076 5515 οἶνον,

596 5535 1017 5625 Apostolorum
1071 5555 1265 5600 canon
1321 5540 1437 5622 5i;
1500 5541 1740 5606 concilii
1792 5541 2158 5625 Gangrensis

2319 5541 2668 5600 Ἀποσιόλων
2723 5533 2900 5602 and“
2945 5539 3029 5601 να⁹
3063 5558 3079 5575 ⁹
3127 5541 3346 5602 συνόδου
3402 5543 3647 5621 Γάγγρις
3700 5533 3835 5590 κανὼν

517 5643 711 5692 canon
737 5625 796 5707 1,
829 5623 892 5705 2,
926 5626 987 5701 4,
1020 5631 1059 5687 9
1087 5647 1102 5703 ;
1135 5627 1317 5691 Basil.
1352 5647 1544 5695 canon
1576 5632 1678 5710 98,
1713 5632 1812 5696 85.
1928 5623 1947 5625 “

1928 5623 1947 5625 _
2243 5633 2317 5707 α’,
2351 5631 2428 5709 β’,
2462 5629 2534 5707 δ’,
2567 5630 2612 5689 0’
2648 5649 2665 5670 ο
2704 5631 2982 5693 Βισιλςίοο
3011 5631 3188 5690 κανών
3214 5631 3331 5706 κη’,
3364 5630 3476 5695 τπδ’.
