4026 6226
489 347 642 417 1203
1665 342 1933 407 PHOTII
1973 338 2492 405 PATRIARCHz’E
2535 333 2652 400 ce.
2946 289 2948 291 ’
3041 314 3044 316 ’
3697 342 3818 411 1204

569 495 820 564 Textus.
850 494 953 558 Est
983 500 1181 558 tamen
1229 490 1339 557 lib.
1376 501 1456 574 1v,
1489 500 1606 554 etc.
1639 506 1828 570 usque
1863 488 1943 550 ad
1974 486 2159 548 red-1

2284 486 2562 559 Kstpsvov.
2597 483 2752 540 Ἔστι
2806 483 2860 540 δὲ
2920 486 3095 562 εὺριτν
3139 484 3345 562 βιϐλίον
3389 487 3434 544 δ’
3479 496 3573 547 τοῦ
3623 494 3821 561 κώδικος

490 586 597 662 dit,
635 593 705 650 ut
726 603 874 668 pag.
907 584 1050 648 931.

2229 578 2315 636 τίτ.
2363 573 2443 654 α’,
2474 574 2644 649 διάτ.,
2678 597 2735 633 κ.
2767 597 2821 634 1.
2851 573 2933 651 λ.,
2970 591 3162 656 usque
3195 575 3294 655 ad,
3327 575 3411 635 διᾶ
3443 580 3537 636 τὸν
3559 581 3819 662 φιλκίόων,

2212 663 2494 723 ἀναδίδωσι
2507 713 2520 728 ,

570 785 908 852 Scholtum.
938 781 1326 848 Meminimus
1375 779 1652 855 superius
1701 775 1852 854 legis
1892 771 2322 854 jusjurandum
2380 771 2707 852 praestitum
2749 789 2869 832 non
2898 773 3216 835 retractari
3246 773 3546 840 docentis.
3598 779 3734 840 Item
3779 791 3828 843 et

488 881 743 945 alterius
771 879 924 958 legis
954 875 1366 950 meminimus,
1418 891 1640 953 nempe
1693 891 1826 949 cap.
1883 872 1948 930 3t
2008 867 2100 930 tit.
2146 865 2324 932 5lib.
2354 883 2478 928 xm
2529 863 2849 958 [similiter]
2898 867 3228 947 praestitum
3273 869 3694 950 jusjurandum
3729 893 3825 936 non

485 973 822 1049 retractari,
842 957 1149 1034 docentis.
1184 970 1264 1032 At
1288 967 1480 1030 sancti
1511 966 1714 1029 Basilii
1747 961 2029 1046 permulti
2061 978 2326 1022 canones
2358 960 2634 1040 perjuros
2665 957 2836 1020 valde
2864 958 3065 1039 puniri
3107 969 3400 1028 statuunt.
3455 964 3825 1037 Quaerendum

486 1065 808 1142 estigitur,
842 1063 1084 1140 quando
1115 1060 1441 1140 praestitum
1469 1057 1893 1138 jusjurandum
1946 1063 2333 1135 retractetur,
2370 1063 2431 1116 ut
2477 1053 2764 1115 adversus
2814 1053 3157 1133 pejerantes
3188 1057 3496 1120 canonica;
3546 1078 3728 1138 poma;
3753 1062 3827 1123 lo-

490 1177 628 1222 cum
657 1156 918 1219 habeant
954 1177 967 1214 :
999 1161 1060 1216 et
1089 1153 1330 1233 quando
1359 1171 1506 1214 non.
1538 1151 1808 1214 Dicimus
1839 1149 2046 1229 itaque
2078 1149 2318 1230 proprie
2350 1145 2721 1230 quadruplex
2753 1165 2888 1210 esse
2921 1149 3348 1228 jusjurandum
3388 1169 3401 1213 :
3451 1151 3826 1218 voluntarium

491 1250 964 1334 [nempe],quod
992 1248 1275 1310 videlicet
1303 1246 1378 1309 de
1407 1246 1708 1308 voluntate
1741 1245 2000 1326 partium
2029 1243 2514 1322 extrajudicium
2543 1248 2878 1322 praestatur:
2909 1243 3344 1317 necessarium,
3365 1247 3527 1326 quod
3555 1247 3829 1312 deferente

488 1353 718 1420 actore,
755 1352 813 1407 et
843 1362 914 1405 ex
945 1341 1412 1404 interlocutione
1464 1339 1692 1419 judicis
1726 1338 1904 1400 datur
1937 1357 1950 1397 :
2007 1335 2324 1414 judiciale,
2381 1335 2541 1414 quod
2582 1353 2650 1396 ex
2685 1337 2987 1397 sententia
3031 1336 3262 1415 judicis
3292 1339 3382 1400 vel
3429 1339 3636 1403 invitis
3663 1343 3828 1422 litiga-

491 1437 721 1502 toribus
743 1433 1212 1500 contrnversiam
1243 1431 1516 1507 decidit;
1549 1442 1610 1493 et
1638 1429 2107 1512 [jusjurandum]
2133 1431 2195 1492 in
2250 1432 2438 1504 litem,
2477 1429 2639 1510 quod
2699 1429 2976 1507 litigiosae
3005 1433 3094 1492 rei
3151 1432 3437 1512 pretium,
3492 1437 3726 1516 quando
3752 1439 3830 1500 illa

489 1531 626 1595 dolo
657 1527 1109 1592 contumaciave
1139 1529 1228 1590 rei
1263 1545 1382 1588 non
1407 1525 1601 1600 datur,
1639 1525 1701 1585 in
1752 1532 1976 1586 certam
2034 1525 2424 1604 quantitatem
2477 1522 2722 1601 redigit.
2753 1523 2860 1584 Est
2891 1531 3146 1606 [tamen]
3183 1525 3361 1587 etiam
3407 1526 3825 1607 jusjurandum,

493 1623 714 1707 [quod]
747 1629 992 1706 propter
1021 1621 1378 1684 calumniam
1413 1620 1670 1699 [datur.]
1721 1618 1805 1680 Ac
1867 1619 2264 1680 voluntarium
2327 1618 2571 1699 quidem
2641 1635 2945 1696 nunquam
3000 1629 3377 1682 retractatur.
3436 1623 3829 1687 Necessarium

490 1737 634 1782 vero
659 1718 722 1780 in
752 1736 871 1780 uno
907 1734 1098 1797 eoque
1142 1715 1272 1780 solo
1304 1732 1446 1777 casu
1476 1723 1857 1790 retractatur,
1895 1730 2114 1792 nempe
2165 1709 2360 1772 ultimi
2393 1728 2526 1790 cap.
2562 1709 2651 1771 tii.
2685 1712 2724 1772 5
2755 1710 2865 1774 lib.
2899 1727 3022 1774 xxii
3051 1711 3233 1775 Basil.
3291 1714 3444 1776 Nam
3478 1719 3708 1781 tametsi
3734 1721 3828 1782 Go-

491 1812 666 1875 bidas
691 1819 751 1874 et
779 1808 1141 1891 Stephanus,
1171 1827 1306 1872 cum
1336 1809 1815 1889 interpretantur
1863 1825 1993 1886 cap.
2046 1809 2114 1868 31
2165 1804 2261 1867 tit.
2315 1805 2351 1865 5
2387 1803 2494 1866 lib.
2532 1819 2681 1878 xm,
2719 1803 2912 1865 solum
2942 1804 3341 1868 voluntarium
3379 1827 3504 1870 non
3554 1816 3828 1874 retractari

496 1907 699 1969 dicant
732 1895 748 1969 ἑ
783 1913 845 1966 tu
897 1912 1096 1967 tamen
1157 1904 1245 1967 illi
1294 1903 1426 1984 Dig.
1477 1904 1756 1984 ascripta;
1799 1899 2286 1980 interpretationi
2315 1917 2391 1960 ne
2435 1898 2762 1961 auscultes.
2806 1899 3045 1960 Etenim
3078 1900 3154 1963 44
3189 1919 3322 1982 cap.
3360 1903 3455 1965 tit.
3513 1909 3551 1965 5
3582 1904 3684 1968 lib.
3713 1924 3826 1984 nu,

496 1999 654 2082 quod
687 2007 776 2062 est
804 2007 999 2061 const.
1042 2005 1065 2058 1
1107 1997 1198 2062 tit.
1236 2005 1259 2059 1
1294 1997 1396 2059 lib.
1427 2013 1487 2058 1v
1519 1997 1693 2072 Cod.,
1719 1998 1792 2059 ad
1825 1997 1986 2058 hunc
2022 1993 2264 2056 modum
2297 1993 2378 2054 ait
2413 2017 2425 2051 :
2463 1993 2653 2056 Causa
2677 1995 3072 2074 jurejurando
3101 2016 3171 2058 ex
3217 2017 3529 2061 consensu
3559 2003 3830 2084 utriusque

495 2094 684 2176 partis
709 2091 800 2156 vel
830 2092 1179 2155 adversario
1209 2091 1532 2163 inferente,
1566 2090 1762 2153 delato
1797 2100 1854 2152 et
1889 2088 2179 2170 praestito,
2213 2087 2305 2148 vel
2336 2088 2592 2150 remisso
2627 2087 2852 2164 decisa,
2889 2107 3001 2150 nec
3031 2093 3280 2171 perjurii
3331 2101 3622 2172 praetextu
3651 2106 3831 2160 retrac-

496 2188 608 2251 tari
637 2193 857 2267 potest,
903 2186 1020 2248 nisi
1067 2186 1410 2267 specialiter
1440 2187 1552 2248 hac
1585 2185 1717 2264 lege
1752 2185 2092 2264 excipiatur
2131 2203 2144 2243 :
2178 2180 2420 2244 sustulit
2475 2179 2723 2244 Gobidaa
2755 2188 2812 2244 et
2841 2182 3132 2262 Stephani
3163 2184 3239 2246 ad
3271 2187 3405 2263 Dig.
3459 2191 3828 2272 conscriptam

495 2273 1080 2362 interpretationem.
1123 2281 1393 2361 Reliquae
1442 2288 1643 2342 autem
1695 2277 2092 2359 jurisjurandi
2141 2274 2437 2368 [species],
2490 2274 3000 2355 quemadmodum
3037 2277 3098 2339 id
3153 2293 3556 2344 memoratum
3606 2285 3671 2347 31
3725 2305 3826 2368 cap.

498 2375 604 2456 ait,
638 2373 806 2436 novis
835 2373 1253 2436 instrumentis
1283 2373 1542 2455 repertis
1573 2379 1995 2435 retractantur.
2032 2368 2170 2432 Haec
2221 2367 2403 2447 igitur
2451 2386 2585 2429 cum
2639 2368 2720 2429 ita
2770 2370 2952 2449 [sese]
2988 2370 3267 2449 habeant,
3304 2374 3704 2459 quodcunque
3725 2367 3830 2459 jus-

490 2468 820 2551 jurandum
852 2469 1188 2544 retractari,
1224 2487 1339 2549 quo
1370 2470 1418 2529 si
1465 2474 1563 2549 qui
1595 2469 1745 2530 forte
1799 2464 2024 2548 perjuri
2075 2463 2477 2538 inveniantur,
2532 2461 2842 2524 canonicis
2875 2464 3067 2542 pcenis
3099 2465 3461 2546 plectantur,
3502 2489 3580 2532 ne
3624 2471 3826 2538 dixeris.

496 2562 618 2626 Sed
650 2561 789 2624 illos
821 2563 1153 2624 secundum
1186 2561 1383 2642 legum
1441 2570 1738 2637 tenorem,
1777 2570 2053 2640 tanquam
2089 2559 2362 2638 perjuros
2394 2557 2760 2638 [canonicis]
2795 2561 2985 2639 poenis
3015 2560 3184 2623 feriri
3219 2563 3404 2641 dicas,
3435 2567 3543 2647 qui
3583 2588 3651 2630 ex
3672 2569 3827 2648 juris-

490 2653 737 2736 juraudi
764 2654 1189 2718 retractatione
1219 2654 1720 2719 condemnentur.
1754 2655 1946 2734 Atque
1977 2651 2048 2712 ad
2099 2651 2257 2712 hunc
2291 2651 2588 2732 [quidem]
2623 2653 2863 2715 modum
2898 2673 3160 2719 canones
3211 2657 3375 2737 [cum
3420 2660 3682 2743 legibus]
3710 2682 3827 2726 con-

498 2747 659 2810 cilia.
691 2746 837 2808 Nam
867 2765 1069 2826 neque
1098 2755 1342 2811 sanctus
1367 2749 1626 2812 Basilius
1657 2749 1719 2810 in
1747 2745 2146 2827 jurejurando
2177 2745 2336 2826 quod
2367 2765 2437 2808 ex
2469 2764 2770 2808 consensu
2801 2745 3000 2825 datur,
3035 2749 3108 2812 de
3139 2753 3402 2832 perjurio
3454 2763 3669 2818 tractat
3699 2775 3711 2816 :
3744 2761 3824 2820 sed

495 2859 601 2904 eos
631 2841 733 2923 qui
757 2841 1040 2922 jurarint,
1075 2841 1265 2905 Deum
1299 2843 1599 2905 vindicem
1631 2841 1858 2903 habere
1905 2839 2141 2919 asserit,
2191 2846 2371 2918 atque
2415 2839 2476 2900 in
2507 2839 2758 2920 reliquis
2792 2839 3082 2923 [casibus]
3113 2845 3508 2924 quaestionem
3542 2848 3618 2911 de
3663 2852 3825 2931 perju-

490 2937 584 2998 rio
615 2935 894 3011 instituit,
933 2943 992 2997 et
1023 2954 1228 3016 pinnas
1260 2938 1560 3017 proponit.
1595 2935 1911 3016 [Caeterum
1945 2936 2105 3011 hinc]
2146 2933 2291 2995 mihi
2325 2933 2614 3014 excipias,
2656 2935 2812 3014 quod
2847 2954 2879 2997 a
2911 2938 3214 3001 nonnullis
3244 2959 3352 3020 per
3403 2943 3826 3020 pusillanimita-

492 3037 639 3104 tem,
673 3047 794 3090 non
826 3030 1078 3110 [autem]
1110 3031 1183 3092 ad
1212 3030 1574 3092 delationem
1607 3029 1956 3105 adversarii,
1991 3046 2186 3109 neque
2218 3047 2286 3090 ex
2314 3028 2637 3108 judiciaria
2670 3033 3027 3094 necessitate
3071 3043 3385 3111 praestatur
3407 3037 3824 3116 jusjurandum:

501 3129 662 3203 puta,
696 3123 933 3203 quando
965 3124 1095 3205 quis
1123 3126 1221 3204 (se
1249 3127 1371 3202 aut)
1401 3144 1518 3186 non
1552 3144 1794 3188 esurum
1852 3142 2085 3199 carnes,
2121 3131 2221 3184 aut
2250 3121 2663 3203 Hierosolyma
2713 3125 3140 3206 profecturum,
3175 3136 3280 3190 aut
3309 3130 3474 3192 aliud
3513 3131 3656 3195 boni
3683 3135 3823 3213 quid-

503 3214 658 3295 piam
691 3216 983 3278 facturum
1005 3217 1184 3298 jurat,
1223 3237 1335 3281 nec
1368 3220 1427 3281 id
1461 3220 1601 3282 facit
1633 3241 1645 3280 :
1683 3220 1962 3281 similiter
1996 3221 2173 3280 etiam
2206 3216 2443 3298 quando
2477 3220 2610 3298 quis
2660 3220 2777 3281 hoc
2809 3229 2908 3281 aut
2958 3220 3103 3282 illud
3139 3224 3359 3284 malum
3415 3224 3531 3305 (se)
3579 3228 3828 3291 facturum
3942 3257 3943 3306 ξ

501 3327 638 3372 cum
663 3311 1058 3391 jurejurando
1085 3324 1286 3396 negat,
1337 3323 1395 3377 et
1442 3315 1582 3376 facit
1641 3315 2058 3377 nihilominus.
2114 3312 2280 3374 Tunc
2333 3313 2493 3374 enim
2551 3321 2830 3395 tanquam
2875 3317 3164 3396 perjurus
3209 3337 3324 3380 non
3360 3322 3724 3404 puniendus,
3751 3324 3828 3386 sed

501 3405 1042 3486 quomodocunque
1071 3426 1104 3468 a
1143 3408 1259 3470 loci
1291 3411 1574 3490 episcopo
1604 3409 1789 3489 (velut
1819 3409 2084 3470 adhibita
2117 3405 2438 3487 medicina)
2474 3407 2773 3470 curandus
2804 3410 2940 3470 erit.

507 3551 511 3556 .
579 3502 787 3567 Const.
824 3505 895 3581 13
949 3506 1042 3568 tit.
1078 3508 1106 3569 1
1143 3506 1248 3570 lib.
1301 3523 1357 3569 1v
1411 3507 1559 3571 Cod.
1615 3516 1703 3569 est
1736 3525 1867 3586 cap.
1899 3509 2008 3568 ult.
2045 3507 2097 3566 tis

2303 3506 2566 3586 Σχόλιον.
2603 3508 2664 3563 Ἠ
2716 3508 2786 3587 ιγ’
2835 3508 3068 3574 διάταξις
3123 3519 3211 3567 τοῦ
3248 3512 3298 3567 α’
3329 3520 3430 3574 τίτ.
3467 3525 3565 3572 τοῦ
3593 3516 3641 3572 δ’
3664 3516 3825 3593 βιῶἐου

499 3593 540 3657 5
570 3593 674 3659 lib.
707 3611 834 3657 χιιι
863 3593 1071 3672 Basil.,
1107 3604 1282 3678 atque
1314 3599 1607 3681 explicata
1638 3607 1729 3660 est
1756 3595 2052 3678 superius.

2235 3602 2317 3650 :06
2361 3596 2609 3660 Αωδικος,
2679 3597 2788 3654 ἔστι
2853 3599 3166 3656 τελὲυτατον
3215 3622 3334 3680 nate.
3383 3612 3476 3661 106
3526 3604 3571 3660 ε’
3616 3607 3707 3665 τίτ.
3761 3613 3825 3663 τοῦ

2223 3685 2307 3758 κβ’
2337 3686 2444 3740 τῶν
2476 3687 2799 3762 Βασιλικῶν,
2847 3690 2934 3745 καὶ
2991 3687 3336 3756 ἐδηλώθησαν
3392 3694 3456 3750 τὰ
3525 3698 3640 3774 περὶ
3681 3699 3824 3752 τούτου

2225 3775 2298 3838 εἰς
2329 3776 2388 3830 τὸ
2420 3774 2689 3850 προλαϐὸν
2720 3776 2972 3857 σχόλιον.

578 3860 823 3952 Toxlus.
857 3861 1005 3926 Item
1039 3882 1171 3947 quae
1203 3866 1278 3930 de
1319 3867 1651 3948 judicialis,
1687 3874 1801 3929 etc.
1836 3884 2030 3948 usque
2060 3867 2140 3929 ad

2307 3864 2583 3940 Κείμενον.
2637 3864 2700 3923 ’Β
2749 3866 2804 3923 δὲ
2849 3870 2968 3947 περῖ
3012 3875 3109 3936 τῆς
3177 3872 3546 3950 καθαρότητος
3606 3883 3703 3932 τῶν
3755 3876 3821 3952 ὅρ-

502 3951 661 4015 facta
689 3951 888 4019 fuerit.
923 3959 992 4018 ut
1016 3971 1154 4035 pag.
1190 3956 1331 4022 931.

2231 3975 2328 4008 κων
2360 3959 2464 4010 τῶν
2497 3954 2740 4032 διχῶνμι.
2779 3981 2828 4015 1.
2866 3957 2948 4034 λ.,
2977 3977 3169 4040 usque
3197 3959 3346 4036 δάβῖ
3379 3964 3454 4038 μὴ
3492 3967 3583 4021 καὶ
3611 3965 3688 4021 ἐπ’

2219 4042 2409 4121 γέγονε
2440 4043 2705 4108 διάλυσις.

577 4127 925 4221 Scholiasta.
948 4130 1200 4221 ,Novella
1242 4133 1614 4201 Justinianea
1665 4139 1783 4200 124
1815 4145 1904 4199 est
1934 4137 1994 4197 in
2027 4134 2136 4196 lib.

2301 4131 2563 4213 Σχόλιον,
2620 4138 2685 4192 Ἦ
2739 4135 2851 4214 ρκδ’
2913 4136 3337 4204 Ἰουστινιᾶνειος
3386 4146 3552 4221 νεαρὰ
3598 4144 3818 4200 antarii

495 4217 681 4282 Basil.
710 4219 774 4294 7,
809 4220 898 4282 tit.
930 4219 993 4296 4,
1025 4239 1159 4304 cap.
1193 4223 1254 4299 6,
1290 4225 1448 4306 quod
1491 4229 1785 4289 insertum
1831 4234 1922 4290 est
1951 4225 2085 4287 intei

2225 4220 2414 4298 βιϐλίῳ
2468 4221 2538 4295 ζ’,
2586 4227 2689 4292 τίτ,
2749 4224 2820 4300 δ’,
2871 4248 2990 4307 Αεφ.
3024 4228 3128 4303 ς’,
3166 4217 3591 4300 καταστρωθέντι
3637 4237 3702 4296 εἷς
3748 4236 3815 4298 τὴν

497 4309 817 4403 pretationi
848 4326 982 4403 can.
1022 4312 1101 4403 i5_
1135 4330 1307 4403 conc.
1362 4313 1818 4396 Carthaginens.
1875 4314 2032 4398 quod
2066 4315 2087 4376 ἀ

2227 4313 2509 4403 ἑρμηνείαν
2555 4325 2647 4373 106
2699 4315 2763 4371 ιε’
2810 4319 3030 4384 κανόνος
3087 4320 3183 4388 τῆδ
3235 4322 3290 4377 ὲν
3352 4327 3688 4403 Καρθαγέννῃ
3728 4345 3817 4380 συν·

491 4395 764 4490 j_u_diciali
789 4399 1144 4490 jusjurando
1174 4395 1720 4470 hinc-retractando
1737 4395 2080 4486 agens,lega

2227 4399 2368 4482 ὁδου,
2400 4403 2488 4459 καὶ
2520 4404 2784 4483 ἀνάγνωθι
2815 4408 2904 4464 καὶ
2957 4415 3113 4465 τοῦτο
3163 4413 3282 4489 περὶ
3331 4395 3646 4471 ἷουϐικαλέου
3697 4412 3817 4490 ὅρκου

497 4485 728 4579 Digest.
768 4486 960 4550 13tit.
1021 4489 1062 4579 ξ
1117 4489 1225 4554 lib.
1286 4512 1371 4557 xu
1428 4494 1607 4558 habet
1661 4485 2087 4578 perindeatqu

2225 4489 2581 4567 Ξιαλαμϐένον
2667 4495 2944 4552 κάντεῦθεν
3032 4485 3561 4579 ἀναψηλαφωμὲνου.
3644 4485 3815 4570 T011!

495 4573 785 4656 scriptum
844 4584 958 4641 est.
1015 4576 1218 4642 Const.
1280 4583 1350 4644 41
1415 4583 1506 4646 tit.
1557 4585 1596 4646 4
1656 4573 1761 4649 lib.
1799 4603 1838 4648 ιι
1870 4573 2084 4647 Οοᾱξο

2222 4580 2359 4642 διὰτ.
2401 4589 2492 4639 τοῦ
2549 4580 2601 4658 β’
2658 4585 2760 4643 τίτ.
2795 4593 2888 4641 106
2918 4587 2970 4662 β’
3000 4587 3206 4663 βιϐλίου
3245 4597 3353 4647 τῶν
3403 4589 3701 4662 διατάξεων,
3734 4591 3812 4646 ἔστι

496 4664 746 4757 σοι).-βὸ
780 4666 870 4730 tit.
907 4667 947 4730 2
975 4667 1086 4734 lib.
1117 4686 1161 4732 11
1191 4672 1349 4753 quod
1383 4673 1550 4750 dicit,
1582 4693 1956 4757 quaecunque
1981 4692 2086 4736 con

2222 4670 2355 4743 θέμα
2398 4670 2709 4729 τελευταῖον
2765 4685 2858 4733 106
2917 4674 2990 4753 ιγ’
3036 4675 3177 4741 διὰτ,
3238 4689 3329 4739 τοῦ
3383 4680 3423 4736 ε’
3473 4683 3577 4739 τὶτ.
3637 4687 3719 4737 τοὺ
3753 4676 3812 4752 ιβ’

494 4754 802 4850 pendiose
835 4758 1354 4850 propositasunt.
1413 4763 1708 4827 Caeterum
1761 4754 1909 4827 illud
1961 4764 2084 4826 etia‘

2221 4759 2425 4837 βιϐλίου
2470 4762 2645 4850 οὕτως
2706 4763 2839 4844 ἔχον
2897 4767 2971 4830 ὡς
3019 4769 3093 4831 εἷς
3133 4771 3195 4824 τὸ
3233 4771 3477 4842 κείμενον
3522 4771 3732 4850 ἐγράφη.
3768 4759 3809 4823 Ἠ

485 4843 912 4936 jusjurandum
929 4847 1220 4928 judiciale
1245 4851 1420 4933 [esse]
1446 4853 1616 4919 dixit.
1635 4854 1958 4936 Propterea
1977 4853 2074 4916 eni

2226 4850 2342 4928 μα’,
2392 4849 2529 4913 διάτ.
2577 4859 2671 4908 106
2714 4843 2789 4931 01',
2836 4856 2940 4917 τίτ.
2988 4864 3082 4913 106
3123 4858 3174 4934 β’
3219 4857 3424 4934 βιϐλίου
3463 4843 3808 4932 τοῦ-’κώδυοῆ

491 4951 568 5026 es
589 4935 1021 5016 reprobatione
1051 4939 1183 5019 ejus
1232 4943 1398 5025 [una]
1449 4962 1585 5006 cum
1641 4935 1860 5007 damno
1891 4943 2073 5006 infam

2218 4941 2330 4997 ἔστι
2374 4963 2495 5020 κεφ.
2544 4942 2632 5010 νη¹
2673 4943 2765 4999 106
2827 4942 2878 5019 β’
2921 4946 3025 5008 τίτ.
3072 4953 3165 5003 τοῦ
3210 4948 3283 5004 ια’
3314 4948 3517 5025 βιϐλίου
3546 4950 3689 5026 λέγον
3737 4949 3808 5002 ὅσα

493 5024 672 5086 etiam
698 5027 1114 5108 consequitur.
1146 5031 1355 5096 Const.
1375 5024 1465 5095 ⁷42
1498 5035 1772 5115 ejusdem
1808 5033 1916 5096 lib.
1950 5042 2009 5095 et
2040 5034 2080 5094 ti

2219 5034 2290 5097 εἰς
2347 5035 2407 5088 τὸ
2465 5035 2708 5108 κείμενον
2769 5033 3104 5114 ἐγράφησαν.
3166 5024 3323 5106 Πλὴν
3358 5041 3448 5096 καὶ
3500 5043 3588 5098 τὸν
3615 5024 3807 5095 τοιοῦτον

490 5120 580 5174 est
610 5132 750 5206 cap.
773 5115 852 5179 59
885 5117 976 5181 tit.
1012 5119 1051 5180 Ω
1083 5117 1188 5184 lib.
1225 5137 1286 5198 ιι,
1322 5124 1479 5204 quod
1528 5124 1779 5205 perinde
1829 5122 2012 5186 habet
2040 5141 2080 5184 a‘

2219 5121 2373 5195 ὅρκον
2403 5120 2725 5180 ὶουδιιᾶλιον
2782 5124 2895 5180 εἰπέ
2931 5140 2945 5150 ’
2983 5123 3067 5181 διὰ
3114 5127 3213 5206 γὰρ
3259 5137 3414 5187 τοῦτο
3446 5130 3531 5186 καὶ
3563 5128 3611 5194 ἐξ
3651 5128 3805 5193 ἀθετή-

489 5216 606 5290 que
635 5203 927 5290 scriptum
957 5215 1070 5268 est.
1341 5203 1348 5204 ί
1532 5203 1543 5205 ἡ

2219 5233 2354 5275 σεως
2387 5213 2544 5269 αὐτοῦ
2593 5213 2686 5267 σὺν
2741 5219 2808 5288 τῇ
2867 5214 3032 5290 ζημίᾳ
3085 5203 3196 5271 διὰῖ⁷
3226 5217 3414 5289 ἆτιυίᾳ
3471 5214 3801 5276 ἐπακολουθεῖ.

492 5285 557 5347 Ἠ
602 5290 694 5366 μβ’
749 5289 895 5356 διάτ.
958 5303 1050 5353 τοῦ
1107 5303 1268 5361 016106
1323 5301 1532 5379 βιϐλίου
1590 5305 1682 5361 καί
1759 5306 1858 5362 τίτ.
1921 5306 2032 5361 ἑστι
2095 5323 2218 5384 sate,
2293 5299 2369 5358 νϐ’
2426 5311 2518 5362 τοῦ
2572 5299 2624 5377 β’
2685 5304 2789 5365 τίτ,
2867 5313 2956 5362 106
3019 5302 3092 5360 ια’
3133 5303 3340 5381 βιϐλίου
3384 5308 3549 5371 οὕτως
3594 5307 3710 5388 ἔχον
3752 5306 3803 5364 ὡς

487 5379 720 5436 hstium.

517 5403 720 5460 γραφη.

573 5469 818 5559 faustus.
855 5473 930 5534 Et
959 5473 1066 5538 lib.
1127 5494 1189 5541 ιν
1245 5479 1416 5559 Cod.,
1462 5485 1549 5546 tit.
1595 5486 1651 5559 1,
1686 5494 1878 5548 const.
1912 5485 1970 5548 2.
2006 5488 2122 5550 Ta-

2298 5481 2572 5558 Κείμινον.
2611 5483 2707 5538 Καὶ
2739 5479 2940 5557 βιϐλίον
2973 5481 3018 5537 δ’
3050 5493 3140 5542 106
3183 5483 3412 5551 κώδικος
3445 5489 3544 5548 τίτ,
3596 5484 3664 5558 α’,
3695 5483 3801 5541 Brit.

485 5557 661 5621 metsi
693 5567 810 5623 etc.
845 5579 1040 5644 usque
1071 5567 1150 5627 ad
1174 5557 1474 5649 oportere,
1510 5583 1574 5634 ut
1600 5557 1748 5656 pug.
1785 5575 1924 5638 931.

2213 5569 2283 5651 δ’,
2330 5557 2409 5627 ὅτι
2468 5573 2511 5625 εἰ
2567 5571 2652 5627 καὶ
2713 5571 2870 5646 κατὰ,
2907 5594 2964 5633 κ.
3012 5597 3062 5634 τ.
3111 5573 3194 5651 λη
3231 5592 3422 5654 usque
3455 5575 3526 5636 ad
3564 5575 3617 5631 οὗ
3643 5557 3713 5629 δεῖ
3736 5573 3800 5625 τὸν

2215 5660 2371 5722 ὅρκον
2401 5659 2682 5722 φυλάττειν
2695 5709 2710 5722 ,

562 5724 904 5794 Scholtum.
937 5730 1143 5796 Const.
1175 5733 1212 5794 2
1245 5735 1335 5798 tit.
1378 5744 1402 5799 1
1445 5738 1550 5800 lib.
1588 5757 1646 5802 IV
1679 5741 1828 5807 Cod.
1864 5751 1955 5805 est
1989 5759 2124 5823 cap.

2215 5682 2371 5736 ορκον
2401 5682 2710 5739 φυλαττειν,

2292 5747 2547 5831 Σχὸλιον.
2589 5742 2649 5806 ’Π
2697 5746 2750 5826 β’
2795 5748 2934 5815 διάτ.
2969 5761 3060 5812 106
3090 5752 3139 5810 α’
3171 5753 3289 5817 τζτ.
3326 5761 3416 5834 106
3447 5753 3494 5810 δ’
3523 5752 3706 5832 βιϐλίου
3729 5755 3793 5805 τοῦ
