4026 6226
271 379 294 444 1
309 375 428 446 209

1094 377 1592 443 NOMOCANON.
1643 412 1713 420 —
1773 373 1928 438 TIT.
1971 371 2145 454 XIII,
2192 375 2355 438 CAP.
2403 374 2806 440 XXII—XXV.

3474 373 3626 446 1210

264 521 335 596 ζ’,
368 522 510 583 διάτ.
541 521 592 599 β’
626 524 734 577 τῶν
765 519 821 576 δὲ
857 524 1158 582 Βασιλικῶν
1189 523 1391 602 βιϐλίον
1427 522 1505 581 κδ’
1535 525 1640 583 τίτ.
1672 523 1746 600 β’,
1783 543 1899 601 κεφ.

2010 537 2250 582 uxorem
2282 537 2449 582 suam
2510 519 2792 582 fornicari
2820 518 3021 580 sciens
3051 525 3225 600 tacet,
3259 518 3622 587 lenocinium

267 611 532 688 t8',061m;
573 611 756 693 ἔχοντι
791 614 930 670 κατὰ
959 614 1053 680 τὰς
1083 612 1355 694 ἀρχὰς,’0
1386 613 1536 679 εἰδὼς
1567 614 1906 690 πὸρνεύεσθαι

263 706 363 771 τὴν
394 701 554 763 αὐτοῦ
581 716 836 782 γυναῖκα,
886 706 974 761 καὶ
1017 711 1242 762 σιωπῶν
1285 702 1673 782 πορνοϐοσκίαν
1732 713 1900 761 ποιεῖ.

347 800 599 853 ΚΕΦΑΔ.
637 792 764 853 ΚΒ’.
800 826 881 840 -
914 794 1036 871 Περὶ
1067 797 1302 872 θεωριῶν
1331 794 1423 851 καὶ
1455 793 1737 870 παιγνίων,

344 882 574 942 Συνόδου
618 883 991 962 Καρθαγὲννης
1051 884 1227 942 κανὼν
1283 884 1373 962 ιε’,
1416 881 1486 962 ξ’,
1519 880 1597 948 Εα⁹
1635 898 1648 912 ⁸
1684 881 1901 940 συνόδου

260 974 340 1048 ς’
366 975 542 1030 κανὼν
573 973 678 1048 νιν,
709 973 813 1049 νβ’,
845 972 950 1048 ιβ’,
984 971 1083 1047 ια’,
1116 972 1224 1049 την,
1264 971 1414 1052 ις’,
1445 971 1517 1044 ρ’.

345 1066 623 1138 κτίμενον.
691 1067 814 1128 Πῶς
877 1065 942 1120 τὰ
1011 1063 1204 1141 θεώρια
1272 1063 1567 1130 τελοῦνται,
1636 1064 1724 1119 καὶ
1789 1066 1901 1126 πῶς

259 1154 461 1232 γίνεται
491 1156 526 1224 ἡ
559 1152 771 1221 δαπάνη
803 1154 1003 1229 αὐτῶν,
1028 1175 1083 1216 κ.
1122 1174 1169 1216 τ,
1207 1152 1288 1230 λ,,
1324 1169 1516 1232 usque
1547 1150 1620 1212 ad
1651 1152 1750 1219 τὴν
1781 1152 1902 1210 θέαν

257 1245 364 1300 τῶν
390 1243 754 1323 μονομάχων.

342 1335 602 1413 Σχόλιον.
650 1331 711 1391 Ὀ
756 1333 852 1409 μα’
895 1333 1074 1398 τίτλος
1103 1342 1198 1393 106
1243 1331 1314 1390 ια’
1360 1330 1570 1410 βιϐλίου
1613 1341 1704 1393 106
1735 1329 1902 1390 κώδι-

259 1442 379 1496 κος,
412 1420 524 1478 ’ἐστι
568 1420 741 1487 τίτλος
788 1421 868 1494 λζ’
912 1430 1004 1481 τοῦ
1049 1421 1122 1479 νδ³
1166 1420 1370 1500 βιϐλίου
1418 1429 1526 1480 τῶν
1574 1422 1897 1492 Βασιλικῶν,

261 1513 349 1568 καὶ
391 1509 638 1579 ἐδηλώθη
682 1513 748 1570 τὰ
805 1515 922 1591 περὶ
982 1513 1170 1572 τούτου
1227 1513 1468 1574 ὃπισθεν.
1532 1505 1589 1571 Ὀ
1648 1515 1748 1589 μὲν
1791 1516 1895 1573 τίτ.

261 1609 354 1660 106
398 1602 558 1660 αὒτοῦ
613 1601 815 1680 βιϐλίου
857 1617 1037 1660 κεῖται
1083 1606 1153 1666 είς
1217 1604 1322 1664 τίτ.
1380 1601 1470 1670 λη’
1513 1615 1606 1663 106
1649 1604 1897 1681 ῥηθέντος

262 1688 335 1746 νδ⁴
377 1690 582 1768 βιϐλίου
623 1699 730 1751 τῶν
773 1695 1075 1751 Βασιλικῶν
1110 1710 1124 1726 ⁶
1160 1693 1304 1762 πλὴν
1343 1695 1409 1751 τὰ
1441 1695 1628 1754 τούτου
1653 1716 1775 1773 κεφ.
1825 1699 1898 1755 εἰς

259 1782 326 1838 τὰ
355 1781 608 1858 βασιλικὰ
637 1785 733 1843 οὒκ
762 1783 1042 1851 ἐτέθησαν.
1079 1781 1208 1841 Οὐδὲ
1269 1787 1296 1840 ὁ
1345 1781 1435 1859 μδ⁹
1463 1784 1565 1844 τίτ.
1602 1781 1718 1843 οὐδὲ
1751 1786 1778 1840 ὁ
1809 1785 1897 1859 με’

1991 608 2157 671 facit.

2069 789 2233 853 CAP.
2262 788 2441 854 XXII.
2469 825 2537 835 —
2569 790 2660 854 De
2681 793 3132 872 spectaculis,et
3147 793 3324 856 rebus
3343 794 3620 860 ludicris.

2068 880 2319 942 Concilii
2348 879 2838 960 Carthaginensis
2870 899 3062 943 canon
3102 882 3195 955 15,
3226 883 3326 956 60,
3362 885 3461 960 61;
3487 904 3627 948 con-

1983 970 2105 1032 cilii
2136 986 2193 1032 Vl
2225 989 2419 1034 canon
2450 971 2548 1046 5i,
2585 970 2685 1052 59,
2718 974 2822 1048 62,
2857 971 2957 1046 65,
2991 972 3092 1046 71,
3129 971 3230 1052 96,
3265 973 3405 1039 105.

2067 1059 2311 1124 Textus.
2373 1060 2684 1134 Quomodo
2736 1062 3103 1143 spectacula,
3165 1071 3280 1124 etc.
3324 1083 3514 1148 usque
3547 1067 3626 1128 ad

1983 1149 2402 1227 gladiatorum,
2439 1157 2506 1213 ut
2529 1167 2678 1232 pag.
2716 1151 2858 1214 958.

2063 1328 2406 1394 Scholium.
2444 1330 2563 1395 Tit.
2595 1331 2666 1392 41
2704 1331 2809 1396 lib.
2841 1332 3142 1396 IICod.est
3164 1333 3252 1394 tit.
3281 1333 3354 1395 37
3393 1333 3501 1396 lib.
3533 1351 3628 1398 ων

1985 1419 2164 1484 Basil.
2197 1438 2264 1482 ac
2287 1418 2626 1488 declaratus
2659 1432 2753 1482 est
2782 1421 3206 1502 superius.Tit.
3242 1423 3624 1503 49,ejusdem
3713 1489 3720 1497 ,

1983 1507 2093 1573 lib.
2124 1517 2214 1572 est
2244 1510 2306 1571 in
2338 1511 2424 1570 tit.
2457 1510 2557 1585 38,
2594 1511 2736 1574 dicti
2766 1513 2863 1593 54,
2897 1510 3003 1576 lib.
3031 1512 3240 1586 Basil.;
3269 1530 3474 1574 verum
3499 1514 3630 1592 ejus

1983 1615 2116 1679 cap.
2147 1616 2266 1660 non
2283 1608 2422 1660 sunt
2445 1600 2638 1682 posita
2658 1599 2718 1662 in
2744 1601 2917 1664 Basil.
2950 1620 3145 1681 neque
3171 1601 3368 1684 [vero]
3403 1603 3490 1665 tit.
3524 1604 3624 1678 44,

1982 1706 2185 1766 neque
2213 1689 2318 1764 45,
2345 1707 2542 1771 neque
2564 1690 2668 1766 46,
2702 1691 2820 1754 Tit.
2856 1700 3054 1754 autem
3089 1692 3156 1752 41
3189 1691 3227 1752 5
3257 1692 3456 1772 priora
3488 1711 3622 1771 cap.

1983 1778 2440 1859 positasunt(ut
2467 1779 2695 1842 dictum
2718 1781 2837 1859 est)
2860 1780 2920 1842 in
2957 1781 3048 1843 tit.
3081 1779 3156 1842 37
3189 1781 3296 1843 lib.
3332 1797 3450 1857 Liv;
3474 1781 3624 1842 reli-

257 1876 350 1928 106
375 1870 429 1928 δὲ
461 1872 580 1952 μα’,
614 1873 805 1948 τὰμὲν
849 1873 890 1930 ε’
963 1895 1085 1952 καφ.
1147 1874 1214 1931 τὰ
1263 1880 1443 1950 πρῶτα
1504 1873 1761 1940 ἐτέθησαν
1822 1875 1894 1937 ὡς

2010 1887 2097 1949 [ua
2126 1868 2186 1931 in
2218 1869 2307 1930 tit.
2340 1869 2418 1932 38
2446 1867 2550 1931 lib.
2586 1886 2662 1933 ιτ
2692 1870 2874 1934 Basil.
2907 1888 3037 1951 quae
3061 1870 3136 1932 de
3171 1869 3487 1932 lenonibus
3513 1871 3626 1933 do-

258 1958 475 2039 ιῖρηται
505 1964 580 2026 είς
611 1964 704 2019 τὸν
753 1963 833 2036 λζ’
879 1966 982 2027 τίτ,
1040 1972 1133 2020 106
1178 1961 1252 2019 νδ’
1284 1962 1510 2040 βιϐλίου.
1544 1965 1619 2022 Τὰ
1649 1962 1704 2020 δὲ
1735 1963 1898 2021 λοιπὰ

2010 1967 2140 2034 :ent,
2176 1976 2244 2021 ac
2270 1958 2511 2039 jubent,
2548 1970 2611 2021 ut
2643 1961 2744 2041 qui
2777 1963 2934 2022 servi
2966 1969 3139 2039 turpe
3168 1959 3393 2041 aliquid
3427 1961 3628 2022 facere

259 2049 516 2118 ἰτέθησαν
573 2053 648 2116 εἰς
697 2053 789 2111 τὸν
841 2051 931 2120 λη’
979 2060 1072 2110 τοῦ
1115 2052 1157 2120 ξ’
1201 2052 1405 2130 βιϐλίου
1451 2054 1555 2110 τῶν
1599 2055 1897 2111 Βασιλικῶν

2010 2057 2295 2128 :oguntur,
2333 2067 2367 2110 a
2395 2050 2661 2128 regionis
2707 2049 2990 2131 episcopo
3041 2048 3401 2113 liberentur.
3433 2051 3622 2122 Quem

259 2141 376 2218 περὶ
419 2140 798 2218 πορνοϐοσκῶν
856 2142 1175 2201 διδάσκοντα
1258 2147 1346 2200 καὶ
1425 2143 1898 2221 παρακελευόμενα

2010 2139 2076 2200 it.
2111 2146 2297 2201 totum
2331 2138 2484 2218 lege,
2516 2148 2571 2201 et
2607 2139 2896 2223 [insuper]
2928 2157 3063 2217 quae
3093 2139 3154 2200 in
3209 2156 3282 2202 eo
3317 2147 3406 2200 est
3437 2140 3626 2202 Justi-

259 2228 653 2310 ἂλιυθεροῦσθαι
709 2231 795 2289 διὰ
837 2241 932 2291 106
987 2233 1124 2290 κατὰ
1167 2232 1353 2312 χώραν
1419 2234 1713 2290 ὶπισκόπου
1775 2234 1895 2296 τοὺς

2010 2229 2198 2292 ιὶιιηοα
2220 2229 2621 2310 novella,quee
2642 2229 2927 2292 lenocinii
2952 2227 3302 2290 exercitium
3331 2237 3391 2290 et
3419 2247 3625 2309 quem-

257 2318 722 2399 ἀναγκαζομινους
782 2321 1000 2399 δούλους
1058 2324 1285 2390 ποιῆσαί
1341 2345 1392 2378 τι
1466 2323 1712 2402 αἰσχρόν.
1792 2322 1895 2381 Καὶ

1981 2337 2215 2400 cunque
2247 2319 2527 2382 lenonem
2561 2323 2819 2398 graviter
2856 2321 3046 2399 punit.

255 2411 526 2489 ἀνάγνωθι
587 2413 676 2469 τὸν
734 2413 857 2469 ὃλον
901 2412 1100 2493 τίτλον,
1147 2414 1236 2469 καὶ
1278 2413 1376 2480 τὴν
1420 2413 1474 2469 ἐν
1520 2411 1664 2486 αὖτῷ
1709 2411 2134 2470 Ἰουστινιανείου
2179 2418 2367 2489 νεαρᾶς
2429 2411 2758 2482 κολάζουσαν
2813 2411 3065 2488 μεγάλως
3123 2413 3185 2466 1‘0
3233 2412 3326 2476 τῆς
3372 2412 3617 2490 πορνείας

260 2497 612 2577 ὖτιιτήδευμα,
649 2504 736 2560 καὶ
767 2504 944 2561 πάντα
975 2501 1360 2581 πορνοϐοσκόν,

346 2597 599 2652 ΚΕΦΑΛ.
647 2582 775 2655 ΚΓ’.
820 2623 896 2637 -
959 2594 1081 2670 Περὶ
1139 2591 1408 2670 κλεπτῶν,
1472 2592 1565 2649 καί
1618 2593 1899 2673 τυμϐωρύ-

264 2701 405 2760 χων,
440 2682 530 2738 καὶ
559 2679 774 2758 λῃστῶν
805 2682 894 2738 καὶ
923 2679 1231 2758 ἱεροσύλων,

345 2769 622 2828 Βασιλείου
651 2772 826 2828 κανὼν
858 2769 961 2846 ξα’,
1006 2767 1112 2844 ξς
1149 2784 1162 2800 ⁸
1211 2774 1502 2849 Γρηγορίου
1553 2771 1765 2836 Νύσσης
1796 2791 1898 2826 κα-

265 2861 366 2918 νὼν
396 2858 468 2940 ζ’,
502 2861 584 2939 η’,
618 2859 667 2918 θ’
699 2877 715 2892 ⁶
775 2860 1039 2939 ἀνάγνωθι
1078 2861 1145 2917 τὰ
1175 2861 1589 2940 παραγραφέντα
1617 2859 1670 2915 ἂν
1703 2865 1778 2932 τῷ
1819 2858 1901 2931 κζ’

262 2971 384 3030 κεφ.
421 2958 510 3008 106
541 2951 587 3009 θ’
617 2951 717 3008 τίτ.
755 2950 848 3008 106
879 2951 1142 3030 παρόντος
1173 2951 1564 3027 συντάγματος.

346 3042 619 3117 Καίμενον.
672 3042 795 3119 Περὶ
844 3038 899 3095 δὶ
930 3040 1144 3115 λῃστῶν
1176 3039 1391 3116 εἴρηται
1422 3038 1610 3116 βιϐλίῳ
1641 3039 1763 3115 μη’,
1795 3041 1897 3102 τίτ.

266 3128 356 3207 ιθ⁹,
387 3129 524 3190 διάτ.
555 3128 672 3211 κη’,
706 3153 764 3192 κ.
799 3155 850 3192 τ.
885 3130 966 3204 λ.,
1001 3147 1198 3206 usque
1227 3128 1326 3209 ad,
1360 3128 1567 3193 δούλοις
1599 3129 1900 3207 ἀναιρεῖται

262 3221 296 3286 ἡ
329 3217 614 3297 ὶλευθερία.

345 3311 600 3390 Σχόλιον.
637 3313 707 3370 Τὸ
750 3311 841 3379 κη’
876 3310 1017 3374 διάτ.
1050 3316 1144 3368 τοῦ
1175 3309 1239 3367 ιθ’
1270 3309 1370 3372 τίτ,
1419 3317 1511 3368 τοῦ
1556 3309 1653 3384 μη⁹
1699 3309 1902 3386 βιϐλίου

260 3403 368 3457 τῶν
404 3399 541 3464 διάτ.
590 3401 703 3458 ἔστι
752 3405 886 3475 θᾶμα
927 3400 988 3480 ι’,
1023 3407 1114 3457 τοῦ
1145 3397 1237 3466 κη’
1268 3421 1389 3478 κεφ,
1424 3407 1516 3457 τοῦ
1545 3397 1627 3456 να’
1672 3402 1774 3460 τίτ.
1809 3406 1901 3456 τοῦ

257 3489 302 3556 ξ’
333 3488 564 3568 βιϐλίου,
609 3493 676 3549 τὰ
719 3492 850 3549 αὐτὰ
892 3489 1052 3567 λόγον
1095 3489 1196 3546 ὅσα
1228 3490 1302 3552 τίς
1354 3491 1417 3545 τὸ
1461 3491 1706 3566 κείμενον
1738 3489 1900 3567 ὶγρά-

259 3601 460 3660 φησαν.
511 3581 574 3639 Ἠ
618 3581 663 3658 β’
715 3579 854 3645 διάτ.
900 3588 995 3637 106
1038 3578 1114 3646 ιη’
1173 3581 1278 3642 τίτ,
1324 3586 1418 3637 106
1461 3577 1508 3650 ζ’
1563 3579 1766 3657 βιϐλίου
1807 3583 1900 3638 106

259 3670 514 3752 κώδικος,
561 3670 669 3728 ἔστι
727 3693 850 3750 κεφ.
900 3671 950 3749 γ’
1009 3677 1100 3727 106
1156 3667 1201 3725 θ’
1247 3670 1348 3730 τίτ.
1395 3675 1487 3726 τοῦ
1541 3669 1639 3743 μη⁹
1693 3667 1898 3746 βιϐλίου

261 3765 367 3816 τῶν
412 3759 714 3819 Βασιλικῶν
742 3760 908 3822 οὕτως
940 3760 1095 3839 ἕχον,
1130 3762 1203 3823 ὡς
1254 3761 1326 3823 είς
1374 3760 1436 3816 τὸ
1485 3761 1731 3836 κείμενον
1773 3783 1896 3816 συν-

262 3852 494 3923 ωψίσθη,
561 3853 681 3929 Περὶ
724 3849 778 3908 δὲ
834 3856 939 3906 τῶν
984 3847 1356 3927 ψηλαφῶντων
1419 3851 1587 3919 θήκας
1635 3849 1896 3916 τελευτη-

262 3943 468 3998 σάντων
500 3942 661 4022 χάριν
704 3944 796 3997 106
838 3938 1232 4005 ἐναποσυλησαι
1265 3939 1330 3996 τὰ
1383 3939 1437 3994 ἐν
1485 3940 1715 4015 τούτοις,
1761 3941 1894 4000 ἀνά-

263 4035 424 4108 γνωθι
453 4033 553 4098 τὴν
587 4030 708 4108 ⁹
742 4031 930 4109 νεαρὰν
979 4036 1070 4087 106
1117 4027 1381 4105 βασιλέως
1438 4031 1614 4107 κυρίου
1669 4029 1894 4096 Λέοντος

265 4123 422 4178 26106
465 4129 628 4201 σοφοῦ
685 4119 1044 4197 διοριζομένου
1086 4120 1207 4181 τοὺς
1267 4117 1406 4183 ἅπαξ
1461 4119 1558 4194 μὲν
1617 4121 1690 4183 είς
1743 4129 1898 4179 τοῦτο

263 4209 489 4275 ἁλόντας
549 4210 875 4289 συγγνώμης
935 4210 1249 4288 τυγχάνειν,
1292 4208 1414 4271 τοὺς
1477 4207 1532 4264 δὲ
1585 4208 1899 4280 τολμῶντας

263 4303 357 4356 καὶ
420 4300 565 4364 αὖθις
610 4301 668 4356 τὸ
719 4302 884 4356 κακὸν
933 4298 1345 4378 σωφρονίζεσθαι
1396 4296 1481 4356 διὰ
1549 4298 1898 4376 μαγκλαϐίων

264 4392 352 4447 καὶ
405 4395 621 4468 κουρᾶς.
687 4388 890 4466 Οἴομαι
945 4387 998 4445 δί
1042 4389 1109 4444 τὰ
1169 4392 1268 4454 τῆς
1314 4388 1565 4454 τοιαύτης
1599 4396 1786 4467 νεαρᾶς
1820 4391 1897 4465 μὴ

264 4481 414 4559 ἔχειν
444 4482 633 4560 χώραν
678 4482 750 4544 εἷς
804 4481 925 4542 τοὺς
974 4476 1354 4556 τυμϐωρύχους
1392 4497 1403 4509 '
1468 4476 1598 4535 ἄλλο
1631 4480 1729 4556 γάρ
1786 4478 1896 4536 ἆστι

266 4573 326 4625 τὸ
383 4575 692 4643 μεταθεῖναι
764 4569 988 4644 λείψανα
1053 4569 1376 4639 τεθνεώτων,
1447 4569 1533 4623 καὶ
1591 4567 1766 4645 ἕτερον
1836 4572 1897 4625 τὸ

266 4659 530 4735 κλεπτικῇ
558 4659 785 4716 διαθᾶσιιι
815 4657 1094 4738 ὑφελέσθαι
1127 4679 1174 4712 τι
1207 4657 1268 4713 in
1314 4659 1419 4714 τῶν
1469 4657 1524 4712 ἂν
1580 4659 1763 4724 αὐτοῖς
1807 4659 1902 4716 ὅν-

264 4773 392 4823 των,
447 4749 538 4806 κᾶν
593 4753 1050 4830 καταχρηστικῶς
1108 4748 1196 4802 καὶ
1241 4753 1392 4802 τοῦτο
1433 4745 1779 4826 τυμϐωρτχία
1811 4747 1902 4804 λέ-

263 4863 439 4919 γεται,
507 4843 600 4898 Καὶ
657 4842 921 4918 ἀνάγνωθι
965 4840 1028 4894 τὸ
1069 4835 1149 4907 κζ’
1196 4860 1318 4916 κειρ.
1372 4845 1464 4893 106
1512 4835 1558 4893 θ’
1603 4838 1780 4896 τίτλου
1810 4846 1902 4895 τοῦ

262 4931 530 5008 παρόντος
575 4929 946 5006 συντάγματος
1014 4929 1131 5004 περὶ
1189 4929 1248 4983 τὸ
1293 4925 1448 4990 τέλος
1481 4924 1725 4982 διδάσκον
1784 4932 1902 5003 περὶ

260 5026 362 5086 τῆς
393 5021 583 5095 κυρίως
615 5018 1010 5098 τυμϐωρυχίας.

352 5116 600 5171 ιιιεψΑΑ.
649 5099 782 5170 Ks'.
841 5107 1081 5186 -Περὶ
1132 5113 1226 5162 τοῦ
1284 5106 1362 5181 μὴ
1407 5103 1670 5181 βαλλίξιιν
1719 5107 1752 5175 ἢ
1806 5109 1901 5186 ὀρ-

267 5202 487 5278 χεῖσθαι
521 5199 574 5254 ἂν
609 5200 828 5276 γάμοις.

349 5287 577 5348 Σονόδου
612 5287 917 5354 Λαοδικείας
949 5289 1123 5345 κανὼν
1157 5284 1263 5364 νγ’.

349 5387 602 5441 ΚΕΦΑΛ.
665 5377 795 5441 κε’,
855 5413 932 5424 -—
980 5378 1111 5456 Περὶ
1158 5384 1251 5434 τοῦ
1294 5385 1371 5453 μὴ
1417 5374 1756 5434 συλλούεσθαι
1800 5396 1900 5452 γυ-

266 5466 430 5535 ναιξὶν
457 5468 672 5547 ἄνδρας,

348 5558 574 5616 Συνόδου
604 5557 913 5622 Λαοδικείας
947 5559 1120 5615 κανὼν
1151 5557 1200 5613 λ’
1240 5576 1252 5589 ’
1317 5555 1532 5614 συνόδου
1592 5554 1669 5629 ς’
1728 5555 1904 5612 κανὼν

266 5648 340 5720 οζ⁹
374 5667 389 5684 ·
423 5649 684 5729 ἀνάγνωθι
717 5650 783 5705 τὰ
814 5647 1224 5728 παραγραφέντα
1254 5647 1308 5704 ἐν
1339 5656 1415 5723 τῷ
1447 5646 1532 5703 λα’
1570 5667 1687 5727 καφ.
1723 5653 1814 5703 106
1855 5643 1900 5702 θ’

266 5741 369 5804 τοῖτ.
401 5748 492 5800 τοῦ
521 5741 784 5820 παρόντος
817 5738 1210 5820 συντάγματος,

2066 2589 2229 2654 CAP.
2263 2589 2475 2654 XXIII.
2507 2621 2583 2635 -
2628 2589 2708 2650 De
2737 2589 3006 2666 furibus,
3038 2587 3457 2669 sepulcrbrum
3489 2590 3623 2652 vio-

1985 2679 2304 2759 latoribus,
2343 2679 2683 2744 lotrom‘bus
2706 2688 2759 2741 et
2788 2679 3134 2758 sacrilegiis.

2065 2769 2269 2832 Basilii
2303 2787 2496 2831 canon
2530 2769 2629 2844 61,
2684 2769 2761 2830 66
2793 2789 2809 2844 ;
2842 2769 3112 2846 Gregorii
3143 2772 3401 2850 Nysseni
3433 2787 3624 2831 canon

1984 2864 2043 2934 7,
2079 2860 2140 2932 8.
2178 2860 2234 2924 9.
2270 2859 2427 2939 Lege
2461 2877 2592 2940 qua)
2641 2858 2922 2921 adnotata
2967 2868 3104 2921 sunt
3136 2860 3195 2922 in
3229 2879 3360 2942 cap.
3397 2859 3498 2937 97,
3531 2862 3621 2924 tit.

1986 2948 2021 3010 9
2052 2949 2365 3030 praesentis
2397 2949 2621 3028 operis.

2071 3041 2316 3102 Tecctus.
2364 3041 2449 3102 De
2483 3037 2814 3100 latronibus
2848 3039 3094 3116 dicitur,
3149 3047 3266 3102 etc.
3320 3057 3510 3120 usque
3543 3041 3628 3102 ad

1985 3127 2357 3204 libertatem,
2391 3135 2458 3192 ut
2484 3147 2630 3210 pag.
2666 3129 2806 3192 959.

2065 3307 2407 3372 Scholium.
2444 3308 2672 3388 Digest.
2704 3307 2780 3370 28
2815 3309 2906 3374 tit.
2942 3310 3016 3370 19
3049 3309 3155 3374 lib.
3190 3326 3359 3372 XLvIII
3402 3311 3626 3390 Digest.

1985 3404 2074 3459 est
2105 3396 2306 3460 thema
2352 3396 2432 3459 tO
2486 3415 2618 3476 cap.
2670 3398 2773 3473 28,
2813 3397 2901 3461 tit.
2943 3400 3012 3460 51
3052 3400 3158 3462 lib.
3191 3416 3288 3472 ιτ,
3329 3400 3486 3479 quod
3521 3421 3626 3462 ea-

1983 3485 2118 3547 dem
2149 3486 2316 3560 dicit,
2365 3503 2496 3567 quae
2552 3487 2613 3549 in
2671 3496 2830 3548 textu
2890 3489 3116 3568 scripta
3163 3498 3321 3551 sunt.
3355 3489 3558 3551 Const.
3590 3493 3628 3550 Ω

1983 3577 2074 3637 tit.
2114 3579 2187 3638 18
2222 3575 2325 3640 lib.
2386 3593 2463 3638 νιι
2523 3575 2671 3640 Cod.
2732 3585 2823 3638 est
2873 3596 3008 3657 cap.
3041 3579 3080 3638 3
3114 3578 3204 3640 tit.
3237 3580 3276 3641 9
3307 3577 3411 3640 lib.
3443 3596 3624 3643 xLVIII

1982 3665 2166 3728 Basil.
2201 3665 2359 3746 quod
2394 3665 2482 3727 sic
2514 3665 2720 3746 habet,
2755 3677 2819 3727 ut
2871 3667 2929 3727 iu
2982 3675 3144 3728 textu
3198 3668 3628 3747 compendiose

1982 3765 2072 3817 est
2105 3755 2501 3838 propositum.
2536 3755 2620 3817 De
2651 3757 2724 3817 iis
2756 3773 2894 3818 vero
2923 3757 3023 3836 qui
3071 3766 3447 3820 mortuorum
3480 3777 3625 3840 cap-

1979 3864 2076 3909 sas
2106 3846 2485 3926 investigant,
2519 3853 2580 3907 ut
2609 3862 2741 3926 quae
2773 3846 2835 3907 in
2867 3846 2985 3909 illis
3043 3855 3181 3908 sunt
3226 3847 3569 3928 praedentur
3608 3872 3620 3912 :

1977 3935 2111 4016 lege
2142 3935 2434 3998 novellam
2467 3936 2851 4014 imperatoris
2882 3935 3088 3998 domni
3123 3935 3340 3998 Leonis
3373 3936 3626 4018 Sapien-

1981 4027 2055 4087 tis
2085 4026 2184 4102 96,
2219 4043 2353 4107 quaa
2381 4024 2603 4098 statuit,
2667 4035 2730 4086 ut
2785 4027 2886 4106 qui
2941 4027 3128 4088 semel
3164 4026 3224 4087 in
3257 4027 3369 4088 hoc
3399 4027 3622 4108 depre-

1982 4114 2159 4178 hensi
2188 4115 2432 4188 fuerint,
2469 4116 2696 4177 veniam
2729 4124 3184 4196 consequantur
3219 4137 3231 4178 :
3280 4117 3379 4196 qui
3408 4116 3623 4178 iterum

1982 4204 2044 4267 id
2077 4204 2218 4267 mali
2248 4204 2378 4267 ausi
2409 4205 2547 4278 sint,
2577 4204 2741 4275 dorsi
2775 4203 3195 4268 verberatione
3229 4206 3627 4283 tonsioneque

1985 4297 2372 4372 castigentur.
2431 4293 2720 4355 Existimo
2775 4302 2975 4357 autem
3029 4296 3183 4357 hanc
3240 4293 3533 4357 novellam
3567 4297 3626 4356 in

1982 4385 2397 4465 sepulcrorum
2473 4383 2863 4448 violatoribus
2932 4404 3052 4446 non
3123 4384 3348 4447 habere
3405 4385 3622 4456 locum.

1982 4473 2162 4535 Aliud
2194 4473 2352 4536 enim
2390 4484 2479 4534 est
2526 4472 2814 4554 reliquias
2867 4483 3241 4536 mortuorum
3277 4475 3624 4548 transferre,

1986 4571 2043 4624 et
2073 4563 2236 4624 aliud
2266 4561 2506 4624 furandi
2539 4563 2740 4624 animo
2788 4563 3014 4644 aliquid
3065 4582 3273 4624 eorum
3309 4580 3440 4644 qum
3473 4567 3628 4626 inter

1984 4653 2146 4732 ipsas
2178 4661 2317 4714 sunt
2375 4652 2693 4732 subripere
2729 4671 2741 4711 :
2799 4654 3033 4715 tametsi
3083 4654 3229 4714 illud
3262 4672 3503 4732 quoque
3529 4671 3626 4713 se-

1987 4742 2328 4822 pulcrorum
2366 4742 2604 4805 violatio
2634 4742 2882 4805 abusive
2941 4743 3195 4805 dicatur.
3234 4743 3418 4821 Legas
3452 4741 3624 4804 etiam

1984 4831 2058 4892 27
2093 4850 2224 4911 cap.
2262 4833 2352 4895 tit.
2385 4836 2424 4893 9
2455 4834 2768 4913 praesentis
2803 4835 3024 4914 aperis,
3061 4833 3219 4911 quod
3254 4833 3416 4893 circa
3445 4831 3625 4892 ﬁnem

1984 4921 2060 4983 de
2089 4922 2502 5003 sepulcrorum
2526 4922 2851 4985 violatione
2885 4923 3126 5003 proprie
3156 4922 3356 4984 docet.

2063 5099 2226 5164 CAP.
2260 5099 2463 5163 XXIV.
2497 5133 2572 5148 —
2606 5099 2692 5163 Ne
2722 5106 2788 5162 in
2819 5100 3053 5180 nuptiis
3083 5100 3164 5162 ad
3221 5102 3624 5162 instrumenta

1988 5193 2222 5252 musica
2251 5190 2531 5263 satietur,
2567 5199 2672 5252 aut
2700 5189 3106 5268 tripudietur.

2068 5278 2319 5342 Concilii
2354 5280 2671 5341 Laudiceni
2703 5297 2898 5341 canon
2931 5277 3031 5342 53.

2069 5367 2244 5432 CAP.
2275 5369 2450 5431 XXV.
2484 5401 2559 5416 —
2592 5369 2681 5432 Ne
2733 5369 2856 5430 viri
2885 5387 3016 5430 cum
3050 5368 3407 5432 mulieribus
3435 5388 3499 5432 se
3531 5369 3624 5432 la—

1988 5467 2153 5522 vent.

2070 5547 2320 5611 Concilii
2354 5547 2676 5611 Laodiceni
2711 5567 2900 5610 canon
2933 5552 3033 5622 30,
3069 5549 3308 5612 concilii
3342 5551 3490 5611 sexti
3524 5567 3626 5609 ca-

1990 5658 2107 5702 non
2145 5639 2242 5701 73.
2277 5637 2432 5717 Lege
2462 5657 2592 5718 quae
2623 5637 2902 5702 adnotata
2935 5648 3075 5700 sunt
3131 5641 3188 5699 in
3224 5657 3356 5721 cap.
3397 5641 3496 5714 31,
3534 5638 3626 5704 tit.

1987 5733 2026 5803 9
2056 5727 2370 5815 prmsentis
2401 5725 2623 5814 operis.
