4030 6212
505 346 648 423 1211

579 502 738 570 CAP.
777 505 980 572 XXVI.
1020 545 1090 556 —-
1123 511 1206 574 De
1230 511 1564 576 imbecillos
1593 493 2031 578 subsannante

577 686 996 768 Apostolorum
1029 708 1224 752 canon
1257 692 1360 754 5'7.

572 777 735 841 CAP.
773 777 1007 842 XXVII.
1042 781 1240 844 —Ne
1303 784 1587 846 mulieres
1643 785 1726 846 ad
1784 784 1977 847 altare
2036 787 2136 846 in-

1658 365 1924 428 PHOTII
1977 361 2495 429 PATRIARCH/E
2550 364 2665 430 ΟΡ.

3690 369 3804 436 12l‘2

2156 522 2195 573 Α
2302 521 2553 579 ΚΕΦΑΛ.
2624 513 2774 590 κζ’.
2845 549 2924 561 -
2978 515 3104 597 Περὶ
3162 524 3257 576 τοῦ
3312 515 3651 599 χλευάζοντος
3710 523 3806 584 τοὺς

2226 607 2468 670 ἀσθενεῖς
2481 654 2494 670 .

2305 694 2652 754 Ἀποστόλων
2684 696 2858 754 κανὼν
2892 696 2968 768 νζ’
2982 743 2994 756 .

2307 790 2556 845 ΚΕΦΑΛ.
2609 783 2742 848 ΚΖ’.
2787 818 2868 828 -
2910 785 3035 862 Περὶ
3095 787 3186 842 τοῦ
3243 787 3322 862 μὴ
3368 787 3583 844 εἰσιέναι
3623 797 3812 864 γυναῖκα

491 873 753 940 troeant,
793 875 851 932 et
900 870 1057 948 quod
1111 872 1257 935 solis
1305 874 1473 935 sacri
1521 873 1756 936 ordinis
1788 873 2115 940 hominibu:

2221 878 2293 938 εἰς
2365 875 2760 954 θυσιαστήριον,
2831 875 2928 932 καί
2998 874 3080 933 ὅτι
3153 872 3338 952 μόνοις
3397 891 3514 944 τοῖς
3569 879 3813 957 ἱερατικοῖς

487 958 552 1020 in
585 958 772 1022 altari
799 962 1246 1026 communicare
1275 963 1477 1025 liceat.

571 1047 822 1112 Concilii
856 1051 1173 1127 Laodiceni
1203 1071 1393 1116 canon
1429 1055 1527 1129 19,
1554 1055 1672 1132 44;
1710 1053 1952 1116 concilii
1980 1055 2129 1117 sexti

492 1157 685 1201 canon
716 1141 817 1202 69.

570 1228 740 1293 CAP.
774 1229 1034 1294 XXVIII.
1076 1267 1148 1278 —
1192 1231 1282 1296 Ne
1313 1251 1388 1297 ex
1417 1233 1874 1297 contributione
1926 1241 2132 1298 convi-

487 1321 586 1381 via
618 1321 1052 1384 instituantur.

569 1409 818 1473 Concilii
847 1411 1172 1474 Laudiceni
1203 1430 1394 1475 canon
1427 1416 1526 1477 55.

569 1501 733 1564 CAP.
768 1500 975 1564 XXIX.
1009 1537 1086 1548 —
1121 1502 1208 1566 De
1266 1505 1344 1566 iis
1391 1506 1496 1583 qui
1554 1503 1690 1566 alea
1743 1501 1988 1582 ludunt,
2023 1511 2130 1568 aut

489 1589 903 1654 inebriantur.

568 1680 993 1759 Apostolorum
1017 1701 1208 1744 canon
1230 1681 1304 1743 43
1327 1705 1342 1763 ;
1369 1683 1611 1744 concilii
1637 1685 1785 1744 sexti
1810 1703 1998 1747 canon
2025 1687 2124 1750 50.

578 1771 818 1834 Tactus.
855 1769 1056 1834 Const.
1093 1780 1117 1834 4
1162 1774 1254 1835 tit.
1292 1774 1366 1834 43
1402 1771 1508 1836 lib.
1566 1789 1628 1835 ut
1677 1772 1798 1834 Cod
1849 1775 1925 1836 ait
1963 1795 1977 1835 :
2015 1775 2128 1849 Qui

2215 965 2383 1032 ἔξεστι
2416 977 2699 1023 κοινωνεῖν
2731 963 2787 1020 ἐν
2818 969 2895 1040 τῷ
2923 966 3308 1043 Θυσιαστηρίῳ,

2296 1054 2522 1114 Συνόδου
2584 1053 2896 1119 Λαοδικείας
2939 1057 3116 1112 κανὼν
3162 1055 3253 1132 ιϐ’,
3301 1056 3389 1134 μδ’
3428 1073 3441 1087 '
3514 1056 3710 1115 συνόδου
3751 1056 3812 1131 ς’

2213 1147 2388 1205 κανὼν
2422 1145 2496 1211 ξδ’
2510 1191 2525 1207 .

2296 1243 2546 1294 ΚΕΦΑΛ.
2600 1232 2735 1297 KH'.
2785 1267 2863 1279 —
2906 1237 3026 1315 Περὶ
3071 1245 3164 1295 τοῦ
3211 1236 3288 1311 μὴ
3333 1239 3518 1293 ποιεῖν
3561 1237 3662 1294 ἀπὸ
3699 1258 3813 1311 συμ-

2214 1323 2379 1393 ϐολῆς
2411 1325 2708 1400 συμπόσια.

2295 1414 2521 1473 Συνόδου
2552 1413 2865 1479 Λαοδικείας
2895 1413 3070 1472 κανὼν
3102 1417 3203 1480 νε’,

2297 1510 2547 1567 ΚΕΦΑΑ.
2611 1503 2741 1568 ΚΘ’.
2801 1537 2879 1551 -
2924 1505 3055 1582 Περὲ
3121 1505 3451 1564 κυϐευόντων
3499 1508 3532 1577 ἢ
3587 1511 3814 1585 μεθυσκο-

2211 1595 2414 1673 μένων,

2290 1683 2350 1743 Ἀ
2365 1684 2638 1743 ποστόλων
2668 1688 2843 1744 κανὼν
2875 1688 2969 1767 μγ⁹
3009 1708 3023 1726 ·
3059 1687 3276 1748 συνόδου
3307 1687 3386 1762 ς·’
3421 1689 3598 1744 κανὼν
3630 1685 3693 1748 ν’.

2295 1777 2574 1850 Κείμενον,
2624 1775 2688 1832 Ἠ
2734 1773 2788 1833 α’
2849 1775 2988 1838 διάτ.
3055 1785 3147 1835 τοῦ
3190 1777 3284 1856 μγ⁹
3328 1778 3434 1840 τίτ,
3485 1784 3580 1834 τοῦ
3622 1777 3670 1853 γ’
3721 1775 3809 1852 βιϐ,

487 1858 548 1920 in
578 1867 758 1935 cotto,
795 1868 938 1940 etc.,
969 1877 1152 1940 usque
1186 1862 1265 1924 ad
1295 1861 1694 1943 applicantur,
1726 1870 1792 1926 ut
1821 1882 1964 1946 pag.
1985 1863 2115 1942 962

2216 1875 2304 1925 τοῦ
2349 1863 2599 1940 κώδικος,
2664 1868 2846 1944 φησὶν,
2894 1889 2946 1926 κ.
2994 1890 3046 1932 τ,
3093 1865 3146 1928 λ.
3195 1884 3386 1948 usque
3431 1866 3510 1929 ad
3561 1867 3645 1923 καὶ
3674 1887 3813 1945 προσ-

566 2039 1114 2105 Scholium.Const.
1143 2044 1166 2104 1
1200 2044 1287 2104 tit.
1319 2043 1396 2105 43
1425 2042 1529 2106 lib.
1555 2060 1616 2105 Ill
1641 2042 1781 2104 Cod.
1818 2052 2062 2126 estcap.
2089 2046 2125 2107 5

487 2130 578 2191 tit.
603 2131 640 2192 8
669 2129 774 2193 lib.
801 2130 981 2196 Basil.
1007 2148 1107 2207 1.x,
1134 2133 1290 2212 quod
1315 2133 1403 2195 sic
1432 2133 1739 2214 loquitur:
1768 2133 2122 2198 Constitutio

485 2218 652 2281 lusus
670 2222 969 2301 prohibet:
988 2241 1054 2283 ac
1069 2221 1335 2304 quinque
1350 2222 1925 2305 exceptis,quasdam
1943 2225 2118 2287 etiam

489 2328 694 2390 poenas
715 2311 999 2374 adversus
1023 2331 1126 2374 eos
1166 2315 1263 2394 qui
1315 2313 1444 2376 alea
1496 2313 1732 2387 ludunt,
1765 2315 2070 2378 constituit
2104 2339 2115 2375 :

484 2399 763 2480 praefecto
789 2401 978 2478 urbis,
1005 2402 1447 2482 provinciarum
1475 2403 1834 2484 praesidibus
1859 2411 1916 2466 et
1954 2405 2116 2487 epis-

481 2490 647 2570 copis
669 2492 780 2570 [uti
801 2492 954 2572 haec]
981 2492 1286 2574 inquirant
1310 2501 1368 2555 et
1388 2494 1735 2574 quicunque
1779 2494 1853 2556 de
1874 2495 1946 2556 iis
1968 2514 2116 2558 con-

482 2589 704 2642 tractus
728 2581 855 2641 initi
876 2581 1014 2657 sint,
1042 2582 1776 2663 evertant,injungens.Ex
1808 2585 2119 2666 permissis

481 2677 678 2732 autem
704 2669 936 2730 lusibus
953 2671 1276 2745 actionem,
1316 2690 1645 2752 eorumque
1681 2672 1976 2753 quac-inde
2009 2675 2120 2737 de—

485 2759 1104 2833 bentur,exactionem
1138 2760 1236 2821 dat
1270 2759 1375 2841 [Ac
1398 2761 1686 2842 denique]
1717 2763 1999 2826 adversus
2019 2783 2122 2826 eos

482 2849 582 2931 qui
629 2848 1116 2912 constitutionem
1169 2851 1450 2912 temerari
1500 2852 1875 2930 permittunt,
1910 2853 2119 2917 decem

485 2939 773 3002 librarum
813 2940 1054 3002 multam
1091 2945 1424 3002 constituit.
1461 2942 1711 3005 Constit.
1738 2943 1883 3004 Qtit.
1912 2943 2115 3006 43lib.

483 3048 545 3094 ut
597 3029 738 3092 Cod.
793 3039 884 3091 est
932 3049 1065 3110 cap.
1103 3031 1138 3094 6
1171 3030 1258 3092 tit.
1296 3031 1329 3091 8
1364 3030 1469 3094 lib.
1507 3030 1684 3094 Basil.
1720 3049 1815 3107 ιλ,
1850 3033 2006 3112 quod
2040 3034 2121 3098 ita

483 3120 556 3182 ad
592 3119 839 3182 verbum
861 3119 960 3182 ait:
988 3120 1346 3183 Constitutio
1381 3120 1718 3200 ligneorum
1753 3126 2118 3202 equestrium

2207 1965 2482 2036 κυροῦνται
2512 1965 2629 2019 τοῖς
2662 1955 2840 2034 ἔργοις
2868 1957 2976 2013 τῶν
3007 1956 3243 2017 πόλεων.

2291 2045 2552 2125 Σχόλιον.
2598 2044 2663 2102 Ἦ
2692 2045 2741 2102 α’
2787 2045 2929 2110 διάτ,
2975 2054 3070 2104 τοῦ
3112 2046 3209 2124 μγ’
3252 2045 3355 2108 τίτ,
3403 2052 3504 2102 τοῦ
3547 2045 3599 2102 α’
3639 2043 3810 2121 βιϐλίου

2207 2145 2299 2192 του
2334 2134 2586 2210 κώδικος,
2620 2135 2731 2193 ἔστι
2773 2158 2898 2218 κεφ.
2943 2135 2988 2194 ε’
3019 2147 3112 2198 τοῦ
3143 2136 3198 2204 η’
3231 2137 3335 2200 τίτ,
3390 2136 3488 2192 τοῦ
3547 2134 3590 2201 ξ’
3641 2134 3810 2213 βιϐλίου

2204 2231 2310 2281 τῶν
2355 2225 2657 2282 Βασιλικῶν
2687 2225 2825 2282 οὕτω
2854 2225 3037 2306 λέγον,
3073 2225 3139 2284 Ἦ
3171 2225 3310 2290 διάτ,
3344 2227 3543 2282 κωλύει
3594 2226 3656 2281 τὰ
3701 2225 3807 2281 παί-

2205 2338 2348 2393 γνια,
2411 2317 2503 2372 καί
2571 2313 2614 2372 ε’
2672 2315 3128 2394 ὒπεξαιρουμένων
3176 2318 3336 2394 ὁρίζει
3379 2315 3475 2372 καί
3521 2337 3637 2372 τινα
3661 2315 3809 2372 ἒπιτὶ-

2204 2428 2300 2480 μια
2334 2406 2468 2462 κατὰ
2512 2412 2615 2462 τῶν
2671 2404 3021 2482 κυϐευόντων,
3081 2405 3439 2486 ἱπιτρὲπουσα
3500 2413 3577 2480 τῷ
3620 2405 3810 2483 ἐπάρχῳ

2202 2495 2298 2563 τῆς
2337 2495 2546 2557 πόλεως
2574 2497 2662 2552 καὶ
2704 2509 2820 2559 τοῖς
2859 2496 3087 2576 ἄρχουσι
3119 2497 3228 2554 τῶν
3257 2495 3562 2575 ἐπαρχιῶν,
3605 2495 3810 2554 καὶτοῖς

2205 2583 2519 2650 ἐπισκόπους
2557 2593 2745 2656 ζητεῖν
2788 2587 2876 2642 καὶ
2919 2584 3148 2643 κωλύειν
3191 2587 3280 2642 καὶ
3337 2585 3517 2642 mina
3565 2586 3627 2640 τὰ
3656 2584 3702 2640 ἓν
3731 2585 3809 2639 αἱ·

2204 2688 2320 2739 τοῖς
2371 2675 2624 2753 γινόμενα
2669 2674 3087 2753 συναλλάγματα
3130 2673 3482 2754 ἀποτρέπειν,
3540 2672 3720 2731 Δίδωσι
3767 2669 3809 2728 δὲ

2204 2764 2420 2843 ἀγωγὰς
2455 2764 2515 2820 ἐκ
2545 2765 2646 2820 τῶν
2680 2763 3152 2843 ἐπιτετραμμὲνων
3200 2764 3490 2841 παιγνίων,
3538 2766 3625 2821 καὶ
3672 2763 3808 2818 itani-

2205 2877 2360 2922 τησιν
2429 2860 2534 2910 τῶν
2619 2855 2854 2912 ἐντεῦθεν
2936 2853 3380 2934 χρεωστηθεισῶν
3471 2853 3597 2910 δέκα
3649 2851 3811 2930 λιτρῶν

2205 2943 2471 3020 ἐπιτίμιον
2530 2944 2770 3021 ὁρίζουσα
2826 2944 2963 3000 κατὰ
3011 2949 3118 3000 τῶν
3173 2943 3602 3023 συγχωρούντων
3659 2964 3809 3019 παρα-

2204 3032 2490 3102 ϐῆναιτῆν
2534 3033 2680 3093 διάτ.
2740 3031 2805 3090 Ἠ
2857 3031 2910 3089 δὲ
2971 3031 3112 3096 διάτ,
3172 3030 3225 3110 β’
3283 3040 3376 3092 τόῦ
3439 3031 3540 3113 μγ⁹
3588 3032 3688 3094 τίτ,
3738 3038 3812 3086 τοῦ

2204 3123 2257 3202 γ’
2315 3122 2518 3200 βιϐλίου
2575 3131 2669 3181 τοῦ
2727 3121 2976 3196 κώδικος,
3040 3123 3150 3180 ἔστι
3206 3145 3330 3202 κειρ.
3376 3122 3465 3196 ς’
3501 3130 3594 3179 τοῦ
3647 3121 3808 3188 η’τίτ.

487 3211 642 3291 (qua;
669 3209 975 3290 vocantur)
1016 3209 1360 3286 [lusionem]
1404 3210 1705 3273 interdicit
1741 3234 1753 3270 :
1788 3212 2115 3293 periculum

2208 3221 2295 3271 τοῦ
2338 3212 2380 3278 ξ’
2411 3212 2614 3289 βιϐλίου
2642 3219 2749 3270 τῶν
2785 3212 3083 3270 Βασιλικῶν
3128 3213 3288 3290 λέγον
3331 3213 3476 3270 οὕτω
3505 3213 3673 3291 ῥητνῦς
3705 3227 3718 3241 ⁸
3757 3209 3810 3265 Ἠ

481 3301 766 3361 adversus
798 3297 1052 3379 lusores,
1087 3307 1268 3376 atque
1318 3299 1780 3380 publicationem
1834 3301 2120 3366 adversus

482 3390 714 3457 domos,
750 3389 807 3450 in
867 3387 1085 3470 quibus
1133 3389 1476 3469 hujusmodi
1508 3389 1674 3451 lusus
1707 3394 1928 3471 peracti
1957 3403 2113 3471 sunt,

483 3479 1013 3562 deposcens.Victo
1038 3486 1233 3541 autem
1260 3481 1356 3560 qui
1389 3480 1566 3542 solvit
1601 3481 1677 3558 [id
1707 3483 1863 3563 quod
1894 3484 2114 3566 dedit],

478 3570 834 3634 restituitur.
863 3569 1104 3650 Alioqui
1130 3570 1178 3630 si
1213 3588 1573 3650 recuperare
1608 3571 1777 3640 nolit,
1813 3573 1868 3633 id
1905 3573 1963 3634 in
1989 3576 2118 3654 ejus

479 3661 732 3724 civitatis
766 3658 1002 3741 publica
1035 3678 1216 3741 opera
1245 3659 1499 3739 expendi
1525 3661 1721 3741 jubet.
1755 3661 1923 3725 Unde
1956 3674 2114 3740 nota,

475 3752 537 3813 in
571 3751 750 3814 Basil.
785 3768 901 3811 non
934 3767 1068 3811 esse
1127 3751 1410 3832 positum,
1448 3751 1605 3830 quod
1645 3769 1849 3813 eorum
1885 3772 2015 3833 qua}
2047 3773 2114 3816 ex

478 3841 778 3922 prohibito
811 3839 941 3901 lusu
976 3838 1115 3901 data
1147 3848 1306 3915 sunt,
1329 3839 1560 3901 exactio
1595 3841 1916 3902 triennium
1947 3862 2117 3906 exce-

481 3931 599 3995 dat.
635 3930 926 3995 Similiter
948 3948 1144 4011 neque
1170 3929 1330 4008 quod
1378 3929 1595 3992 divites
1619 3930 1689 3991 ad
1712 3950 1894 3993 unum
1929 3952 2118 4014 usque

475 4021 732 4083 solidum
759 4021 818 4081 in
842 4019 1048 4082 ludum
1071 4019 1769 4101 constituant,multaque
1793 4019 1934 4082 alia.
1973 4023 2116 4094 Quas

475 4111 577 4174 ubi
598 4111 679 4173 ita
696 4128 829 4172 sese
852 4108 1316 4184 habent,dicere
1341 4109 1528 4171 debes
1555 4111 1709 4191 quod
1749 4131 1881 4192 quae
1904 4131 1971 4173 ex
1999 4113 2114 4174 bu-

471 4201 728 4281 iusmodi
762 4199 992 4261 lusibus
1021 4199 1289 4261 actiones
1319 4202 1687 4282 [exsistunt],
1718 4201 2113 4282 quemadmo-

475 4291 614 4352 dum
649 4291 841 4352 omnis
893 4289 1229 4370 personalis
1266 4290 1443 4364 actio,
1483 4291 1741 4351 triennio
1776 4292 2110 4353 terminen-

479 4389 595 4454 tur,
621 4379 882 4460 atquein
917 4380 1184 4460 quinque
1215 4380 1518 4441 concessis
1548 4381 1777 4442 lusibus
1809 4383 2114 4461 deponere

474 4468 536 4529 in
569 4478 873 4530 certamen
905 4467 1104 4537 liceat,
1158 4467 1663 4547 quemadmodum
1726 4469 1992 4550 partibus
2021 4470 2114 4530 vi-

473 4559 708 4636 deatur,
744 4577 861 4620 non
889 4567 1085 4620 autem
1119 4557 1447 4620 secundum
1482 4568 1746 4620 veterem
1783 4559 2114 4639 legislatio-

2203 3303 2341 3366 Stdt.
2375 3302 2570 3360 κωλύει
2599 3304 2666 3360 τὰ
2709 3303 2976 3382 λεγόμενα
3034 3302 3216 3369 ξυλικὰ
3272 3303 3497 3376 ἱππικᾶ,
3547 3303 3810 3359 ἀπαιτοῦσα

2201 3392 2437 3449 κίνδυνον
2481 3392 2584 3450 ἀπὸ
2627 3398 2734 3450 τῶν
2779 3394 3100 3466 παιζόντων,
3133 3393 3223 3450 καὶ
3254 3391 3518 3468 δήμευσιν
3573 3393 3700 3448 κατᾶ
3725 3391 3809 3445 τῶν

2202 3483 2371 3541 οἴκων
2415 3487 2469 3540 ἓν
2501 3486 2588 3548 οἷς
2620 3484 2686 3540 τὰ
2727 3493 2946 3543 τοιαῦτα
2991 3484 3214 3562 γένηται
3263 3484 3514 3560 παίγνια,
3550 3481 3743 3539 Δίδοται
3767 3477 3810 3535 δὲ

2201 3575 2288 3630 οιαὶ
2319 3572 2567 3637 ἀνάδοσις
2595 3579 2673 3648 τῷ
2700 3573 2979 3641 ἡττηθέντι
3025 3574 3112 3628 καὶ
3161 3571 3560 3630 καταϐάλλοντι
3594 3593 3608 3607 ⁸
3653 3573 3684 3639 ἢ
3736 3570 3808 3624 his

2201 3664 2278 3739 μὴ
2307 3663 2563 3740 βούληται
2595 3660 2909 3736 ἀναλαϐεῖν,
2944 3661 3148 3718 κελεύει
3176 3665 3344 3720 ταῦτα
3377 3663 3456 3725 είς
3493 3663 3619 3740 ἔργα
3661 3659 3809 3735 δημό-

2201 3775 2289 3810 σια
2318 3755 2417 3820 τῆς
2461 3752 2668 3818 πόλεως
2697 3751 3051 3816 δαπανᾶσθαι,
3092 3752 3265 3808 ’Ὥστε
3311 3756 3619 3825 σημείωσαι
3659 3751 3730 3806 ὅτι
3766 3748 3808 3803 ἂν

2199 3850 2275 3918 τῷ
2308 3841 2576 3917 Βασιλικῷ
2617 3845 2712 3902 οὒκ
2755 3840 2907 3909 ἐτέθη
2935 3843 2998 3899 τὸ
3044 3841 3377 3920 ὑπερϐαίνειν
3423 3843 3530 3909 τὴν
3587 3859 3810 3920 τριακον-

2200 3934 2412 3990 ταετίαν
2441 3933 2540 3999 τὴν
2596 3931 2886 3998 ἀπαίτησιν
2941 3937 3049 3987 τῶν
3107 3932 3270 4011 χάριν
3327 3932 3582 4008 παιγνίου
3629 3928 3808 4019 κωλυο-

2201 4023 2361 4100 μένου
2391 4021 2667 4083 δοθέντων.
2726 4013 3000 4083 Ὠσαύτως
3045 4020 3165 4077 οὗδὲ
3222 4022 3284 4077 τὸ
3327 4023 3664 4092 συνθηκίζειν
3711 4013 3808 4077 τῶς

2199 4113 2480 4175 πλουσίους
2527 4111 2720 4192 μέχρις
2767 4112 2882 4176 ἐνὸς
2927 4112 3255 4186 νομίσματος
3309 4111 3399 4166 καὶ
3463 4110 3602 4168 ἄλλα
3641 4105 3806 4164 πολλά.

2203 4204 2298 4261 Καὶ
2338 4202 2454 4258 επεὶ
2510 4208 2674 4258 ταῦτα
2731 4201 2900 4264 οὕτως
2945 4199 3164 4280 ἔχουσιν
3225 4199 3464 4279 ὀφείλεις
3522 4201 3689 4255 εἰπεῖν
3737 4195 3804 4250 ὅτι

2195 4300 2284 4348 καί
2342 4293 2393 4347 αἱ
2437 4291 2555 4368 περὶ
2597 4291 2850 4348 τοιούτων
2894 4290 3153 4367 παιγνίων
3213 4289 3421 4367 ἀγωγαὶ
3485 4289 3556 4357 τῇ
3586 4307 3806 4364 τριακον-

2196 4381 2377 4453 ταετίᾳ
2409 4379 2697 4460 κλείονται,
2733 4381 2907 4444 καθὼς
2940 4379 3036 4435 καί
3080 4385 3226 4436 πᾶσα
3263 4378 3592 4455 προσωπικὴ
3621 4377 3802 4454 ἀγωγὴ,

2196 4472 2284 4529 καὶ
2337 4471 2422 4527 ἐπὶ
2479 4476 2556 4543 τῷ
2611 4469 2654 4527 ε’
2715 4468 2770 4525 δὲ
2854 4471 3083 4548 παιγνίῳ
3147 4473 3254 4524 τῶν
3336 4466 3801 4544 ἐπιτετραμμὲνων,

2196 4560 2364 4627 ἔξεστι
2409 4559 2735 4630 συνθηκίζειν
2780 4561 2954 4622 καθὼς
3004 4571 3122 4620 τοῖς
3187 4558 3369 4636 μέρεσι
3427 4556 3592 4636 δόξει,
3651 4554 3727 4609 καὶ
3756 4553 3804 4608 οὗ

474 4669 610 4712 nem
657 4668 848 4731 usque
897 4649 966 4710 ad
1027 4667 1209 4709 unum
1246 4645 1565 4730 [duntaxat]
1627 4648 1904 4711 solidum.
1941 4650 2108 4712 Scias

2208 4651 2358 4730 αέχρι
2393 4651 2720 4724 νομίσματος
2766 4649 2882 4710 ἑνὸς
2914 4649 3051 4704 κατὰ
3081 4649 3180 4714 τὴν
3227 4647 3466 4704 παλαιὰν
3497 4644 3801 4720 νομοθεσίαν.

473 4759 650 4821 porro
683 4740 838 4822 quod
873 4738 1168 4816 μονόδολον
1200 4737 1428 4800 dicatur
1460 4757 1668 4799 cursus
1701 4759 1715 4800 :
1776 4743 2106 4814 κοντομονό-

470 4831 651 4906 ϐολον,
684 4830 870 4892 saltus
904 4852 915 4890 :
956 4831 1210 4893 κυντανὸς
1259 4827 1448 4893 κάνταξ
1479 4827 1610 4888 sine
1643 4829 1843 4901 fibula,
1873 4829 2108 4908 jacula-

475 4922 552 4984 tio
583 4921 712 4983 sine
744 4921 944 4995 ﬁbula,
974 4919 1097 4981 sive
1125 4919 1349 4998 ferro,a
1371 4919 1626 4999 quodam
1651 4917 1868 4991 Quinto
1901 4919 1978 4978 ita
2010 4937 2106 4978 no-

472 5012 721 5085 minata,
757 5013 1049 5092 περιχυτή,
1087 5009 1266 5072 lucta:
1297 5019 1355 5071 et
1385 5011 1602 5083 ἱππικὴ,
1629 5011 1930 5070 circenses
1953 5009 2105 5071 ludi.

470 5099 762 5162 Caeterum
786 5103 859 5163 de
887 5101 1150 5182 equestri
1178 5101 1371 5179 ligneo
1403 5098 1722 5180 aliquando
1764 5116 1963 5158 coram
1992 5099 2107 5158 im-

471 5191 767 5266 peratorio
807 5192 1092 5252 tribunali
1120 5189 1440 5274 [quzcdam]
1465 5189 1678 5249 incidit
1723 5187 2103 5267 ambiguitas.

470 5274 753 5339 Nonnulli
786 5281 944 5341 enim
983 5280 1038 5341 id
1075 5299 1207 5341 esse
1237 5279 1519 5342 dicebant
1551 5279 1746 5339 lusum
1779 5277 1973 5351 illum,
2007 5278 2110 5358 qui

466 5366 814 5446 frequenter
835 5389 868 5430 a
889 5371 1092 5449 pueris
1118 5380 1281 5431 extra
1305 5373 1531 5432 circum
1552 5369 2021 5448 peragitur,cum
2047 5367 2108 5428 in

466 5455 838 5532 aurigatione
867 5477 1160 5538 equorum
1183 5459 1312 5520 vice
1335 5458 1680 5522 hominibus
1700 5467 1967 5521 utuntur.
1992 5457 2108 5520 Alii

465 5555 662 5609 autem
711 5545 766 5607 id
801 5546 1061 5626 ligneam
1109 5549 1428 5629 quamdam
1460 5569 1591 5612 esse
1626 5549 1936 5624 fabricam,
1977 5567 2109 5629 qum

465 5655 572 5717 per
606 5637 838 5715 ligneos
869 5637 1145 5714 gradulos
1173 5638 1352 5698 multa
1385 5657 1492 5718 per
1525 5639 1785 5700 medium
1821 5640 2108 5699 foramina

465 5727 776 5803 habentes,
815 5727 1206 5813 protendatur
1235 5727 1294 5788 in
1327 5727 1531 5789 altum.
1558 5727 1666 5801 Qui
1702 5728 1863 5790 enim
1898 5728 1960 5792 in
1993 5729 2108 5792 hoc

2193 4741 2423 4796 Γίνωσκε
2486 4738 2532 4795 δὲ
2581 4739 2662 4795 ὅτι
2709 4736 2998 4812 μονόϐολον
3045 4738 3259 4816 λέγεται
3291 4739 3318 4794 ὁ
3362 4735 3562 4813 δρόμος
3595 4752 3610 4768 ·
3639 4753 3800 4789 κοντο-

2192 4829 2448 4905 μόϐολον,
2523 4827 2748 4904 πήδημα
2786 4848 2800 4864 ·
2893 4829 3146 4891 κυντανὸς
3229 4825 3420 4890 κόνταξ
3509 4824 3673 4904 χωρὶς
3723 4823 3801 4885 τῆς

2193 4923 2432 4999 πόρπης,
2465 4921 2526 4976 Θδ
2557 4918 2880 4992 ἀκοντισμὸς
2912 4917 3036 4977 ἄνευ
3069 4917 3300 4994 περόνης
3332 4915 3454 4983 ἦτοι
3483 4913 3692 4991 σιδήρου
3715 4909 3800 4999 uti:

2191 4998 2406 5067 κυίντου
2436 5011 2581 5070 τινος
2629 5007 2767 5065 οὕτω
2810 5007 3050 5081 κληθεὶς,
3087 5005 3354 5086 περιχυτὴ
3404 5004 3440 5072 ἢ
3496 5003 3665 5070 πάλη.
3723 4998 3800 5057 Ui

2188 5103 2407 5156 ἱππικὸν
2457 5101 2518 5156 τὸ
2553 5097 2932 5177 ἱπποδρόμιον.
2981 5098 3106 5175 Περὶ
3162 5095 3216 5152 δὲ
3273 5098 3370 5152 τοῦ
3423 5093 3628 5159 ξυλίνου
3665 5095 3799 5148 ἱππι-

2190 5197 2282 5247 κοῦ
2336 5212 2463 5247 ποτε
2523 5190 2746 5268 γέγονεν
2793 5186 3086 5267 ἀμφιϐολία
3143 5187 3288 5264 παρὰ
3320 5192 3397 5259 τῷ
3423 5182 3684 5259 βασιλικῷ
3709 5179 3801 5255 βή-

2192 5301 2344 5354 ματι.
2395 5279 2491 5336 Καὶ
2535 5279 2674 5338 τινὲς
2719 5277 2817 5352 μὲν
2870 5281 3030 5333 εἶπον
3075 5275 3221 5332 εἶναι
3267 5285 3423 5335 τοῦτο
3483 5275 3544 5330 τὸ
3593 5271 3800 5338 συνήθως

2197 5369 2333 5448 παρὰ
2391 5375 2494 5424 τῶν
2554 5366 2754 5425 παίδων
2832 5367 3115 5445 γινόμενον
3196 5366 3439 5442 παίγνιον
3497 5362 3678 5428 ἔξωθεν
3728 5361 3799 5412 τοῦ

2191 5445 2438 5530 ἱππικοῦ,
2501 5458 2616 5514 ἀντὶ
2659 5456 2849 5513 ἵππων
2910 5455 3208 5535 χρωμένων
3260 5453 3555 5532 ἀνθρώποις
3610 5453 3679 5514 είς
3733 5445 3799 5502 δ(-

2190 5547 2514 5628 φρηλασίαν,
2560 5548 2708 5612 Τινὲς
2779 5545 2834 5603 δὲ
2899 5547 3061 5604 εἷπον
3126 5550 3271 5603 εἶναι
3314 5553 3468 5602 τοῦτο
3522 5541 3714 5608 ξύλινόν
3759 5556 3797 5588 τι

2191 5638 2608 5711 κατασκεύασμα
2639 5635 2722 5692 διὰ
2786 5635 3067 5712 κλιμάκων
3126 5633 3405 5700 ξυλοειδῶν
3467 5632 3795 5705 ἀνυψούμενον

2191 5729 2432 5809 ἐχουσῶν
2464 5726 2554 5786 διὰ
2585 5726 2751 5798 μέσου
2801 5727 2937 5792 ὀπὰς
2985 5725 3290 5806 διαφόρους.
3326 5728 3384 5784 0t
3427 5724 3530 5804 γὰρ
3574 5714 3791 5782 συνθηιί-
