4026 6226
220 330 363 408 122i

1417 320 2151 410 INTERROGA'I‘IONES
2194 346 2376 410 1.111.

3427 349 3577 416 1222

210 481 309 547 τὴν
342 485 446 535 τῶν
482 475 864 544 Μοδοοελητῶν
907 476 1287 552 ἀσπασάμενος
1330 478 1559 560 α’ίρεσιν,
1614 483 1711 545 τῆς
1744 485 1838 534 τῶι

1936 489 2053 545 tem
2081 483 2594 560 habere,Nicmnm
2608 484 3578 567 synodiesseimpudenterdecla-

211 567 509 648 ἀρχιερέων
540 571 732 645 τιμῆς²
764 565 859 620 καί
922 565 1019 633 τῆς
1073 572 1180 622 τῶν
1225 577 1432 626 πιστῶν
1461 565 1853 635 ἀποϐέϐληται,

1940 580 2128 633 ratur.
2156 573 2272 637 Sed
2298 583 2355 636 et
2380 573 2680 637 Honorius
2718 594 2868 656 papa
2892 575 3417 640 hlonothelitarum
3442 598 3576 641 ama

209 656 383 714 Ἀλλά
425 660 516 713 καὶ
560 659 596 724 ἡ
640 655 695 711 ἐν
742 653 977 732 Σαρδικῇ
1023 656 1237 722 σύνοδος
1278 658 1470 715 ’Ὅσιον
1518 658 1722 737 ἔχουσα
1766 659 1838 712 ti»

1942 661 2150 742 plexus
2179 663 2452 725 haeresim
2486 683 2519 724 a
2570 653 2875 744 pontiﬁcia
2900 664 3185 743 dignitate
3214 677 3272 727 et
3306 667 3573 731 ﬁdelium

210 746 378 802 τόπον
436 744 707 825 ἐπέχοντα
767 743 1012 820 Ῥώμης,
1073 746 1189 825 τὸν⁹
1241 749 1507 824 αἱρετικὸν
1579 747 1838 804 ἐδικαίωσε

1939 750 2364 813 communione
2383 753 2651 833 dejectus
2675 752 3191 817 fuit.Sardicensis
3212 774 3454 838 quoque
3483 778 3578 840 sy-

212 834 525 914 Μάρκελλον
535 878 551 894 .

806 1032 1139 1084 sparum:
1174 1026 1261 1086 [ι’.

210 1154 412 1218 Πόσους
462 1154 547 1211 καὶ
607 1154 792 1219 ποίους
849 1156 941 1213 οὖν
1001 1153 1243 1221 ἐδέξαντο
1294 1158 1341 1212 οἱ
1376 1145 1636 1231 Ῥωμαῖοι
1678 1159 1846 1233 ὀρθῶς

289 1236 631 1314 πατριάρχας
669 1251 683 1265 ⁶
718 1233 867 1290 οὒδέν
911 1233 965 1290 δὲ
993 1237 1028 1303 ἦ
1060 1235 1449 1309 ἀπερίσκεπτος
1484 1240 1656 1296 αὒτῶν
1686 1237 1848 1295 ἔϐλαο

289 1321 390 1391 ψεν
421 1317 606 1380 αὖτοὺς
635 1315 949 1394 ἀποστροφή
987 1333 1004 1392 ;

835 1446 1220 1502 ΑΠΟΚΡΙΣΙΣ.

283 1555 591 1614 Φλυιανὸν
645 1557 736 1613 τὸν
805 1553 1144 1635 Ἀντιοχείας
1213 1569 1362 1635 τρεῖς
1425 1557 1507 1637 ἐφ’
1565 1557 1689 1625 ἑξῆς
1744 1564 1844 1627 τῆς

206 1645 424 1721 Ῥώμης
470 1646 566 1702 οὒκ
619 1642 887 1723 ἐδέξαντο,
960 1641 1081 1700 ἀλλ’
1138 1643 1259 1700 οὒδὲ
1300 1644 1659 1724 -Ἀλέξανδρος
1705 1649 1842 1705 Θεό-

204 1734 356 1815 φιλος
403 1733 523 1790 κατ’
565 1733 739 1812 ἀργὰς
776 1750 791 1765 ⁸
823 1733 1041 1811 ὕστερον
1073 1732 1130 1790 δὲ
1176 1735 1348 1792 αὐτῶν
1390 1737 1419 1791 6
1462 1737 1636 1813 τρίτος
1685 1736 1843 1811 μόλις

204 1824 436 1896 Ξδὲξατο,
482 1824 572 1879 καὶ
600 1826 628 1879 6
657 1820 1028 1900 Ἀλέξανδρος.
1062 1825 1228 1888 Οὗτος
1278 1821 1334 1880 δέ
1390 1826 1534 1881 ἔστιν
1579 1825 1607 1881 6
1652 1848 1842 1906 χειρο-

200 1916 434 1983 τονήσας
479 1915 573 1969 τὸν
645 1912 701 1967 ἐν
772 1912 938 1991 ἁγίοις
998 1916 1087 1968 καὶ
1131 1912 1473 1994 ἀρχιερεῦσιν
1529 1915 1844 1994 ἀσύγκριτον

198 2007 348 2061 θεῖον
412 2003 815 2081 Χρυσόστςομον³
883 2000 1264 2079 πρεσϐύτερον.
1343 2005 1452 2061 Ούκ
1507 2002 1719 2070 ἒδὲξατο
1790 2004 1845 2062 δὲ

205 2094 490 2173 Φραυίταν,
525 2090 647 2150 ούδέ
674 2094 767 2149 τὸν
799 2092 854 2148 ὲν
898 2093 1070 2171 ἁγίοις
1124 2092 1423 2173 Εύιρήμιον²
1484 2091 1600 2151 οὖδὲ
1660 2102 1845 2153 Μακκ-

201 2181 400 2263 δόνιον,
445 2182 580 2239 διότι
612 2183 705 2238 τὸν
761 2180 1019 2239 Ἀκάκιον
1075 2180 1221 2239 οὗτοι
1279 2187 1388 2238 τῶν
1429 2182 1708 2264 διπτύχων
1751 2187 1845 2242 οὒκ

198 2271 506 2339 ἐξέϐαλλον,
562 2270 717 2329 Ἀλλ’
770 2268 887 2327 οὐδὲ
936 2271 1026 2326 τὸν
1060 2273 1130 2348 τῇ
1173 2271 1295 2349 ἁγίᾳ
1338 2271 1516 2350 Τρίὰδι
1560 2272 1843 2350 ἀγαπητὸν

199 2362 452 2439 πανίερον
522 2360 924 2439 Χρυσόστομον,
992 2360 1110 2416 κατ’
1184 2359 1358 2439 ἀρχάς
1418 2360 1681 2437 ἐδέξαντο,
1735 2363 1839 2437 ὅτι,

197 2453 380 2529 φασὶν,
435 2450 542 2507 ἀπὸ
604 2447 944 2529 Ἀντιοχείας
995 2450 1155 2506 αὐτὸν
1185 2451 1279 2506 οὐκ
1308 2448 1413 2506 ἔδει
1443 2452 1517 2515 εἷς
1554 2461 1841 2509 Κωνσταν-

204 2538 510 2597 τινούπολιν
568 2542 1017 2618 χειροτονηθῆναι
1054 2555 1067 2569 ⁸
1142 2538 1357 2617 ὕστερον
1428 2538 1482 2596 δὲ
1546 2541 1633 2597 καὶ
1673 2542 1842 2617 ὑπερ-

204 2631 464 2699 ησπισαν.
499 2630 609 2686 Ούκ
634 2626 762 2685 οἶδα
816 2626 870 2683 δὲ
931 2629 975 2684 εἶ
1030 2630 1121 2685 καὶ
1180 2627 1438 2685 Μελέτιον
1469 2627 1707 2695 ἐδέξαντο
1749 2632 1840 2686 τὸν

205 2717 545 2797 Ἀντιοχείας
577 2735 596 2753 ο
684 2716 897 2784 μήποτε
972 2718 1072 2795 γὰρ
1134 2716 1343 2775 ἐκεῖνον
1401 2718 1840 2797 ἀποστρέφωνται

204 2805 290 2864 διὰ
323 2807 587 2864 Παυλῖνον
615 2807 705 2863 τὸν
751 2807 855 2863 ὖπό
911 2812 1017 2864 τῶν
1073 2806 1297 2864 δυτικῶν
1340 2809 1786 2887 χειροτονηθέντα
1820 2825 1834 2839 ⁸

201 2898 292 2953 καὶ
349 2898 450 2975 γὰρ
505 2898 593 2953 καὶ
645 2895 937 2963 ἐπιστολὴν
981 2894 1105 2952 οἶδα
1153 2906 1245 2955 τοῦ
1294 2896 1533 2975 μεγάλου
1562 2897 1842 2953 Βασιλείου

201 2987 333 3064 πρὸς
368 2984 644 3061 Τερέντιον
687 2986 928 3063 κόμητα,
991 2984 1046 3039 ἐν
1103 2983 1139 3058 ᾗ
1196 2982 1469 3041 διαϐάλλει
1516 2988 1634 3051 τοὺς
1693 2984 1841 3042 δυτι-

205 3076 330 3137 κοὺς
386 3073 471 3130 διὰ
520 3076 621 3141 τὴν
677 3074 815 3132 κατά
875 3074 1133 3132 Μελετίου
1186 3073 1558 3154 ἀποστροφὴν,
1605 3077 1679 3138 ὡς
1738 3075 1842 3153 οὐχ

203 3166 368 3243 ὑγιῶς
421 3172 683 3241 κρίνοντες
712 3163 779 3220 τά
809 3163 1123 3241 πράγματα,
1159 3163 1321 3227 Ἴσως
1370 3161 1425 3220 δὲ
1468 3163 1627 3221 αὐτὸν
1667 3163 1753 3220 διὰ
1782 3166 1842 3221 τὸ

1940 841 2131 903 nodus
2154 840 2399 903 Hosium
2424 844 2617 904 locum
2641 840 2893 905 Romani
2917 842 3187 925 episcopi
3209 843 3574 909 obtinentem

1938 940 2176 1005 habens,
2202 940 2526 998 haereticus]
2552 940 2795 999 absolvit
2824 941 3155 1000 Marcellum
3180 946 3574 1017 Aucyianum.

2415 1044 2986 1110 INTERROGATIO
3018 1049 3090 1111 ll.

1934 1145 2099 1221 Quot
2130 1164 2352 1227 quosve
2382 1147 2688 1227 legitimos
2731 1149 3116 1229 patriarchas
3148 1152 3418 1216 Romani
3450 1174 3575 1219 non

2016 1232 2369 1308 receperint,
2425 1229 2707 1307 nihilque
2756 1231 2904 1307 ipsis
2932 1233 3203 1294 nocuerit
3229 1251 3439 1297 eorum
3472 1238 3574 1299 in-

2012 1308 2399 1371 considerata
2430 1311 2697 1385 reiectio.

2529 1420 2970 1487 BESPONSIO.

2006 1524 2354 1588 Flavianum
2381 1525 2819 1589 Antiochenam
2846 1534 2966 1589 tres
2989 1527 3101 1590 sibi
3128 1529 3337 1595 ordine
3355 1553 3569 1599 succe-

1928 1614 2139 1677 dentes
2162 1616 2447 1681 Romuna:
2487 1616 2650 1677 sedis
2692 1616 2962 1696 episcopi
2989 1617 3049 1679 in
3082 1624 3567 1688 communionem

1927 1722 2047 1765 non
2065 1714 2627 1786 receperunt,aaque
2646 1724 2717 1767 ac
2739 1705 2908 1767 initio
2926 1706 3365 1774 Alexandrinus
3379 1713 3569 1778 Theo-

1927 1793 2151 1872 philus;
2180 1794 2401 1857 dcinde
2427 1812 2565 1855 vero
2599 1793 2840 1856 illorum
2865 1796 3098 1871 tertius,
3127 1799 3570 1882 ctTheophilus

1870 1875 1905 1925 Β
1927 1882 2021 1944 vix
2036 1892 2454 1965 susceperunt.
2479 1882 2588 1945 Hic
2614 1883 2715 1945 ille
2738 1883 3271 1969 Flavianusestqui
3293 1875 3567 1955 sanctum

1928 1973 2448 2063 archiepiscopum
2475 1972 3007 2063 incomparabilem
3031 1975 3371 2040 etdivinum
3387 1980 3568 2063 Chry-

1928 2071 2190 2125 sostomu
2201 2082 2254 2124 m
2271 2062 2568 2127 ordinavit
2582 2062 3568 2143 presbyterom.PraetereaRomani

1930 2152 2244 2232 pontiﬁces
2269 2173 2381 2220 nec
2401 2153 2695 2216 Fravitam
2720 2172 3157 2235 recepere,nec
3170 2166 3437 2222 sanctum
3453 2159 3566 2223 Eu-

1929 2242 2262 2321 phemium,
2290 2260 2401 2307 nec
2424 2243 2838 2306 Macedonium
2859 2263 2929 2306 eo
2953 2244 3092 2325 quia
3113 2245 3393 2310 Acacium
3418 2269 3450 2313 e
3468 2250 3565 2313 di-

1927 2330 2161 2410 ptychis
2186 2351 2301 2394 non
2321 2332 2758 2412 ejecerint.Sed
2776 2352 2885 2396 nec
2898 2334 3407 2401 sanctze'l‘rinitati
3429 2340 3565 2404 cha-

1927 2438 2085 2489 rum,
2120 2421 2402 2512 omnique
2426 2422 2785 2512 sacerdotali
2802 2424 3016 2487 virtute
3035 2426 3346 2505 praeditum
3371 2430 3559 2512 Chry-

1925 2518 2256 2572 sostomum
2277 2510 2448 2573 initio
2470 2510 2715 2593 quidem
2734 2524 3153 2594 susceperunt,
3180 2514 3450 2581 dicentes
3482 2510 3561 2582 ilo

1928 2597 2048 2659 lum
2072 2599 2449 2663 Autiochena
2465 2601 2699 2675 relicta,
2719 2619 2835 2664 non
2860 2602 3144 2666 debuisse
3166 2604 3240 2667 ad
3266 2604 3559 2670 Constan-

1926 2685 2377 2767 tinopolitanam
2401 2690 2607 2751 sedem
2633 2692 2993 2769 promoveri;
3023 2691 3242 2756 deinde
3264 2713 3400 2757 vero
3433 2698 3564 2778 ejus

1924 2796 2164 2858 quoque
2188 2779 2431 2840 tutelam
2456 2798 2727 2856 gessere.
2759 2779 2975 2842 Nescio
3012 2800 3151 2844 vero
3191 2801 3266 2846 an
3291 2794 3348 2847 et
3369 2786 3559 2849 Mele-

1929 2866 2074 2956 tium
2098 2868 2538 2930 Antiochenum
2563 2870 2818 2931 aversati
2840 2870 2959 2931 sint
2992 2889 3006 2934 :
3034 2872 3164 2934 ﬁeri
3187 2874 3345 2936 enim
3373 2877 3563 2956 potuit

1925 2963 1988 3017 ut
2008 2955 2176 3018 illum
2203 2976 2320 3018 non
2345 2959 2686 3038 receperint
2719 2960 2952 3021 Paulini
2979 2978 3141 3038 ergo,
3178 2982 3354 3042 quem
3376 2955 3559 3029 Occi-

1925 3044 2200 3107 dentales
2216 3046 2745 3110 ordinarunt.Nem
2770 3059 2828 3110 et
2852 3050 3163 3130 epistolam
3188 3054 3384 3132 magni
3403 3055 3564 3118 Basi-

1925 3134 1990 3195 lii
2014 3153 2147 3197 esse
2170 3140 2300 3198 novi
2324 3137 2398 3199 ad
2417 3138 2765 3200 Terentium
2782 3140 3156 3214 comitem,in
3176 3160 3289 3223 qua
3310 3143 3386 3205 ob
3400 3162 3563 3207 aver-

202 3225 264 3311 iv.
458 3225 695 3333 ’δευτέρά
766 3225 1121 3321 καθεσθῖῖιναιή
1155 3225 1359 3326 συνόδιν
1420 3253 1517 3310 αύκ
1576 3251 1837 3330 ἀποστρὲ-

1932 3243 2058 3333 sum
2083 3245 2116 3288 a
2139 3225 2654 3333 metatio-animum
2678 3228 3098 3295 Occidentales
3120 3232 3441 3312 exagitant,
3466 3235 3560 3297 vel

202 3365 412 3425 φονται.

802 3607 1136 3660 ΕΡΩΊἩΣΙΣ
1169 3602 1250 3664 Γ⁹.

198 3722 373 3777 Ποίων
416 3716 781 3786 ἐκϐληθέντων
834 3725 1210 3798 πατριαρχῶν,
1255 3724 1325 3795 τῇ
1352 3724 1459 3775 τῶν
1503 3718 1838 3797 κρατούντων

279 3802 419 3879 πρὸς
456 3800 647 3865 αὖτοὺς
706 3799 966 3879 ἀπεχθείᾳ
1023 3798 1310 3878 βασιλέων,
1373 3801 1422 3855 οἱ
1471 3798 1589 3875 μετ’
1647 3798 1838 3862 αὖτοὺς

280 3878 541 3959 ὀρθόδοεοι
572 3880 723 3946 ὄντες
752 3877 1114 3961 ἀποδέχονται
1151 3897 1167 3956 ;

822 4010 1207 4064 ΑΠΟΚΡΙΣΙΣ.

279 4126 632 4184 ’Δναστασίου
682 4121 1032 4192 ἐκϐληθέντος
1094 4132 1188 4181 τοῦ
1242 4126 1571 4203 θαδμαστοῦ,
1615 4124 1643 4179 6
1689 4129 1832 4179 Θαυ-

1926 3333 1996 3376 ac
2020 3314 2094 3377 de
2114 3315 2297 3379 rebus
2315 3316 2515 3381 minus
2550 3327 2714 3384 recte
2749 3320 3121 3399 judicarent.
3161 3322 3379 3385 Verum
3409 3322 3560 3386 forte

1927 3405 2430 3488 Meletium,quod
2456 3408 2518 3470 in
2538 3409 2805 3471 secunda
2832 3411 3177 3474 consederit
3196 3413 3561 3492 synodo,sua

1927 3494 2191 3575 ipsorum
2227 3498 2652 3560 communione
2682 3518 2801 3561 non
2825 3508 3190 3562 censuerunt
3216 3501 3555 3579 indignum.

2389 3611 2957 3678 INTERROGATIO
2989 3613 3088 3676 Ill.

1923 3711 2195 3797 Quinam
2247 3716 2630 3797 patriarchae
2659 3717 3126 3797 imperatorum
3177 3718 3319 3782 odio
3364 3738 3402 3783 α
3448 3739 3560 3783 sua

2002 3794 2276 3873 ipsorum
2305 3795 2446 3859 sede
2477 3794 2803 3874 deturbati,
2837 3797 3057 3861 deinde
3078 3796 3155 3862 ab
3182 3797 3560 3866 Orthodozis

1996 3876 2387 3955 principibus
2416 3878 2645 3959 recepti
2672 3885 2813 3941 sunt
2836 3878 2868 3939 7

2518 3990 2965 4057 RESPONSIO.

1999 4110 2356 4174 Admirabili
2375 4111 2689 4173 Anastasio
2708 4111 3394 4197 ejectoThaumaturgus
3418 4114 3560 4181 Gre-

199 4217 499 4294 ματουργὸς
587 4214 879 4294 Γρηγόριος
950 4213 1244 4291 ἐκράτησεν
1320 4200 1422 4280 tiu
1499 4200 1833 4292 Ἀντιοχείας

1932 4201 2120 4283 ςοείιιε
2144 4201 2577 4264 Antiochenam
2604 4200 2936 4264 Ecclesiam
2985 4202 3065 4264 24
3098 4203 3271 4265 annis
3304 4205 3562 4269 obtinuit

199 4291 524 4372 Ἐκκλησίαν
582 4291 678 4372 ἔτη
715 4291 840 4362 κδ’.
910 4302 1007 4360 Καὶ
1049 4300 1352 4383 ἀπεδέχθη,
1396 4301 1484 4357 καὶ
1541 4302 1677 4377 μετά
1711 4291 1835 4367 τὴν

1932 4291 2201 4355 amnibus
2231 4299 2534 4371 acceptus,
2561 4308 2765 4353 verum
2801 4300 2936 4373 post
2966 4293 3100 4373 ejus
3124 4294 3197 4356 ad
3232 4293 3555 4358 Dominum

194 4397 359 4455 αὐτοῦ
385 4394 517 4473 πρὸς
552 4394 742 4472 Κύριον
793 4392 1119 4467 μετάστασιν
1167 4394 1313 4456 αὖθις
1370 4391 1612 4458 εἰσῆλθεν
1667 4388 1834 4447 Ἀνα-

1932 4383 2586 4464 migrationem,iterum
2602 4384 2981 4448 Antiochiam
2996 4403 3270 4449 reversus
3285 4396 3375 4450 est
3393 4389 3556 4452 Ana-

528 4482 675 4539 Ἀντὶ
753 4491 847 4541 τοῦ
923 4480 1164 4560 σωτῆρος
1237 4490 1333 4540 τοῦ
1398 4479 1603 4553 κόσμου
1657 4482 1834 4556 τιμίου

1932 4474 2326 4538 itasiusLoco
2344 4473 2774 4547 venerandi,ac
2798 4474 3003 4538 mundi
3027 4475 3280 4540 salutem
3305 4496 3557 4558 operan-

196 4572 579 4651 Χρυσοστόμου
620 4574 649 4629 ὁ
701 4561 1008 4650 Ἃρσάκιος,
1060 4572 1088 4627 6
1120 4569 1391 4644 Ἀττικὸς,
1441 4569 1529 4626 καί
1557 4589 1638 4626 τοι
1672 4567 1834 4649 ἄμφω

1932 4563 1995 4626 iis
2013 4562 2443 4643 Chrysostomi,
2469 4565 2753 4628 Arsacius
2768 4565 3066 4629 etAtticus
3076 4568 3339 4649 suscepti
3363 4567 3555 4647 fuere,

192 4664 269 4729 εἷς
310 4664 409 4733 τὴν
453 4666 614 4723 αὐτοῦ
660 4660 960 4738 καθαίρεσιν
1015 4657 1336 4739 εὖδόκησαν²
1393 4659 1484 4717 καὶ
1541 4664 1647 4717 τῶν
1690 4658 1834 4733 αύτῷ

1932 4652 2193 4733 ιιιδιῃνίε
2223 4654 2399 4715 ambo
2433 4654 2562 4735 ejus
2592 4654 3027 4736 depositionem
3062 4655 3470 4734 probaverim,
3500 4668 3559 4720 et

189 4750 708 4827 ἐπιϐουλευσάντων,
795 4748 935 4817 ἦσαν
1020 4748 1283 4828 ἑκάτεροι.
1345 4747 1491 4806 ’Λντὶ
1571 4749 1832 4828 Εὔτυχίου

1932 4762 1986 4805 3x
2009 4742 2200 4822 ipsius
2225 4742 2610 4807 inimicorum
2631 4762 2884 4807 numero
2909 4744 3252 4809 essent.Pro
3266 4744 3555 4826 Eutychio

192 4840 808 4907 Κωνσταντινουπόλεως
864 4836 1118 4908 Ἰωάννης
1180 4836 1482 4919 ἀπεδέχθη,
1540 4838 1625 4901 καὶ
1698 4838 1832 4914 μετὰ

1932 4832 2578 4914 Ξοηειεηῑίηοροιίιδηο
2604 4834 2731 4915 pari
2765 4833 2940 4895 modo
2963 4832 3225 4897 Joannes
3246 4845 3560 4916 susceptus

195 4482 440 4547 στάσιος.

188 4934 441 5012 θάνατον,
526 4930 790 5011 Εὗτύχιος
872 4927 1057 4991 πάλιν,
1146 4927 1292 4986 ’Λντὶ
1361 4926 1519 4985 Ἦλία
1592 4925 1829 5006 Ἰεροσο-

187 5022 374 5098 λύμωδ
418 5021 704 5093 Ἰωάννης,
778 5018 951 5077 καίτοι
1007 5016 1076 5075 δι’
1135 5016 1406 5075 εὐσέϐειαν
1448 5015 1605 5075 Ἥλία
1651 5015 1826 5099 διωχ-

185 5112 397 5175 θέντος.
464 5109 574 5168 Ούκ
640 5107 761 5168 οῖδα
835 5109 880 5165 εἰ
937 5106 1022 5165 δεῖ
1100 5110 1453 5184 καταριθμεῖν
1509 5104 1565 5162 ἒν
1622 5105 1831 5169 τούτοις

186 5202 283 5261 καὶ
322 5202 416 5257 τὸν
459 5200 596 5277 μετὰ
645 5196 961 5257 Καλλίνικον
1002 5197 1094 5255 τὸν
1138 5195 1281 5274 παρὰ
1326 5196 1704 5255 ἰουστινιανοῦ
1738 5203 1832 5253 τοῦ

185 5295 360 5349 κακοῦ
402 5286 766 5368 τυφλωθέντα,
811 5286 901 5345 ὅτε
970 5287 1059 5344 καὶ
1117 5287 1180 5343 τὸ
1224 5285 1466 5365 δεύτερον
1506 5286 1607 5353 τῆς
1665 5286 1828 5363 βασι-

187 5379 338 5446 λείας
397 5378 713 5457 ὲκράτησεν,
780 5374 1150 5457 προϐληθέντα
1198 5386 1364 5456 Κυρον
1403 5375 1494 5434 τὸν
1538 5373 1591 5440 ἒξ
1647 5374 1827 5452 Ἀμά-

186 5467 424 5549 στριδος,
454 5468 513 5537 ὃς
555 5471 645 5525 καὶ
686 5466 1005 5547 ἕγκλειστος
1048 5465 1123 5525 ὢν
1171 5465 1317 5547 last,
1368 5476 1627 5545 προεῖπεν
1658 5467 1825 5541 αὐτῷ,

185 5561 261 5626 ὡς
319 5558 490 5617 πάλιν
574 5559 650 5624 είς
734 5558 833 5626 τὴν
889 5557 1084 5615 οἰκείαν
1140 5554 1321 5637 ἀρχὴν
1382 5553 1825 5624 ἐπανελεύσηται.

181 5644 543 5717 »Εκϐιίὸληται
615 5644 671 5703 δὶ
737 5647 826 5704 καὶ
886 5646 1032 5726 παρά
1089 5644 1434 5726 Βελλισαρίου
1493 5645 1567 5709 ὡς
1603 5642 1827 5703 ἕπιϐου-

1915 4930 2093 4999 est,et
2117 4932 2248 5005 post
2271 4924 2405 5004 ejus
2428 4923 2653 4986 obitum
2678 4941 2887 4984 rursus
2900 4922 3555 5004 Eutycbius.ProHelia

1912 5013 2460 5094 Hierosolymitano
2512 5014 2794 5087 Joannes,
2842 5011 3112 5092 quamvis
3145 5012 3384 5093 pietatis
3414 5031 3555 5095 ergo

1914 5103 2076 5166 Elias
2091 5102 2573 5184 persecutionem
2591 5101 3108 5165 toleraret.Nescio
3123 5120 3197 5164 an
3212 5110 3484 5183 oporteat
3497 5110 3557 5167 et

1915 5193 2008 5255 his
2025 5192 2335 5255 accenseri
2347 5190 2562 5272 Cyrum
2578 5190 2650 5253 ab
2670 5189 3145 5272 Amastride,qui
3170 5202 3306 5273 post
3319 5190 3557 5257 Callini-

1913 5301 2046 5345 cum
2083 5301 2117 5345 a
2142 5281 2475 5346 Justiuiano
2529 5281 2709 5362 malo,
2743 5298 2881 5342 cum
2913 5279 3180 5344 secundo
3232 5281 3552 5362 imperium

1910 5371 2607 5452 recepit,excaacatus,in
2632 5370 3029 5451 patriarcham
3054 5369 3556 5454 Constantinopo-

1911 5462 2157 5525 litanum
2179 5460 2610 5536 estelectus,eo
2634 5459 2967 5541 quod,dum
2986 5459 3090 5522 illa
3101 5458 3250 5523 urbe
3265 5462 3553 5541 paeniten-

1912 5550 2007 5613 tiae
2034 5568 2215 5613 causa
2244 5549 2514 5613 inclusus
2547 5550 2815 5631 degeret,
2859 5548 3197 5613 Iustiniano
3229 5554 3323 5613 sui
3356 5550 3549 5633 ipsius

1912 5640 2150 5723 imperii
2176 5640 2694 5721 recuperationem
2722 5638 3214 5727 praedixissetﬁx
3222 5638 3431 5727 pulsus
3455 5645 3545 5704 est
