  <div class='ocr_page' id='page_1' title='image "/cluster/home/n/w/nwhite01/storage/ocr_20150623/104/hvd.32044073502163/632.png"; bbox 0 0 4026 6226; ppageno 0'>
   <div class='ocr_carea' id='block_1_1' title="bbox 127 359 278 428">
    <p class='ocr_par' dir='ltr' id='par_1_1' title="bbox 127 359 278 428">
     <span class='ocr_line' id='line_1_1' title="bbox 127 359 278 428; baseline -0.013 0"><span class='ocrx_word' id='word_1_1' title='bbox 127 359 278 428; x_wconf 77' lang='grc' dir='ltr'><strong>122ῦ</strong></span> 
     </span>
    </p>
   </div>
   <div class='ocr_carea' id='block_1_2' title="bbox 1273 365 2334 441">
    <p class='ocr_par' dir='ltr' id='par_1_2' title="bbox 1273 365 2334 441">
     <span class='ocr_line' id='line_1_2' title="bbox 1273 365 2334 441; baseline 0.002 -13"><span class='ocrx_word' id='word_1_2' title='bbox 1273 365 2002 431; x_wconf 80' lang='lat' dir='ltr'><strong>INTERROGATIONES</strong></span> <span class='ocrx_word' id='word_1_3' title='bbox 2047 369 2148 441; x_wconf 87' lang='lat' dir='ltr'><strong>VI,</strong></span> <span class='ocrx_word' id='word_1_4' title='bbox 2198 369 2334 431; x_wconf 75' lang='grc' dir='ltr'>νη·</span> 
     </span>
    </p>
   </div>
   <div class='ocr_carea' id='block_1_3' title="bbox 3324 368 3481 433">
    <p class='ocr_par' dir='ltr' id='par_1_3' title="bbox 3324 368 3481 433">
     <span class='ocr_line' id='line_1_3' title="bbox 3324 368 3481 433; baseline 0.006 -1"><span class='ocrx_word' id='word_1_5' title='bbox 3324 368 3481 433; x_wconf 76' lang='lat' dir='ltr'><strong>i226</strong></span> 
     </span>
    </p>
   </div>
   <div class='ocr_carea' id='block_1_4' title="bbox 125 508 1791 591">
    <p class='ocr_par' dir='ltr' id='par_1_4' title="bbox 125 509 1791 589">
     <span class='ocr_line' id='line_1_4' title="bbox 125 509 1791 589; baseline 0.001 -24"><span class='ocrx_word' id='word_1_6' title='bbox 125 512 210 565; x_wconf 75' lang='grc' dir='ltr'><strong>καί</strong></span> <span class='ocrx_word' id='word_1_7' title='bbox 268 510 604 589; x_wconf 76' lang='grc' dir='ltr'>ἀπροσώπως</span> <span class='ocrx_word' id='word_1_8' title='bbox 663 513 750 567; x_wconf 86' lang='grc' dir='ltr'><strong>καὶ</strong></span> <span class='ocrx_word' id='word_1_9' title='bbox 812 513 949 587; x_wconf 80' lang='grc' dir='ltr'>μετὰ</span> <span class='ocrx_word' id='word_1_10' title='bbox 1010 519 1101 568; x_wconf 84' lang='grc' dir='ltr'>τοῦ</span> <span class='ocrx_word' id='word_1_11' title='bbox 1146 510 1514 587; x_wconf 79' lang='grc' dir='ltr'>προσήκοντος</span> <span class='ocrx_word' id='word_1_12' title='bbox 1575 509 1791 584; x_wconf 70' lang='grc' dir='ltr'>ἐκείνῳι</span> 
     </span>
    </p>
   </div>
   <div class='ocr_carea' id='block_1_5' title="bbox 1878 508 3484 591">
    <p class='ocr_par' dir='ltr' id='par_1_5' title="bbox 1878 508 3484 591">
     <span class='ocr_line' id='line_1_5' title="bbox 1878 508 3484 591; baseline 0.002 -21"><span class='ocrx_word' id='word_1_13' title='bbox 1878 525 2070 584; x_wconf 76' lang='lat' dir='ltr'><strong>amen,</strong></span> <span class='ocrx_word' id='word_1_14' title='bbox 2094 525 2209 570; x_wconf 89' lang='lat' dir='ltr'><strong>nec</strong></span> <span class='ocrx_word' id='word_1_15' title='bbox 2232 508 2466 571; x_wconf 90' lang='lat' dir='ltr'><strong>directe</strong></span> <span class='ocrx_word' id='word_1_16' title='bbox 2483 508 2556 570; x_wconf 88' lang='lat' dir='ltr'><strong>ad</strong></span> <span class='ocrx_word' id='word_1_17' title='bbox 2581 509 2713 586; x_wconf 88' lang='lat' dir='ltr'><strong>ejus</strong></span> <span class='ocrx_word' id='word_1_18' title='bbox 2732 509 3075 587; x_wconf 56' lang='lat' dir='ltr'><strong>personim,</strong></span> <span class='ocrx_word' id='word_1_19' title='bbox 3108 508 3230 570; x_wconf 89' lang='lat' dir='ltr'><strong>imo</strong></span> <span class='ocrx_word' id='word_1_20' title='bbox 3255 527 3324 572; x_wconf 90' lang='lat' dir='ltr'><strong>ea</strong></span> <span class='ocrx_word' id='word_1_21' title='bbox 3353 528 3484 591; x_wconf 77' lang='lat' dir='ltr'><strong>quae</strong></span> 
     </span>
    </p>
   </div>
   <div class='ocr_carea' id='block_1_6' title="bbox 124 599 1760 680">
    <p class='ocr_par' dir='ltr' id='par_1_6' title="bbox 124 599 1760 680">
     <span class='ocr_line' id='line_1_6' title="bbox 124 599 1760 680; baseline 0.001 -26"><span class='ocrx_word' id='word_1_22' title='bbox 124 600 213 656; x_wconf 81' lang='grc' dir='ltr'>καὶ</span> <span class='ocrx_word' id='word_1_23' title='bbox 266 600 610 680; x_wconf 71' lang='grc' dir='ltr'>φρονήματος</span> <span class='ocrx_word' id='word_1_24' title='bbox 667 601 757 658; x_wconf 80' lang='grc' dir='ltr'><strong>καὶ</strong></span> <span class='ocrx_word' id='word_1_25' title='bbox 813 599 1002 679; x_wconf 82' lang='grc' dir='ltr'>λόγου,</span> <span class='ocrx_word' id='word_1_26' title='bbox 1045 599 1135 657; x_wconf 76' lang='grc' dir='ltr'>καὶ</span> <span class='ocrx_word' id='word_1_27' title='bbox 1183 600 1500 680; x_wconf 74' lang='grc' dir='ltr'>σχήματος,</span> <span class='ocrx_word' id='word_1_28' title='bbox 1533 601 1618 656; x_wconf 83' lang='grc' dir='ltr'><strong>καὶ</strong></span> <span class='ocrx_word' id='word_1_29' title='bbox 1653 599 1760 658; x_wconf 71' lang='lat' dir='ltr'><strong>K6-</strong></span> 
     </span>
    </p>
   </div>
   <div class='ocr_carea' id='block_1_7' title="bbox 1843 596 3480 678">
    <p class='ocr_par' dir='ltr' id='par_1_7' title="bbox 1843 596 3480 678">
     <span class='ocr_line' id='line_1_7' title="bbox 1843 596 3480 678; baseline 0.002 -20"><span class='ocrx_word' id='word_1_30' title='bbox 1843 597 2012 661; x_wconf 90' lang='lat' dir='ltr'><strong>illum</strong></span> <span class='ocrx_word' id='word_1_31' title='bbox 2031 597 2272 661; x_wconf 87' lang='lat' dir='ltr'><strong>deceret</strong></span> <span class='ocrx_word' id='word_1_32' title='bbox 2293 597 3037 678; x_wconf 86' lang='lat' dir='ltr'><strong>prudeotia,aptaquetum</strong></span> <span class='ocrx_word' id='word_1_33' title='bbox 3055 596 3340 677; x_wconf 84' lang='lat' dir='ltr'><strong>loquendi</strong></span> <span class='ocrx_word' id='word_1_34' title='bbox 3354 607 3480 661; x_wconf 90' lang='lat' dir='ltr'><strong>tum</strong></span> 
     </span>
    </p>
   </div>
   <div class='ocr_carea' id='block_1_8' title="bbox 125 685 1791 772">
    <p class='ocr_par' dir='ltr' id='par_1_8' title="bbox 125 687 1760 772">
     <span class='ocr_line' id='line_1_8' title="bbox 125 687 1760 772; baseline 0.002 -29"><span class='ocrx_word' id='word_1_35' title='bbox 125 687 308 766; x_wconf 91' lang='grc' dir='ltr'>ριλλος</span> <span class='ocrx_word' id='word_1_36' title='bbox 351 690 492 746; x_wconf 72' lang='grc' dir='ltr'>κατὰ</span> <span class='ocrx_word' id='word_1_37' title='bbox 549 690 765 772; x_wconf 85' lang='grc' dir='ltr'>τούτου,</span> <span class='ocrx_word' id='word_1_38' title='bbox 824 692 914 746; x_wconf 82' lang='grc' dir='ltr'><strong>καὶ</strong></span> <span class='ocrx_word' id='word_1_39' title='bbox 959 688 1218 769; x_wconf 83' lang='grc' dir='ltr'>Κύριλλος</span> <span class='ocrx_word' id='word_1_40' title='bbox 1284 687 1378 747; x_wconf 78' lang='grc' dir='ltr'>καί</span> <span class='ocrx_word' id='word_1_41' title='bbox 1440 687 1760 767; x_wconf 82' lang='grc' dir='ltr'>Θεοδώριτος</span> 
     </span>
    </p>
   </div>
   <div class='ocr_carea' id='block_1_9' title="bbox 1878 685 3483 772">
    <p class='ocr_par' dir='ltr' id='par_1_9' title="bbox 1880 685 3483 768">
     <span class='ocr_line' id='line_1_9' title="bbox 1880 685 3483 768; baseline 0.001 -19"><span class='ocrx_word' id='word_1_42' title='bbox 1880 687 2060 767; x_wconf 88' lang='lat' dir='ltr'><strong>gendi</strong></span> <span class='ocrx_word' id='word_1_43' title='bbox 2083 686 2608 768; x_wconf 81' lang='lat' dir='ltr'><strong>ratione.Cyrillus</strong></span> <span class='ocrx_word' id='word_1_44' title='bbox 2634 687 2812 747; x_wconf 90' lang='lat' dir='ltr'><strong>etiam</strong></span> <span class='ocrx_word' id='word_1_45' title='bbox 2835 703 2968 747; x_wconf 91' lang='lat' dir='ltr'><strong>cum</strong></span> <span class='ocrx_word' id='word_1_46' title='bbox 2994 685 3124 766; x_wconf 91' lang='lat' dir='ltr'><strong>ipso</strong></span> <span class='ocrx_word' id='word_1_47' title='bbox 3146 687 3483 751; x_wconf 76' lang='lat' dir='ltr'><strong>simultates</strong></span> 
     </span>
    </p>
   </div>
   <div class='ocr_carea' id='block_1_10' title="bbox 127 777 1763 858">
    <p class='ocr_par' dir='ltr' id='par_1_10' title="bbox 127 777 1763 858">
     <span class='ocr_line' id='line_1_10' title="bbox 127 777 1763 858; baseline 0 -22"><span class='ocrx_word' id='word_1_48' title='bbox 127 777 247 836; x_wconf 78' lang='grc' dir='ltr'>κατ’</span> <span class='ocrx_word' id='word_1_49' title='bbox 290 779 574 851; x_wconf 72' lang='grc' dir='ltr'>ἀλλήλων.</span> <span class='ocrx_word' id='word_1_50' title='bbox 634 781 774 838; x_wconf 77' lang='grc' dir='ltr'>Φασὶ</span> <span class='ocrx_word' id='word_1_51' title='bbox 827 779 880 837; x_wconf 75' lang='grc' dir='ltr'>δὲ</span> <span class='ocrx_word' id='word_1_52' title='bbox 939 781 1021 838; x_wconf 83' lang='grc' dir='ltr'><strong>ὅτι</strong></span> <span class='ocrx_word' id='word_1_53' title='bbox 1065 779 1121 837; x_wconf 77' lang='grc' dir='ltr'>ἒν</span> <span class='ocrx_word' id='word_1_54' title='bbox 1163 785 1241 855; x_wconf 83' lang='grc' dir='ltr'><strong>τῷ</strong></span> <span class='ocrx_word' id='word_1_55' title='bbox 1283 782 1453 858; x_wconf 78' lang='grc' dir='ltr'>κιαιρῷ</span> <span class='ocrx_word' id='word_1_56' title='bbox 1501 783 1602 847; x_wconf 80' lang='grc' dir='ltr'>τῆς</span> <span class='ocrx_word' id='word_1_57' title='bbox 1649 779 1763 836; x_wconf 79' lang='grc' dir='ltr'><strong>ἀπ·-</strong></span> 
     </span>
    </p>
   </div>
   <div class='ocr_carea' id='block_1_11' title="bbox 1847 772 3485 848">
    <p class='ocr_par' dir='ltr' id='par_1_11' title="bbox 1847 772 3485 848">
     <span class='ocr_line' id='line_1_11' title="bbox 1847 772 3485 848; baseline 0.001 -10"><span class='ocrx_word' id='word_1_58' title='bbox 1847 777 2116 839; x_wconf 78' lang='lat' dir='ltr'><strong>exercuit</strong></span> <span class='ocrx_word' id='word_1_59' title='bbox 2137 786 2195 838; x_wconf 90' lang='lat' dir='ltr'><strong>et</strong></span> <span class='ocrx_word' id='word_1_60' title='bbox 2212 796 2346 838; x_wconf 92' lang='lat' dir='ltr'><strong>cum</strong></span> <span class='ocrx_word' id='word_1_61' title='bbox 2369 774 2779 839; x_wconf 88' lang='lat' dir='ltr'><strong>Theodoreto.</strong></span> <span class='ocrx_word' id='word_1_62' title='bbox 2814 772 2969 848; x_wconf 87' lang='lat' dir='ltr'><strong>Quin</strong></span> <span class='ocrx_word' id='word_1_63' title='bbox 2993 784 3050 835; x_wconf 90' lang='lat' dir='ltr'><strong>et</strong></span> <span class='ocrx_word' id='word_1_64' title='bbox 3073 776 3307 840; x_wconf 87' lang='lat' dir='ltr'><strong>dissidii</strong></span> <span class='ocrx_word' id='word_1_65' title='bbox 3331 785 3485 840; x_wconf 86' lang='lat' dir='ltr'><strong>tem-</strong></span> 
     </span>
    </p>
   </div>
   <div class='ocr_carea' id='block_1_12' title="bbox 127 862 1791 950">
    <p class='ocr_par' dir='ltr' id='par_1_12' title="bbox 127 866 1766 950">
     <span class='ocr_line' id='line_1_12' title="bbox 127 866 1766 950; baseline 0 -24"><span class='ocrx_word' id='word_1_66' title='bbox 127 871 347 950; x_wconf 79' lang='grc' dir='ltr'>ιχθείας</span> <span class='ocrx_word' id='word_1_67' title='bbox 389 868 674 949; x_wconf 67' lang='grc' dir='ltr'>διαρρήδην</span> <span class='ocrx_word' id='word_1_68' title='bbox 718 867 847 928; x_wconf 75' lang='grc' dir='ltr'>έϐύα</span> <span class='ocrx_word' id='word_1_69' title='bbox 880 867 1142 949; x_wconf 79' lang='grc' dir='ltr'>Κύριλλος</span> <span class='ocrx_word' id='word_1_70' title='bbox 1175 887 1192 907; x_wconf 88' lang='grc'><strong>·</strong></span> <span class='ocrx_word' id='word_1_71' title='bbox 1238 866 1496 937; x_wconf 78' lang='grc' dir='ltr'><strong>Ἰωάννης</strong></span> <span class='ocrx_word' id='word_1_72' title='bbox 1547 868 1602 927; x_wconf 69' lang='grc' dir='ltr'>ἰν</span> <span class='ocrx_word' id='word_1_73' title='bbox 1652 891 1766 927; x_wconf 80' lang='grc' dir='ltr'>πα-</span> 
     </span>
    </p>
   </div>
   <div class='ocr_carea' id='block_1_13' title="bbox 1878 862 3486 950">
    <p class='ocr_par' dir='ltr' id='par_1_13' title="bbox 1878 862 3486 945">
     <span class='ocr_line' id='line_1_13' title="bbox 1878 862 3486 945; baseline 0.005 -22"><span class='ocrx_word' id='word_1_74' title='bbox 1878 883 1994 927; x_wconf 66' lang='grc' dir='ltr'>ιοτθ</span> <span class='ocrx_word' id='word_1_75' title='bbox 2015 872 2185 929; x_wconf 85' lang='lat' dir='ltr'><strong>aiunt</strong></span> <span class='ocrx_word' id='word_1_76' title='bbox 2207 865 2491 945; x_wconf 82' lang='lat' dir='ltr'><strong>Cyrillum</strong></span> <span class='ocrx_word' id='word_1_77' title='bbox 2509 866 2671 927; x_wconf 87' lang='lat' dir='ltr'><strong>clara</strong></span> <span class='ocrx_word' id='word_1_78' title='bbox 2706 883 2852 926; x_wconf 88' lang='lat' dir='ltr'><strong>voce</strong></span> <span class='ocrx_word' id='word_1_79' title='bbox 2873 862 3232 928; x_wconf 82' lang='lat' dir='ltr'><strong>inclamasse</strong></span> <span class='ocrx_word' id='word_1_80' title='bbox 3264 865 3486 930; x_wconf 86' lang='lat' dir='ltr'><strong>:Joau-</strong></span> 
     </span>
    </p>
   </div>
   <div class='ocr_carea' id='block_1_14' title="bbox 127 956 1272 1038">
    <p class='ocr_par' dir='ltr' id='par_1_14' title="bbox 127 956 1272 1038">
     <span class='ocr_line' id='line_1_14' title="bbox 127 956 1272 1038; baseline 0.001 -25"><span class='ocrx_word' id='word_1_81' title='bbox 127 959 440 1038; x_wconf 82' lang='grc' dir='ltr'>τριάρχαις,</span> <span class='ocrx_word' id='word_1_82' title='bbox 471 957 571 1016; x_wconf 75' lang='grc' dir='ltr'><strong>καῖ</strong></span> <span class='ocrx_word' id='word_1_83' title='bbox 599 956 804 1025; x_wconf 82' lang='grc' dir='ltr'>Ἰούδας</span> <span class='ocrx_word' id='word_1_84' title='bbox 834 957 890 1014; x_wconf 73' lang='grc' dir='ltr'><strong>έν</strong></span> <span class='ocrx_word' id='word_1_85' title='bbox 919 957 1272 1024; x_wconf 82' lang='grc' dir='ltr'>ἀποστόλοις,</span> 
     </span>
    </p>
   </div>
   <div class='ocr_carea' id='block_1_15' title="bbox 704 1061 1188 1136">
    <p class='ocr_par' dir='ltr' id='par_1_15' title="bbox 704 1061 1188 1136">
     <span class='ocr_line' id='line_1_15' title="bbox 704 1061 1188 1136; baseline 0.002 -16"><span class='ocrx_word' id='word_1_86' title='bbox 704 1067 1041 1121; x_wconf 72' lang='lat' dir='ltr'><strong>sparum</strong></span> <span class='ocrx_word' id='word_1_87' title='bbox 1083 1061 1188 1136; x_wconf 76' lang='grc' dir='ltr'><strong>ς’.</strong></span> 
     </span>
    </p>
   </div>
   <div class='ocr_carea' id='block_1_16' title="bbox 1846 952 3404 1038">
    <p class='ocr_par' dir='ltr' id='par_1_16' title="bbox 1846 952 3404 1038">
     <span class='ocr_line' id='line_1_16' title="bbox 1846 952 3404 1038; baseline 0 -20"><span class='ocrx_word' id='word_1_88' title='bbox 1846 972 1957 1018; x_wconf 89' lang='lat' dir='ltr'><strong>nes</strong></span> <span class='ocrx_word' id='word_1_89' title='bbox 1984 955 2142 1020; x_wconf 92' lang='lat' dir='ltr'><strong>inter</strong></span> <span class='ocrx_word' id='word_1_90' title='bbox 2168 955 2565 1038; x_wconf 79' lang='lat' dir='ltr'><strong>patriarchas,</strong></span> <span class='ocrx_word' id='word_1_91' title='bbox 2597 962 2657 1017; x_wconf 91' lang='lat' dir='ltr'><strong>et</strong></span> <span class='ocrx_word' id='word_1_92' title='bbox 2683 952 2871 1016; x_wconf 85' lang='lat' dir='ltr'><strong>Judas</strong></span> <span class='ocrx_word' id='word_1_93' title='bbox 2900 954 3058 1017; x_wconf 86' lang='lat' dir='ltr'><strong>inter</strong></span> <span class='ocrx_word' id='word_1_94' title='bbox 3078 957 3404 1036; x_wconf 73' lang='lat' dir='ltr'><strong>apostolos.</strong></span> 
     </span>
    </p>
   </div>
   <div class='ocr_carea' id='block_1_17' title="bbox 2322 1054 3012 1122">
    <p class='ocr_par' dir='ltr' id='par_1_17' title="bbox 2322 1054 3012 1122">
     <span class='ocr_line' id='line_1_17' title="bbox 2322 1054 3012 1122; baseline -0.007 -1"><span class='ocrx_word' id='word_1_95' title='bbox 2322 1054 2882 1122; x_wconf 78' lang='lat' dir='ltr'><strong>lNTERROGATIO</strong></span> <span class='ocrx_word' id='word_1_96' title='bbox 2913 1055 3012 1119; x_wconf 79' lang='lat' dir='ltr'><strong>Vl.</strong></span> 
     </span>
    </p>
   </div>
   <div class='ocr_carea' id='block_1_18' title="bbox 133 1154 1791 1238">
    <p class='ocr_par' dir='ltr' id='par_1_18' title="bbox 133 1158 1760 1238">
     <span class='ocr_line' id='line_1_18' title="bbox 133 1158 1760 1238; baseline -0.002 -20"><span class='ocrx_word' id='word_1_97' title='bbox 133 1161 297 1219; x_wconf 80' lang='grc' dir='ltr'><strong>Πόσοι</strong></span> <span class='ocrx_word' id='word_1_98' title='bbox 348 1162 776 1238; x_wconf 18' lang='grc' dir='ltr'>οἷκουμενικατς,</span> <span class='ocrx_word' id='word_1_99' title='bbox 807 1159 1044 1228; x_wconf 76' lang='grc' dir='ltr'>συνόδοις</span> <span class='ocrx_word' id='word_1_100' title='bbox 1089 1159 1376 1238; x_wconf 66' lang='grc' dir='ltr'>ὑπακούειν</span> <span class='ocrx_word' id='word_1_101' title='bbox 1426 1158 1760 1232; x_wconf 70' lang='grc' dir='ltr'>ἀπέστησαν,</span> 
     </span>
    </p>
   </div>
   <div class='ocr_carea' id='block_1_19' title="bbox 1878 1154 3495 1238">
    <p class='ocr_par' dir='ltr' id='par_1_19' title="bbox 1878 1154 3495 1238">
     <span class='ocr_line' id='line_1_19' title="bbox 1878 1154 3495 1238; baseline 0.001 -17"><span class='ocrx_word' id='word_1_102' title='bbox 1878 1154 2010 1230; x_wconf 58' lang='lat' dir='ltr'><strong>Not</strong></span> <span class='ocrx_word' id='word_1_103' title='bbox 2036 1160 2410 1222; x_wconf 74' lang='lat' dir='ltr'><strong>acumeuic-is</strong></span> <span class='ocrx_word' id='word_1_104' title='bbox 2435 1173 2648 1238; x_wconf 80' lang='lat' dir='ltr'><strong>parere</strong></span> <span class='ocrx_word' id='word_1_105' title='bbox 2673 1155 2927 1238; x_wconf 70' lang='lat' dir='ltr'><strong>synodis</strong></span> <span class='ocrx_word' id='word_1_106' title='bbox 2958 1165 3355 1238; x_wconf 57' lang='lat' dir='ltr'><strong>recusarunt,</strong></span> <span class='ocrx_word' id='word_1_107' title='bbox 3391 1161 3495 1224; x_wconf 80' lang='lat' dir='ltr'><strong>sed</strong></span> 
     </span>
    </p>
   </div>
   <div class='ocr_carea' id='block_1_20' title="bbox 542 1237 1356 1319">
    <p class='ocr_par' dir='ltr' id='par_1_20' title="bbox 542 1237 1356 1319">
     <span class='ocr_line' id='line_1_20' title="bbox 542 1237 1356 1319; baseline -0.002 -22"><span class='ocrx_word' id='word_1_108' title='bbox 542 1239 666 1297; x_wconf 78' lang='grc' dir='ltr'>ἀλλ’</span> <span class='ocrx_word' id='word_1_109' title='bbox 697 1237 847 1297; x_wconf 69' lang='grc' dir='ltr'>οὐδὲν</span> <span class='ocrx_word' id='word_1_110' title='bbox 871 1242 1034 1304; x_wconf 73' lang='grc' dir='ltr'>αὖτὰς</span> <span class='ocrx_word' id='word_1_111' title='bbox 1065 1237 1304 1316; x_wconf 73' lang='grc' dir='ltr'>ἔϐλαψαν</span> <span class='ocrx_word' id='word_1_112' title='bbox 1336 1257 1356 1319; x_wconf 74' lang='grc' dir='ltr'><strong>ς</strong></span> 
     </span>
    </p>
   </div>
   <div class='ocr_carea' id='block_1_21' title="bbox 713 1349 1149 1425">
    <p class='ocr_par' dir='ltr' id='par_1_21' title="bbox 713 1349 1149 1425">
     <span class='ocr_line' id='line_1_21' title="bbox 713 1349 1149 1425; baseline 0.016 -25"><span class='ocrx_word' id='word_1_113' title='bbox 713 1419 720 1425; x_wconf 13' lang='grc' dir='ltr'><strong>γ</strong></span> <span class='ocrx_word' id='word_1_114' title='bbox 762 1349 1149 1407; x_wconf 76' lang='grc' dir='ltr'><strong>ΔΠΟΚΡΙΣΙΣ.</strong></span> 
     </span>
    </p>
   </div>
   <div class='ocr_carea' id='block_1_22' title="bbox 220 1437 1772 1524">
    <p class='ocr_par' dir='ltr' id='par_1_22' title="bbox 220 1437 1772 1524">
     <span class='ocr_line' id='line_1_22' title="bbox 220 1437 1772 1524; baseline -0.002 -21"><span class='ocrx_word' id='word_1_115' title='bbox 220 1444 464 1510; x_wconf 67' lang='grc' dir='ltr'>Ναυάτος</span> <span class='ocrx_word' id='word_1_116' title='bbox 541 1449 570 1502; x_wconf 81' lang='grc' dir='ltr'><strong>ὁ</strong></span> <span class='ocrx_word' id='word_1_117' title='bbox 632 1437 846 1521; x_wconf 81' lang='grc' dir='ltr'><strong>Ῥώμης</strong></span> <span class='ocrx_word' id='word_1_118' title='bbox 899 1445 1003 1503; x_wconf 78' lang='grc' dir='ltr'><strong>ὑπὸ</strong></span> <span class='ocrx_word' id='word_1_119' title='bbox 1057 1444 1375 1504; x_wconf 68' lang='grc' dir='ltr'>ἐπισκόπων</span> <span class='ocrx_word' id='word_1_120' title='bbox 1447 1443 1772 1524; x_wconf 73' lang='grc' dir='ltr'>καθῇρηται,</span> 
     </span>
    </p>
   </div>
   <div class='ocr_carea' id='block_1_23' title="bbox 2068 1233 3277 1304">
    <p class='ocr_par' dir='ltr' id='par_1_23' title="bbox 2068 1233 3277 1304">
     <span class='ocr_line' id='line_1_23' title="bbox 2068 1233 3277 1304; baseline 0.001 -4"><span class='ocrx_word' id='word_1_121' title='bbox 2068 1255 2276 1304; x_wconf 80' lang='lat' dir='ltr'><strong>eorum</strong></span> <span class='ocrx_word' id='word_1_122' title='bbox 2295 1233 2726 1301; x_wconf 72' lang='lat' dir='ltr'><strong>auctoritateni</strong></span> <span class='ocrx_word' id='word_1_123' title='bbox 2753 1233 2919 1298; x_wconf 74' lang='lat' dir='ltr'><strong>nihil</strong></span> <span class='ocrx_word' id='word_1_124' title='bbox 2951 1233 3231 1301; x_wconf 67' lang='lat' dir='ltr'><strong>laeserunt</strong></span> <span class='ocrx_word' id='word_1_125' title='bbox 3247 1241 3277 1301; x_wconf 67' lang='grc'><em>9</em></span> 
     </span>
    </p>
   </div>
   <div class='ocr_carea' id='block_1_24' title="bbox 2448 1337 2890 1405">
    <p class='ocr_par' dir='ltr' id='par_1_24' title="bbox 2448 1337 2890 1405">
     <span class='ocr_line' id='line_1_24' title="bbox 2448 1337 2890 1405; baseline -0.016 0"><span class='ocrx_word' id='word_1_126' title='bbox 2448 1337 2890 1405; x_wconf 79' lang='lat' dir='ltr'><strong>RESPONSIO.</strong></span> 
     </span>
    </p>
   </div>
   <div class='ocr_carea' id='block_1_25' title="bbox 1936 1441 3497 1524">
    <p class='ocr_par' dir='ltr' id='par_1_25' title="bbox 1936 1441 3497 1524">
     <span class='ocr_line' id='line_1_25' title="bbox 1936 1441 3497 1524; baseline 0 -16"><span class='ocrx_word' id='word_1_127' title='bbox 1936 1441 2196 1508; x_wconf 72' lang='lat' dir='ltr'><strong>Novatus</strong></span> <span class='ocrx_word' id='word_1_128' title='bbox 2241 1445 2551 1508; x_wconf 82' lang='lat' dir='ltr'><strong>Romanus</strong></span> <span class='ocrx_word' id='word_1_129' title='bbox 2592 1442 2668 1505; x_wconf 89' lang='lat' dir='ltr'><strong>ab</strong></span> <span class='ocrx_word' id='word_1_130' title='bbox 2721 1442 3032 1524; x_wconf 90' lang='lat' dir='ltr'><strong>episcopis</strong></span> <span class='ocrx_word' id='word_1_131' title='bbox 3083 1451 3497 1508; x_wconf 72' lang='lat' dir='ltr'><strong>exauctoratus</strong></span> 
     </span>
    </p>
   </div>
   <div class='ocr_carea' id='block_1_26' title="bbox 142 1531 1791 1616">
    <p class='ocr_par' dir='ltr' id='par_1_26' title="bbox 142 1531 1776 1612">
     <span class='ocr_line' id='line_1_26' title="bbox 142 1531 1776 1612; baseline -0.003 -20"><span class='ocrx_word' id='word_1_132' title='bbox 142 1534 352 1596; x_wconf 78' lang='grc' dir='ltr'>Παῦλος</span> <span class='ocrx_word' id='word_1_133' title='bbox 406 1535 436 1592; x_wconf 78' lang='grc' dir='ltr'><strong>ὃ</strong></span> <span class='ocrx_word' id='word_1_134' title='bbox 479 1535 840 1610; x_wconf 80' lang='grc' dir='ltr'>Σαμωσατεὺς</span> <span class='ocrx_word' id='word_1_135' title='bbox 883 1534 986 1592; x_wconf 70' lang='grc' dir='ltr'><strong>δπὸ</strong></span> <span class='ocrx_word' id='word_1_136' title='bbox 1040 1534 1112 1612; x_wconf 85' lang='grc' dir='ltr'><strong>ιβ’</strong></span> <span class='ocrx_word' id='word_1_137' title='bbox 1145 1534 1482 1611; x_wconf 77' lang='grc' dir='ltr'>έπισκόπων,</span> <span class='ocrx_word' id='word_1_138' title='bbox 1511 1536 1587 1596; x_wconf 80' lang='grc' dir='ltr'>ὡς</span> <span class='ocrx_word' id='word_1_139' title='bbox 1617 1531 1776 1609; x_wconf 73' lang='grc' dir='ltr'>ψιλὸν</span> 
     </span>
    </p>
   </div>
   <div class='ocr_carea' id='block_1_27' title="bbox 1878 1531 3501 1616">
    <p class='ocr_par' dir='ltr' id='par_1_27' title="bbox 1878 1533 3501 1616">
     <span class='ocr_line' id='line_1_27' title="bbox 1878 1533 3501 1616; baseline 0.001 -20"><span class='ocrx_word' id='word_1_140' title='bbox 1878 1533 2216 1596; x_wconf 86' lang='lat' dir='ltr'><strong>&#39;uit.Paulus</strong></span> <span class='ocrx_word' id='word_1_141' title='bbox 2231 1535 2663 1597; x_wconf 89' lang='lat' dir='ltr'><strong>Samosatenus</strong></span> <span class='ocrx_word' id='word_1_142' title='bbox 2679 1552 2713 1594; x_wconf 88' lang='lat' dir='ltr'><strong>a</strong></span> <span class='ocrx_word' id='word_1_143' title='bbox 2740 1533 2815 1594; x_wconf 68' lang='grc'><strong>19</strong></span> <span class='ocrx_word' id='word_1_144' title='bbox 2841 1533 3165 1616; x_wconf 86' lang='lat' dir='ltr'><strong>episcopis,</strong></span> <span class='ocrx_word' id='word_1_145' title='bbox 3198 1535 3359 1616; x_wconf 91' lang='lat' dir='ltr'><strong>quod</strong></span> <span class='ocrx_word' id='word_1_146' title='bbox 3382 1554 3501 1597; x_wconf 81' lang='lat' dir='ltr'><strong>nu-</strong></span> 
     </span>
    </p>
   </div>
   <div class='ocr_carea' id='block_1_28' title="bbox 143 1621 1791 1704">
    <p class='ocr_par' dir='ltr' id='par_1_28' title="bbox 143 1622 1780 1704">
     <span class='ocr_line' id='line_1_28' title="bbox 143 1622 1780 1704; baseline -0.002 -22"><span class='ocrx_word' id='word_1_147' title='bbox 143 1623 239 1682; x_wconf 76' lang='grc' dir='ltr'><strong>τὸν</strong></span> <span class='ocrx_word' id='word_1_148' title='bbox 299 1623 527 1702; x_wconf 73' lang='grc' dir='ltr'>Χριστὸν</span> <span class='ocrx_word' id='word_1_149' title='bbox 582 1623 755 1702; x_wconf 88' lang='grc' dir='ltr'>λέγων</span> <span class='ocrx_word' id='word_1_150' title='bbox 805 1623 1082 1704; x_wconf 81' lang='grc' dir='ltr'>ἄνθρωπον</span> <span class='ocrx_word' id='word_1_151' title='bbox 1140 1626 1448 1703; x_wconf 80' lang='grc' dir='ltr'>κατεκρίθη.</span> <span class='ocrx_word' id='word_1_152' title='bbox 1507 1624 1584 1682; x_wconf 75' lang='grc' dir='ltr'>Τὰ</span> <span class='ocrx_word' id='word_1_153' title='bbox 1640 1622 1780 1680; x_wconf 80' lang='grc' dir='ltr'>κατὰ</span> 
     </span>
    </p>
   </div>
   <div class='ocr_carea' id='block_1_29' title="bbox 1878 1621 3502 1704">
    <p class='ocr_par' dir='ltr' id='par_1_29' title="bbox 1878 1621 3502 1703">
     <span class='ocr_line' id='line_1_29' title="bbox 1878 1621 3502 1703; baseline -0.001 -15"><span class='ocrx_word' id='word_1_154' title='bbox 1878 1623 2004 1688; x_wconf 87' lang='lat' dir='ltr'><strong>lum</strong></span> <span class='ocrx_word' id='word_1_155' title='bbox 2024 1623 2328 1685; x_wconf 84' lang='lat' dir='ltr'><strong>hominem</strong></span> <span class='ocrx_word' id='word_1_156' title='bbox 2353 1640 2492 1686; x_wconf 89' lang='lat' dir='ltr'><strong>esse</strong></span> <span class='ocrx_word' id='word_1_157' title='bbox 2505 1622 2810 1686; x_wconf 85' lang='lat' dir='ltr'><strong>Christum</strong></span> <span class='ocrx_word' id='word_1_158' title='bbox 2835 1621 3502 1703; x_wconf 88' lang='lat' dir='ltr'><strong>diceret,depositionis</strong></span> 
     </span>
    </p>
   </div>
   <div class='ocr_carea' id='block_1_30' title="bbox 146 1711 1791 1792">
    <p class='ocr_par' dir='ltr' id='par_1_30' title="bbox 146 1711 1778 1792">
     <span class='ocr_line' id='line_1_30' title="bbox 146 1711 1778 1792; baseline 0 -24"><span class='ocrx_word' id='word_1_159' title='bbox 146 1712 448 1792; x_wconf 79' lang='grc' dir='ltr'><strong>Σύμμαχον</strong></span> <span class='ocrx_word' id='word_1_160' title='bbox 480 1714 567 1769; x_wconf 83' lang='grc' dir='ltr'>καὶ</span> <span class='ocrx_word' id='word_1_161' title='bbox 617 1714 934 1790; x_wconf 85' lang='grc' dir='ltr'>Λαυρέντιον</span> <span class='ocrx_word' id='word_1_162' title='bbox 977 1713 1064 1771; x_wconf 69' lang='grc' dir='ltr'>ἐπὶ</span> <span class='ocrx_word' id='word_1_163' title='bbox 1123 1711 1474 1771; x_wconf 67' lang='grc' dir='ltr'>Ἀναστάσίου</span> <span class='ocrx_word' id='word_1_164' title='bbox 1528 1718 1624 1770; x_wconf 82' lang='grc' dir='ltr'>τοῦ</span> <span class='ocrx_word' id='word_1_165' title='bbox 1675 1713 1778 1789; x_wconf 86' lang='grc' dir='ltr'>βα-</span> 
     </span>
    </p>
   </div>
   <div class='ocr_carea' id='block_1_31' title="bbox 1878 1711 3504 1792">
    <p class='ocr_par' dir='ltr' id='par_1_31' title="bbox 1878 1712 3504 1790">
     <span class='ocr_line' id='line_1_31' title="bbox 1878 1712 3504 1790; baseline 0.001 -14"><span class='ocrx_word' id='word_1_166' title='bbox 1878 1712 2160 1778; x_wconf 80' lang='lat' dir='ltr'><strong>tententia</strong></span> <span class='ocrx_word' id='word_1_167' title='bbox 2180 1712 2466 1776; x_wconf 88' lang='lat' dir='ltr'><strong>multatus</strong></span> <span class='ocrx_word' id='word_1_168' title='bbox 2486 1713 2956 1790; x_wconf 85' lang='lat' dir='ltr'><strong>est.Symmachi</strong></span> <span class='ocrx_word' id='word_1_169' title='bbox 2973 1712 3350 1776; x_wconf 87' lang='lat' dir='ltr'><strong>etLaureutii</strong></span> <span class='ocrx_word' id='word_1_170' title='bbox 3365 1733 3504 1777; x_wconf 83' lang='lat' dir='ltr'><strong>cau-</strong></span> 
     </span>
    </p>
   </div>
   <div class='ocr_carea' id='block_1_32' title="bbox 145 1792 1776 1882">
    <p class='ocr_par' dir='ltr' id='par_1_32' title="bbox 145 1792 1776 1882">
     <span class='ocr_line' id='line_1_32' title="bbox 145 1792 1776 1882; baseline -0.001 -24"><span class='ocrx_word' id='word_1_171' title='bbox 145 1801 337 1869; x_wconf 85' lang='grc' dir='ltr'>σιλέως</span> <span class='ocrx_word' id='word_1_172' title='bbox 367 1801 420 1861; x_wconf 79' lang='grc' dir='ltr'>ἒν</span> <span class='ocrx_word' id='word_1_173' title='bbox 457 1792 637 1879; x_wconf 72' lang='grc' dir='ltr'>Ῥώμῃ</span> <span class='ocrx_word' id='word_1_174' title='bbox 668 1803 951 1862; x_wconf 74' lang='grc' dir='ltr'>έπίσκοποι</span> <span class='ocrx_word' id='word_1_175' title='bbox 1009 1805 1102 1860; x_wconf 76' lang='grc' dir='ltr'><strong>τὸν</strong></span> <span class='ocrx_word' id='word_1_176' title='bbox 1131 1803 1353 1882; x_wconf 79' lang='grc' dir='ltr'>ἀριθμὸν</span> <span class='ocrx_word' id='word_1_177' title='bbox 1384 1801 1432 1879; x_wconf 81' lang='grc' dir='ltr'>ρ’</span> <span class='ocrx_word' id='word_1_178' title='bbox 1463 1801 1726 1878; x_wconf 73' lang='grc' dir='ltr'><strong>διῄτησαν</strong></span> <span class='ocrx_word' id='word_1_179' title='bbox 1761 1816 1776 1831; x_wconf 85' lang='grc'><em>’</em></span> 
     </span>
    </p>
   </div>
   <div class='ocr_carea' id='block_1_33' title="bbox 1864 1801 3505 1884">
    <p class='ocr_par' dir='ltr' id='par_1_33' title="bbox 1864 1801 3505 1884">
     <span class='ocr_line' id='line_1_33' title="bbox 1864 1801 3505 1884; baseline -0.001 -18"><span class='ocrx_word' id='word_1_180' title='bbox 1864 1821 1989 1866; x_wconf 85' lang='lat' dir='ltr'><strong>sam</strong></span> <span class='ocrx_word' id='word_1_181' title='bbox 2010 1802 2122 1865; x_wconf 91' lang='lat' dir='ltr'><strong>sub</strong></span> <span class='ocrx_word' id='word_1_182' title='bbox 2139 1801 2450 1864; x_wconf 81' lang='lat' dir='ltr'><strong>Anastasio</strong></span> <span class='ocrx_word' id='word_1_183' title='bbox 2471 1801 2845 1882; x_wconf 83' lang='lat' dir='ltr'><strong>imperatore</strong></span> <span class='ocrx_word' id='word_1_184' title='bbox 2859 1811 3104 1863; x_wconf 92' lang='lat' dir='ltr'><strong>centum</strong></span> <span class='ocrx_word' id='word_1_185' title='bbox 3135 1803 3197 1863; x_wconf 89' lang='lat' dir='ltr'><strong>in</strong></span> <span class='ocrx_word' id='word_1_186' title='bbox 3211 1801 3361 1864; x_wconf 85' lang='lat' dir='ltr'><strong>urbe</strong></span> <span class='ocrx_word' id='word_1_187' title='bbox 3377 1803 3505 1884; x_wconf 90' lang='lat' dir='ltr'><strong>epi-</strong></span> 
     </span>
    </p>
   </div>
   <div class='ocr_carea' id='block_1_34' title="bbox 144 1879 1791 1974">
    <p class='ocr_par' dir='ltr' id='par_1_34' title="bbox 144 1879 1783 1972">
     <span class='ocr_line' id='line_1_34' title="bbox 144 1879 1783 1972; baseline -0.001 -24"><span class='ocrx_word' id='word_1_188' title='bbox 144 1892 236 1948; x_wconf 80' lang='grc' dir='ltr'><strong>καὶ</strong></span> <span class='ocrx_word' id='word_1_189' title='bbox 278 1891 369 1949; x_wconf 76' lang='grc' dir='ltr'><strong>τὸν</strong></span> <span class='ocrx_word' id='word_1_190' title='bbox 426 1891 525 1966; x_wconf 76' lang='grc' dir='ltr'>μὶν</span> <span class='ocrx_word' id='word_1_191' title='bbox 578 1893 903 1972; x_wconf 78' lang='grc' dir='ltr'>Σύμμαχον,</span> <span class='ocrx_word' id='word_1_192' title='bbox 964 1893 1040 1959; x_wconf 82' lang='grc' dir='ltr'>ὡς</span> <span class='ocrx_word' id='word_1_193' title='bbox 1088 1879 1182 1951; x_wconf 72' lang='grc' dir='ltr'>ἕνα</span> <span class='ocrx_word' id='word_1_194' title='bbox 1209 1896 1314 1950; x_wconf 83' lang='grc' dir='ltr'>τῶν</span> <span class='ocrx_word' id='word_1_195' title='bbox 1346 1893 1483 1950; x_wconf 78' lang='grc' dir='ltr'>ἔπτὰ</span> <span class='ocrx_word' id='word_1_196' title='bbox 1522 1890 1783 1948; x_wconf 71' lang='grc' dir='ltr'>διακόνων</span> 
     </span>
    </p>
   </div>
   <div class='ocr_carea' id='block_1_35' title="bbox 1878 1879 3508 1974">
    <p class='ocr_par' dir='ltr' id='par_1_35' title="bbox 1878 1879 3508 1974">
     <span class='ocr_line' id='line_1_35' title="bbox 1878 1879 3508 1974; baseline -0.001 -18"><span class='ocrx_word' id='word_1_197' title='bbox 1878 1893 2033 1974; x_wconf 79' lang='lat' dir='ltr'><strong>scopi</strong></span> <span class='ocrx_word' id='word_1_198' title='bbox 2050 1879 2997 1973; x_wconf 40' lang='lat' dir='ltr'><strong>expenderunt,et&#39;Symmachum</strong></span> <span class='ocrx_word' id='word_1_199' title='bbox 3023 1879 3508 1974; x_wconf 79' lang='lat' dir='ltr'><strong>quidem,utpote</strong></span> 
     </span>
    </p>
   </div>
   <div class='ocr_carea' id='block_1_36' title="bbox 145 1979 1785 2059">
    <p class='ocr_par' dir='ltr' id='par_1_36' title="bbox 145 1979 1785 2059">
     <span class='ocr_line' id='line_1_36' title="bbox 145 1979 1785 2059; baseline -0.001 -22"><span class='ocrx_word' id='word_1_200' title='bbox 145 1979 297 2053; x_wconf 76' lang='grc' dir='ltr'>ὄντα,</span> <span class='ocrx_word' id='word_1_201' title='bbox 345 1981 434 2038; x_wconf 80' lang='grc' dir='ltr'><strong>καὶ</strong></span> <span class='ocrx_word' id='word_1_202' title='bbox 484 1983 622 2038; x_wconf 84' lang='grc' dir='ltr'>κατὰ</span> <span class='ocrx_word' id='word_1_203' title='bbox 677 1984 876 2055; x_wconf 82' lang='grc' dir='ltr'>θεσμὸν</span> <span class='ocrx_word' id='word_1_204' title='bbox 929 1981 1380 2050; x_wconf 78' lang='grc' dir='ltr'><strong>ἐκκλησιαστικὸν</strong></span> <span class='ocrx_word' id='word_1_205' title='bbox 1455 1982 1548 2038; x_wconf 82' lang='grc' dir='ltr'><strong>τὸν</strong></span> <span class='ocrx_word' id='word_1_206' title='bbox 1597 1981 1785 2059; x_wconf 80' lang='grc' dir='ltr'>Θρόνον</span> 
     </span>
    </p>
   </div>
   <div class='ocr_carea' id='block_1_37' title="bbox 145 2067 1784 2150">
    <p class='ocr_par' dir='ltr' id='par_1_37' title="bbox 145 2067 1784 2150">
     <span class='ocr_line' id='line_1_37' title="bbox 145 2067 1784 2150; baseline 0 -26"><span class='ocrx_word' id='word_1_207' title='bbox 145 2067 428 2144; x_wconf 75' lang='grc' dir='ltr'>διέποντα,</span> <span class='ocrx_word' id='word_1_208' title='bbox 494 2068 812 2128; x_wconf 76' lang='grc' dir='ltr'>ἐδικαίωσαν</span> <span class='ocrx_word' id='word_1_209' title='bbox 873 2070 1031 2130; x_wconf 73' lang='grc' dir='ltr'>αύτὺν</span> <span class='ocrx_word' id='word_1_210' title='bbox 1097 2071 1354 2150; x_wconf 78' lang='grc' dir='ltr'>κατέχειν</span> <span class='ocrx_word' id='word_1_211' title='bbox 1385 2090 1404 2108; x_wconf 82' lang='lat'><strong><em>°</em></strong></span> <span class='ocrx_word' id='word_1_212' title='bbox 1465 2070 1784 2150; x_wconf 81' lang='grc' dir='ltr'>Λαυρέντιον</span> 
     </span>
    </p>
   </div>
   <div class='ocr_carea' id='block_1_38' title="bbox 146 2157 1785 2242">
    <p class='ocr_par' dir='ltr' id='par_1_38' title="bbox 146 2157 1785 2242">
     <span class='ocr_line' id='line_1_38' title="bbox 146 2157 1785 2242; baseline 0.001 -28"><span class='ocrx_word' id='word_1_213' title='bbox 146 2157 231 2232; x_wconf 77' lang='grc' dir='ltr'>δὲ,</span> <span class='ocrx_word' id='word_1_214' title='bbox 276 2159 563 2242; x_wconf 63' lang='grc' dir='ltr'>ῌοτκερίας</span> <span class='ocrx_word' id='word_1_215' title='bbox 611 2160 932 2242; x_wconf 76' lang='grc' dir='ltr'>ἐπίσκοπον,</span> <span class='ocrx_word' id='word_1_216' title='bbox 998 2161 1192 2240; x_wconf 86' lang='grc' dir='ltr'>καίπερ</span> <span class='ocrx_word' id='word_1_217' title='bbox 1244 2163 1332 2217; x_wconf 72' lang='grc' dir='ltr'><strong>ὶπὶ</strong></span> <span class='ocrx_word' id='word_1_218' title='bbox 1400 2160 1632 2239; x_wconf 83' lang='grc' dir='ltr'>τέσσαρα</span> <span class='ocrx_word' id='word_1_219' title='bbox 1688 2159 1785 2226; x_wconf 67' lang='grc' dir='ltr'>ἔτη</span> 
     </span>
    </p>
   </div>
   <div class='ocr_carea' id='block_1_39' title="bbox 146 2238 1786 2327">
    <p class='ocr_par' dir='ltr' id='par_1_39' title="bbox 146 2238 1786 2327">
     <span class='ocr_line' id='line_1_39' title="bbox 146 2238 1786 2327; baseline 0.001 -24"><span class='ocrx_word' id='word_1_220' title='bbox 146 2247 252 2316; x_wconf 79' lang='grc' dir='ltr'><strong>τὴν</strong></span> <span class='ocrx_word' id='word_1_221' title='bbox 284 2238 499 2323; x_wconf 80' lang='grc' dir='ltr'>Ῥώμην</span> <span class='ocrx_word' id='word_1_222' title='bbox 547 2247 870 2327; x_wconf 79' lang='grc' dir='ltr'>ταράξαντα,</span> <span class='ocrx_word' id='word_1_223' title='bbox 914 2238 1076 2307; x_wconf 23' lang='grc' dir='ltr'>*εἶναι</span> <span class='ocrx_word' id='word_1_224' title='bbox 1133 2238 1362 2324; x_wconf 68' lang='grc' dir='ltr'>ὥρισαν.</span> <span class='ocrx_word' id='word_1_225' title='bbox 1418 2238 1681 2326; x_wconf 73' lang='grc' dir='ltr'>⁴⁷Υστερον</span> <span class='ocrx_word' id='word_1_226' title='bbox 1731 2247 1786 2304; x_wconf 74' lang='grc' dir='ltr'>δὲ</span> 
     </span>
    </p>
   </div>
   <div class='ocr_carea' id='block_1_40' title="bbox 147 2337 1787 2418">
    <p class='ocr_par' dir='ltr' id='par_1_40' title="bbox 147 2337 1787 2418">
     <span class='ocr_line' id='line_1_40' title="bbox 147 2337 1787 2418; baseline 0.001 -25"><span class='ocrx_word' id='word_1_227' title='bbox 147 2337 366 2402; x_wconf 78' lang='grc' dir='ltr'>στάσεις</span> <span class='ocrx_word' id='word_1_228' title='bbox 421 2343 585 2395; x_wconf 84' lang='grc' dir='ltr'>κινῶν</span> <span class='ocrx_word' id='word_1_229' title='bbox 648 2338 796 2405; x_wconf 79' lang='grc' dir='ltr'>αὖθις</span> <span class='ocrx_word' id='word_1_230' title='bbox 851 2339 942 2396; x_wconf 87' lang='grc' dir='ltr'><strong>καὶ</strong></span> <span class='ocrx_word' id='word_1_231' title='bbox 997 2339 1270 2418; x_wconf 79' lang='grc' dir='ltr'>ταραχὰς,</span> <span class='ocrx_word' id='word_1_232' title='bbox 1326 2339 1430 2396; x_wconf 76' lang='grc' dir='ltr'>ὑπὸ</span> <span class='ocrx_word' id='word_1_233' title='bbox 1483 2338 1787 2417; x_wconf 81' lang='grc' dir='ltr'>Συμμάχου</span> 
     </span>
    </p>
   </div>
   <div class='ocr_carea' id='block_1_41' title="bbox 143 2426 1790 2509">
    <p class='ocr_par' dir='ltr' id='par_1_41' title="bbox 143 2426 1790 2509">
     <span class='ocr_line' id='line_1_41' title="bbox 143 2426 1790 2509; baseline 0.001 -26"><span class='ocrx_word' id='word_1_234' title='bbox 143 2426 391 2502; x_wconf 69' lang='grc' dir='ltr'>ἔννόμως</span> <span class='ocrx_word' id='word_1_235' title='bbox 448 2428 774 2507; x_wconf 74' lang='grc' dir='ltr'>καθῄρηται.</span> <span class='ocrx_word' id='word_1_236' title='bbox 833 2428 936 2488; x_wconf 78' lang='grc' dir='ltr'><strong>Τὸν</strong></span> <span class='ocrx_word' id='word_1_237' title='bbox 1015 2428 1476 2509; x_wconf 76' lang='grc' dir='ltr'>πνευματομὰχον</span> <span class='ocrx_word' id='word_1_238' title='bbox 1539 2426 1790 2485; x_wconf 82' lang='grc' dir='ltr'><strong>Μακεδὸ-</strong></span> 
     </span>
    </p>
   </div>
   <div class='ocr_carea' id='block_1_42' title="bbox 150 2515 1790 2589">
    <p class='ocr_par' dir='ltr' id='par_1_42' title="bbox 150 2515 1790 2589">
     <span class='ocr_line' id='line_1_42' title="bbox 150 2515 1790 2589; baseline 0.001 -17"><span class='ocrx_word' id='word_1_239' title='bbox 150 2539 268 2574; x_wconf 88' lang='grc' dir='ltr'>νιον</span> <span class='ocrx_word' id='word_1_240' title='bbox 318 2515 600 2576; x_wconf 65' lang='grc' dir='ltr'>ιπίσκοποι</span> <span class='ocrx_word' id='word_1_241' title='bbox 658 2517 914 2576; x_wconf 78' lang='grc' dir='ltr'>καθεῖλον</span> <span class='ocrx_word' id='word_1_242' title='bbox 970 2517 1028 2576; x_wconf 78' lang='grc' dir='ltr'><strong>έν</strong></span> <span class='ocrx_word' id='word_1_243' title='bbox 1084 2516 1673 2589; x_wconf 78' lang='grc' dir='ltr'>Κωναταντινουπόλει,</span> <span class='ocrx_word' id='word_1_244' title='bbox 1713 2519 1790 2574; x_wconf 83' lang='grc' dir='ltr'>ὦν</span> 
     </span>
    </p>
   </div>
   <div class='ocr_carea' id='block_1_43' title="bbox 150 2604 1788 2686">
    <p class='ocr_par' dir='ltr' id='par_1_43' title="bbox 150 2604 1788 2686">
     <span class='ocr_line' id='line_1_43' title="bbox 150 2604 1788 2686; baseline 0.001 -24"><span class='ocrx_word' id='word_1_245' title='bbox 150 2605 382 2686; x_wconf 71' lang='grc' dir='ltr'>ἰξῆρχεν</span> <span class='ocrx_word' id='word_1_246' title='bbox 437 2604 694 2673; x_wconf 68' lang='grc' dir='ltr'>Ἀκᾶκιος</span> <span class='ocrx_word' id='word_1_247' title='bbox 762 2609 791 2664; x_wconf 81' lang='grc' dir='ltr'>ὁ</span> <span class='ocrx_word' id='word_1_248' title='bbox 852 2606 1170 2686; x_wconf 68' lang='grc' dir='ltr'>Καισαρείας</span> <span class='ocrx_word' id='word_1_249' title='bbox 1223 2607 1322 2677; x_wconf 76' lang='grc' dir='ltr'>τῆς</span> <span class='ocrx_word' id='word_1_250' title='bbox 1402 2605 1788 2682; x_wconf 76' lang='grc' dir='ltr'>Παλαιστίνης,</span> 
     </span>
    </p>
   </div>
   <div class='ocr_carea' id='block_1_44' title="bbox 151 2694 1789 2778">
    <p class='ocr_par' dir='ltr' id='par_1_44' title="bbox 151 2694 1789 2778">
     <span class='ocr_line' id='line_1_44' title="bbox 151 2694 1789 2778; baseline -0.001 -25"><span class='ocrx_word' id='word_1_251' title='bbox 151 2697 246 2753; x_wconf 80' lang='grc' dir='ltr'><strong>καὶ</strong></span> <span class='ocrx_word' id='word_1_252' title='bbox 289 2697 337 2752; x_wconf 74' lang='grc' dir='ltr'>οἱ</span> <span class='ocrx_word' id='word_1_253' title='bbox 365 2694 500 2777; x_wconf 76' lang='grc' dir='ltr'><strong>ἀμφ’</strong></span> <span class='ocrx_word' id='word_1_254' title='bbox 557 2699 738 2763; x_wconf 78' lang='grc' dir='ltr'>αὐτὸν,</span> <span class='ocrx_word' id='word_1_255' title='bbox 788 2698 891 2757; x_wconf 77' lang='grc' dir='ltr'>Τὸν</span> <span class='ocrx_word' id='word_1_256' title='bbox 931 2696 1029 2756; x_wconf 72' lang='grc' dir='ltr'><strong>καῖ</strong></span> <span class='ocrx_word' id='word_1_257' title='bbox 1072 2704 1180 2755; x_wconf 83' lang='grc' dir='ltr'><strong>τῶν</strong></span> <span class='ocrx_word' id='word_1_258' title='bbox 1221 2697 1464 2778; x_wconf 79' lang='grc' dir='ltr'>ἀγγέλων</span> <span class='ocrx_word' id='word_1_259' title='bbox 1505 2697 1789 2776; x_wconf 78' lang='grc' dir='ltr'>ὑπέρτερον</span> 
     </span>
    </p>
   </div>
   <div class='ocr_carea' id='block_1_45' title="bbox 154 2785 1788 2867">
    <p class='ocr_par' dir='ltr' id='par_1_45' title="bbox 154 2785 1788 2867">
     <span class='ocr_line' id='line_1_45' title="bbox 154 2785 1788 2867; baseline 0.001 -25"><span class='ocrx_word' id='word_1_260' title='bbox 154 2785 420 2864; x_wconf 81' lang='grc' dir='ltr'>πανάγιον</span> <span class='ocrx_word' id='word_1_261' title='bbox 476 2787 853 2865; x_wconf 72' lang='grc' dir='ltr'>Χρυσόστομον</span> <span class='ocrx_word' id='word_1_262' title='bbox 896 2799 1117 2867; x_wconf 79' lang='grc' dir='ltr'>κρατεῖν</span> <span class='ocrx_word' id='word_1_263' title='bbox 1173 2787 1265 2844; x_wconf 76' lang='grc' dir='ltr'><strong>τὸν</strong></span> <span class='ocrx_word' id='word_1_264' title='bbox 1306 2786 1514 2866; x_wconf 79' lang='grc' dir='ltr'>Θρόνον,</span> <span class='ocrx_word' id='word_1_265' title='bbox 1564 2787 1788 2845; x_wconf 69' lang='grc' dir='ltr'>ὶπίσκοο</span> 
     </span>
    </p>
   </div>
   <div class='ocr_carea' id='block_1_46' title="bbox 153 2875 1788 2957">
    <p class='ocr_par' dir='ltr' id='par_1_46' title="bbox 153 2875 1788 2957">
     <span class='ocr_line' id='line_1_46' title="bbox 153 2875 1788 2957; baseline 0.001 -27"><span class='ocrx_word' id='word_1_266' title='bbox 153 2897 249 2931; x_wconf 87' lang='grc' dir='ltr'><strong>ποι</strong></span> <span class='ocrx_word' id='word_1_267' title='bbox 298 2878 436 2952; x_wconf 79' lang='grc' dir='ltr'><strong>μετᾶ</strong></span> <span class='ocrx_word' id='word_1_268' title='bbox 483 2877 584 2945; x_wconf 76' lang='grc' dir='ltr'>τὴν</span> <span class='ocrx_word' id='word_1_269' title='bbox 645 2877 956 2957; x_wconf 84' lang='grc' dir='ltr'>παράλογον</span> <span class='ocrx_word' id='word_1_270' title='bbox 1010 2876 1340 2954; x_wconf 78' lang='grc' dir='ltr'>καθαίρεσιν.</span> <span class='ocrx_word' id='word_1_271' title='bbox 1385 2876 1486 2944; x_wconf 74' lang='grc' dir='ltr'>τὴν</span> <span class='ocrx_word' id='word_1_272' title='bbox 1515 2875 1620 2932; x_wconf 77' lang='grc' dir='ltr'>ὑπὸ</span> <span class='ocrx_word' id='word_1_273' title='bbox 1650 2882 1788 2932; x_wconf 82' lang='grc' dir='ltr'>Θεο-</span> 
     </span>
    </p>
   </div>
   <div class='ocr_carea' id='block_1_47' title="bbox 153 2963 1790 3046">
    <p class='ocr_par' dir='ltr' id='par_1_47' title="bbox 153 2963 1790 3046">
     <span class='ocr_line' id='line_1_47' title="bbox 153 2963 1790 3046; baseline 0.001 -27"><span class='ocrx_word' id='word_1_274' title='bbox 153 2964 310 3044; x_wconf 72' lang='grc' dir='ltr'>φίλου</span> <span class='ocrx_word' id='word_1_275' title='bbox 367 2967 688 3045; x_wconf 82' lang='grc' dir='ltr'>γενομένην,</span> <span class='ocrx_word' id='word_1_276' title='bbox 745 2965 1093 3046; x_wconf 72' lang='grc' dir='ltr'>ἐδικαίωσαν,</span> <span class='ocrx_word' id='word_1_277' title='bbox 1133 2966 1237 3032; x_wconf 74' lang='grc' dir='ltr'>τὴν</span> <span class='ocrx_word' id='word_1_278' title='bbox 1265 2965 1455 3024; x_wconf 84' lang='grc' dir='ltr'>τούτου</span> <span class='ocrx_word' id='word_1_279' title='bbox 1484 2963 1612 3043; x_wconf 82' lang='grc' dir='ltr'>παρ’</span> <span class='ocrx_word' id='word_1_280' title='bbox 1641 2963 1790 3025; x_wconf 74' lang='grc' dir='ltr'>ούδὲν</span> 
     </span>
    </p>
   </div>
   <div class='ocr_carea' id='block_1_48' title="bbox 156 3052 1792 3134">
    <p class='ocr_par' dir='ltr' id='par_1_48' title="bbox 156 3052 1792 3134">
     <span class='ocr_line' id='line_1_48' title="bbox 156 3052 1792 3134; baseline 0.001 -25"><span class='ocrx_word' id='word_1_281' title='bbox 156 3052 371 3129; x_wconf 78' lang='grc' dir='ltr'>Θέμενοι</span> <span class='ocrx_word' id='word_1_282' title='bbox 416 3056 553 3113; x_wconf 78' lang='grc' dir='ltr'>κατὰ</span> <span class='ocrx_word' id='word_1_283' title='bbox 594 3063 690 3112; x_wconf 77' lang='grc' dir='ltr'>τοῦ</span> <span class='ocrx_word' id='word_1_284' title='bbox 735 3055 827 3114; x_wconf 80' lang='grc' dir='ltr'>καὶ</span> <span class='ocrx_word' id='word_1_285' title='bbox 871 3057 980 3114; x_wconf 81' lang='grc' dir='ltr'><strong>τῶν</strong></span> <span class='ocrx_word' id='word_1_286' title='bbox 1029 3053 1277 3134; x_wconf 78' lang='grc' dir='ltr'>ἀγγέλων</span> <span class='ocrx_word' id='word_1_287' title='bbox 1308 3058 1616 3132; x_wconf 77' lang='grc' dir='ltr'>κρείττονος</span> <span class='ocrx_word' id='word_1_288' title='bbox 1641 3055 1792 3132; x_wconf 80' lang='grc' dir='ltr'><strong>ἁγίου</strong></span> 
     </span>
    </p>
   </div>
   <div class='ocr_carea' id='block_1_49' title="bbox 159 3141 1794 3222">
    <p class='ocr_par' dir='ltr' id='par_1_49' title="bbox 159 3141 1794 3222">
     <span class='ocr_line' id='line_1_49' title="bbox 159 3141 1794 3222; baseline -0.003 -18"><span class='ocrx_word' id='word_1_289' title='bbox 159 3146 370 3222; x_wconf 74' lang='grc' dir='ltr'>ψῆφον.</span> <span class='ocrx_word' id='word_1_290' title='bbox 403 3143 568 3202; x_wconf 74' lang='grc' dir='ltr'>Ἀλλὰ</span> <span class='ocrx_word' id='word_1_291' title='bbox 621 3145 711 3202; x_wconf 79' lang='grc' dir='ltr'><strong>καὶ</strong></span> <span class='ocrx_word' id='word_1_292' title='bbox 767 3144 857 3202; x_wconf 81' lang='grc' dir='ltr'><strong>ὅτε</strong></span> <span class='ocrx_word' id='word_1_293' title='bbox 915 3147 1062 3208; x_wconf 74' lang='grc' dir='ltr'>αὖθις</span> <span class='ocrx_word' id='word_1_294' title='bbox 1093 3141 1349 3215; x_wconf 76' lang='grc' dir='ltr'>έξεϐλήθη</span> <span class='ocrx_word' id='word_1_295' title='bbox 1384 3143 1529 3222; x_wconf 82' lang='grc' dir='ltr'>παρᾶ</span> <span class='ocrx_word' id='word_1_296' title='bbox 1555 3148 1653 3212; x_wconf 76' lang='grc' dir='ltr'>τῆς</span> <span class='ocrx_word' id='word_1_297' title='bbox 1695 3144 1794 3219; x_wconf 66' lang='grc' dir='ltr'>βαι</span> 
     </span>
    </p>
   </div>
   <div class='ocr_carea' id='block_1_50' title="bbox 1866 1981 3508 2066">
    <p class='ocr_par' dir='ltr' id='par_1_50' title="bbox 1866 1981 3508 2066">
     <span class='ocr_line' id='line_1_50' title="bbox 1866 1981 3508 2066; baseline -0.001 -19"><span class='ocrx_word' id='word_1_298' title='bbox 1866 2001 2050 2047; x_wconf 90' lang='lat' dir='ltr'><strong>unum</strong></span> <span class='ocrx_word' id='word_1_299' title='bbox 2074 2000 2145 2045; x_wconf 81' lang='lat' dir='ltr'><strong>ex</strong></span> <span class='ocrx_word' id='word_1_300' title='bbox 2167 1991 2402 2066; x_wconf 88' lang='lat' dir='ltr'><strong>septem</strong></span> <span class='ocrx_word' id='word_1_301' title='bbox 2446 1981 2737 2057; x_wconf 87' lang='lat' dir='ltr'><strong>diacouis,</strong></span> <span class='ocrx_word' id='word_1_302' title='bbox 2771 1992 2830 2045; x_wconf 92' lang='lat' dir='ltr'><strong>et</strong></span> <span class='ocrx_word' id='word_1_303' title='bbox 2866 1981 3041 2062; x_wconf 81' lang='lat' dir='ltr'><strong>juxta</strong></span> <span class='ocrx_word' id='word_1_304' title='bbox 3061 1983 3508 2047; x_wconf 82' lang='lat' dir='ltr'><strong>ecclesiasticas</strong></span> 
     </span>
    </p>
   </div>
   <div class='ocr_carea' id='block_1_51' title="bbox 1867 2071 3506 2152">
    <p class='ocr_par' dir='ltr' id='par_1_51' title="bbox 1867 2071 3506 2152">
     <span class='ocr_line' id='line_1_51' title="bbox 1867 2071 3506 2152; baseline -0.001 -16"><span class='ocrx_word' id='word_1_305' title='bbox 1867 2071 2210 2136; x_wconf 82' lang='lat' dir='ltr'><strong>sanctiones</strong></span> <span class='ocrx_word' id='word_1_306' title='bbox 2231 2073 2435 2134; x_wconf 87' lang='lat' dir='ltr'><strong>sedem</strong></span> <span class='ocrx_word' id='word_1_307' title='bbox 2460 2071 2929 2152; x_wconf 77' lang='lat' dir='ltr'><strong>obtinentem,iu</strong></span> <span class='ocrx_word' id='word_1_308' title='bbox 2955 2072 3230 2152; x_wconf 84' lang='lat' dir='ltr'><strong>ejusdem</strong></span> <span class='ocrx_word' id='word_1_309' title='bbox 3260 2086 3506 2149; x_wconf 86' lang='lat' dir='ltr'><strong>posses-</strong></span> 
     </span>
    </p>
   </div>
   <div class='ocr_carea' id='block_1_52' title="bbox 1869 2160 3509 2237">
    <p class='ocr_par' dir='ltr' id='par_1_52' title="bbox 1869 2160 3509 2237">
     <span class='ocr_line' id='line_1_52' title="bbox 1869 2160 3509 2237; baseline -0.001 -13"><span class='ocrx_word' id='word_1_310' title='bbox 1869 2163 2036 2224; x_wconf 90' lang='lat' dir='ltr'><strong>sione</strong></span> <span class='ocrx_word' id='word_1_311' title='bbox 2048 2161 2436 2224; x_wconf 88' lang='lat' dir='ltr'><strong>retinendum</strong></span> <span class='ocrx_word' id='word_1_312' title='bbox 2461 2178 2594 2222; x_wconf 90' lang='lat' dir='ltr'><strong>esse</strong></span> <span class='ocrx_word' id='word_1_313' title='bbox 2609 2168 2999 2237; x_wconf 89' lang='lat' dir='ltr'><strong>censuerunt;</strong></span> <span class='ocrx_word' id='word_1_314' title='bbox 3019 2160 3400 2222; x_wconf 89' lang='lat' dir='ltr'><strong>Laurentium</strong></span> <span class='ocrx_word' id='word_1_315' title='bbox 3411 2177 3509 2222; x_wconf 82' lang='lat' dir='ltr'><strong>vs-</strong></span> 
     </span>
    </p>
   </div>
   <div class='ocr_carea' id='block_1_53' title="bbox 1871 2248 3513 2332">
    <p class='ocr_par' dir='ltr' id='par_1_53' title="bbox 1871 2248 3513 2332">
     <span class='ocr_line' id='line_1_53' title="bbox 1871 2248 3513 2332; baseline -0.002 -17"><span class='ocrx_word' id='word_1_316' title='bbox 1871 2270 1938 2315; x_wconf 91' lang='lat' dir='ltr'><strong>ro</strong></span> <span class='ocrx_word' id='word_1_317' title='bbox 1961 2251 2061 2332; x_wconf 90' lang='lat' dir='ltr'><strong>qui</strong></span> <span class='ocrx_word' id='word_1_318' title='bbox 2080 2260 2336 2332; x_wconf 87' lang='lat' dir='ltr'><strong>quatuor</strong></span> <span class='ocrx_word' id='word_1_319' title='bbox 2347 2251 2524 2311; x_wconf 87' lang='lat' dir='ltr'><strong>annis</strong></span> <span class='ocrx_word' id='word_1_320' title='bbox 2536 2249 2789 2312; x_wconf 85' lang='lat' dir='ltr'><strong>Romam</strong></span> <span class='ocrx_word' id='word_1_321' title='bbox 2808 2248 3376 2328; x_wconf 72' lang='lat' dir='ltr'><strong>turbaret,Nucerize</strong></span> <span class='ocrx_word' id='word_1_322' title='bbox 3387 2250 3513 2330; x_wconf 87' lang='lat' dir='ltr'><strong>epi-</strong></span> 
     </span>
    </p>
   </div>
   <div class='ocr_carea' id='block_1_54' title="bbox 1869 2338 3509 2421">
    <p class='ocr_par' dir='ltr' id='par_1_54' title="bbox 1869 2338 3509 2421">
     <span class='ocr_line' id='line_1_54' title="bbox 1869 2338 3509 2421; baseline -0.002 -17"><span class='ocrx_word' id='word_1_323' title='bbox 1869 2358 2120 2420; x_wconf 89' lang='lat' dir='ltr'><strong>scopum</strong></span> <span class='ocrx_word' id='word_1_324' title='bbox 2149 2357 2282 2402; x_wconf 88' lang='lat' dir='ltr'><strong>esse</strong></span> <span class='ocrx_word' id='word_1_325' title='bbox 2302 2338 2721 2421; x_wconf 85' lang='lat' dir='ltr'><strong>decreverunt;</strong></span> <span class='ocrx_word' id='word_1_326' title='bbox 2748 2356 3008 2421; x_wconf 92' lang='lat' dir='ltr'><strong>cumque</strong></span> <span class='ocrx_word' id='word_1_327' title='bbox 3035 2338 3328 2419; x_wconf 88' lang='lat' dir='ltr'><strong>deinceps</strong></span> <span class='ocrx_word' id='word_1_328' title='bbox 3347 2339 3509 2402; x_wconf 87' lang='lat' dir='ltr'><strong>sedi-</strong></span> 
     </span>
    </p>
   </div>
   <div class='ocr_carea' id='block_1_55' title="bbox 1870 2428 3514 2510">
    <p class='ocr_par' dir='ltr' id='par_1_55' title="bbox 1870 2428 3514 2510">
     <span class='ocr_line' id='line_1_55' title="bbox 1870 2428 3514 2510; baseline -0.001 -19"><span class='ocrx_word' id='word_1_329' title='bbox 1870 2430 2067 2491; x_wconf 88' lang='lat' dir='ltr'><strong>tiones</strong></span> <span class='ocrx_word' id='word_1_330' title='bbox 2079 2446 2286 2491; x_wconf 89' lang='lat' dir='ltr'><strong>rursus</strong></span> <span class='ocrx_word' id='word_1_331' title='bbox 2301 2446 2370 2490; x_wconf 90' lang='lat' dir='ltr'><strong>ac</strong></span> <span class='ocrx_word' id='word_1_332' title='bbox 2385 2428 2590 2491; x_wconf 89' lang='lat' dir='ltr'><strong>turbas</strong></span> <span class='ocrx_word' id='word_1_333' title='bbox 2605 2435 2896 2504; x_wconf 78' lang='lat' dir='ltr'><strong>moveret,</strong></span> <span class='ocrx_word' id='word_1_334' title='bbox 2925 2447 2958 2491; x_wconf 86' lang='lat' dir='ltr'><strong>a</strong></span> <span class='ocrx_word' id='word_1_335' title='bbox 2980 2429 3338 2510; x_wconf 82' lang='lat' dir='ltr'><strong>Symmacho</strong></span> <span class='ocrx_word' id='word_1_336' title='bbox 3350 2429 3514 2509; x_wconf 81' lang='lat' dir='ltr'><strong>justo</strong></span> 
     </span>
    </p>
   </div>
   <div class='ocr_carea' id='block_1_56' title="bbox 1873 2516 3512 2600">
    <p class='ocr_par' dir='ltr' id='par_1_56' title="bbox 1873 2516 3512 2600">
     <span class='ocr_line' id='line_1_56' title="bbox 1873 2516 3512 2600; baseline 0 -19"><span class='ocrx_word' id='word_1_337' title='bbox 1873 2517 2182 2600; x_wconf 90' lang='lat' dir='ltr'><strong>depositus</strong></span> <span class='ocrx_word' id='word_1_338' title='bbox 2202 2516 2761 2581; x_wconf 79' lang='lat' dir='ltr'><strong>fuit.Macedonium</strong></span> <span class='ocrx_word' id='word_1_339' title='bbox 2780 2517 3039 2600; x_wconf 88' lang='lat' dir='ltr'><strong>Spiritus</strong></span> <span class='ocrx_word' id='word_1_340' title='bbox 3062 2518 3256 2580; x_wconf 82' lang='lat' dir='ltr'><strong>sancti</strong></span> <span class='ocrx_word' id='word_1_341' title='bbox 3275 2519 3512 2581; x_wconf 89' lang='lat' dir='ltr'><strong>hostem</strong></span> 
     </span>
    </p>
   </div>
   <div class='ocr_carea' id='block_1_57' title="bbox 1872 2605 3514 2688">
    <p class='ocr_par' dir='ltr' id='par_1_57' title="bbox 1872 2605 3514 2688">
     <span class='ocr_line' id='line_1_57' title="bbox 1872 2605 3514 2688; baseline -0.002 -17"><span class='ocrx_word' id='word_1_342' title='bbox 1872 2607 2138 2688; x_wconf 88' lang='lat' dir='ltr'><strong>episcopi</strong></span> <span class='ocrx_word' id='word_1_343' title='bbox 2161 2605 2674 2686; x_wconf 87' lang='lat' dir='ltr'><strong>Constantinopoli</strong></span> <span class='ocrx_word' id='word_1_344' title='bbox 2692 2607 3034 2686; x_wconf 80' lang='lat' dir='ltr'><strong>congregati</strong></span> <span class='ocrx_word' id='word_1_345' title='bbox 3049 2607 3332 2686; x_wconf 79' lang='lat' dir='ltr'><strong>dignitate</strong></span> <span class='ocrx_word' id='word_1_346' title='bbox 3349 2606 3514 2669; x_wconf 85' lang='lat' dir='ltr'><strong>abdi-</strong></span> 
     </span>
    </p>
   </div>
   <div class='ocr_carea' id='block_1_58' title="bbox 1872 2695 3516 2776">
    <p class='ocr_par' dir='ltr' id='par_1_58' title="bbox 1872 2695 3516 2776">
     <span class='ocr_line' id='line_1_58' title="bbox 1872 2695 3516 2776; baseline -0.001 -17"><span class='ocrx_word' id='word_1_347' title='bbox 1872 2696 2279 2770; x_wconf 85' lang='lat' dir='ltr'><strong>carunt,inter</strong></span> <span class='ocrx_word' id='word_1_348' title='bbox 2297 2714 2448 2776; x_wconf 89' lang='lat' dir='ltr'><strong>quos</strong></span> <span class='ocrx_word' id='word_1_349' title='bbox 2467 2695 2729 2758; x_wconf 80' lang='lat' dir='ltr'><strong>Aeacius</strong></span> <span class='ocrx_word' id='word_1_350' title='bbox 2741 2695 3030 2758; x_wconf 62' lang='lat' dir='ltr'><strong>Caesareae</strong></span> <span class='ocrx_word' id='word_1_351' title='bbox 3045 2696 3376 2760; x_wconf 82' lang='lat' dir='ltr'><strong>Palaestinae</strong></span> <span class='ocrx_word' id='word_1_352' title='bbox 3388 2695 3516 2776; x_wconf 87' lang='lat' dir='ltr'><strong>epi-</strong></span> 
     </span>
    </p>
   </div>
   <div class='ocr_carea' id='block_1_59' title="bbox 1871 2783 3517 2866">
    <p class='ocr_par' dir='ltr' id='par_1_59' title="bbox 1871 2783 3517 2866">
     <span class='ocr_line' id='line_1_59' title="bbox 1871 2783 3517 2866; baseline -0.002 -17"><span class='ocrx_word' id='word_1_353' title='bbox 1871 2804 2111 2866; x_wconf 88' lang='lat' dir='ltr'><strong>scopus,</strong></span> <span class='ocrx_word' id='word_1_354' title='bbox 2145 2786 2397 2866; x_wconf 90' lang='lat' dir='ltr'><strong>ejusque</strong></span> <span class='ocrx_word' id='word_1_355' title='bbox 2430 2783 2696 2848; x_wconf 81' lang='lat' dir='ltr'><strong>fautores</strong></span> <span class='ocrx_word' id='word_1_356' title='bbox 2722 2786 3052 2848; x_wconf 84' lang='lat' dir='ltr'><strong>emicuere.</strong></span> <span class='ocrx_word' id='word_1_357' title='bbox 3087 2785 3336 2866; x_wconf 77' lang='lat' dir='ltr'><strong>Angelis</strong></span> <span class='ocrx_word' id='word_1_358' title='bbox 3364 2785 3517 2866; x_wconf 88' lang='lat' dir='ltr'><strong>ipsis</strong></span> 
     </span>
    </p>
   </div>
   <div class='ocr_carea' id='block_1_60' title="bbox 1872 2874 3518 2958">
    <p class='ocr_par' dir='ltr' id='par_1_60' title="bbox 1872 2874 3518 2958">
     <span class='ocr_line' id='line_1_60' title="bbox 1872 2874 3518 2958; baseline -0.001 -20"><span class='ocrx_word' id='word_1_359' title='bbox 1872 2875 2350 2958; x_wconf 77' lang='lat' dir='ltr'><strong>praestantiorem</strong></span> <span class='ocrx_word' id='word_1_360' title='bbox 2367 2875 3439 2957; x_wconf 83' lang='lat' dir='ltr'><strong>sanctissimumqueChrysostomum</strong></span> <span class='ocrx_word' id='word_1_361' title='bbox 3453 2874 3518 2938; x_wconf 88' lang='lat' dir='ltr'><strong>in</strong></span> 
     </span>
    </p>
   </div>
   <div class='ocr_carea' id='block_1_61' title="bbox 1874 2963 3517 3049">
    <p class='ocr_par' dir='ltr' id='par_1_61' title="bbox 1874 2963 3517 3049">
     <span class='ocr_line' id='line_1_61' title="bbox 1874 2963 3517 3049; baseline -0.001 -20"><span class='ocrx_word' id='word_1_362' title='bbox 1874 2966 2130 3049; x_wconf 89' lang='lat' dir='ltr'><strong>pristina</strong></span> <span class='ocrx_word' id='word_1_363' title='bbox 2168 2964 2376 3027; x_wconf 90' lang='lat' dir='ltr'><strong>sedem</strong></span> <span class='ocrx_word' id='word_1_364' title='bbox 2419 2965 2656 3026; x_wconf 90' lang='lat' dir='ltr'><strong>restitui</strong></span> <span class='ocrx_word' id='word_1_365' title='bbox 2680 2963 2909 3028; x_wconf 86' lang='lat' dir='ltr'><strong>debere</strong></span> <span class='ocrx_word' id='word_1_366' title='bbox 2934 2974 3070 3047; x_wconf 92' lang='lat' dir='ltr'><strong>post</strong></span> <span class='ocrx_word' id='word_1_367' title='bbox 3091 2966 3224 3046; x_wconf 92' lang='lat' dir='ltr'><strong>ejus</strong></span> <span class='ocrx_word' id='word_1_368' title='bbox 3245 2965 3517 3046; x_wconf 86' lang='lat' dir='ltr'><strong>iniquam</strong></span> 
     </span>
    </p>
   </div>
   <div class='ocr_carea' id='block_1_62' title="bbox 1875 3053 3515 3137">
    <p class='ocr_par' dir='ltr' id='par_1_62' title="bbox 1875 3053 3515 3137">
     <span class='ocr_line' id='line_1_62' title="bbox 1875 3053 3515 3137; baseline -0.001 -17"><span class='ocrx_word' id='word_1_369' title='bbox 1875 3055 2311 3137; x_wconf 86' lang='lat' dir='ltr'><strong>depositiouem</strong></span> <span class='ocrx_word' id='word_1_370' title='bbox 2337 3073 2370 3115; x_wconf 92' lang='lat' dir='ltr'><strong>a</strong></span> <span class='ocrx_word' id='word_1_371' title='bbox 2387 3053 2721 3134; x_wconf 81' lang='lat' dir='ltr'><strong>Theophila</strong></span> <span class='ocrx_word' id='word_1_372' title='bbox 2747 3055 2962 3117; x_wconf 83' lang='lat' dir='ltr'><strong>factam</strong></span> <span class='ocrx_word' id='word_1_373' title='bbox 2987 3055 3258 3137; x_wconf 88' lang='lat' dir='ltr'><strong>episcopi</strong></span> <span class='ocrx_word' id='word_1_374' title='bbox 3276 3055 3515 3136; x_wconf 82' lang='lat' dir='ltr'><strong>judica-</strong></span> 
     </span>
    </p>
   </div>
   <div class='ocr_carea' id='block_1_63' title="bbox 1876 3144 3518 3224">
    <p class='ocr_par' dir='ltr' id='par_1_63' title="bbox 1876 3144 3518 3224">
     <span class='ocr_line' id='line_1_63' title="bbox 1876 3144 3518 3224; baseline -0.001 -15"><span class='ocrx_word' id='word_1_375' title='bbox 1876 3145 2410 3224; x_wconf 84' lang='lat' dir='ltr'><strong>runt,senteutiam</strong></span> <span class='ocrx_word' id='word_1_376' title='bbox 2435 3145 2510 3206; x_wconf 91' lang='lat' dir='ltr'><strong>ab</strong></span> <span class='ocrx_word' id='word_1_377' title='bbox 2536 3144 2641 3206; x_wconf 90' lang='lat' dir='ltr'><strong>illo</strong></span> <span class='ocrx_word' id='word_1_378' title='bbox 2663 3144 2951 3207; x_wconf 83' lang='lat' dir='ltr'><strong>adversus</strong></span> <span class='ocrx_word' id='word_1_379' title='bbox 2971 3145 3200 3223; x_wconf 81' lang='lat' dir='ltr'><strong>angelis</strong></span> <span class='ocrx_word' id='word_1_380' title='bbox 3221 3144 3369 3224; x_wconf 83' lang='lat' dir='ltr'><strong>ipsis</strong></span> <span class='ocrx_word' id='word_1_381' title='bbox 3391 3161 3518 3207; x_wconf 86' lang='lat' dir='ltr'><strong>me-</strong></span> 
     </span>
    </p>
   </div>
   <div class='ocr_carea' id='block_1_64' title="bbox 156 3230 1791 3314">
    <p class='ocr_par' dir='ltr' id='par_1_64' title="bbox 156 3230 1791 3312">
     <span class='ocr_line' id='line_1_64' title="bbox 156 3230 1791 3312; baseline -0.001 -24"><span class='ocrx_word' id='word_1_382' title='bbox 156 3230 434 3310; x_wconf 86' lang='grc' dir='ltr'>σιλίσσης,</span> <span class='ocrx_word' id='word_1_383' title='bbox 512 3235 762 3293; x_wconf 83' lang='grc' dir='ltr'>Δεοντίου</span> <span class='ocrx_word' id='word_1_384' title='bbox 831 3233 927 3292; x_wconf 74' lang='grc' dir='ltr'><strong>τοῦ</strong></span> <span class='ocrx_word' id='word_1_385' title='bbox 997 3231 1260 3312; x_wconf 79' lang='grc' dir='ltr'>’Δγκύρας</span> <span class='ocrx_word' id='word_1_386' title='bbox 1329 3231 1622 3290; x_wconf 74' lang='grc' dir='ltr'>ἑπισκοπου</span> <span class='ocrx_word' id='word_1_387' title='bbox 1687 3239 1791 3288; x_wconf 83' lang='grc' dir='ltr'><strong>τῶν</strong></span> 
     </span>
    </p>
   </div>
   <div class='ocr_carea' id='block_1_65' title="bbox 1878 3230 3523 3314">
    <p class='ocr_par' dir='ltr' id='par_1_65' title="bbox 1878 3233 3523 3314">
     <span class='ocr_line' id='line_1_65' title="bbox 1878 3233 3523 3314; baseline 0 -18"><span class='ocrx_word' id='word_1_388' title='bbox 1878 3235 2091 3298; x_wconf 88' lang='lat' dir='ltr'><strong>liorem</strong></span> <span class='ocrx_word' id='word_1_389' title='bbox 2113 3243 2383 3296; x_wconf 88' lang='lat' dir='ltr'><strong>sanctum</strong></span> <span class='ocrx_word' id='word_1_390' title='bbox 2408 3233 2592 3296; x_wconf 87' lang='lat' dir='ltr'><strong>latam</strong></span> <span class='ocrx_word' id='word_1_391' title='bbox 2633 3252 2744 3314; x_wconf 92' lang='lat' dir='ltr'><strong>pro</strong></span> <span class='ocrx_word' id='word_1_392' title='bbox 2764 3234 2953 3297; x_wconf 87' lang='lat' dir='ltr'><strong>nihilo</strong></span> <span class='ocrx_word' id='word_1_393' title='bbox 2979 3243 3275 3310; x_wconf 86' lang='lat' dir='ltr'><strong>putantes.</strong></span> <span class='ocrx_word' id='word_1_394' title='bbox 3311 3233 3435 3298; x_wconf 90' lang='lat' dir='ltr'><strong>Sed</strong></span> <span class='ocrx_word' id='word_1_395' title='bbox 3462 3241 3523 3296; x_wconf 88' lang='lat' dir='ltr'><strong>et</strong></span> 
     </span>
    </p>
   </div>
   <div class='ocr_carea' id='block_1_66' title="bbox 156 3320 1794 3403">
    <p class='ocr_par' dir='ltr' id='par_1_66' title="bbox 156 3320 1794 3403">
     <span class='ocr_line' id='line_1_66' title="bbox 156 3320 1794 3403; baseline 0.001 -25"><span class='ocrx_word' id='word_1_396' title='bbox 156 3343 281 3379; x_wconf 79' lang='grc' dir='ltr'>τοτε</span> <span class='ocrx_word' id='word_1_397' title='bbox 329 3321 731 3392; x_wconf 77' lang='grc' dir='ltr'>ἂνεληλυθοτιην</span> <span class='ocrx_word' id='word_1_398' title='bbox 790 3321 1136 3403; x_wconf 68' lang='grc' dir='ltr'>ἱξάρχοντος,</span> <span class='ocrx_word' id='word_1_399' title='bbox 1190 3320 1436 3397; x_wconf 82' lang='grc' dir='ltr'>οἰμώζων</span> <span class='ocrx_word' id='word_1_400' title='bbox 1480 3322 1569 3379; x_wconf 85' lang='grc' dir='ltr'>καὶ</span> <span class='ocrx_word' id='word_1_401' title='bbox 1597 3321 1794 3380; x_wconf 79' lang='grc' dir='ltr'>στενά·-</span> 
     </span>
    </p>
   </div>
   <div class='ocr_carea' id='block_1_67' title="bbox 157 3410 1795 3494">
    <p class='ocr_par' dir='ltr' id='par_1_67' title="bbox 157 3410 1795 3494">
     <span class='ocr_line' id='line_1_67' title="bbox 157 3410 1795 3494; baseline -0.001 -25"><span class='ocrx_word' id='word_1_402' title='bbox 157 3419 267 3483; x_wconf 82' lang='grc' dir='ltr'><strong>ζων</strong></span> <span class='ocrx_word' id='word_1_403' title='bbox 308 3412 390 3471; x_wconf 80' lang='grc' dir='ltr'><strong>ὅτι</strong></span> <span class='ocrx_word' id='word_1_404' title='bbox 434 3435 495 3492; x_wconf 89' lang='grc' dir='ltr'><strong>γε</strong></span> <span class='ocrx_word' id='word_1_405' title='bbox 542 3412 695 3482; x_wconf 79' lang='grc' dir='ltr'>δίκης</span> <span class='ocrx_word' id='word_1_406' title='bbox 751 3425 946 3494; x_wconf 73' lang='grc' dir='ltr'>τυχεῖν</span> <span class='ocrx_word' id='word_1_407' title='bbox 994 3415 1090 3472; x_wconf 77' lang='grc' dir='ltr'><strong>οὒκ</strong></span> <span class='ocrx_word' id='word_1_408' title='bbox 1132 3410 1376 3486; x_wconf 75' lang='grc' dir='ltr'>ἠξίωται,</span> <span class='ocrx_word' id='word_1_409' title='bbox 1428 3410 1495 3479; x_wconf 72' lang='grc' dir='ltr'>ἧς</span> <span class='ocrx_word' id='word_1_410' title='bbox 1524 3411 1615 3469; x_wconf 77' lang='grc' dir='ltr'>καὶ</span> <span class='ocrx_word' id='word_1_411' title='bbox 1655 3433 1795 3485; x_wconf 88' lang='grc' dir='ltr'>τυμ-</span> 
     </span>
    </p>
   </div>
   <div class='ocr_carea' id='block_1_68' title="bbox 155 3499 1796 3583">
    <p class='ocr_par' dir='ltr' id='par_1_68' title="bbox 155 3499 1796 3583">
     <span class='ocr_line' id='line_1_68' title="bbox 155 3499 1796 3583; baseline -0.002 -24"><span class='ocrx_word' id='word_1_412' title='bbox 155 3501 440 3583; x_wconf 78' lang='grc' dir='ltr'>ϐωρύχους</span> <span class='ocrx_word' id='word_1_413' title='bbox 470 3504 561 3560; x_wconf 83' lang='grc' dir='ltr'>καὶ</span> <span class='ocrx_word' id='word_1_414' title='bbox 591 3503 794 3580; x_wconf 75' lang='grc' dir='ltr'>λῃστὰς</span> <span class='ocrx_word' id='word_1_415' title='bbox 851 3502 1127 3569; x_wconf 79' lang='grc' dir='ltr'>ἀξιοῦσθαι</span> <span class='ocrx_word' id='word_1_416' title='bbox 1179 3505 1478 3579; x_wconf 74' lang='grc' dir='ltr'>προσῆκεν,</span> <span class='ocrx_word' id='word_1_417' title='bbox 1513 3499 1659 3564; x_wconf 77' lang='grc' dir='ltr'>ὅπως</span> <span class='ocrx_word' id='word_1_418' title='bbox 1690 3507 1796 3559; x_wconf 83' lang='grc' dir='ltr'><strong>τῶν</strong></span> 
     </span>
    </p>
   </div>
   <div class='ocr_carea' id='block_1_69' title="bbox 157 3587 1794 3671">
    <p class='ocr_par' dir='ltr' id='par_1_69' title="bbox 157 3587 1794 3671">
     <span class='ocr_line' id='line_1_69' title="bbox 157 3587 1794 3671; baseline -0.001 -24"><span class='ocrx_word' id='word_1_419' title='bbox 157 3587 284 3648; x_wconf 87' lang='grc' dir='ltr'>κατ’</span> <span class='ocrx_word' id='word_1_420' title='bbox 343 3591 519 3651; x_wconf 70' lang='grc' dir='ltr'>αὐτῶν</span> <span class='ocrx_word' id='word_1_421' title='bbox 587 3591 898 3671; x_wconf 78' lang='grc' dir='ltr'>λεγομένων</span> <span class='ocrx_word' id='word_1_422' title='bbox 953 3589 1141 3648; x_wconf 85' lang='grc' dir='ltr'>διδῶσι</span> <span class='ocrx_word' id='word_1_423' title='bbox 1199 3589 1391 3670; x_wconf 88' lang='grc' dir='ltr'>λογον,</span> <span class='ocrx_word' id='word_1_424' title='bbox 1447 3587 1794 3656; x_wconf 76' lang='grc' dir='ltr'>έκϐἑϐληται,</span> 
     </span>
    </p>
   </div>
   <div class='ocr_carea' id='block_1_70' title="bbox 159 3680 1797 3760">
    <p class='ocr_par' dir='ltr' id='par_1_70' title="bbox 159 3680 1797 3760">
     <span class='ocr_line' id='line_1_70' title="bbox 159 3680 1797 3760; baseline -0.002 -18"><span class='ocrx_word' id='word_1_425' title='bbox 159 3685 274 3742; x_wconf 73' lang='grc' dir='ltr'>Οὔκ</span> <span class='ocrx_word' id='word_1_426' title='bbox 301 3681 364 3738; x_wconf 73' lang='grc' dir='ltr'>ἄν</span> <span class='ocrx_word' id='word_1_427' title='bbox 393 3680 447 3740; x_wconf 78' lang='grc' dir='ltr'>δὲ</span> <span class='ocrx_word' id='word_1_428' title='bbox 478 3684 630 3749; x_wconf 72' lang='grc' dir='ltr'>οὗτος</span> <span class='ocrx_word' id='word_1_429' title='bbox 671 3682 885 3759; x_wconf 71' lang='grc' dir='ltr'>ᾐτεῖτο,</span> <span class='ocrx_word' id='word_1_430' title='bbox 932 3682 1108 3739; x_wconf 88' lang='grc' dir='ltr'>καίτοι</span> <span class='ocrx_word' id='word_1_431' title='bbox 1151 3702 1212 3760; x_wconf 78' lang='grc' dir='ltr'>γε</span> <span class='ocrx_word' id='word_1_432' title='bbox 1251 3681 1332 3746; x_wconf 87' lang='grc' dir='ltr'><strong>τίς</strong></span> <span class='ocrx_word' id='word_1_433' title='bbox 1375 3680 1431 3736; x_wconf 84' lang='grc' dir='ltr'>ἐν</span> <span class='ocrx_word' id='word_1_434' title='bbox 1459 3680 1584 3745; x_wconf 73' lang='grc' dir='ltr'>τοῖς</span> <span class='ocrx_word' id='word_1_435' title='bbox 1613 3682 1797 3738; x_wconf 76' lang='grc' dir='ltr'>τοιού-</span> 
     </span>
    </p>
   </div>
   <div class='ocr_carea' id='block_1_71' title="bbox 155 3770 1799 3850">
    <p class='ocr_par' dir='ltr' id='par_1_71' title="bbox 155 3770 1799 3850">
     <span class='ocr_line' id='line_1_71' title="bbox 155 3770 1799 3850; baseline 0.002 -22"><span class='ocrx_word' id='word_1_436' title='bbox 155 3794 276 3838; x_wconf 90' lang='grc' dir='ltr'>τοις</span> <span class='ocrx_word' id='word_1_437' title='bbox 332 3773 493 3829; x_wconf 72' lang='grc' dir='ltr'>αύτοῢ</span> <span class='ocrx_word' id='word_1_438' title='bbox 547 3771 1160 3850; x_wconf 71' lang='grc' dir='ltr'>έπιστημονικώτεροςς</span> <span class='ocrx_word' id='word_1_439' title='bbox 1223 3773 1283 3828; x_wconf 75' lang='grc' dir='ltr'><strong>Εἰ</strong></span> <span class='ocrx_word' id='word_1_440' title='bbox 1335 3771 1402 3840; x_wconf 75' lang='grc' dir='ltr'>ἦν</span> <span class='ocrx_word' id='word_1_441' title='bbox 1429 3776 1586 3826; x_wconf 85' lang='grc' dir='ltr'>τοῦτο</span> <span class='ocrx_word' id='word_1_442' title='bbox 1617 3770 1799 3846; x_wconf 80' lang='grc' dir='ltr'>παρά-</span> 
     </span>
    </p>
   </div>
   <div class='ocr_carea' id='block_1_72' title="bbox 163 3857 1802 3942">
    <p class='ocr_par' dir='ltr' id='par_1_72' title="bbox 163 3857 1802 3942">
     <span class='ocr_line' id='line_1_72' title="bbox 163 3857 1802 3942; baseline -0.002 -22"><span class='ocrx_word' id='word_1_443' title='bbox 163 3862 354 3942; x_wconf 87' lang='grc' dir='ltr'>λογον,</span> <span class='ocrx_word' id='word_1_444' title='bbox 388 3863 450 3919; x_wconf 78' lang='grc' dir='ltr'>τὸ</span> <span class='ocrx_word' id='word_1_445' title='bbox 479 3862 583 3920; x_wconf 81' lang='grc' dir='ltr'>ὑπὸ</span> <span class='ocrx_word' id='word_1_446' title='bbox 628 3861 939 3921; x_wconf 67' lang='grc' dir='ltr'>ἐπισκόπων</span> <span class='ocrx_word' id='word_1_447' title='bbox 971 3863 1260 3942; x_wconf 81' lang='grc' dir='ltr'>κρίνεσθαι.</span> <span class='ocrx_word' id='word_1_448' title='bbox 1314 3858 1484 3919; x_wconf 81' lang='grc' dir='ltr'><strong>Ἀλλᾶ</strong></span> <span class='ocrx_word' id='word_1_449' title='bbox 1511 3858 1607 3918; x_wconf 79' lang='grc' dir='ltr'><strong>καΐ</strong></span> <span class='ocrx_word' id='word_1_450' title='bbox 1637 3857 1802 3918; x_wconf 77' lang='grc' dir='ltr'><strong>Ἀθα-</strong></span> 
     </span>
    </p>
   </div>
   <div class='ocr_carea' id='block_1_73' title="bbox 161 3949 1804 4032">
    <p class='ocr_par' dir='ltr' id='par_1_73' title="bbox 161 3949 1804 4032">
     <span class='ocr_line' id='line_1_73' title="bbox 161 3949 1804 4032; baseline -0.001 -22"><span class='ocrx_word' id='word_1_451' title='bbox 161 3951 350 4016; x_wconf 83' lang='grc' dir='ltr'>νάσιος</span> <span class='ocrx_word' id='word_1_452' title='bbox 408 3953 436 4010; x_wconf 79' lang='grc' dir='ltr'><strong>ὁ</strong></span> <span class='ocrx_word' id='word_1_453' title='bbox 478 3951 649 4032; x_wconf 88' lang='grc' dir='ltr'>μέγας</span> <span class='ocrx_word' id='word_1_454' title='bbox 706 3953 844 4030; x_wconf 78' lang='grc' dir='ltr'>μετὰ</span> <span class='ocrx_word' id='word_1_455' title='bbox 899 3953 1002 4022; x_wconf 68' lang='grc' dir='ltr'>τὴν</span> <span class='ocrx_word' id='word_1_456' title='bbox 1037 3952 1095 4008; x_wconf 80' lang='grc' dir='ltr'><strong>έν</strong></span> <span class='ocrx_word' id='word_1_457' title='bbox 1122 3949 1359 4030; x_wconf 80' lang='grc' dir='ltr'>Σαρδικῇ</span> <span class='ocrx_word' id='word_1_458' title='bbox 1385 3949 1657 4030; x_wconf 79' lang='grc' dir='ltr'>ἆθώωσιν,</span> <span class='ocrx_word' id='word_1_459' title='bbox 1713 3950 1804 4008; x_wconf 76' lang='grc' dir='ltr'><strong>καὶ</strong></span> 
     </span>
    </p>
   </div>
   <div class='ocr_carea' id='block_1_74' title="bbox 160 4032 1806 4120">
    <p class='ocr_par' dir='ltr' id='par_1_74' title="bbox 160 4032 1806 4120">
     <span class='ocr_line' id='line_1_74' title="bbox 160 4032 1806 4120; baseline -0.001 -20"><span class='ocrx_word' id='word_1_460' title='bbox 160 4043 270 4110; x_wconf 77' lang='grc' dir='ltr'>τὴν</span> <span class='ocrx_word' id='word_1_461' title='bbox 325 4044 380 4099; x_wconf 64' lang='grc' dir='ltr'>ιν</span> <span class='ocrx_word' id='word_1_462' title='bbox 439 4032 835 4120; x_wconf 78' lang='grc' dir='ltr'>Ἰεροσολύμοις</span> <span class='ocrx_word' id='word_1_463' title='bbox 911 4042 1015 4100; x_wconf 73' lang='grc' dir='ltr'><strong>ὑπὸ</strong></span> <span class='ocrx_word' id='word_1_464' title='bbox 1071 4041 1312 4116; x_wconf 77' lang='grc' dir='ltr'>Μαξίμου</span> <span class='ocrx_word' id='word_1_465' title='bbox 1363 4039 1660 4118; x_wconf 75' lang='grc' dir='ltr'>γενομένην</span> <span class='ocrx_word' id='word_1_466' title='bbox 1710 4044 1806 4098; x_wconf 78' lang='grc' dir='ltr'><strong>τοῦ</strong></span> 
     </span>
    </p>
   </div>
   <div class='ocr_carea' id='block_1_75' title="bbox 162 4129 1803 4212">
    <p class='ocr_par' dir='ltr' id='par_1_75' title="bbox 162 4129 1803 4212">
     <span class='ocr_line' id='line_1_75' title="bbox 162 4129 1803 4212; baseline -0.001 -22"><span class='ocrx_word' id='word_1_467' title='bbox 162 4129 542 4212; x_wconf 81' lang='grc' dir='ltr'>δμολογητοῦ,</span> <span class='ocrx_word' id='word_1_468' title='bbox 599 4133 759 4202; x_wconf 78' lang='grc' dir='ltr'>ἡνίκα</span> <span class='ocrx_word' id='word_1_469' title='bbox 814 4131 1031 4192; x_wconf 85' lang='grc' dir='ltr'>σύνοδον</span> <span class='ocrx_word' id='word_1_470' title='bbox 1088 4129 1454 4210; x_wconf 69' lang='grc' dir='ltr'>συγκροτήσας</span> <span class='ocrx_word' id='word_1_471' title='bbox 1512 4130 1803 4211; x_wconf 76' lang='grc' dir='ltr'>σύμψηφος</span> 
     </span>
    </p>
   </div>
   <div class='ocr_carea' id='block_1_76' title="bbox 161 4217 1804 4301">
    <p class='ocr_par' dir='ltr' id='par_1_76' title="bbox 161 4217 1804 4301">
     <span class='ocr_line' id='line_1_76' title="bbox 161 4217 1804 4301; baseline -0.001 -21"><span class='ocrx_word' id='word_1_472' title='bbox 161 4221 259 4280; x_wconf 78' lang='grc' dir='ltr'>καὶ</span> <span class='ocrx_word' id='word_1_473' title='bbox 297 4223 456 4286; x_wconf 77' lang='grc' dir='ltr'>αὐτὸς</span> <span class='ocrx_word' id='word_1_474' title='bbox 494 4233 614 4288; x_wconf 79' lang='grc' dir='ltr'>τοῖς</span> <span class='ocrx_word' id='word_1_475' title='bbox 658 4222 790 4301; x_wconf 74' lang='grc' dir='ltr'>ὓπὶρ</span> <span class='ocrx_word' id='word_1_476' title='bbox 839 4221 1002 4281; x_wconf 71' lang='grc' dir='ltr'><strong>αὖτοῦ</strong></span> <span class='ocrx_word' id='word_1_477' title='bbox 1051 4219 1389 4300; x_wconf 72' lang='grc' dir='ltr'>δεδογμένοις</span> <span class='ocrx_word' id='word_1_478' title='bbox 1431 4217 1671 4299; x_wconf 61' lang='grc' dir='ltr'>Ἐγένετο,</span> <span class='ocrx_word' id='word_1_479' title='bbox 1721 4221 1804 4278; x_wconf 78' lang='grc' dir='ltr'>εἷ-</span> 
     </span>
    </p>
   </div>
   <div class='ocr_carea' id='block_1_77' title="bbox 163 4307 1807 4391">
    <p class='ocr_par' dir='ltr' id='par_1_77' title="bbox 163 4307 1807 4391">
     <span class='ocr_line' id='line_1_77' title="bbox 163 4307 1807 4391; baseline -0.002 -22"><span class='ocrx_word' id='word_1_480' title='bbox 163 4310 276 4376; x_wconf 83' lang='grc' dir='ltr'>δῶς</span> <span class='ocrx_word' id='word_1_481' title='bbox 316 4311 392 4376; x_wconf 78' lang='grc' dir='ltr'>ὡς</span> <span class='ocrx_word' id='word_1_482' title='bbox 423 4310 565 4390; x_wconf 86' lang='grc' dir='ltr'>μέγα</span> <span class='ocrx_word' id='word_1_483' title='bbox 617 4310 823 4380; x_wconf 70' lang='grc' dir='ltr'>ἑκάστη</span> <span class='ocrx_word' id='word_1_484' title='bbox 873 4310 1048 4390; x_wconf 71' lang='grc' dir='ltr'>ἰνορία</span> <span class='ocrx_word' id='word_1_485' title='bbox 1074 4310 1260 4391; x_wconf 80' lang='grc' dir='ltr'>ίσχύεί</span> <span class='ocrx_word' id='word_1_486' title='bbox 1291 4309 1368 4376; x_wconf 78' lang='grc' dir='ltr'><strong>εἶς</strong></span> <span class='ocrx_word' id='word_1_487' title='bbox 1398 4309 1464 4366; x_wconf 76' lang='grc' dir='ltr'><strong>τὰ</strong></span> <span class='ocrx_word' id='word_1_488' title='bbox 1491 4307 1614 4368; x_wconf 86' lang='grc' dir='ltr'>κατ’</span> <span class='ocrx_word' id='word_1_489' title='bbox 1639 4309 1807 4379; x_wconf 78' lang='grc' dir='ltr'>αὒτὴν</span> 
     </span>
    </p>
   </div>
   <div class='ocr_carea' id='block_1_78' title="bbox 163 4397 1809 4478">
    <p class='ocr_par' dir='ltr' id='par_1_78' title="bbox 163 4397 1809 4478">
     <span class='ocr_line' id='line_1_78' title="bbox 163 4397 1809 4478; baseline 0 -21"><span class='ocrx_word' id='word_1_490' title='bbox 163 4403 246 4468; x_wconf 74' lang='grc' dir='ltr'>ὣς</span> <span class='ocrx_word' id='word_1_491' title='bbox 308 4400 452 4465; x_wconf 70' lang='grc' dir='ltr'>εἰκὸς</span> <span class='ocrx_word' id='word_1_492' title='bbox 493 4397 875 4477; x_wconf 81' lang='grc' dir='ltr'>συμϐαίνοντα,</span> <span class='ocrx_word' id='word_1_493' title='bbox 921 4397 1136 4458; x_wconf 86' lang='grc' dir='ltr'>σύνοδον</span> <span class='ocrx_word' id='word_1_494' title='bbox 1190 4404 1299 4459; x_wconf 84' lang='grc' dir='ltr'><strong>τῶν</strong></span> <span class='ocrx_word' id='word_1_495' title='bbox 1356 4398 1481 4458; x_wconf 81' lang='grc' dir='ltr'>κατ’</span> <span class='ocrx_word' id='word_1_496' title='bbox 1530 4397 1809 4478; x_wconf 73' lang='grc' dir='ltr'>Αἴγυπτον</span> 
     </span>
    </p>
   </div>
   <div class='ocr_carea' id='block_1_79' title="bbox 1879 3322 3522 3406">
    <p class='ocr_par' dir='ltr' id='par_1_79' title="bbox 1879 3322 3522 3406">
     <span class='ocr_line' id='line_1_79' title="bbox 1879 3322 3522 3406; baseline -0.002 -18"><span class='ocrx_word' id='word_1_497' title='bbox 1879 3342 2015 3388; x_wconf 88' lang='lat' dir='ltr'><strong>cum</strong></span> <span class='ocrx_word' id='word_1_498' title='bbox 2049 3324 2268 3385; x_wconf 89' lang='lat' dir='ltr'><strong>iterum</strong></span> <span class='ocrx_word' id='word_1_499' title='bbox 2293 3322 2366 3384; x_wconf 89' lang='lat' dir='ltr'><strong>ab</strong></span> <span class='ocrx_word' id='word_1_500' title='bbox 2387 3323 2774 3404; x_wconf 90' lang='lat' dir='ltr'><strong>imperatoris</strong></span> <span class='ocrx_word' id='word_1_501' title='bbox 2797 3325 3056 3402; x_wconf 85' lang='lat' dir='ltr'><strong>conjuge</strong></span> <span class='ocrx_word' id='word_1_502' title='bbox 3091 3324 3170 3385; x_wconf 87' lang='lat' dir='ltr'><strong>de</strong></span> <span class='ocrx_word' id='word_1_503' title='bbox 3192 3322 3522 3406; x_wconf 84' lang='lat' dir='ltr'><strong>episcopali</strong></span> 
     </span>
    </p>
   </div>
   <div class='ocr_carea' id='block_1_80' title="bbox 1877 3411 3522 3494">
    <p class='ocr_par' dir='ltr' id='par_1_80' title="bbox 1877 3411 3522 3494">
     <span class='ocr_line' id='line_1_80' title="bbox 1877 3411 3522 3494; baseline -0.001 -17"><span class='ocrx_word' id='word_1_504' title='bbox 1877 3413 2027 3477; x_wconf 88' lang='lat' dir='ltr'><strong>sede</strong></span> <span class='ocrx_word' id='word_1_505' title='bbox 2047 3411 2748 3488; x_wconf 82' lang='lat' dir='ltr'><strong>deturbaretur,Leontio</strong></span> <span class='ocrx_word' id='word_1_506' title='bbox 2769 3413 3340 3494; x_wconf 80' lang='lat' dir='ltr'><strong>Ancyrano,primas</strong></span> <span class='ocrx_word' id='word_1_507' title='bbox 3361 3413 3522 3476; x_wconf 87' lang='lat' dir='ltr'><strong>inter</strong></span> 
     </span>
    </p>
   </div>
   <div class='ocr_carea' id='block_1_81' title="bbox 1879 3503 3523 3585">
    <p class='ocr_par' dir='ltr' id='par_1_81' title="bbox 1879 3503 3523 3585">
     <span class='ocr_line' id='line_1_81' title="bbox 1879 3503 3523 3585; baseline -0.002 -18"><span class='ocrx_word' id='word_1_508' title='bbox 1879 3505 2196 3585; x_wconf 84' lang='lat' dir='ltr'><strong>episcOpos</strong></span> <span class='ocrx_word' id='word_1_509' title='bbox 2211 3503 2469 3582; x_wconf 91' lang='lat' dir='ltr'><strong>quitunc</strong></span> <span class='ocrx_word' id='word_1_510' title='bbox 2487 3510 2890 3565; x_wconf 83' lang='lat' dir='ltr'><strong>convenerant</strong></span> <span class='ocrx_word' id='word_1_511' title='bbox 2905 3505 3274 3582; x_wconf 71' lang='lat' dir='ltr'><strong>agentejpse</strong></span> <span class='ocrx_word' id='word_1_512' title='bbox 3288 3503 3523 3582; x_wconf 85' lang='lat' dir='ltr'><strong>ejulaus</strong></span> 
     </span>
    </p>
   </div>
   <div class='ocr_carea' id='block_1_82' title="bbox 1880 3591 3521 3674">
    <p class='ocr_par' dir='ltr' id='par_1_82' title="bbox 1880 3591 3521 3674">
     <span class='ocr_line' id='line_1_82' title="bbox 1880 3591 3521 3674; baseline -0.002 -19"><span class='ocrx_word' id='word_1_513' title='bbox 1880 3601 2057 3674; x_wconf 89' lang='lat' dir='ltr'><strong>atque</strong></span> <span class='ocrx_word' id='word_1_514' title='bbox 2088 3593 2516 3670; x_wconf 85' lang='lat' dir='ltr'><strong>ingemiscens,</strong></span> <span class='ocrx_word' id='word_1_515' title='bbox 2549 3592 2708 3672; x_wconf 92' lang='lat' dir='ltr'><strong>quod</strong></span> <span class='ocrx_word' id='word_1_516' title='bbox 2750 3592 3052 3672; x_wconf 84' lang='lat' dir='ltr'><strong>justitiam</strong></span> <span class='ocrx_word' id='word_1_517' title='bbox 3086 3593 3376 3674; x_wconf 88' lang='lat' dir='ltr'><strong>consequi</strong></span> <span class='ocrx_word' id='word_1_518' title='bbox 3407 3591 3521 3653; x_wconf 90' lang='lat' dir='ltr'><strong>sibi</strong></span> 
     </span>
    </p>
   </div>
   <div class='ocr_carea' id='block_1_83' title="bbox 1881 3681 3522 3762">
    <p class='ocr_par' dir='ltr' id='par_1_83' title="bbox 1881 3681 3522 3762">
     <span class='ocr_line' id='line_1_83' title="bbox 1881 3681 3522 3762; baseline -0.001 -17"><span class='ocrx_word' id='word_1_519' title='bbox 1881 3700 2000 3745; x_wconf 91' lang='lat' dir='ltr'><strong>non</strong></span> <span class='ocrx_word' id='word_1_520' title='bbox 2035 3681 2392 3762; x_wconf 89' lang='lat' dir='ltr'><strong>liceret,qua</strong></span> <span class='ocrx_word' id='word_1_521' title='bbox 2426 3690 2484 3744; x_wconf 91' lang='lat' dir='ltr'><strong>et</strong></span> <span class='ocrx_word' id='word_1_522' title='bbox 2515 3681 2934 3762; x_wconf 88' lang='lat' dir='ltr'><strong>sepulcrorum</strong></span> <span class='ocrx_word' id='word_1_523' title='bbox 2968 3681 3309 3758; x_wconf 83' lang='lat' dir='ltr'><strong>eﬂ‘ossores,</strong></span> <span class='ocrx_word' id='word_1_524' title='bbox 3333 3681 3522 3745; x_wconf 85' lang='lat' dir='ltr'><strong>latro-</strong></span> 
     </span>
    </p>
   </div>
   <div class='ocr_carea' id='block_1_84' title="bbox 1880 3770 3525 3852">
    <p class='ocr_par' dir='ltr' id='par_1_84' title="bbox 1880 3770 3525 3852">
     <span class='ocr_line' id='line_1_84' title="bbox 1880 3770 3525 3852; baseline -0.001 -16"><span class='ocrx_word' id='word_1_525' title='bbox 1880 3789 2113 3852; x_wconf 87' lang='lat' dir='ltr'><strong>nesque</strong></span> <span class='ocrx_word' id='word_1_526' title='bbox 2137 3789 2255 3832; x_wconf 91' lang='lat' dir='ltr'><strong>non</strong></span> <span class='ocrx_word' id='word_1_527' title='bbox 2278 3770 2542 3833; x_wconf 79' lang='lat' dir='ltr'><strong>fraudari</strong></span> <span class='ocrx_word' id='word_1_528' title='bbox 2568 3788 2676 3852; x_wconf 87' lang='lat' dir='ltr'><strong>par</strong></span> <span class='ocrx_word' id='word_1_529' title='bbox 2699 3778 2829 3832; x_wconf 89' lang='lat' dir='ltr'><strong>erat</strong></span> <span class='ocrx_word' id='word_1_530' title='bbox 2853 3770 2942 3851; x_wconf 91' lang='lat' dir='ltr'><strong>(ut</strong></span> <span class='ocrx_word' id='word_1_531' title='bbox 2959 3770 3190 3833; x_wconf 90' lang='lat' dir='ltr'><strong>scilicet</strong></span> <span class='ocrx_word' id='word_1_532' title='bbox 3214 3789 3425 3833; x_wconf 86' lang='lat' dir='ltr'><strong>eorum</strong></span> <span class='ocrx_word' id='word_1_533' title='bbox 3449 3771 3525 3834; x_wconf 89' lang='lat' dir='ltr'><strong>de</strong></span> 
     </span>
    </p>
   </div>
   <div class='ocr_carea' id='block_1_85' title="bbox 1884 3859 3523 3942">
    <p class='ocr_par' dir='ltr' id='par_1_85' title="bbox 1884 3859 3523 3942">
     <span class='ocr_line' id='line_1_85' title="bbox 1884 3859 3523 3942; baseline 0 -20"><span class='ocrx_word' id='word_1_534' title='bbox 1884 3861 2106 3942; x_wconf 90' lang='lat' dir='ltr'><strong>quibus</strong></span> <span class='ocrx_word' id='word_1_535' title='bbox 2125 3869 2550 3922; x_wconf 88' lang='lat' dir='ltr'><strong>accusarentur</strong></span> <span class='ocrx_word' id='word_1_536' title='bbox 2570 3860 2865 3922; x_wconf 88' lang='lat' dir='ltr'><strong>rationem</strong></span> <span class='ocrx_word' id='word_1_537' title='bbox 2905 3859 3256 3938; x_wconf 90' lang='lat' dir='ltr'><strong>redderent)</strong></span> <span class='ocrx_word' id='word_1_538' title='bbox 3280 3860 3342 3922; x_wconf 91' lang='lat' dir='ltr'><strong>in</strong></span> <span class='ocrx_word' id='word_1_539' title='bbox 3360 3861 3523 3924; x_wconf 82' lang='lat' dir='ltr'><strong>exsi-</strong></span> 
     </span>
    </p>
   </div>
   <div class='ocr_carea' id='block_1_86' title="bbox 1885 3950 3523 4034">
    <p class='ocr_par' dir='ltr' id='par_1_86' title="bbox 1885 3950 3523 4034">
     <span class='ocr_line' id='line_1_86' title="bbox 1885 3950 3523 4034; baseline -0.001 -20"><span class='ocrx_word' id='word_1_540' title='bbox 1885 3951 2032 4014; x_wconf 90' lang='lat' dir='ltr'><strong>lium</strong></span> <span class='ocrx_word' id='word_1_541' title='bbox 2057 3951 2274 4012; x_wconf 89' lang='lat' dir='ltr'><strong>missus</strong></span> <span class='ocrx_word' id='word_1_542' title='bbox 2290 3950 2420 4012; x_wconf 87' lang='lat' dir='ltr'><strong>fuit.</strong></span> <span class='ocrx_word' id='word_1_543' title='bbox 2447 3953 2633 4013; x_wconf 89' lang='lat' dir='ltr'><strong>Porro</strong></span> <span class='ocrx_word' id='word_1_544' title='bbox 2653 3969 2774 4012; x_wconf 90' lang='lat' dir='ltr'><strong>non</strong></span> <span class='ocrx_word' id='word_1_545' title='bbox 2795 3951 2878 4013; x_wconf 89' lang='lat' dir='ltr'><strong>ita</strong></span> <span class='ocrx_word' id='word_1_546' title='bbox 2901 3959 3268 4032; x_wconf 88' lang='lat' dir='ltr'><strong>conquestus</strong></span> <span class='ocrx_word' id='word_1_547' title='bbox 3289 3950 3523 4034; x_wconf 82' lang='lat' dir='ltr'><strong>fuisset;</strong></span> 
     </span>
    </p>
   </div>
   <div class='ocr_carea' id='block_1_87' title="bbox 1887 4039 3524 4122">
    <p class='ocr_par' dir='ltr' id='par_1_87' title="bbox 1887 4039 3524 4122">
     <span class='ocr_line' id='line_1_87' title="bbox 1887 4039 3524 4122; baseline -0.001 -18"><span class='ocrx_word' id='word_1_548' title='bbox 1887 4059 2025 4105; x_wconf 87' lang='lat' dir='ltr'><strong>nam</strong></span> <span class='ocrx_word' id='word_1_549' title='bbox 2048 4041 2180 4122; x_wconf 91' lang='lat' dir='ltr'><strong>quis</strong></span> <span class='ocrx_word' id='word_1_550' title='bbox 2203 4039 2503 4121; x_wconf 91' lang='lat' dir='ltr'><strong>ejusmodi</strong></span> <span class='ocrx_word' id='word_1_551' title='bbox 2524 4059 2726 4104; x_wconf 88' lang='lat' dir='ltr'><strong>rerum</strong></span> <span class='ocrx_word' id='word_1_552' title='bbox 2752 4041 2885 4121; x_wconf 90' lang='lat' dir='ltr'><strong>ipso</strong></span> <span class='ocrx_word' id='word_1_553' title='bbox 2905 4040 3169 4104; x_wconf 72' lang='lat' dir='ltr'><strong>doctior?</strong></span> <span class='ocrx_word' id='word_1_554' title='bbox 3183 4043 3246 4102; x_wconf 88' lang='lat' dir='ltr'><strong>Si</strong></span> <span class='ocrx_word' id='word_1_555' title='bbox 3262 4039 3336 4104; x_wconf 91' lang='lat' dir='ltr'><strong>ab</strong></span> <span class='ocrx_word' id='word_1_556' title='bbox 3357 4039 3524 4120; x_wconf 85' lang='lat' dir='ltr'><strong>epis-</strong></span> 
     </span>
    </p>
   </div>
   <div class='ocr_carea' id='block_1_88' title="bbox 1887 4129 3525 4214">
    <p class='ocr_par' dir='ltr' id='par_1_88' title="bbox 1887 4129 3525 4214">
     <span class='ocr_line' id='line_1_88' title="bbox 1887 4129 3525 4214; baseline -0.002 -19"><span class='ocrx_word' id='word_1_557' title='bbox 1887 4131 2058 4212; x_wconf 87' lang='lat' dir='ltr'><strong>copis</strong></span> <span class='ocrx_word' id='word_1_558' title='bbox 2071 4129 2675 4211; x_wconf 88' lang='lat' dir='ltr'><strong>judicariabsurdum</strong></span> <span class='ocrx_word' id='word_1_559' title='bbox 2701 4130 3525 4214; x_wconf 81' lang='lat' dir='ltr'><strong>contrariumqueecclesias-</strong></span> 
     </span>
    </p>
   </div>
   <div class='ocr_carea' id='block_1_89' title="bbox 1891 4219 3530 4303">
    <p class='ocr_par' dir='ltr' id='par_1_89' title="bbox 1891 4219 3530 4303">
     <span class='ocr_line' id='line_1_89' title="bbox 1891 4219 3530 4303; baseline -0.002 -19"><span class='ocrx_word' id='word_1_560' title='bbox 1891 4221 2028 4284; x_wconf 87' lang='lat' dir='ltr'><strong>ticis</strong></span> <span class='ocrx_word' id='word_1_561' title='bbox 2047 4219 2284 4300; x_wconf 88' lang='lat' dir='ltr'><strong>legibus</strong></span> <span class='ocrx_word' id='word_1_562' title='bbox 2306 4219 2614 4284; x_wconf 88' lang='lat' dir='ltr'><strong>esset.Sed</strong></span> <span class='ocrx_word' id='word_1_563' title='bbox 2635 4227 2693 4283; x_wconf 91' lang='lat' dir='ltr'><strong>et</strong></span> <span class='ocrx_word' id='word_1_564' title='bbox 2715 4238 2964 4300; x_wconf 86' lang='lat' dir='ltr'><strong>magnus</strong></span> <span class='ocrx_word' id='word_1_565' title='bbox 3001 4220 3366 4285; x_wconf 78' lang='lat' dir='ltr'><strong>Athanasius</strong></span> <span class='ocrx_word' id='word_1_566' title='bbox 3395 4226 3530 4303; x_wconf 87' lang='lat' dir='ltr'><strong>post</strong></span> 
     </span>
    </p>
   </div>
   <div class='ocr_carea' id='block_1_90' title="bbox 1889 4308 3530 4392">
    <p class='ocr_par' dir='ltr' id='par_1_90' title="bbox 1889 4308 3530 4392">
     <span class='ocr_line' id='line_1_90' title="bbox 1889 4308 3530 4392; baseline -0.002 -18"><span class='ocrx_word' id='word_1_567' title='bbox 1889 4312 2022 4391; x_wconf 90' lang='lat' dir='ltr'><strong>ejus</strong></span> <span class='ocrx_word' id='word_1_568' title='bbox 2041 4308 2475 4372; x_wconf 89' lang='lat' dir='ltr'><strong>absolutionem</strong></span> <span class='ocrx_word' id='word_1_569' title='bbox 2495 4309 2558 4371; x_wconf 92' lang='lat' dir='ltr'><strong>iu</strong></span> <span class='ocrx_word' id='word_1_570' title='bbox 2572 4308 2919 4372; x_wconf 88' lang='lat' dir='ltr'><strong>Sardicensi</strong></span> <span class='ocrx_word' id='word_1_571' title='bbox 2943 4310 3530 4392; x_wconf 78' lang='lat' dir='ltr'><strong>concilio,aliamque</strong></span> 
     </span>
    </p>
   </div>
   <div class='ocr_carea' id='block_1_91' title="bbox 1889 4399 3530 4482">
    <p class='ocr_par' dir='ltr' id='par_1_91' title="bbox 1889 4399 3530 4482">
     <span class='ocr_line' id='line_1_91' title="bbox 1889 4399 3530 4482; baseline -0.002 -17"><span class='ocrx_word' id='word_1_572' title='bbox 1889 4399 2631 4482; x_wconf 74' lang='lat' dir='ltr'><strong>Hierosolymisahiaximo</strong></span> <span class='ocrx_word' id='word_1_573' title='bbox 2655 4400 3003 4464; x_wconf 85' lang='lat' dir='ltr'><strong>confessore</strong></span> <span class='ocrx_word' id='word_1_574' title='bbox 3022 4400 3236 4462; x_wconf 77' lang='lat' dir='ltr'><strong>factam</strong></span> <span class='ocrx_word' id='word_1_575' title='bbox 3259 4399 3530 4481; x_wconf 84' lang='lat' dir='ltr'><strong>(quando</strong></span> 
     </span>
    </p>
   </div>
   <div class='ocr_carea' id='block_1_92' title="bbox 166 4487 1791 4576">
    <p class='ocr_par' dir='ltr' id='par_1_92' title="bbox 166 4487 1791 4572">
     <span class='ocr_line' id='line_1_92' title="bbox 166 4487 1791 4572; baseline -0.002 -23"><span class='ocrx_word' id='word_1_576' title='bbox 166 4489 548 4569; x_wconf 80' lang='grc' dir='ltr'>στγκροτήσας</span> <span class='ocrx_word' id='word_1_577' title='bbox 625 4488 962 4572; x_wconf 73' lang='grc' dir='ltr'>έπισκόπων,</span> <span class='ocrx_word' id='word_1_578' title='bbox 1017 4487 1381 4568; x_wconf 72' lang='grc' dir='ltr'>παρεσκεύασε</span> <span class='ocrx_word' id='word_1_579' title='bbox 1469 4490 1561 4546; x_wconf 77' lang='grc' dir='ltr'><strong>καὶ</strong></span> <span class='ocrx_word' id='word_1_580' title='bbox 1618 4491 1791 4548; x_wconf 73' lang='grc' dir='ltr'>αὖτοδι</span> 
     </span>
    </p>
   </div>
   <div class='ocr_carea' id='block_1_93' title="bbox 1878 4487 3529 4576">
    <p class='ocr_par' dir='ltr' id='par_1_93' title="bbox 1894 4488 3529 4572">
     <span class='ocr_line' id='line_1_93' title="bbox 1894 4488 3529 4572; baseline -0.002 -18"><span class='ocrx_word' id='word_1_581' title='bbox 1894 4497 1954 4554; x_wconf 90' lang='lat' dir='ltr'><strong>et</strong></span> <span class='ocrx_word' id='word_1_582' title='bbox 1974 4489 2105 4572; x_wconf 89' lang='lat' dir='ltr'><strong>ipse</strong></span> <span class='ocrx_word' id='word_1_583' title='bbox 2123 4489 2441 4552; x_wconf 69' lang='lat' dir='ltr'><strong>sententiae</strong></span> <span class='ocrx_word' id='word_1_584' title='bbox 2454 4488 2870 4552; x_wconf 80' lang='lat' dir='ltr'><strong>deAthanasio</strong></span> <span class='ocrx_word' id='word_1_585' title='bbox 2883 4489 3038 4571; x_wconf 89' lang='lat' dir='ltr'><strong>apud</strong></span> <span class='ocrx_word' id='word_1_586' title='bbox 3054 4489 3359 4555; x_wconf 76' lang='lat' dir='ltr'><strong>Serdicam</strong></span> <span class='ocrx_word' id='word_1_587' title='bbox 3373 4491 3529 4564; x_wconf 64' lang='lat' dir='ltr'><strong>latae,</strong></span> 
     </span>
    </p>
   </div>
   <div class='ocr_carea' id='block_1_94' title="bbox 168 4575 1791 4662">
    <p class='ocr_par' dir='ltr' id='par_1_94' title="bbox 168 4575 1791 4658">
     <span class='ocr_line' id='line_1_94' title="bbox 168 4575 1791 4658; baseline 0.001 -22"><span class='ocrx_word' id='word_1_588' title='bbox 168 4578 376 4658; x_wconf 78' lang='grc' dir='ltr'>ὁμοίως</span> <span class='ocrx_word' id='word_1_589' title='bbox 427 4591 548 4647; x_wconf 81' lang='grc' dir='ltr'>τοῖς</span> <span class='ocrx_word' id='word_1_590' title='bbox 603 4578 659 4638; x_wconf 70' lang='grc' dir='ltr'><strong>έν</strong></span> <span class='ocrx_word' id='word_1_591' title='bbox 705 4576 942 4657; x_wconf 82' lang='grc' dir='ltr'>Σαρδικῇ</span> <span class='ocrx_word' id='word_1_592' title='bbox 990 4579 1087 4636; x_wconf 78' lang='grc' dir='ltr'><strong>καί</strong></span> <span class='ocrx_word' id='word_1_593' title='bbox 1117 4575 1447 4658; x_wconf 67' lang='grc' dir='ltr'>Παλαιστίνῃ</span> <span class='ocrx_word' id='word_1_594' title='bbox 1480 4580 1602 4658; x_wconf 79' lang='grc' dir='ltr'>περὶ</span> <span class='ocrx_word' id='word_1_595' title='bbox 1652 4581 1791 4638; x_wconf 80' lang='grc' dir='ltr'><strong>αὗτοί</strong></span> 
     </span>
    </p>
   </div>
   <div class='ocr_carea' id='block_1_95' title="bbox 1878 4575 3534 4662">
    <p class='ocr_par' dir='ltr' id='par_1_95' title="bbox 1893 4579 3534 4662">
     <span class='ocr_line' id='line_1_95' title="bbox 1893 4579 3534 4662; baseline -0.002 -18"><span class='ocrx_word' id='word_1_596' title='bbox 1893 4579 2126 4661; x_wconf 84' lang='lat' dir='ltr'><strong>synodo</strong></span> <span class='ocrx_word' id='word_1_597' title='bbox 2157 4587 2386 4653; x_wconf 89' lang='lat' dir='ltr'><strong>coacta,</strong></span> <span class='ocrx_word' id='word_1_598' title='bbox 2413 4579 2744 4656; x_wconf 81' lang='lat' dir='ltr'><strong>consensit)</strong></span> <span class='ocrx_word' id='word_1_599' title='bbox 2769 4580 2953 4662; x_wconf 90' lang='lat' dir='ltr'><strong>probe</strong></span> <span class='ocrx_word' id='word_1_600' title='bbox 2971 4582 3172 4642; x_wconf 89' lang='lat' dir='ltr'><strong>sciens</strong></span> <span class='ocrx_word' id='word_1_601' title='bbox 3192 4589 3434 4661; x_wconf 86' lang='lat' dir='ltr'><strong>quanta,</strong></span> <span class='ocrx_word' id='word_1_602' title='bbox 3468 4587 3534 4641; x_wconf 87' lang='lat' dir='ltr'><strong>ut</strong></span> 
     </span>
    </p>
   </div>
   <div class='ocr_carea' id='block_1_96' title="bbox 168 4667 1791 4751">
    <p class='ocr_par' dir='ltr' id='par_1_96' title="bbox 168 4667 1353 4750">
     <span class='ocr_line' id='line_1_96' title="bbox 168 4667 1353 4750; baseline 0.002 -24"><span class='ocrx_word' id='word_1_603' title='bbox 168 4669 535 4750; x_wconf 74' lang='grc' dir='ltr'>ψηφίσασθαι,</span> <span class='ocrx_word' id='word_1_604' title='bbox 562 4669 651 4726; x_wconf 80' lang='grc' dir='ltr'><strong>καὶ</strong></span> <span class='ocrx_word' id='word_1_605' title='bbox 681 4670 853 4750; x_wconf 74' lang='grc' dir='ltr'>χωρὶς</span> <span class='ocrx_word' id='word_1_606' title='bbox 883 4668 959 4727; x_wconf 80' lang='grc' dir='ltr'>ὣν</span> <span class='ocrx_word' id='word_1_607' title='bbox 989 4667 1353 4749; x_wconf 78' lang='grc' dir='ltr'>πατριάρχου.</span> 
     </span>
    </p>
   </div>
   <div class='ocr_carea' id='block_1_97' title="bbox 1878 4667 3532 4751">
    <p class='ocr_par' dir='ltr' id='par_1_97' title="bbox 1894 4667 3532 4751">
     <span class='ocr_line' id='line_1_97' title="bbox 1894 4667 3532 4751; baseline -0.002 -20"><span class='ocrx_word' id='word_1_608' title='bbox 1894 4688 2001 4750; x_wconf 91' lang='lat' dir='ltr'><strong>par</strong></span> <span class='ocrx_word' id='word_1_609' title='bbox 2031 4671 2505 4746; x_wconf 89' lang='lat' dir='ltr'><strong>est,auctoritate</strong></span> <span class='ocrx_word' id='word_1_610' title='bbox 2537 4671 3077 4751; x_wconf 88' lang='lat' dir='ltr'><strong>comprovinciales</strong></span> <span class='ocrx_word' id='word_1_611' title='bbox 3107 4671 3375 4750; x_wconf 88' lang='lat' dir='ltr'><strong>episcopi</strong></span> <span class='ocrx_word' id='word_1_612' title='bbox 3399 4667 3532 4747; x_wconf 83' lang='lat' dir='ltr'><strong>pol-</strong></span> 
     </span>
    </p>
   </div>
   <div class='ocr_carea' id='block_1_98' title="bbox 167 4755 3531 4842">
    <p class='ocr_par' dir='ltr' id='par_1_98' title="bbox 167 4755 3531 4842">
     <span class='ocr_line' id='line_1_98' title="bbox 167 4755 3531 4842; baseline -0.003 -16"><span class='ocrx_word' id='word_1_613' title='bbox 167 4757 433 4826; x_wconf 81' lang='lat' dir='ltr'><strong>leautiu</strong></span> <span class='ocrx_word' id='word_1_614' title='bbox 479 4757 684 4822; x_wconf 86' lang='lat' dir='ltr'><strong>causis</strong></span> <span class='ocrx_word' id='word_1_615' title='bbox 711 4757 1189 4839; x_wconf 88' lang='lat' dir='ltr'><strong>uniuscujusque</strong></span> <span class='ocrx_word' id='word_1_616' title='bbox 1242 4756 1564 4837; x_wconf 66' lang='lat' dir='ltr'><strong>provincia)</strong></span> <span class='ocrx_word' id='word_1_617' title='bbox 1593 4755 2021 4839; x_wconf 87' lang='lat' dir='ltr'><strong>dijudicaudis,</strong></span> <span class='ocrx_word' id='word_1_618' title='bbox 2053 4758 2344 4838; x_wconf 79' lang='lat' dir='ltr'><strong>synodum</strong></span> <span class='ocrx_word' id='word_1_619' title='bbox 2400 4759 2642 4840; x_wconf 64' lang='lat' dir='ltr'><strong>[Egypti</strong></span> <span class='ocrx_word' id='word_1_620' title='bbox 2673 4761 3090 4842; x_wconf 88' lang='lat' dir='ltr'><strong>episcoporum</strong></span> <span class='ocrx_word' id='word_1_621' title='bbox 3138 4773 3531 4838; x_wconf 84' lang='lat' dir='ltr'><strong>congregans,</strong></span> 
     </span>
    </p>
   </div>
   <div class='ocr_carea' id='block_1_99' title="bbox 171 4845 3535 4928">
    <p class='ocr_par' dir='ltr' id='par_1_99' title="bbox 171 4845 3535 4928">
     <span class='ocr_line' id='line_1_99' title="bbox 171 4845 3535 4928; baseline -0.002 -13"><span class='ocrx_word' id='word_1_622' title='bbox 171 4846 408 4915; x_wconf 84' lang='lat' dir='ltr'><strong>curavit</strong></span> <span class='ocrx_word' id='word_1_623' title='bbox 434 4853 500 4910; x_wconf 89' lang='lat' dir='ltr'><strong>ut</strong></span> <span class='ocrx_word' id='word_1_624' title='bbox 529 4853 590 4912; x_wconf 89' lang='lat' dir='ltr'><strong>et</strong></span> <span class='ocrx_word' id='word_1_625' title='bbox 633 4849 750 4928; x_wconf 85' lang='lat' dir='ltr'><strong>ipsi</strong></span> <span class='ocrx_word' id='word_1_626' title='bbox 782 4848 938 4911; x_wconf 85' lang='lat' dir='ltr'><strong>haud</strong></span> <span class='ocrx_word' id='word_1_627' title='bbox 969 4845 1208 4910; x_wconf 85' lang='lat' dir='ltr'><strong>diversa</strong></span> <span class='ocrx_word' id='word_1_628' title='bbox 1253 4863 1290 4909; x_wconf 85' lang='lat' dir='ltr'><strong>a</strong></span> <span class='ocrx_word' id='word_1_629' title='bbox 1313 4845 1696 4912; x_wconf 83' lang='lat' dir='ltr'><strong>Sardiceusis</strong></span> <span class='ocrx_word' id='word_1_630' title='bbox 1722 4854 1784 4913; x_wconf 92' lang='lat' dir='ltr'><strong>et</strong></span> <span class='ocrx_word' id='word_1_631' title='bbox 1810 4845 2340 4928; x_wconf 80' lang='lat' dir='ltr'><strong>Hierosolymitani</strong></span> <span class='ocrx_word' id='word_1_632' title='bbox 2390 4849 2655 4912; x_wconf 86' lang='lat' dir='ltr'><strong>concillii</strong></span> <span class='ocrx_word' id='word_1_633' title='bbox 2686 4849 3002 4912; x_wconf 88' lang='lat' dir='ltr'><strong>sententiis</strong></span> <span class='ocrx_word' id='word_1_634' title='bbox 3031 4850 3106 4911; x_wconf 89' lang='lat' dir='ltr'><strong>de</strong></span> <span class='ocrx_word' id='word_1_635' title='bbox 3136 4865 3203 4911; x_wconf 86' lang='lat' dir='ltr'><strong>se</strong></span> <span class='ocrx_word' id='word_1_636' title='bbox 3248 4847 3535 4911; x_wconf 81' lang='lat' dir='ltr'><strong>decerne-</strong></span> 
     </span>
    </p>
   </div>
   <div class='ocr_carea' id='block_1_100' title="bbox 171 4934 1527 5021">
    <p class='ocr_par' dir='ltr' id='par_1_100' title="bbox 171 4934 1527 5021">
     <span class='ocr_line' id='line_1_100' title="bbox 171 4934 1527 5021; baseline -0.005 -14"><span class='ocrx_word' id='word_1_637' title='bbox 171 4945 341 5021; x_wconf 84' lang='lat' dir='ltr'><strong>rent,</strong></span> <span class='ocrx_word' id='word_1_638' title='bbox 371 4936 643 5020; x_wconf 88' lang='lat' dir='ltr'><strong>quamvis</strong></span> <span class='ocrx_word' id='word_1_639' title='bbox 663 4936 812 5003; x_wconf 88' lang='lat' dir='ltr'><strong>nulli</strong></span> <span class='ocrx_word' id='word_1_640' title='bbox 843 4937 1197 5019; x_wconf 62' lang='lat' dir='ltr'><strong>patriarcha</strong></span> <span class='ocrx_word' id='word_1_641' title='bbox 1223 4934 1527 5003; x_wconf 85' lang='lat' dir='ltr'><strong>subesset.</strong></span> 
     </span>
    </p>
   </div>
   <div class='ocr_carea' id='block_1_101' title="bbox 780 5034 1223 5099">
    <p class='ocr_par' dir='ltr' id='par_1_101' title="bbox 780 5034 1223 5099">
     <span class='ocr_line' id='line_1_101' title="bbox 780 5034 1223 5099; baseline -0.007 0"><span class='ocrx_word' id='word_1_642' title='bbox 780 5042 1115 5099; x_wconf 76' lang='grc' dir='ltr'><strong>ΕΡΩΤΗΣΙΣ</strong></span> <span class='ocrx_word' id='word_1_643' title='bbox 1145 5034 1223 5096; x_wconf 83' lang='grc' dir='ltr'><strong>Ζ’.</strong></span> 
     </span>
    </p>
   </div>
   <div class='ocr_carea' id='block_1_102' title="bbox 2340 5033 3080 5101">
    <p class='ocr_par' dir='ltr' id='par_1_102' title="bbox 2340 5033 3080 5101">
     <span class='ocr_line' id='line_1_102' title="bbox 2340 5033 3080 5101; baseline 0.001 -3"><span class='ocrx_word' id='word_1_644' title='bbox 2340 5034 2909 5101; x_wconf 79' lang='lat' dir='ltr'><strong>INTERROGATIO</strong></span> <span class='ocrx_word' id='word_1_645' title='bbox 2953 5033 3080 5100; x_wconf 84' lang='lat' dir='ltr'><strong>Vll.</strong></span> 
     </span>
    </p>
   </div>
   <div class='ocr_carea' id='block_1_103' title="bbox 177 5134 1791 5243">
    <p class='ocr_par' dir='ltr' id='par_1_103' title="bbox 177 5136 1791 5243">
     <span class='ocr_line' id='line_1_103' title="bbox 177 5136 1791 5243; baseline -0.001 -46"><span class='ocrx_word' id='word_1_646' title='bbox 177 5145 336 5198; x_wconf 78' lang='grc' dir='ltr'>Ποτοι</span> <span class='ocrx_word' id='word_1_647' title='bbox 422 5139 668 5216; x_wconf 75' lang='grc' dir='ltr'>βασιλεῖς</span> <span class='ocrx_word' id='word_1_648' title='bbox 754 5136 1111 5243; x_wconf 40' lang='grc' dir='ltr'>ἠγωνίσαντο..</span> <span class='ocrx_word' id='word_1_649' title='bbox 1186 5137 1313 5214; x_wconf 77' lang='grc' dir='ltr'>περῒ</span> <span class='ocrx_word' id='word_1_650' title='bbox 1407 5138 1619 5216; x_wconf 73' lang='grc' dir='ltr'>εἰρήνης</span> <span class='ocrx_word' id='word_1_651' title='bbox 1709 5143 1791 5196; x_wconf 73' lang='grc' dir='ltr'><strong>τῶ</strong></span> 
     </span>
    </p>
   </div>
   <div class='ocr_carea' id='block_1_104' title="bbox 1878 5134 3596 5243">
    <p class='ocr_par' dir='ltr' id='par_1_104' title="bbox 1901 5134 3596 5243">
     <span class='ocr_line' id='line_1_104' title="bbox 1901 5134 3596 5243; baseline 0.001 -45"><span class='ocrx_word' id='word_1_652' title='bbox 1901 5136 2158 5213; x_wconf 76' lang='lat' dir='ltr'><strong>Quinam</strong></span> <span class='ocrx_word' id='word_1_653' title='bbox 2214 5137 3066 5243; x_wconf 43' lang='lat' dir='ltr'><strong>imperutoqesnptl&#39;outncnda</strong></span> <span class='ocrx_word' id='word_1_654' title='bbox 3117 5134 3538 5200; x_wconf 79' lang='lat' dir='ltr'><strong>Ecclesiarum</strong></span> <span class='ocrx_word' id='word_1_655' title='bbox 3591 5202 3596 5210; x_wconf 71' lang='grc'><strong>,</strong></span> 
     </span>
    </p>
   </div>
   <div class='ocr_carea' id='block_1_105' title="bbox 832 5218 1205 5294">
    <p class='ocr_par' dir='ltr' id='par_1_105' title="bbox 832 5218 1205 5294">
     <span class='ocr_line' id='line_1_105' title="bbox 832 5218 1205 5294; baseline -0.008 -17"><span class='ocrx_word' id='word_1_656' title='bbox 832 5218 1150 5287; x_wconf 81' lang='grc' dir='ltr'>Εκκλησιῶν</span> <span class='ocrx_word' id='word_1_657' title='bbox 1182 5235 1205 5294; x_wconf 86' lang='grc'><em>;</em></span> 
     </span>
    </p>
   </div>
   <div class='ocr_carea' id='block_1_106' title="bbox 811 5332 1196 5389">
    <p class='ocr_par' dir='ltr' id='par_1_106' title="bbox 811 5332 1196 5389">
     <span class='ocr_line' id='line_1_106' title="bbox 811 5332 1196 5389; baseline 0.008 -3"><span class='ocrx_word' id='word_1_658' title='bbox 811 5332 1196 5389; x_wconf 81' lang='grc' dir='ltr'><strong>ΛΠΟΚΡΙΣΙΣ.</strong></span> 
     </span>
    </p>
   </div>
   <div class='ocr_carea' id='block_1_107' title="bbox 262 5434 1816 5516">
    <p class='ocr_par' dir='ltr' id='par_1_107' title="bbox 262 5434 1816 5516">
     <span class='ocr_line' id='line_1_107' title="bbox 262 5434 1816 5516; baseline -0.005 -17"><span class='ocrx_word' id='word_1_659' title='bbox 262 5448 668 5505; x_wconf 75' lang='grc' dir='ltr'>Κωνστανττνος</span> <span class='ocrx_word' id='word_1_660' title='bbox 714 5440 741 5496; x_wconf 81' lang='grc' dir='ltr'>ὁ</span> <span class='ocrx_word' id='word_1_661' title='bbox 797 5440 966 5516; x_wconf 82' lang='grc' dir='ltr'>μέγας</span> <span class='ocrx_word' id='word_1_662' title='bbox 1029 5435 1298 5507; x_wconf 73' lang='grc' dir='ltr'>ἰδήλωσεν</span> <span class='ocrx_word' id='word_1_663' title='bbox 1342 5437 1530 5515; x_wconf 77' lang='grc' dir='ltr'>Ἀριίῴ</span> <span class='ocrx_word' id='word_1_664' title='bbox 1571 5437 1666 5504; x_wconf 80' lang='grc' dir='ltr'><strong>τὴν</strong></span> <span class='ocrx_word' id='word_1_665' title='bbox 1699 5434 1816 5493; x_wconf 84' lang='grc' dir='ltr'>κατ’</span> 
     </span>
    </p>
   </div>
   <div class='ocr_carea' id='block_1_108' title="bbox 2411 5217 3022 5296">
    <p class='ocr_par' dir='ltr' id='par_1_108' title="bbox 2411 5217 3022 5296">
     <span class='ocr_line' id='line_1_108' title="bbox 2411 5217 3022 5296; baseline -0.002 -18"><span class='ocrx_word' id='word_1_666' title='bbox 2411 5235 2564 5296; x_wconf 80' lang='lat' dir='ltr'><strong>pace</strong></span> <span class='ocrx_word' id='word_1_667' title='bbox 2593 5217 3022 5279; x_wconf 72' lang='lat' dir='ltr'><strong>dimicarunt?</strong></span> 
     </span>
    </p>
   </div>
   <div class='ocr_carea' id='block_1_109' title="bbox 2496 5325 2934 5392">
    <p class='ocr_par' dir='ltr' id='par_1_109' title="bbox 2496 5325 2934 5392">
     <span class='ocr_line' id='line_1_109' title="bbox 2496 5325 2934 5392; baseline -0.002 -1"><span class='ocrx_word' id='word_1_668' title='bbox 2496 5325 2934 5392; x_wconf 80' lang='lat' dir='ltr'><strong>RESPONSIO.</strong></span> 
     </span>
    </p>
   </div>
   <div class='ocr_carea' id='block_1_110' title="bbox 1983 5441 3546 5519">
    <p class='ocr_par' dir='ltr' id='par_1_110' title="bbox 1983 5441 3546 5519">
     <span class='ocr_line' id='line_1_110' title="bbox 1983 5441 3546 5519; baseline -0.001 -14"><span class='ocrx_word' id='word_1_669' title='bbox 1983 5441 2410 5505; x_wconf 86' lang='lat' dir='ltr'><strong>Constantinus</strong></span> <span class='ocrx_word' id='word_1_670' title='bbox 2433 5441 2841 5518; x_wconf 83' lang='lat' dir='ltr'><strong>maguusArio</strong></span> <span class='ocrx_word' id='word_1_671' title='bbox 2864 5441 3190 5505; x_wconf 81' lang='lat' dir='ltr'><strong>declaravit</strong></span> <span class='ocrx_word' id='word_1_672' title='bbox 3212 5459 3278 5504; x_wconf 87' lang='lat' dir='ltr'><strong>se</strong></span> <span class='ocrx_word' id='word_1_673' title='bbox 3297 5442 3546 5519; x_wconf 83' lang='lat' dir='ltr'><strong>velle,ut</strong></span> 
     </span>
    </p>
   </div>
   <div class='ocr_carea' id='block_1_111' title="bbox 180 5515 1791 5609">
    <p class='ocr_par' dir='ltr' id='par_1_111' title="bbox 180 5515 1791 5609">
     <span class='ocr_line' id='line_1_111' title="bbox 180 5515 1791 5609; baseline -0.002 -22"><span class='ocrx_word' id='word_1_674' title='bbox 180 5515 507 5609; x_wconf 68' lang='grc' dir='ltr'>λλιξανδρον</span> <span class='ocrx_word' id='word_1_675' title='bbox 569 5515 889 5588; x_wconf 69' lang='grc' dir='ltr'>καταλῦσαι</span> <span class='ocrx_word' id='word_1_676' title='bbox 921 5527 1142 5608; x_wconf 73' lang='grc' dir='ltr'>ἔχθραν,</span> <span class='ocrx_word' id='word_1_677' title='bbox 1198 5527 1284 5586; x_wconf 79' lang='grc' dir='ltr'>καὶ</span> <span class='ocrx_word' id='word_1_678' title='bbox 1345 5523 1626 5593; x_wconf 78' lang='grc' dir='ltr'>διαιτητὴν</span> <span class='ocrx_word' id='word_1_679' title='bbox 1678 5529 1791 5585; x_wconf 68' lang='grc' dir='ltr'>αὖτέ</span> 
     </span>
    </p>
   </div>
   <div class='ocr_carea' id='block_1_112' title="bbox 1878 5515 3550 5609">
    <p class='ocr_par' dir='ltr' id='par_1_112' title="bbox 1905 5515 3550 5605">
     <span class='ocr_line' id='line_1_112' title="bbox 1905 5515 3550 5605; baseline -0.002 -13"><span class='ocrx_word' id='word_1_680' title='bbox 1905 5546 2049 5603; x_wconf 86' lang='lat' dir='ltr'><strong>quas</strong></span> <span class='ocrx_word' id='word_1_681' title='bbox 2061 5515 3120 5603; x_wconf 62' lang='lat' dir='ltr'><strong>gerebatcumAlesaudroiuimictttas</strong></span> <span class='ocrx_word' id='word_1_682' title='bbox 3132 5515 3550 5605; x_wconf 79' lang='lat' dir='ltr'><strong>exstingueret.</strong></span> 
     </span>
    </p>
   </div>
   <div class='ocr_carea' id='block_1_113' title="bbox 502 5685 1068 5760">
    <p class='ocr_par' dir='ltr' id='par_1_113' title="bbox 502 5685 1068 5760">
     <span class='ocr_line' id='line_1_113' title="bbox 502 5685 1068 5760; baseline -0.019 -1"><span class='ocrx_word' id='word_1_683' title='bbox 502 5694 744 5760; x_wconf 68' lang='lat' dir='ltr'><strong>PATROL</strong></span> <span class='ocrx_word' id='word_1_684' title='bbox 772 5690 889 5757; x_wconf 86' lang='lat' dir='ltr'><strong>Ga.</strong></span> <span class='ocrx_word' id='word_1_685' title='bbox 921 5685 1068 5752; x_wconf 79' lang='lat' dir='ltr'><strong>CIV.</strong></span> 
     </span>
    </p>
   </div>
   <div class='ocr_carea' id='block_1_114' title="bbox 3238 5676 3314 5742">
    <p class='ocr_par' dir='ltr' id='par_1_114' title="bbox 3238 5676 3314 5742">
     <span class='ocr_line' id='line_1_114' title="bbox 3238 5676 3314 5742; baseline -0.026 0"><span class='ocrx_word' id='word_1_686' title='bbox 3238 5676 3314 5742; x_wconf 78' lang='lat'><strong>39</strong></span> 
     </span>
    </p>
   </div>
  </div>
