4026 6226
211 353 364 420 1249

1370 345 1733 416 HISTORIA
1788 348 1952 415 MAN
1962 348 2372 417 ICHEORUM
2386 401 2400 416 .

3403 340 3556 417 1250

198 513 311 546 των
341 491 529 552 αὐτοὺς
560 493 634 554 ὡς
666 490 998 555 ἀξιοπίστους
1048 490 1344 569 μάρτῦρὰς,
1376 490 1550 545 πάντα
1597 485 1836 562 ἂψευδὼς

1927 488 2314 569 narraverint,
2346 487 2778 570 veritatemque
2811 487 3200 563 testantes,ad
3235 489 3552 570 perspica-

196 578 796 658 προκαταγγείλαντας,
853 580 944 636 καὶ
999 585 1396 657 μαρτυροῦντας
1467 577 1538 652 τῇ
1591 576 1838 656 ἀληθείᾳ,

197 671 294 725 καὶ
353 671 485 749 πρὸς
539 667 788 734 ὀξυοπίαο
831 671 920 725 καὶ
962 669 1249 748 ἀγχίνοιαν
1291 667 1414 732 τοὺς
1460 665 1724 744 ἀκροατὰς
1754 665 1836 722 δι-

196 761 510 835 εγείροντας
569 766 663 816 τοῦ
721 758 797 834 μῆ
853 757 1182 838 σφάλλεσθαι
1237 762 1338 825 τῆς
1397 755 1646 824 ἀληθείας
1677 755 1840 834 irrepo

193 847 448 927 χομίνης
503 847 686 926 ὥσπερ
714 848 1013 927 στοιχείοις
1062 849 1170 904 τισὶ
1221 859 1344 910 ταῖς
1390 845 1564 902 αῦτῶν
1595 844 1840 923 ἂποῤῥῆ-

194 956 351 992 σεσιν
435 937 922 1014 ἐντετυπωμένους,
999 937 1093 994 καί
1153 940 1374 1012 θεωρίας
1431 932 1683 991 ἐπίϐασιν
1742 934 1838 1002 τὴν

196 1025 391 1103 πρᾶξιν
451 1025 805 1102 ποιουμένους
839 1041 855 1056 ⁹
891 1025 1012 1081 ἀλλ’
1043 1027 1071 1082 ὁ
1121 1024 1222 1101 μὲν
1265 1026 1386 1104 περί
1422 1028 1520 1091 τῆς
1570 1021 1840 1089 ἄείπαιδος

197 1117 396 1194 κυρίως
439 1119 528 1173 καὶ
568 1115 782 1183 ἀληθῶς
843 1113 1230 1190 δεδοξασμίνης
1288 1114 1549 1170 Θεοτόκου
1594 1112 1683 1170 καὶ
1715 1112 1837 1171 ἀει-

196 1204 464 1283 παρθὲνου
515 1205 719 1282 Μαρίας
792 1202 973 1284 λόγος,
1036 1205 1226 1281 μικρὸν
1302 1201 1642 1278 ἆναμεινᾶτω
1679 1223 1690 1236 °
1742 1201 1838 1258 κᾶν

193 1295 247 1349 οἱ
321 1292 483 1350 δεινοὶ
567 1293 915 1350 Παυλικιάνοι
993 1291 1399 1370 διαρῤήγνυντο.
1477 1291 1838 1350 Ἐπανακτέον

193 1380 243 1438 δ’
274 1385 417 1455 ἡμᾶς
448 1384 565 1439 ὃθεν
595 1384 786 1460 μικρὸν
814 1382 1220 1459 ἀνεκφοιτήτω>
1249 1381 1588 1456 ἀπέστημεν,

281 1462 360 1530 Ζ’.
422 1480 526 1530 Τοῦ
585 1471 826 1550 μεγάλου
883 1475 1058 1526 τοίνυν
1109 1476 1242 1528 Θεοῦ
1271 1471 1369 1528 καῖ
1399 1471 1650 1549 Σωτῆρος
1680 1473 1835 1546 ἡμῶν

197 1562 378 1627 Ἰησοῦ
431 1560 662 1640 Χριστοῦ
706 1559 792 1618 ini
835 1561 935 1629 τῆς
980 1562 1084 1638 γῆς
1143 1560 1393 1640 ὀφθέντος
1433 1561 1521 1618 καὶ
1549 1562 1690 1638 ἡμῖν
1719 1572 1836 1626 τοῖς

198 1649 496 1728 ἀνθρώποις
552 1649 1104 1730 συναναστραφὲντος²
1180 1654 1328 1708 πᾶσα
1396 1651 1499 1726 μὲν
1555 1650 1618 1706 ὲκ
1660 1647 1837 1708 ποδῶν

199 1737 544 1818 εἶδωλατρεία
621 1738 842 1820 οἴχεται
875 1757 892 1776 ⁸
969 1740 1276 1817 Θεογνωσία
1346 1737 1401 1795 δὲ
1459 1738 1664 1807 ἀληθὴς
1725 1744 1834 1795 πᾶ-

1922 577 2075 638 ciam
2107 577 2447 657 mentisque
2480 595 2737 641 acumen
2766 577 3073 640 auditores
3095 595 3232 639 suos
3263 578 3554 640 excitave-

1922 664 2393 747 rint,quominus
2420 684 2456 728 a
2486 666 2740 727 veritate
2765 667 2890 745 jam
2924 659 3283 728 adveniente
3312 665 3556 729 aberra-

1921 763 2083 828 rent,
2117 773 2292 836 quam
2326 753 2687 836 quibusdam
2720 756 2904 818 veluti
2940 755 3554 836 elementis,przedic-

1921 843 2192 906 tionibus
2221 843 2506 906 nimirum
2531 844 3132 922 suis,impresserunt
3160 864 3176 920 ;
3209 854 3268 906 et
3297 856 3556 909 ostensa

1922 933 2012 994 rei
2040 933 2501 997 fundamentum
2532 935 2662 1012 ipso
2696 941 2913 994 eventu
2938 932 3552 1014 comprobarunt.Sed

1921 1022 2083 1082 enim
2117 1021 2190 1082 de
2222 1032 2516 1103 perpetua
2573 1021 2797 1102 puella,
2857 1023 3100 1102 proprie
3130 1039 3390 1103 vereque
3420 1025 3553 1103 glo-

1921 1109 2082 1173 riosa
2111 1110 2370 1192 Deipara
2423 1129 2786 1190 semperque
2843 1113 3070 1190 virgine
3128 1113 3334 1192 Maria,
3361 1114 3552 1176 oratio

1922 1197 2288 1279 aliquantum
2323 1199 2672 1274 differatur;
2730 1202 2964 1262 etiamsi
2998 1200 3142 1261 diris
3194 1200 3556 1264 Paulicianis

1921 1288 2026 1350 ilia
2081 1296 2462 1368 rumpantur.
2522 1289 2668 1351 llluc
2728 1289 2889 1350 enim
2949 1289 3146 1370 nobis,
3179 1289 3343 1352 unde
3375 1293 3551 1372 paulo

1920 1384 2059 1439 ante
2087 1377 2507 1451 discessimus,
2546 1379 2922 1441 redeundum
2959 1387 3070 1441 est.

1997 1463 2122 1528 VII.
2155 1469 2476 1547 Postquam
2503 1485 2750 1546 magnus
2776 1468 2976 1548 itaque
2994 1467 3147 1530 Deus
3168 1486 3236 1530 ac
3269 1466 3553 1532 Servatur

1921 1555 2168 1619 nosterJ
2175 1573 2312 1618 esus
2325 1555 2598 1619 Christus
2613 1558 2672 1618 in
2689 1565 2848 1619 terra
2860 1559 3221 1637 apparuiget
3236 1577 3310 1619 no
3322 1559 3548 1622 hiscum

1921 1643 2556 1708 hominibusversatus
2579 1656 2690 1721 est,
2727 1647 2925 1708 omnis
2968 1646 3210 1726 quidem
3254 1647 3552 1710 idolorum

1922 1734 2117 1796 cultus
2134 1751 2169 1796 e
2190 1734 2389 1797 medio
2409 1737 2613 1812 cessit;
2641 1738 2754 1795 Dei
2772 1744 2973 1798 autem
2995 1753 3141 1797 vera
3163 1742 3385 1800 notitia
3403 1739 3551 1800 uni-

199 1851 301 1885 σαν
384 1830 486 1898 τὴν
553 1829 659 1908 γῆν
727 1828 908 1907 ὥσπερ
989 1827 1126 1908 ὕδωρ
1203 1829 1342 1887 πολὺ
1418 1827 1786 1903 κατεκάλυψεν
1818 1845 1832 1859 ο

1927 1841 2158 1887 versam
2175 1830 2417 1901 terram
2435 1833 2728 1905 tanquam
2748 1841 2919 1903 aquae
2944 1827 3270 1888 inundatio
3292 1843 3554 1906 occupa-

198 1919 438 1977 ιντεῦθεν
481 1923 517 1988 ἡ
579 1926 686 1977 τῶν
744 1919 1002 1998 οὐρανίων
1031 1920 1116 1975 Ιιπὶ
1146 1921 1250 1996 γῆς
1281 1920 1446 1998 ἁρετὴ
1477 1918 1836 1994 πολιτεύεται,

1927 1914 2368 1977 vit“.lOExin
2381 1915 2713 1977 caelestium
2734 1914 3375 1994 honestavitacmpitin
3397 1923 3557 1978 terra

211 2011 444 2074 καὶτοῖς
497 2008 751 2088 ἀγγέλοις
779 2019 904 2074 ταῖς
961 2009 1179 2086 ἀρεταῖς
1230 2007 1670 2086 θεοκλυθούμενοι
1715 2031 1837 2064 συν-

1929 2001 2578 2084 frequentari,Deoque
2592 2003 2924 2066 familiares
2940 2002 3075 2065 facti
3090 2004 3366 2065 homines
3382 2022 3558 2083 ange-

211 2097 555 2172 ἁμιλλῶνται
612 2099 661 2154 οἱ
721 2097 987 2176 ἄνθρωποι
1023 2115 1038 2132 ⁸
1085 2104 1180 2154 τοῦ
1227 2097 1454 2174 σταυροῦ
1499 2097 1600 2176 γὰρ
1629 2098 1716 2155 ἐπὶ
1744 2097 1837 2174 γῆς

1931 2091 2021 2152 los
2045 2091 2365 2156 virtutibus
2393 2091 2886 2156 mmulariﬂruce
2915 2093 3075 2154 enim
3098 2093 3161 2154 in
3193 2100 3413 2154 terram
3445 2095 3556 2154 de-

212 2187 503 2266 παγέντος,
535 2187 640 2248 ,καὶ
684 2188 777 2244 τοῦ
818 2185 976 2266 ἄρτου
1019 2191 1121 2254 τῆς
1163 2190 1306 2258 ζωῆς
1349 2193 1443 2244 τοῦ
1485 2187 1547 2243 ἐκ
1599 2191 1695 2244 τοῦ
1751 2190 1837 2246 οὗ·

1932 2180 2069 2254 ﬁxa,
2102 2181 2354 2261 vitaeque
2411 2200 2566 2262 pane
2613 2181 2690 2244 de
2738 2183 2890 2245 caelo
2919 2183 3180 2261 benigne
3209 2183 3387 2244 simul
3420 2200 3555 2244 cum

213 2285 377 2355 ρανοῦ
431 2275 817 2356 φιλανθρώπως
873 2282 943 2352 τῇ
996 2278 1212 2342 θεότητι
1270 2272 1728 2352 συγκαταϐἁντος,
1787 2277 1837 2332 οξ

1929 2270 2148 2332 deitate
2171 2271 2458 2349 demisso,
2493 2273 2650 2334 haud
2683 2289 2829 2334 sane
2859 2290 3114 2355 corpore
3137 2271 3306 2334 illinc
3331 2272 3552 2348 delato,

211 2368 277 2423 τὸ
333 2373 491 2442 σῶμα
536 2364 962 2439 καταϐἀσαντος,
997 2363 1120 2421 ἀλλ’
1150 2363 1211 2421 ἐκ
1240 2366 1343 2443 γῆς
1401 2367 1557 2422 τοῦτο
1600 2364 1837 2444 προσλα-

1928 2359 2034 2421 sed
2058 2359 2132 2422 de
2159 2368 2318 2423 terra
2336 2368 2776 2442 sumpto,aaque
2794 2379 2863 2423 ac
2884 2379 2994 2423 nos
3019 2360 3372 2441 passibili,et
3393 2362 3456 2422 in
3481 2362 3556 2423 li-

212 2455 313 2532 6ομ
326 2457 444 2513 ἑνου
474 2457 799 2532 ὁμοιοπαθὲς
828 2458 989 2535 ἡμῖν,
1021 2458 1106 2513 καὶ
1135 2457 1191 2510 ἓν
1219 2459 1298 2527 τῷ
1325 2453 1464 2525 ξύλῳ
1497 2461 1593 2510 τοῦ
1621 2461 1837 2530 σταυροῦ

1929 2467 2112 2529 gnum
2137 2449 2394 2529 sublato,
2412 2451 2723 2532 divinique
2742 2450 3052 2529 sanguinis
3073 2451 3253 2530 guttis
3278 2451 3554 2514 tellurem

212 2545 535 2622 δψωθὲντος,
571 2548 658 2603 καὶ
714 2558 837 2608 ταῖς
893 2547 987 2600 τοῦ
1039 2547 1178 2602 θείου
1221 2543 1382 2601 αὐτοῦ
1410 2543 1642 2619 αἵματος
1672 2543 1837 2621 ῥανίσι

1927 2539 2610 2620 irrigautibus,contigit
2626 2541 2834 2603 uthaec
2847 2540 3156 2602 suavitatis
3171 2540 3420 2602 odorem
3433 2559 3561 2603 exs-

213 2637 315 2702 την
370 2641 476 2712 γῆν
525 2633 974 2712 καταρδεύσαντος
1023 2633 1180 2711 [cod.
1209 2632 1251 2696 ἲ.
1287 2630 1386 2712 85]
1419 2633 1594 2706 ὀσμὴν
1623 2629 1837 2706 εὒῴδίας

1928 2627 2307 2708 piraret.quaa
2320 2629 2603 2692 nimirum
2619 2629 3090 2692 sanctiﬁcatione
3104 2628 3296 2709 ipsius
3315 2630 3558 2709 pretiosi

216 2725 343 2804 (Η)
375 2727 572 2792 ταύτην
627 2724 894 2782 διαπνέειν
953 2724 1249 2791 πεποίηκεν
1283 2739 1299 2753 ‘
1332 2721 1451 2789 ἥτις
1484 2729 1560 2796 τῷ
1590 2723 1837 2800 ἁγιασμῳ

1927 2717 2236 2797 sanguinis
2257 2725 2316 2781 et
2333 2736 2504 2799 aqua;
2525 2720 2950 2799 pinguescens,
2984 2717 3304 2780 rationalia
3332 2719 3554 2781 odora-

210 2823 304 2874 τοῦ
357 2817 536 2890 τιμίου
587 2815 821 2889 αἵματος
861 2815 950 2870 καὶ
1002 2811 1189 2877 ὕδατος
1220 2814 1377 2871 αὐτοῦ
1405 2815 1712 2892 πιανθεῖσα,
1746 2811 1837 2867 λο-

1929 2816 2129 2869 menta
2148 2811 2467 2889 variosque
2488 2808 2670 2871 ﬂores
2695 2827 2858 2871 nunc
2876 2807 3057 2872 etiam
3085 2807 3308 2888 ubique
3329 2809 3557 2886 germi-

209 2907 338 2984 γικᾶ
393 2904 629 2972 ἣδόπνοα
683 2906 772 2960 καὶ
819 2902 1037 2961 ποικίλα
1093 2902 1226 2972 ἄνθη
1278 2900 1648 2979 βλαστάνουσα
1696 2924 1837 2958 παν-

1927 2914 2072 2959 nare
2082 2915 2202 2959 non
2224 2896 2773 2962 desinit.Adoratur
2790 2898 2996 2974 itaque
3014 2898 3384 2978 lignum.per
3395 2898 3556 2978 quod

210 3001 386 3073 ταχοῦ
415 2997 504 3050 καὶ
561 3001 648 3051 νῦν
691 2994 750 3050 οὐ
800 2992 1165 3069 διαλιμπάνει.
1230 2999 1616 3071 Προσγυνεῖται
1665 2991 1837 3048 τοίνυν

1927 2985 2084 3048 salus
2101 2987 2360 3048 humano
2382 2987 2592 3066 generi
2614 2987 2836 3050 donata
2855 2987 2967 3048 fuit
3002 3008 3018 3061 ;
3045 3005 3150 3067 per
3173 2987 3332 3067 quod
3360 2987 3554 3048 malo-

213 3082 394 3164 ξύλον⁹
451 3082 518 3138 δι’
577 3084 640 3141 οὗ
697 3084 933 3161 σωτηρία
987 3088 1066 3156 τῷ
1110 3081 1254 3159 γάνει
1285 3081 1384 3157 μὲν
1411 3086 1520 3138 τῶν
1549 3080 1837 3158 ἀνθρώπων

1927 3093 2056 3137 rum
2077 3083 2283 3138 auctor
2302 3075 2490 3138 hostis
2511 3075 2679 3138 humi
2697 3077 2951 3140 aﬂlictus
2982 3076 3198 3138 Iethale
3221 3075 3555 3138 visceribus

216 3170 511 3262 δεδώρηται
574 3170 640 3228 δι’
681 3173 742 3262 οῦ
784 3175 811 3228 ὁ
842 3171 1146 3262 ἀρχέκακος
1176 3170 1369 3262 ἐχθρὸς
1398 3171 1474 3262 εἰς
1503 3173 1608 3262 γῆν
1639 3170 1837 3262 καταρε

1927 3165 2139 3228 vulnus
2151 3167 2652 3247 accepit.Etenim
2669 3167 2839 3229 nullo
2856 3167 2916 3226 in
2931 3166 3048 3228 alio
3075 3166 3290 3228 Christi
3315 3166 3550 3228 crucia-

211 3261 395 3340 ῥαγεὶς
450 3261 658 3338 καιρίαν
715 3259 770 3316 ἰν
827 3259 1012 3339 καρδίᾳ
1087 3259 1190 3328 τὴν
1245 3258 1467 3337 πληγὴν
1525 3255 1837 3324 εἰσεδέξατο.

1928 3262 2092 3316 tuum
2112 3255 2374 3335 symbolo
2398 3257 2526 3318 haec
2555 3256 2868 3318 tremenda
2886 3255 3156 3336 prodigia
3169 3263 3399 3336 patrata
3420 3256 3553 3317 fue-

215 3355 308 3408 'Ev
337 3348 503 3408 οὐδενὶ
530 3352 630 3429 γὰρ
687 3351 851 3428 ἑτέρῳ
905 3349 1159 3425 συμϐόλῳ
1207 3355 1300 3406 τοῦ
1324 3353 1555 3426 Χριστοῦ
1582 3347 1837 3422 παθημά-

1927 3349 2090 3423 runt,
2121 3344 2463 3422 cujusmodi
2493 3345 2557 3405 in
2589 3345 2934 3408 veneranda
2965 3351 3026 3407 et
3063 3345 3296 3406 viviﬁca
3317 3345 3559 3407 Domini

212 3463 322 3498 των
364 3437 562 3518 φοϐερᾶ
616 3439 866 3516 τεράστια
913 3445 1136 3497 τοιαῦτα
1191 3437 1434 3517 γέγονεν²
1511 3439 1604 3492 οἷα
1657 3435 1713 3492 ἐν
1770 3439 1837 3507 τῷ

1929 3449 2137 3494 cruce:
2164 3434 2389 3494 mortui
2409 3434 2694 3495 nimirum
2719 3434 2992 3496 suscitati
3011 3443 3146 3496 ante
3171 3435 3349 3495 etiam
3383 3451 3558 3513 quam

213 3532 372 3606 τιμίῳ
400 3531 487 3586 καὶ
541 3534 788 3602 ζωοποιῷ
831 3535 923 3585 τοῦ
967 3531 1155 3607 Κυρίου
1199 3534 1410 3605 σταυρῷ
1444 3541 1459 3556 ⁸
1525 3527 1698 3605 νεκροὶ
1747 3525 1837 3581 ἂν·

1929 3523 2000 3583 ad
2031 3521 2257 3582 inferos
2286 3520 2576 3584 Dominus
2606 3540 2675 3584 ac
2699 3524 2863 3585 Deus
2893 3530 3099 3583 noster
3128 3521 3555 3593 descenderet,

211 3620 487 3695 ιστάμενοι
519 3620 606 3675 καὶ
639 3619 737 3696 πρὸ
787 3617 883 3685 τῆς
927 3618 983 3672 ἐν
1032 3619 1107 3692 τῷ
1136 3615 1241 3694 ᾅδῃ
1271 3616 1495 3674 καθόδου
1526 3622 1622 3674 τοῦ
1654 3618 1837 3694 Κυρίου

1927 3608 2120 3670 velum
2136 3607 2651 3684 discissum,terra
2670 3610 3105 3682 commota,sed
3127 3609 3480 3670 obscuratus
3501 3617 3560 3670 et

209 3710 300 3767 καὶ
330 3708 462 3765 Θεοῦ
507 3708 687 3785 ἡμῶν⁷
743 3707 1133 3783 καταπέτασμα
1182 3699 1534 3784 ῥηγνύμενσνέ
1585 3710 1658 3784 γῆ
1690 3726 1837 3762 σειο-

1927 3717 2132 3761 rursus
2164 3698 2560 3766 illuminatus:
2597 3707 2664 3760 ut
2726 3701 2931 3780 priore
2987 3706 3142 3761 statu
3194 3698 3562 3781 signiﬁcaret

205 3797 371 3875 μένη,
406 3797 562 3864 ἥλιος
622 3798 1003 3872 σκοτιζόμενος
1054 3796 1144 3853 καὶ
1185 3795 1350 3855 πάλιν
1383 3793 1837 3872 ἀναφλεγόμενος,

1927 3789 2267 3853 Judzeorum
2296 3790 2606 3864 tenebras,
2647 3791 2834 3852 altero
2867 3798 3064 3851 autem
3099 3789 3560 3850 resurrectionis

203 3888 284 3956 τῷ
316 3887 415 3962 μὲν
444 3889 545 3953 τὴν
602 3889 710 3942 τῶν
741 3883 1008 3948 Ἰουδαίων
1040 3884 1246 3949 δεικνὺς
1273 3884 1654 3960 σκοτόμαιναν,
1687 3890 1762 3957 τῷ
1787 3882 1837 3938 δὲ

1929 3879 2191 3941 laztitiam
2217 3879 2630 3958 portenderet.
2661 3881 2973 3942 Postremo
2997 3879 3263 3939 omnium
3291 3878 3447 3958 apud
3471 3879 3558 3938 in-

202 3983 306 4044 τῆς
365 3977 706 4040 ἀναστάσεως
765 3973 1071 4053 προδεικνὺς
1127 3975 1226 4042 τὴν
1280 3972 1635 4052 φαιδρότητα.
1678 3971 1837 4034 Τέλος

1927 3969 2084 4031 feros
2117 3969 2492 4030 detentarum
2545 3969 2882 4030 animarum
2935 3967 3170 4030 Christo
3204 3967 3461 4029 Domino
3492 3984 3560 4028 ac

201 4070 238 4135 ἡ
295 4068 507 4124 πάντων
564 4066 619 4122 ἐν
674 4073 750 4141 τῷ
808 4064 910 4141 ᾅδῃ
966 4062 1354 4143 κατεχομένων
1411 4068 1604 4142 ψυχῶν
1629 4061 1837 4119 ἀπολύ-

1927 4061 2048 4120 Deo
2075 4065 2278 4120 nostro
2300 4057 2770 4139 illicapparente
2791 4055 3421 4136 redemptio,etipsius
3434 4055 3560 4116 orci

201 4178 403 4235 τρωσις
460 4162 532 4231 τῇ
609 4155 894 4235 ὶπιφανείᾳ
944 4163 1037 4213 τοῦ
1105 4154 1296 4232 Κυρίου
1354 4153 1444 4210 καὶ
1500 4157 1631 4210 Θεοῦ
1683 4152 1837 4228 ἡμῶν

1927 4149 2254 4225 destitutio,
2285 4149 2604 4230 quominus
2655 4148 2878 4210 diutius
2910 4147 3176 4227 illorum,
3213 4145 3316 4226 qui
3344 4151 3407 4206 in
3436 4144 3558 4235 Do-

203 4234 339 4322 πρὸς
371 4245 563 4309 αὐτοὺς
625 4234 891 4323 γενομένη
927 4259 940 4273 ·
987 4244 1076 4300 καὶ
1133 4245 1166 4311 ἦ
1200 4250 1294 4300 τοῦ
1316 4240 1442 4316 ᾅδου
1471 4241 1756 4307 κατάλυσις
1782 4239 1837 4315 δ,

1927 4240 2086 4300 mino
2116 4239 2514 4313 dormierant,
2547 4239 2779 4302 animas
2831 4237 3144 4300 retineret.
3179 4235 3319 4297 Haec
3354 4234 3560 4296 omnia

202 4337 299 4392 τοῦ
342 4335 536 4412 μηκέτι
600 4335 856 4413 κατέχειν
895 4333 990 4397 τὰς
1049 4338 1155 4390 τῶν
1184 4332 1240 4388 ἐν
1269 4333 1444 4409 Κυρίῳ
1500 4329 1837 4407 κεκοιμημέ-

1927 4328 2141 4390 divinae
2163 4329 2362 4390 crucis
2383 4329 2601 4391 invicta
2616 4328 2702 4389 vis
2721 4326 3032 4390 tremenda
3055 4325 3253 4388 effecit
3267 4323 3560 4404 prodigia,

207 4446 316 4480 νων
369 4425 577 4502 ψυχάς.
614 4429 790 4481 Ταῦτα
846 4422 1019 4484 πάντα
1075 4423 1110 4490 ἡ
1155 4423 1246 4478 τοῦ
1273 4421 1414 4479 θείου
1443 4427 1668 4497 σταυροῦ
1698 4420 1837 4489 ἀήτ-

1927 4419 2146 4480 virtute
2175 4417 2413 4480 scilicet
2469 4418 2688 4480 conﬁxi
2738 4423 2797 4478 in
2849 4434 2920 4478 ea
2950 4415 3173 4479 Christi
3203 4413 3311 4476 Dei
3343 4414 3559 4477 nostri.

208 4533 373 4580 τητος
435 4511 652 4588 δύναμις
710 4513 775 4568 τὰ
835 4509 1035 4590 φοϐερά
1091 4511 1378 4589 εἰργάσατο
1439 4508 1714 4586 τεράστια,
1775 4513 1837 4584 τῇ

1927 4506 2237 4569 Pudefiant
2256 4507 2437 4586 igitur
2459 4519 2518 4569 et
2547 4507 2608 4570 in
2635 4508 2831 4586 fugam
2862 4513 3178 4568 ver-tantur
3194 4523 3262 4566 ac
3287 4512 3563 4586 pereant,

211 4600 430 4676 δυνάμει
459 4604 552 4658 τοῦ
581 4602 636 4658 ἑν
693 4601 836 4675 αὐτῷ
886 4600 1286 4679 προσπαγέντος
1333 4604 1561 4677 Χριστοῦ
1589 4598 1694 4654 τοῦ
1713 4604 1837 4655 Θεοῦ

1927 4595 2034 4677 qui
2058 4595 2257 4656 crucis
2277 4579 2529 4672 gloriam
2552 4579 3003 4676 negabt,neque
3026 4611 3159 4656 eam
3188 4579 3436 4654 indubia
3447 4590 3567 4651 ﬁde

210 4693 394 4765 ἡμῶν,
457 4693 905 4770 Αἰσχυνθήτωσαν
962 4693 1052 4746 οὗν
1109 4691 1199 4746 καὶ
1278 4687 1695 4765 ἔντραπήτωσαν
1759 4689 1837 4744 καῖ

1927 4704 2038 4748 ceu
2050 4685 2336 4746 divinitus
2349 4685 2550 4747 datum
2564 4687 2971 4765 invictumque
2985 4691 3273 4763 tropaeum
3289 4681 3562 4770 adorant.

213 4779 598 4836 ἀπολέσθωσαν
657 4783 704 4836 oi
762 4779 861 4848 τὴν
917 4779 1070 4845 δόξαν
1137 4777 1298 4837 eam;
1352 4776 1718 4854 διακονούμενοι
1759 4779 1837 4831 καί

1927 4773 2079 4852 Ergo
2103 4772 2338 4835 invidus
2359 4781 2538 4855 atque
2562 4775 2864 4854 pessimus
2886 4772 3104 4833 etboni
3119 4788 3257 4832 osor
3269 4767 3566 4847 diabolus,

214 4871 294 4944 μὴ
355 4878 772 4949 προσκυνοῦντες
807 4870 962 4928 αὐτὸν
992 4867 1289 4942 ἀδιστᾶκτῳ
1318 4869 1494 4924 πίστει
1524 4879 1547 4910 ο
1572 4867 1646 4929 ὣς
1675 4864 1837 4944 [cod.

1930 4864 2127 4945 capite
2157 4863 2307 4928 eliso
2334 4869 2393 4926 et
2420 4863 2603 4926 corde
2625 4881 2659 4926 a
2685 4862 2882 4924 crucis
2903 4861 3080 4923 hasta
3102 4857 3415 4938 transﬁxo,
3441 4856 3566 4937 jam

302 5063 348 5111 Η
382 5061 493 5123 lsa.
529 5078 612 5140 τι,
643 5061 702 5121 9.

1516 5131 1771 5197 VARUE
1819 5127 2266 5196 LECTIONES.

294 5245 321 5286 δ
349 5245 420 5310 R.
453 5246 796 5307 κατὰλλυσις,
882 5259 907 5288 ε
943 5242 1012 5304 Β.
1048 5239 1230 5303 δίστει,

1760 5317 2016 5386 ΝΟΤΑΕ.

305 5505 354 5584 (ι
372 5506 432 5582 1)
453 5503 518 5567 In
541 5513 704 5584 textu
729 5504 935 5584 Graeco
957 5498 1180 5562 Raderi
1198 5497 1441 5584 additur
1453 5502 1840 5584 πνωματιξῆς,
1928 5491 2211 5584 traditum
2224 5490 2468 5584 videtur
2489 5487 2795 5584 interdum
2823 5487 3012 5584 [uisse
3037 5483 3561 5584 diversumabill‘o

219 5565 1558 5664 quodvocabulumininterpretetiouelatina
1573 5565 1846 5664 ejusdem
1928 5573 2087 5664 quod
2117 5569 2395 5664 Raderus
2418 5569 2692 5633 Latinum
2737 5568 3026 5662 faciebat.
3061 5565 3125 5630 In
3153 5566 3364 5630 codice
3400 5573 3566 5629 certe

220 5652 709 5744 dmittitur.Ergo
732 5652 1040 5742 exempla}
1060 5652 1874 5752 typothetasl'ngolstediensi.
1929 5652 2199 5718 vaticano
2230 5652 2401 5728 deest
2429 5669 2560 5714 voc.
2593 5652 2990 5728 πνευματικῆς.
3040 5704 3062 5728 ,
3417 5677 3420 5680 -
