4026 6226
303 333 456 402 1265

1456 329 1821 402 HISTORIA
1871 335 2464 403 MANICHIEORUM
2478 385 2491 402 .

3511 332 3664 398 1266

293 468 498 537 λευκῶς
531 471 794 549 λαλοῦμεν
825 483 847 514 ι’
890 471 1031 532 ἀλλὰ
1059 471 1318 539 πολλάκις
1347 473 1582 554 λέγομεν
1630 472 2141 552 ἐπικεκαλυμμένως
2173 479 2214 551 ⁸,
2242 471 2337 531 ’ίνα
2380 473 2428 530 οἱ
2457 471 2814 553 γινώσκοντες
2871 472 3051 532 πιστοὶ
3094 473 3356 554 νοήσωσι,
3387 471 3473 529 καὶ
3503 472 3551 528 οἱ
3581 470 3662 547 μὴ

289 559 487 626 εἰδότες
519 565 598 639 μὴ
628 560 903 641 βλαϐὦσι.

372 641 477 712 ιε’.
525 652 741 716 Τούτοις
813 653 903 709 καὶ
965 650 1150 717 ἃλλοις
1207 651 1448 710 πλείοσιν
1517 652 1836 733 ἆνετρέπετο
1894 655 1913 710 ὅ

2085 651 2212 715 XV.
2247 649 2352 712 His
2407 650 2667 732 aliisque
2726 649 3001 733 pluribus
3044 651 3416 732 argumentis
3477 647 3659 711 draco

288 739 497 821 δράκων
529 757 544 773 ⁸
577 743 855 805 τοιαύταις
887 741 1231 818 συμπλοκαῖς
1275 739 1636 799 κατεπάλαιεν
1686 744 1778 800 τὸν
1810 743 1935 800 Μά-

288 854 386 899 νην
443 833 472 889 6
517 830 842 913 Ἀρχέλαος.
888 831 1081 909 Φεύγει
1125 829 1288 888 πάλιν
1349 832 1438 888 καὶ
1487 831 1724 890 ἐντεῦθεν
1782 835 1810 890 6
1873 832 1934 891 ἐκ

286 920 384 990 τῆς
416 919 661 1002 φυλακῆς
692 921 875 1001 φυγών
911 935 926 951 ⁸
961 921 1049 978 καὶ
1099 921 1192 978 τὸν
1236 919 1645 999 ἀνταγωνιστὴν
1690 920 1929 1002 διαδρὰς,

287 1009 508 1090 ἔρχεται
582 1012 656 1076 εἰς
720 1012 914 1086 κώμην
979 1008 1393 1087 εὐτελεστάτην,
1452 1012 1590 1068 κατᾶ
1658 1012 1752 1068 τὸν
1813 1010 1931 1092 ὅφιν

281 1103 377 1159 τὸν
420 1101 475 1158 ἐν
519 1099 826 1180 παραδείσῳ
871 1099 1244 1157 καταλιπόντα
1299 1101 1392 1156 τὸν
1452 1098 1646 1176 Ἀδάμ,
1715 1103 1803 1158 καὶ
1860 1107 1930 1179 τῇ

285 1188 393 1264 Εὕα
447 1189 815 1270 προσελθόντα
851 1211 867 1228 ο
914 1188 1036 1247 ἀλλ’
1077 1191 1106 1247 6
1165 1189 1182 1223 ⁸
1223 1188 1390 1254 καλὸς
1455 1191 1658 1265 ποιμὴν
1719 1189 1928 1272 Ἀρχὲ-

281 1278 437 1360 λαος,
495 1285 603 1337 τῶν
683 1277 966 1360 προϐάτων
1045 1279 1470 1356 προνοούμενος,
1531 1279 1766 1346 ἀκούσας
1825 1283 1926 1350 τὴν

281 1370 480 1450 φυγὴν,
541 1369 734 1436 εὐθέως
793 1368 1062 1450 δρομαίως
1118 1368 1205 1426 ἐπὶ
1261 1371 1364 1438 τὴν
1420 1375 1513 1428 τοῦ
1556 1368 1716 1428 λύκου
1775 1371 1927 1428 ἐπεί-

281 1481 408 1540 γετο
450 1460 678 1532 ζήτησιν
711 1476 728 1494 ⁸
777 1461 966 1528 Μάνης
1011 1457 1067 1515 δὲ
1124 1457 1248 1517 ἰδὼν
1299 1461 1393 1517 τὸν
1437 1459 1720 1536 ἀντίδικον,
1779 1459 1926 1525 ἐξαί-

281 1572 419 1618 φνης
453 1559 482 1592 ⁸³
510 1549 806 1620 ἐξεπήδησε
859 1548 950 1606 καὶ
1002 1548 1198 1630 ἔφυγεν
1231 1565 1246 1582 ⁸
1313 1548 1472 1629 ἔφυγε
1504 1549 1560 1606 δὲ
1589 1550 1688 1618 τὴν
1737 1548 1924 1611 τελευ-

281 1638 434 1696 ταίαν
477 1641 674 1720 φυγήν,
736 1642 797 1699 οἱ
855 1639 956 1717 γὰρ
1011 1649 1106 1698 τοῦ
1136 1645 1354 1719 Περσῶν
1385 1639 1652 1717 βασιλέως
1681 1641 1924 1698 ὑπασπι-

281 1729 402 1786 σταὶ
456 1728 742 1809 πανταχοῦ
797 1727 1229 1808 διερευνώμενοι,
1305 1726 1778 1804 καταλαμὸάνουσι
1828 1730 1922 1787 τὸν

277 1817 488 1898 φυγάδα
522 1838 535 1852 ·
569 1821 658 1875 καὶ
679 1818 746 1888 ἢν
776 1816 1009 1899 ὤφειλεν
1039 1818 1128 1876 ἐπὶ
1156 1827 1250 1878 τοῦ
1277 1815 1437 1897 [cod.
1469 1816 1513 1879 ἲ.
1545 1817 1646 1880 92.
1679 1815 1768 1900 IL]
1799 1817 1924 1898 Ἀρ.

277 1905 488 1987 χελάου
530 1905 720 1966 λαϐεῖν
771 1908 1064 1987 ἀπόφασιν,
1125 1907 1326 1976 ταύτην
1384 1907 1720 1987 ὶπιφέρουσιν
1777 1907 1920 1984 αὗτῷ

2014 743 2308 806 refutatus
2331 749 2455 821 est;
2492 741 2736 815 talibus,
2767 742 3036 821 inquam,
3075 739 3506 804 luctaminibus
3529 743 3660 802 Ma-

2014 841 2215 894 netem
2251 830 2591 893 dehellabat
2647 830 3011 894 Archelaus.
3057 831 3232 911 Fugit
3280 831 3464 911 igitur
3492 829 3660 890 illinc

2016 923 2221 998 etiam,
2259 921 2358 1001 qui
2419 921 2562 983 olim
2623 938 2869 982 carcere
2913 921 3241 1000 effugerat;
3276 931 3336 983 et
3369 920 3655 982 adversa-

2014 1013 2166 1075 rium
2221 1015 2439 1092 vitans,
2491 1009 2652 1072 venit
2699 1011 2758 1073 in
2791 1010 3090 1091 quoddam
3126 1010 3656 1073 obscurrissimum

2014 1103 2327 1185 oppidum,
2368 1107 2547 1182 prout
2578 1099 2682 1161 ille
2717 1118 2996 1181 serpens,
3045 1099 3148 1181 qui
3185 1101 3399 1164 relicto
3432 1098 3494 1161 in
3544 1117 3652 1179 pa~

2008 1192 2213 1256 radiso
2241 1190 2498 1267 Adamo,
2534 1191 2792 1252 accessit
2823 1190 2897 1251 ad
2932 1189 3134 1251 Evam.
3171 1191 3290 1253 Sed
3341 1189 3502 1252 enim
3536 1187 3652 1250 ho-

2009 1301 2122 1344 nus
2155 1289 2355 1361 pastor
2413 1279 2770 1356 Archelaus,
2831 1279 3034 1342 ovium
3084 1279 3264 1342 saluti
3295 1277 3648 1353 consulens,

2007 1371 2318 1435 intellecto
2349 1370 2592 1450 eﬂ'ugio,
2649 1369 2848 1431 statim
2901 1369 3140 1432 concito
3174 1389 3357 1433 cursu
3399 1367 3473 1431 ad
3525 1367 3654 1446 lupi

2007 1461 2490 1540 persecutionem
2523 1458 3064 1525 ferebatur.Manes
3085 1467 3285 1522 tamen
3318 1463 3649 1539 conspecto

2005 1549 2377 1624 adversario,
2414 1549 2689 1630 protinus
2730 1549 2871 1630 fuga
2924 1568 2989 1612 se
3021 1549 3330 1621 subduxit,
3363 1565 3496 1630 quae
3527 1565 3648 1610 ca:-

2009 1640 2245 1722 teroqui
2301 1647 2610 1720 postrema
2662 1639 2715 1702 ei
2759 1639 2921 1701 fuit:
2969 1658 3104 1701 nam
3140 1643 3300 1718 regis
3331 1640 3648 1702 Persarum

2006 1730 2232 1793 milites
2262 1728 2490 1811 ubique
2518 1728 2894 1809 indagantes.
2955 1729 3262 1808 fugitivum
3295 1727 3645 1806 deprehen-

2004 1820 2244 1895 derunt;
2275 1825 2334 1881 et
2366 1837 2544 1900 quam
2595 1837 2799 1882 coram
2833 1818 3131 1881 Archelao
3173 1817 3490 1880 subiturus
3519 1823 3650 1878 erat

2001 1910 2554 1984 sententiam,hanc
2577 1909 2772 1971 eidem
2795 1910 2958 1988 regis
2982 1907 3242 1970 ministri
3273 1907 3642 1970 inﬂixerunt.

277 1999 326 2053 οἱ
366 2003 393 2038 ν
423 2003 518 2055 τοῦ
555 1995 823 2074 βασιλέως
851 1995 1118 2074 ὑπηρέται
1148 2013 1164 2028 ⁸
1200 1993 1638 2071 συλλαμϐάνεται
1674 1998 1702 2053 6
1733 1996 1913 2067 Μάνης

2002 1999 2556 2083 Comprehenditur
2579 1999 2992 2080 Manes,quem
3018 1998 3111 2060 sui
3144 1995 3426 2077 discipuli
3459 1994 3647 2058 utPa-

274 2087 336 2144 ὃν
366 2096 752 2164 προσκυνοῦσιν
810 2089 860 2144 οἱ
917 2085 1078 2145 αὐτοῦ
1126 2085 1363 2161 μαθηταὶ
1404 2086 1478 2150 ὡς
1536 2083 1914 2165 Παράκλητον,

273 2175 372 2232 καί
403 2175 590 2255 ἄγεται
630 2177 763 2248 πρὸς
822 2176 918 2232 τὶν
972 2172 1198 2253 βασιλέα
1234 2195 1250 2210 ’
1309 2171 1577 2232 ὠνείδισεν
1608 2176 1635 2231 6
1664 2173 1916 2253 βασιλεὺς

273 2265 436 2323 αὐτοῦ
465 2267 527 2323 τὸ
570 2264 790 2346 ψεῦδος,
820 2266 909 2323 καὶ
957 2265 1055 2335 τὴν
1094 2265 1270 2346 φυγὴν
1300 2264 1594 2346 ἐχλεύασεν
1639 2267 1728 2323 καὶ
1757 2275 1784 2309 ⁸
1818 2267 1917 2336 τὴν

275 2353 520 2413 δουλείαν
553 2370 569 2387 ⁶
635 2354 905 2424 ἰξεδίιιησε
961 2361 1055 2412 τοῦ
1107 2353 1297 2421 παιδὸς
1345 2357 1437 2413 τὸν
1481 2357 1640 2436 φόνον
1669 2358 1754 2414 καὶ
1785 2380 1914 2415 κατ-

275 2445 449 2522 έκρινε
482 2462 500 2479 °
532 2447 621 2503 καὶ
649 2444 735 2503 διὰ
763 2453 945 2520 τοῦτο,
979 2444 1077 2502 καῖ
1105 2443 1188 2501 διὰ
1220 2447 1312 2501 τὸν
1342 2447 1450 2502 τῶν
1492 2443 1913 2528 δεσμοφυλάκων

274 2535 461 2615 φόνον,
494 2533 780 2615 ἐκδαρῆναι
827 2537 919 2593 τὸν
975 2535 1163 2603 Μάνην
1211 2542 1457 2615 Περσικῷ
1485 2536 1636 2611 νόμῳ
1669 2538 1908 2616 προστά-

272 2623 364 2692 ξας
401 2641 417 2656 ⁹
462 2627 554 2683 καὶ
611 2627 675 2682 τὸ
727 2625 826 2700 μὲν
893 2623 1085 2683 λοιπὸν
1141 2631 1324 2701 σῶμα,
1381 2625 1584 2704 Θηρίοις
1641 2625 1908 2705 παρεδόθη

271 2715 406 2792 βορά
439 2733 456 2749 ⁸
489 2719 551 2772 τὸ
581 2713 636 2773 δὶ
667 2719 768 2785 τῆς
799 2717 1062 2783 κακίστηῦ
1091 2715 1315 2794 γνώμης
1369 2713 1591 2794 δοχεϊον
1625 2717 1688 2772 τὸ
1717 2715 1907 2795 δέρμα,

269 2803 500 2862 θυλάκου
527 2819 556 2860 1
583 2804 736 2875 δίκην
790 2807 895 2885 πρὸ
945 2811 1053 2863 τῶν
1082 2804 1264 2863 πυλῶν
1292 2804 1572 2884 ἀνηρτήθη
1607 2823 1620 2839 ⁸
1656 2807 1683 2862 6
1721 2807 1912 2886 Παρά-

268 2893 476 2964 κλητον
509 2896 694 2953 ἑαυτὸν
724 2897 923 2976 λέγων,
965 2897 1054 2954 καὶ
1097 2897 1164 2955 τὰ
1212 2894 1480 2972 μέλλοντα
1525 2893 1716 2952 εἰδέναι
1743 2895 1915 2977 ἄπαγ-

265 2984 621 3066 γελλόμενος,
658 2987 758 3056 τὴν
813 2986 948 3044 ἰδίαν
995 2985 1172 3067 φυγὴν
1222 2987 1312 3042 καὶ
1343 2985 1445 3054 τὴν
1475 2983 1786 3062 κατάληψιν
1816 2987 1912 3046 οὐκ

267 3072 434 3154 ἔγνω.

348 3165 474 3240 ις’.
519 3153 618 3224 Ἠν
651 3164 705 3223 δὲ
735 3168 838 3246 πρὸ
891 3166 1083 3224 τούτου
1146 3165 1236 3222 καὶ
1263 3163 1446 3241 ἕτερος
1475 3168 1576 3232 τῆς
1607 3168 1800 3229 κακίας
1834 3162 1912 3220 δι-

273 3251 544 3321 δάσκαλος
575 3257 799 3333 ταύτης,
845 3256 1086 3330 Ζαράνης
1146 3255 1394 3331 ὀνόματι,
1451 3255 1702 3333 ὁμόφρων
1750 3257 1909 3313 αὐτοῦ

269 3345 533 3426 ὑπάρχων
567 3364 584 3382 ·

267 3456 361 3498 τος
383 3437 634 3515 γεγόνασι
659 3434 865 3494 δώδεκα
893 3434 1045 3516 (19)⁶
1073 3437 1337 3501 Σισίννιος
1361 3436 1389 3493 6
1412 3435 1600 3492 τούτο.»
1625 3432 1903 3514 διάδοχος’

266 3527 356 3583 καὶ
392 3533 588 3602 Θωμᾶς
621 3529 648 3584 6
708 3529 770 3585 τὸ
812 3526 937 3586 κατ’
980 3527 1139 3584 αὐτὸν
1191 3527 1538 3605 Μανιχαῖκδν
1593 3524 1906 3604 εὐαγγέλιον

263 3615 520 3682 συντάξας
554 3633 572 3650 ⁶
613 3615 840 3682 Βουδδᾶς
867 3627 892 3660 ι
926 3637 1009 3692 τε,
1065 3616 1156 3674 καὶ
1203 3615 1431 3698 Ἐρμᾶς,
1475 3613 1764 3691 ’δἈδαντος,
1814 3615 1903 3672 καὶ

261 3702 628 3782 Ἀδείμαντος,
658 3708 717 3764 ὃν
777 3705 1118 3766 ἀπέστειλειν
1161 3707 1238 3770 εἰς
1267 3704 1494 3786 διάφορα
1526 3704 1762 3782 κλίματα
1790 3704 1901 3774 κῆ-

259 3815 393 3871 ρυκα
423 3799 524 3864 τῆς
569 3795 779 3874 πλάνης
812 3810 830 3829 ⁸
891 3795 1148 3877 ἐξηγηταὶ
1201 3794 1256 3853 δὲ
1288 3796 1432 3870 αὐτῷ
1459 3797 1549 3853 καὶ
1577 3795 1904 3872 ὑπομνημα-

254 3885 434 3941 τισταὶ
516 3883 832 3968 γεγόνασιν,
919 3883 1111 3964 Ἰέραξ,
1201 3886 1290 3944 καὶ
1355 3882 1737 3966 Ἡρακλείδης,
1811 3888 1901 3943 καὶ

257 3969 538 4053 ’Διρθόνιος
569 3985 594 4013 ⁸
621 3989 636 4006 ⁸
697 3977 945 4057 δπῆρχον
996 3974 1052 4033 δὲ
1103 3976 1248 4051 αὖτῷ
1276 3977 1364 4033 καὶ
1421 3975 1592 4054 ἕτεροι
1655 3973 1898 4046 μαθηταὶ

260 4075 437 4140 τρεῖς,
477 4063 744 4143 Ἀγάπιος
774 4066 804 4123 ὅ
841 4066 943 4134 τὴν
970 4063 1311 4144 Ἐπτάλογον
1342 4064 1624 4144 συντάξας,
1669 4065 1758 4122 καὶ
1798 4070 1902 4121 Ζα-

259 4151 444 4230 ρούας,
508 4155 597 4211 καὶ
641 4152 958 4232 Γαϐριάϐιος
993 4172 1014 4192 ⁶
1064 4152 1224 4237 [cod.
1257 4153 1301 4217 ί.
1329 4153 1454 4234 93.]
1488 4153 1684 4231 μηδεὶς
1715 4154 1904 4232 ἀναγι-

257 4243 516 4300 νωσκέτω
547 4245 609 4301 τὸ
666 4245 804 4301 κατὰ
856 4250 1052 4321 Θωμᾶν
1102 4243 1415 4323 εὖαγγέλιον
1455 4242 1582 4325 (20)
1610 4259 1625 4277 ⁸
1680 4247 1742 4304 οὐ
1795 4243 1900 4322 γὰρ

257 4331 406 4388 ἱστιν
435 4332 552 4399 ἐνὸς
583 4335 691 4391 τῶν
741 4332 946 4390 δώδεκα
993 4333 1334 4413 ἀποστόλων,
1364 4331 1487 4391 ἀλλ’
1520 4334 1638 4402 ἑνὸς
1666 4336 1773 4392 τῶν
1802 4333 1903 4390 δώ-

256 4418 387 4479 δεκα
444 4425 623 4480 κακῶν
681 4429 777 4480 τοῦ
845 4423 1187 4504 ἀντιχρίστου
1262 4424 1532 4488 Μάνεντος
1590 4427 1846 4500 μαθητῶν
1881 4442 1894 4458 ³

256 4511 401 4586 μήτε
443 4512 544 4580 τὴν
575 4511 913 4593 Ἐπτάλογον
971 4512 1233 4591 ’Δγαπίου
1268 4530 1286 4548 ⁸
1345 4515 1486 4590 μήτε
1516 4514 1617 4582 τὴν
1646 4519 1755 4571 τῶν
1785 4513 1899 4571 ἔπι-

256 4603 468 4658 στολῶν
499 4601 673 4679 ὃμάδα
710 4622 724 4638 ·
755 4604 898 4680 μήτε
929 4602 1029 4670 τὴν
1081 4608 1258 4660 πᾶσαν
1281 4605 1425 4682 παρὰ
1453 4604 1656 4662 τούτων
1687 4601 1899 4660 ἀσεϐῶν

1997 2089 2288 2154 racletum
2322 2089 2597 2162 adorant,
2631 2107 2808 2170 atque
2832 2091 2907 2151 ad
2937 2090 3024 2150 ΩΙ
3057 2106 3263 2167 regem
3292 2086 3637 2150 deducitur.

1999 2179 2392 2262 Exprobravit
2427 2178 2482 2240 ei
2515 2196 2620 2239 rex
2672 2176 3054 2240 mendacium
3083 2195 3283 2252 suum,
3320 2176 3645 2255 fugamque

2000 2277 2060 2333 et
2085 2269 2486 2350 captivitatem
2517 2266 2730 2338 irrisit;
2759 2266 2835 2328 de
2862 2267 2971 2329 ﬁlii
3001 2285 3152 2328 nece
3173 2283 3345 2328 reum
3369 2264 3639 2344 postula-

1999 2359 2082 2422 vit
2112 2367 2172 2422 et
2202 2355 2646 2435 condemnavit;
2680 2363 2860 2437 atque
2887 2356 2962 2418 ob
2995 2357 3147 2433 haec,
3172 2363 3230 2417 et
3261 2354 3336 2416 ob
3369 2371 3640 2416 carcera-

1992 2451 2222 2512 riorum
2257 2465 2500 2530 quoque
2531 2446 2924 2528 supplicium,
2983 2445 3281 2508 excoriari
3330 2445 3636 2508 Manetem

1995 2539 2297 2602 mandavit
2326 2538 2459 2618 lege
2489 2535 2754 2606 Persica.
2789 2544 2850 2598 et
2905 2555 3125 2617 corpus
3153 2535 3456 2616 reliquum
3488 2531 3635 2594 feris

1990 2628 2326 2692 vorandum
2354 2626 2504 2690 tradi
2539 2644 2553 2688 :
2588 2627 2862 2708 pessima)
2891 2625 3135 2688 demum
3166 2623 3384 2686 mentis
3413 2639 3634 2702 recep-

1993 2719 2280 2794 taculum,
2316 2728 2544 2791 cutem,
2588 2717 2862 2798 inquam,
2895 2714 3139 2778 utriculi
3192 2715 3408 2793 instar,
3443 2710 3634 2794 portis

1992 2807 2307 2890 suspendi.
2369 2807 2470 2870 Sic
2521 2806 2723 2888 itaque
2778 2806 2855 2882 is,
2890 2807 2994 2887 qui
3025 2804 3400 2867 Paracletum
3434 2821 3499 2865 se
3531 2819 3635 2882 ap-

1994 2897 2276 2981 pellabat,
2311 2904 2370 2959 et
2399 2897 2597 2958 futura
2627 2913 2995 2976 cognoscere
3042 2893 3378 2971 dictitabat,
3427 2891 3629 2973 fugam

1993 3008 2160 3053 suam
2194 2987 2924 3069 comprehensionemque
2956 3003 3078 3048 non
3108 2989 3291 3048 novit.

2072 3167 2228 3232 XVI.
2256 3167 2582 3231 Exstiterat
2623 3173 2822 3228 tamen
2859 3173 2998 3229 ante
3022 3165 3184 3227 hunc
3207 3163 3362 3228 alius
3392 3179 3631 3246 quoque

1990 3257 2276 3340 nequitiae
2294 3255 2870 3337 magister,Zaranes
2888 3254 3438 3335 nomine,ejusdem
3455 3260 3633 3333 atque

619 3347 854 3424 μαθηταὶ
889 3345 945 3403 δὲ
974 3345 1164 3403 τούτου
1193 3351 1286 3403 τοῦ
1330 3344 1676 3424 ἀντιχρίστου
1705 3344 1909 3402 Μάνεν-

1997 3347 2090 3410 hic
2113 3347 2456 3411 sententias.
2478 3345 2665 3406 Porro
2684 3344 3007 3409 Antichisti
3032 3343 3281 3406 Manetis
3305 3340 3628 3404 duodecim

1991 3435 2160 3498 fuere
2190 3434 2493 3516 discipuli:
2519 3433 2824 3495 Sisinnius
2848 3434 2981 3513 ejus
3002 3449 3337 3496 successor:
3364 3430 3630 3493 Thomas

1989 3526 2092 3609 qui
2125 3523 2565 3586 Manichaicum
2586 3523 2915 3584 secundum
2940 3540 3005 3584 se
3023 3523 3216 3603 ipsum
3242 3517 3625 3609 Evangelium

1990 3608 2279 3679 condidit:
2301 3609 3211 3695 Buddas,Hermas,Adantus,et
3231 3608 3624 3676 Ademantus,

1986 3724 2164 3789 quem
2191 3712 2559 3786 postremum
2585 3703 2656 3763 ad
2680 3701 2919 3764 diversa
2941 3700 3182 3764 climata
3210 3698 3376 3761 misit
3399 3695 3627 3758 erroris

1983 3795 2458 3878 praedicatorem.
2491 3791 2684 3873 Hujus
2702 3799 2903 3856 autem
2926 3791 3296 3871 interpretes
3317 3796 3379 3852 et
3397 3806 3431 3849 a
3451 3803 3626 3878 com-

1983 3876 2299 3948 inentariis
2313 3876 3623 3964 fueruntHierax,etIleraclides,etAphtho-

1982 3973 2336 4038 nius.Erant
2357 3972 2500 4035 huic
2523 3980 2581 4035 et
2600 3971 2702 4035 alii
2725 3970 3007 4050 discipuli
3033 3980 3176 4034 tres:
3202 3967 3493 4049 Agapius,
3521 3965 3624 4048 qui

1982 4065 2381 4146 Heptalogum
2407 4062 2770 4143 composuit,
2795 4069 2854 4123 et
2883 4061 3123 4133 Zaruas,
3150 4065 3208 4120 et
3237 4055 3618 4146 Gabriabius.

1981 4143 2271 4219 Caeterum
2302 4169 2479 4214 nemo
2516 4151 2668 4231 legat
2698 4150 3076 4230 evangelium
3102 4146 3436 4210 secundum
3454 4143 3622 4207 Tho-

1981 4263 2164 4322 mam;
2189 4260 2386 4323 neque
2410 4240 2571 4304 enim
2595 4250 2686 4302 est
2705 4240 2806 4302 hic
2830 4257 2984 4301 unus
3003 4237 3080 4301 de
3103 4236 3428 4299 duodecim
3453 4251 3624 4323 apos-

1984 4332 2255 4415 tolis,sed
2274 4322 2344 4394 ex
2357 4330 2679 4394 duodecim
2698 4329 2994 4411 improbis
3010 4327 3360 4390 Antichristi
3374 4322 3623 4387 Manetis

1982 4420 2530 4504 discipulis.Neque
2549 4437 2759 4483 rursus
2777 4417 2986 4499 Agapii
3001 4416 3623 4504 Heptalogum,neque

1982 4514 2375 4594 epistolarum
2392 4503 2979 4591 farraginemmeque
3001 4507 3188 4570 ullum
3218 4505 3292 4568 ab
3309 4507 3400 4567 his
3422 4503 3622 4594 impiis

1982 4593 2200 4665 librum
2217 4601 2613 4682 compositum
2630 4597 2867 4680 legatad
2883 4597 3202 4661 multorum
3217 4593 3619 4674 corruptelam

255 4689 570 4749 ἔκτεθεϊσαν
616 4690 799 4770 βίϐλον
845 4691 1283 4773 ἆνάγινωσκέτω,
1313 4695 1389 4759 εἷς
1434 4693 1613 4770 λὸμην
1651 4691 1892 4770 πολλῶν,

1997 4692 2362 4774 iroprizeque
2383 4693 2597 4752 animas
2615 4690 2887 4752 exitium.
2913 4690 3176 4751 Cunctos
3195 4685 3355 4747 enim
3377 4684 3618 4774 illorum

253 4781 345 4838 καὶ
388 4787 489 4847 τῆς
533 4769 733 4845 οἰκείας
780 4780 966 4861 ψυχῆς
1010 4769 1331 4838 ἀπώλειαν·
1367 4787 1546 4840 πᾶσαν
1590 4783 1692 4863 γὰρ
1724 4769 1897 4840 αὐτῶν

1997 4769 2192 4856 ibros,
2225 4769 2291 4843 ut
2314 4780 2518 4861 impiis
2546 4779 2842 4841 doctrinis
2865 4777 3155 4850 imbutos,
3185 4784 3243 4837 et
3276 4769 3623 4863 omnimoda

251 4869 439 4949 βίϐλον
469 4873 542 4937 ὡς
571 4869 742 4940 ἀσεϐῆ
789 4868 1091 4951 διδάγματα
1147 4871 1486 4953 κατέχουσαν
1514 4873 1605 4932 καὶ
1657 4871 1898 4954 βλασφη-

1982 4869 2357 4954 blasphemia
2368 4859 2693 4948 scatentes;
2709 4868 2974 4948 itemque
2988 4881 3199 4928 omnes
3211 4868 3517 4945 preces,ut
3529 4859 3620 4920 in-

1560 5048 1818 5115 VARIIE
1864 5047 2310 5116 LECTIONES.

333 5161 355 5190 "
379 5147 455 5214 Β.
488 5149 778 5228 λαλούμαι.
848 5159 870 5190 ⁸
894 5150 966 5232 Β.
1001 5148 1318 5232 ἰπικεκαλλ,
1398 5150 1525 5232 [Β.
1557 5153 1616 5232 ἡ.
1677 5160 1706 5194 ⁸
1735 5152 1809 5214 R.
1843 5150 2098 5232 gzps'QVnc.
2157 5151 2287 5232 '_R,
2323 5148 2412 5232 καὶ
2444 5162 2551 5228 pro
2583 5147 2654 5210 οἱ.
2721 5155 2748 5190 ⁸
2774 5143 2938 5232 IL};
2963 5159 3076 5232 pro
3104 5142 3218 5205 καί.
3274 5143 3412 5232 1B:
3443 5137 3620 5232 θηλει-

249 5253 372 5296 κου.
435 5219 768 5296 ιΜεηάοεθ
795 5231 954 5315 apud
983 5231 1265 5314 Cyrillum
1315 5229 1540 5308 Βαδδᾶς,
1573 5219 1650 5294 de
1679 5249 1796 5313 quo
1839 5219 1990 5295 falso
2039 5227 2329 5293 vocabulo
2358 5219 2577 5291 frustra
2625 5233 2830 5290 aestuat
2861 5219 3148 5288 Tut'tzeus.
3220 5237 3246 5268 ι
3274 5219 3353 5285 R.
3383 5219 3618 5285 Ἀθόνιος

1802 5336 2062 5405 NOTAE.

333 5432 460 5514 (19)
480 5431 849 5514 Augustinus
868 5431 1016 5495 haar.
1041 5431 1142 5498 46:
1170 5428 1548 5514 Manichaus
1573 5429 1892 5514 duodecim

247 5511 579 5595 discipulos
592 5513 904 5581 habuimd
918 5515 1118 5595 instar
1131 5511 1894 5595 apostolicinumeriquem

246 5593 572 5676 numerum
585 5595 912 5676 diariis/imi
938 5593 1234 5676 hodieque
1245 5593 1637 5676 custodiunt;
1649 5609 1798 5654 nam
1820 5608 1897 5655 ea:

246 5674 456 5742 electis
477 5677 606 5740 suis
623 5673 854 5740 habent
873 5673 1209 5753 duodecim,
1236 5691 1385 5758 quos
1413 5674 1728 5756 appellant
1760 5689 1894 5736 ma-

1973 5434 2193 5511 gistros
2219 5433 2283 5511 et
2313 5426 2558 5511 tertium
2586 5421 3280 5511 decimunlprincipem
3317 5423 3618 5511 ipsorum.

2056 5509 2187 5589 (ρο)
2216 5510 2301 5572 De
2325 5505 2837 5589 Pseudevangelio
2856 5502 3100 5589 Thema:
3119 5502 3384 5589 breviter
3405 5502 3619 5589 Fabri-

1978 5583 2107 5653 cius
2135 5583 2567 5670 cod.apocryp.
2589 5583 2920 5670 N_.T._tom_.
2942 5583 2990 5660 Ι,
3015 5604 3073 5670 p_.
3104 5585 3244 5670 3'19,
3285 5585 3408 5646 sive
3435 5584 3554 5670 hoc
3587 5600 3623 5643 a

1977 5662 2590 5737 Manichwo'aucfore
2619 5667 2821 5748 fuerit,
2854 5667 2981 5730 sive
3015 5662 3088 5729 ab
3121 5662 3242 5729 alio
3276 5662 3506 5751 quovis.
