4026 6226
491 329 646 396 1267

1821 317 1830 322 ’
1895 330 2125 393 PETRI
2177 326 2446 393 SICULI.

3706 331 3838 397 1268

484 464 788 546 scribunt,
825 482 1032 527 revera
1064 463 1392 544 praestigias
1435 463 1657 544 potius,
1692 469 1896 524 sancta
1928 472 2130 525 nostra

2219 466 2339 530 μίας
2388 467 2567 532 πέδης
2614 465 3075 544 πεπληρωμένην³
3124 469 3211 522 καῖ
3248 473 3421 522 πᾶσιν
3485 466 3840 546 531%,»):va-

487 556 786 619 catholica
814 561 876 614 et
904 554 1231 634 apostolica
1261 553 1528 616 Ecclesia
1559 553 1939 615 anathemate
1956 554 2130 614 dam-

489 654 614 717 nat,
649 664 767 707 una
796 663 937 706 cum
972 644 1211 706 illorum
1241 646 1333 704 22
1359 644 1719 726 scriptorum
1752 644 2128 717 auctoribus,

487 752 598 797 ceu
632 733 959 796 multorum
994 751 1470 814 magnorumque
1528 735 1818 796 malorum
1852 734 2131 795 invento-

488 822 657 888 ribus
688 841 756 886 ac
787 824 1043 888 ducibus
1075 823 1460 906 perditionis.

568 1089 756 1156 XVII.
789 1092 983 1156 Nemo
1016 1091 1193 1170 igitur
1219 1091 1291 1152 ab
1317 1091 1655 1154 animarum
1679 1088 2132 1170 corruptoribus

484 1180 831 1247 Manichwis
861 1181 1288 1243 detrimentum
1313 1182 1530 1261 capiat;
1567 1181 1668 1262 qui
1693 1180 1914 1260 jejunii
1945 1178 2132 1240 tristi-

487 1272 630 1334 tiam
686 1271 991 1352 palearum
1044 1272 1296 1333 decocto
1341 1271 1630 1332 simulant
1664 1291 1679 1331 :
1719 1270 1823 1350 qui
1857 1269 2132 1330 ciborum

487 1370 819 1426 creatorem
875 1362 1238 1442 vituperant,
1275 1362 1415 1422 dum
1468 1361 1852 1439 helluantur;
1886 1360 1986 1440 qui
2018 1359 2128 1418 do-

483 1461 647 1527 cent,
681 1469 818 1515 eum
853 1450 953 1532 qui
1016 1453 1193 1514 talem
1255 1451 1502 1513 herbam
1536 1451 1810 1530 vulserit,
1845 1450 1904 1510 in
1941 1449 2129 1528 ipsam

485 1543 616 1606 fore
647 1541 1142 1604 convertendum.
1191 1543 1343 1606 Nam
1396 1542 1445 1602 si
1509 1542 1582 1617 is,
1617 1540 1718 1620 qui
1749 1538 1996 1601 herbam
2033 1539 2135 1599 aut

485 1631 737 1714 quodvis
769 1631 900 1694 olus
930 1630 1209 1705 succidit,
1245 1632 1307 1692 in
1339 1631 1398 1691 id
1432 1631 1825 1699 convertitur,
1863 1628 2130 1710 profecto

485 1721 766 1800 agricolae
797 1727 857 1782 et
899 1721 1146 1782 olitores
1193 1721 1253 1781 in
1288 1721 1590 1800 quodnam
1624 1721 1841 1782 horum
1876 1735 2131 1780 conver-

484 1819 688 1874 tentur
712 1816 741 1874 ’ἶ
767 1808 916 1873 Nam
967 1819 1134 1873 certe
1180 1809 1458 1872 olitorem
1496 1810 1785 1891 plurimas
1816 1809 1876 1868 in
1908 1806 2130 1868 herbas
2156 1839 2189 1888 Β

482 1901 702 1963 falcem
737 1900 978 1962 mittere
1009 1902 1355 1975 cernimus;
1387 1907 1447 1960 at
1474 1900 1533 1960 in
1567 1917 1854 1980 quasnam
1889 1896 2131 1978 potissi-

480 2008 581 2054 me
610 1987 1184 2050 transformabitur?
1213 1989 1359 2052 Risu
1407 1989 1615 2050 hercle
1648 1989 1843 2067 digna:
1871 1993 2012 2046 sunt
2040 1986 2130 2046 hae

484 2078 799 2152 doctrinae,
834 2078 1132 2160 vituperio
1159 2087 1337 2160 atque
1360 2077 1523 2139 omni
1547 2077 1878 2156 ignominia
1912 2075 2125 2156 plenae.

481 2169 672 2245 Idem,
707 2178 869 2252 puta,
904 2171 999 2233 vir
1021 2171 1279 2250 pastoris
1303 2169 1568 2232 ofﬁcium
1600 2187 1840 2249 gerens,
1877 2177 1936 2229 et
1958 2185 2125 2228 ovem

484 2261 788 2338 mactavit,
822 2270 880 2324 et
912 2263 1118 2342 lupum
1169 2260 1514 2342 interfecit;
1548 2262 1609 2323 in
1648 2259 1950 2341 quodnam
1989 2275 2128 2336 ergo

488 2350 1066 2431 transﬁgurabitur?
1123 2348 1365 2412 laertia;
1415 2350 1524 2412 filii
1584 2348 1919 2428 Manichaei,
1978 2345 2129 2407 nihil

488 2450 813 2523 operantes
861 2439 1116 2504 aliorum
1180 2459 1364 2522 opera
1402 2440 1693 2502 devorant
1727 2457 1741 2501 :
1776 2437 1876 2519 qui
1910 2436 2063 2508 illos,
2097 2453 2134 2496 a

486 2530 710 2613 quibus
735 2530 854 2593 cibi
887 2529 974 2593 eis
1019 2531 1379 2602 offeruntur,
1413 2530 1733 2592 renidente
1763 2529 1928 2590 vultu
1961 2531 2130 2588 exci-

484 2620 684 2701 piunt,
743 2628 802 2682 et
860 2619 1309 2682 benedictionis
1364 2619 1497 2682 loco
1541 2618 1863 2681 maledicta
1907 2635 2128 2697 repen-

489 2707 664 2773 dunt.
698 2707 848 2771 Nam
879 2729 1014 2771 cum
1069 2711 1157 2772 eis
1190 2709 1516 2791 quidquam
1552 2709 1766 2771 stultus
1797 2707 2018 2787 aliquis
2049 2704 2134 2767 of-

487 2798 629 2875 fert,
664 2798 982 2862 Paululum
1021 2798 1270 2873 absiste,
1301 2799 1492 2870 aiunt,
1527 2806 1587 2860 et
1615 2797 1722 2859 tibi
1755 2797 2130 2858 benedicam.

487 2887 723 2952 Deinde
777 2908 992 2970 panem
1051 2908 1230 2950 manu
1287 2889 1617 2970 capientes,
1652 2886 1831 2948 sicuti
1887 2891 2133 2948 narrant

494 2980 600 3060 qui
632 2998 703 3041 ex
745 2978 988 3040 illorum
1041 2986 1202 3041 cmtu
1235 2986 1372 3039 sunt
1403 2976 1701 3051 conversi,
1747 2974 1869 3053 Ego
1901 2983 1958 3037 te
2011 2991 2132 3034 non

489 3066 634 3144 feci,
666 3068 1034 3131 Manichaaus
1081 3067 1279 3148 inquit
1310 3066 1490 3147 pani;
1525 3073 1584 3127 et
1613 3085 1748 3127 mox
1789 3066 1853 3126 iu
1887 3063 2130 3126 unicum

488 3158 684 3222 Deum
708 3157 1065 3218 altissimum
1117 3157 1436 3219 maledicta
1450 3156 1775 3236 jaculatur;
1801 3152 2108 3215 maledicit

493 3241 768 3327 inquam,
806 3247 978 3328 panis
1019 3253 1298 3326 creatori,
1332 3255 1510 3327 atque
1539 3245 1621 3307 ita
1653 3263 1777 3308 rem
1811 3242 1884 3304 ab
1916 3263 1987 3304 eo
2010 3242 2132 3303 fac-

496 3343 616 3397 tam
647 3335 934 3403 comedit.
967 3335 1152 3417 Atqui
1183 3336 1234 3398 si
1264 3334 1461 3398 oblata
1479 3335 1798 3408 odisti,cur
1817 3332 2135 3394 renidente

492 3423 660 3487 vultu
693 3424 1052 3488 offerentem
1094 3425 1414 3506 aspexisti?
1442 3424 1506 3488 Si
1537 3424 1703 3486 danti
1736 3422 1986 3503 gratiam
2020 3422 2134 3485 ha-

493 3512 626 3590 bes,
657 3533 766 3576 cur
797 3515 1048 3578 Auctori
1079 3524 1139 3577 et
1170 3513 1438 3578 Creatori
1497 3512 1934 3594 blasphemiam
1966 3512 2136 3572 retri-

492 3601 661 3668 buis?
689 3603 760 3666 Et
790 3604 1063 3686 insuper:
1097 3603 1219 3684 Ego
1272 3612 1328 3666 te
1375 3621 1497 3666 non
1526 3603 1676 3678 sevi,
1711 3602 1930 3679 inquit;
1961 3619 2133 3662 sera-

489 3699 612 3769 tur,
668 3693 772 3775 qui
834 3701 892 3756 te
930 3693 1117 3758 sevit!
1175 3693 1296 3774 Ego
1351 3701 1409 3756 te
1440 3711 1562 3754 non
1594 3692 1840 3768 messui;
1877 3690 2134 3753 falcibus

491 3783 594 3864 qui
623 3792 679 3845 te
712 3783 995 3846 messuit!
1031 3785 1156 3863 Ego
1189 3793 1247 3846 te
1279 3783 1419 3862 igne
1450 3801 1572 3844 non
1606 3782 1835 3852 assavi;
1871 3791 2128 3862 assetur,

493 3872 592 3954 qui
647 3881 703 3935 te
751 3874 1005 3936 assavit!
1068 3873 1425 3935 Praeclaram
1484 3873 1786 3934 enimvero
1839 3869 2132 3933 beneﬁcio

494 3961 838 4026 mercedem
862 3963 1096 4027 reddis.

569 4053 664 4114 23
677 4051 1103 4130 XVII[.Magna
1125 4049 1372 4132 quidem
1396 4051 1524 4113 haec
1537 4067 1781 4132 quoque
1805 4049 2132 4125 malasunt,

488 4143 702 4222 exigua
729 4153 932 4204 tamen
964 4143 1016 4203 si
1060 4159 1197 4203 cum
1229 4141 1482 4222 reliquis
1514 4148 1965 4220 comparentur.
2003 4144 2134 4202 Non

489 4232 688 4294 audeo
703 4230 940 4293 illorum
965 4231 1266 4292 lavacrum
1296 4248 1404 4292 nec
1426 4229 1579 4310 apud
1595 4229 1756 4290 viros
1770 4247 1964 4309 neque
1978 4229 2135 4309 apud

491 4320 750 4384 feminas
775 4319 1256 4400 prodere.Pudet
1275 4338 1369 4381 me
1393 4321 1668 4402 cuiquam
1692 4318 2127 4399 enarrare,qui-

491 4409 746 4474 busnam
783 4409 1022 4470 miseris
1075 4409 1389 4471 intinctam
1440 4410 1761 4470 mariscam
1797 4409 2132 4488 porrigant.

2117 3201 2193 3257 ’C

2216 555 2389 630 μένην
2429 556 2556 635 παρ’
2603 559 2802 630 αὐτῶν,
2850 557 3060 632 μᾶλλον
3104 554 3161 613 δὲ
3189 557 3466 636 γοητείανΙ
3503 559 3542 624 ἡ
3575 554 3693 612 καθ’
3717 559 3843 631 ἡμᾶς

2215 646 2340 723 ἁγία
2385 646 2650 713 καθολικὴ
2695 649 2783 704 καὶ
2843 646 3181 715 ἀποστολικὴ
3239 646 3548 714 Ἐκκλησία
3599 649 3841 719 ἀνεθεμά-

2215 757 2355 815 τισε1
2413 737 2552 811 μετᾶ
2611 735 2666 793 δὲ
2716 738 2840 801 τοὺς
2904 738 3221 813 ἐκθεμένους
3279 737 3441 801 αὒτὰς
3505 739 3582 797 ὡς
3643 735 3840 792 πολλῶν

2215 827 2303 882 καὶ
2347 825 2602 904 μεγάλων
2631 828 2813 884 κακῶν
2841 827 3129 908 ἐφευρετὰς
3153 829 3245 884 καὶ
3276 825 3508 904 ὁδηγοὺς
3541 825 3801 890 ἀπωλείας
3823 847 3836 862 ⁶

2217 913 2566 991 ἂνεθεμάτισε
2622 914 2678 973 δὲ
2721 918 2810 974 καὶ
2865 918 3070 980 πάντας
3105 919 3226 982 τοὺς
3258 916 3730 993 μαθητευομένους
3769 915 3840 972 ὕπ’

2216 1004 2416 1065 αὐτῶν.

2297 1091 2399 1155 ῐΖ’.
2452 1096 2546 1150 Διὸ
2606 1095 2796 1171 μηδεὶς
2843 1097 3278 1176 προσφθειρὲσθω
3322 1109 3444 1161 τοῖς
3491 1098 3838 1176 ψ’)χοιρθὸροις

2217 1183 2540 1263 Μανιχαίοις
2565 1201 2578 1214 ⁸
2615 1199 2733 1248 τοῖς
2768 1188 2994 1262 στυγνὸν
3022 1187 3125 1254 τῆς
3152 1187 3430 1266 νηστείας³
3459 1186 3684 1266 ἀχύρων
3711 1184 3841 1240 ὕδασι

2217 1274 2698 1349 προσποιουμένοις
2739 1294 2752 1308 ⁸
2786 1288 2903 1339 τοῖς
2952 1275 3302 1333 διαϐάλλουσι
3337 1277 3436 1352 μὲν
3464 1277 3561 1332 τὸν
3594 1281 3700 1330 τῶν
3726 1276 3841 1352 βρω-

2215 1362 2400 1435 μάτων
2446 1364 2762 1444 [ποιητὴν,]
2794 1363 3154 1444 λαιμαργοῦσι
3189 1363 3274 1445 [δέ
3372 1378 3494 1428 τοῖς
3529 1363 3839 1421 διδάσκουσιν

2216 1450 2297 1506 ὅτι
2345 1455 2371 1506 ὁ
2401 1451 2560 1522 τήνδε
2603 1455 2705 1520 τὴν
2746 1452 2981 1530 βοτάνην
3039 1455 3324 1526 ἐκτίλλων,
3373 1456 3449 1519 είς
3485 1455 3660 1521 αὐτὴν
3688 1476 3838 1530 μετα-

2214 1537 2468 1599 ϐάλλεται
2506 1558 2521 1573 ⁸
2557 1544 2601 1599 εί
2631 1543 2732 1621 γὰρ
2763 1546 2790 1599 ὃ
2815 1543 3089 1618 ἐκτέμνων
3120 1545 3357 1622 βοτάνην
3387 1542 3422 1611 ἦ
3457 1566 3508 1600 τι
3552 1549 3658 1600 τῶν
3689 1543 3838 1622 λαχάο

2216 1651 2320 1685 νων
2365 1633 2439 1696 εἷς
2485 1631 2615 1687 αὐτὸ
2645 1630 3066 1714 μεταϐάλλεται.³
3109 1633 3350 1712 γεωργοὶ
3379 1632 3405 1674 δ
3433 1633 3528 1688 καὶ
3576 1636 3836 1709 κηπουρῶν

2215 1720 2405 1784 παῖδες
2452 1722 2526 1784 εἰς
2555 1721 2697 1778 πόσα
2731 1720 3237 1798 μεταϐληθήσονται
3273 1741 3290 1803 ς

2213 1812 2486 1889 κηπουρὸς
2519 1810 2714 1888 ἤνεγκε
2745 1819 2845 1879 τὴν
2874 1811 3170 1892 δρεπάνην,
3227 1814 3299 1878 ὡς
3332 1813 3550 1886 δρῶμεν
3575 1827 3626 1884 ο,
3672 1813 3752 1867 καὶ
3778 1814 3834 1875 εἷς

2213 1913 2348 1956 ποῖα
2381 1899 2777 1977 μεταὸάλλεται
2809 1901 2912 1980 ἆρα
2947 1921 2963 1977 ;
2995 1901 3234 1979 γέλωτος
3257 1901 3472 1965 ἀληθῶς
3501 1911 3669 1960 ταῦτα
3701 1899 3835 1979 (cod.

2214 1987 2258 2049 ἶ.
2294 1989 2372 2050 93
2405 1988 2488 2068 b.]
2523 1991 2587 2045 τὰ
2615 1989 2918 2067 διδάγματα
2949 1992 3038 2047 καί
3067 1997 3092 2036 ά
3124 1992 3526 2066 καταγνώσεως
3586 1992 3759 2068 πλήρη
3795 1999 3831 2069 ⁸,

2212 2082 2306 2135 καί
2353 2080 2536 2147 πάσης
2583 2081 2847 2160 αἰσχύνης
2883 2100 2900 2115 ’
2933 2083 2960 2136 ὁ
3001 2081 3160 2145 αὐτὸς
3205 2081 3339 2158 ἀνὴρ
3382 2082 3599 2156 ποιμὴν
3629 2080 3699 2138 ὢν
3729 2102 3834 2158 προ·

2212 2165 2412 2243 ϐάτων,
2456 2170 2544 2226 καὶ
2590 2167 2858 2248 πρόϐατον
2903 2169 3073 2243 ἔθυσε,
3123 2171 3214 2226 καὶ
3275 2170 3437 2226 λύκον
3491 2171 3790 2227 ἀπέκτεινεν
3818 2185 3830 2199 ·

2212 2257 2284 2322 είς
2327 2271 2490 2314 ποῖον
2534 2257 2635 2336 ἄρα
2680 2255 3076 2333 μεταϐάλλεται
3112 2279 3130 2331 ;
3176 2259 3362 2338 ἀργίας
3421 2258 3629 2338 ἔγγονα
3686 2267 3832 2316 Μανι-

3327 1723 3463 1779 κατὰ
3516 1723 3778 1779 τοσούτων
3813 1726 3835 1776 ὁ

2213 2361 2374 2427 χατοι
2421 2352 2468 2404 οἱ
2514 2350 2590 2424 μὴ
2635 2349 3012 2429 ἐργαζόμενοι²
3073 2353 3161 2406 καὶ
3205 2351 3270 2405 τὰ
3313 2357 3423 2406 τῶν
3483 2350 3831 2429 ἐργαζομένων

2213 2438 2582 2504 κατεσθίοντες
2631 2437 2762 2518 (21)
2807 2441 2858 2496 οἱ
2903 2440 3025 2503 τοὺς
3096 2439 3500 2519 προσφέροντας
3565 2443 3744 2503 αὐτοῖς
3779 2441 3831 2495 τὰ

2214 2527 2475 2605 βρώματα
2534 2526 2777 2603 μειδιῶσι
2838 2530 3150 2607 προσώποις
3207 2527 3532 2608 δεχόμενοι,
3598 2531 3684 2586 καὶ
3740 2530 3832 2585 ἀντῖ

2216 2616 2466 2695 εὐλογίας
2498 2619 2734 2694 κατάρας
2786 2619 2973 2684 αὐτοῖς
3022 2616 3397 2684 ἀντιδιδόντες.
3431 2619 3610 2678 ’Ὅταν
3639 2621 3732 2698 γάρ
3766 2640 3830 2679 τις

2219 2710 2404 2771 αὐτοῖς
2449 2729 2500 2764 τι
2545 2706 2884 2788 προσενέγκῃ
2929 2709 3181 2781 ἀνόητος,
3263 2712 3466 2786 Μικρὸν
3532 2709 3657 2785 ἔξω,
3699 2710 3828 2788 φηιή⁷

2219 2799 2373 2863 στῆθι
2418 2797 2517 2854 καῖ
2561 2798 2768 2876 εὐλογῶ
2829 2819 2914 2858 σε.
2989 2799 3128 2857 Εἶτα
3187 2796 3472 2874 δεξάμενος
3529 2803 3607 2862 εἷς
3665 2812 3830 2878 χεῖρας

2214 2888 2305 2942 τὸν
2339 2886 2520 2963 ἄρτον,
2559 2888 2632 2949 ὡς
2677 2890 2724 2944 οἱ
2769 2887 2822 2954 ἐξ
2855 2892 3027 2946 αὐτῶν
3080 2890 3520 2962 μετανοήσαντες
3584 2887 3830 2964 ἐξωμολο·

2217 2976 2480 3051 γήσαντο,
2507 2977 2651 3054 Ἐγώ
2681 2998 2740 3032 σε
2773 2981 2870 3036 οὒκ
2900 2977 3154 3056 ἐποίησα,
3187 2979 3346 3057 φησὶν
3379 2981 3406 3035 δ
3439 2985 3746 3059 Μανιχαῖος
3772 2984 3831 3050 τῷ

2217 3063 2384 3144 ἄρτῳ,
2434 3067 2526 3124 καὶ
2566 3067 2805 3145 κατάρας
2850 3068 3054 3143 πέμπει
3099 3069 3172 3132 είς
3217 3069 3310 3123 τὸν
3367 3068 3539 3142 μόνον
3596 3070 3722 3124 Θεὸν
3759 3069 3832 3122 τὸν

2215 3154 2466 3232 ὕψιστον,
2518 3157 2609 3212 καὶ
2647 3156 2943 3234 καταρᾶται
2986 3159 3079 3213 τὸν
3123 3157 3467 3224 πεποιηκότα
3528 3161 3687 3215 αὖτόν
3719 3178 3730 3190 ο
3762 3159 3835 3211 καὶ

2218 3245 2385 3308 οὕτως
2433 3247 2591 3302 ἐσθίει
2623 3248 2680 3302 τὸ
2715 3247 3085 3322 πεποιημένον
3122 3263 3136 3278 ⁸
3191 3248 3237 3304 εἰ
3291 3263 3473 3322 μισετς
3508 3250 3608 3311 τὰς
3639 3248 3830 3327 τροφᾶς,

2217 3335 2268 3390 τί
2300 3333 2575 3411 μειδιῶντι
2595 3334 2617 3375 ί
2642 3337 2917 3412 προσώπῳ
2946 3335 3260 3413 ἀπέϐλεψας
3291 3344 3368 3411 τῷ
3393 3338 3829 3415 προσενέγκαντις

2219 3424 2264 3480 εἰ
2310 3430 2386 3498 τῷ
2431 3423 2709 3502 ἐνέγκαντι
2755 3423 2909 3504 ἔχεις
2962 3425 3148 3505 χάριν.
3206 3423 3293 3482 διὰ
3335 3426 3385 3481 τί
3427 3439 3454 3478 σ
3490 3426 3722 3502 πέμπεις
3772 3431 3832 3494 τῷ

2217 3514 2677 3570 κατασκιυάσαντι
2723 3516 2812 3569 καὶ
2853 3512 3315 3592 δημιουργήσαντι
3371 3522 3488 3588 Θεῷ
3536 3520 3636 3582 τὴν
3682 3513 3831 3591 βλασ-

2216 3604 2425 3682 φημίαν
2457 3621 2474 3680 ;
2526 3606 2622 3661 Καὶ
2653 3601 2816 3661 πάλιν
2849 3619 2867 3637 ο
2905 3602 3049 3680 Ἐγώ
3080 3625 3138 3659 σε
3169 3603 3267 3660 οὒκ
3316 3605 3542 3682 ἔσπειρα
3573 3605 3624 3674 ιι,
3671 3603 3830 3681 φησίν

2217 3692 2447 3771 σπαρείη
2488 3692 2561 3750 ίὸ
2599 3695 2818 3771 σπείρας
2863 3713 2947 3752 σι.
2983 3693 3128 3772 Ἐγώ
3179 3714 3239 3749 σε
3289 3695 3384 3750 οὐκ
3441 3694 3679 3774 ἐθέρισα³
3734 3692 3832 3770 δρε-

2216 3782 2411 3844 πάναις
2471 3783 2735 3861 θερισθείη
2781 3784 2809 3838 ὁ
2845 3785 3058 3862 θερίσας
3118 3805 3177 3839 σε
3215 3803 3228 3816 ·
3301 3775 3412 3861 ἐγώ
3471 3806 3534 3839 σε
3594 3783 3721 3861 πυρῗ
3759 3781 3836 3836 οὒκ

2215 3872 2471 3951 ὤπτησα,
2519 3871 2782 3939 ὀπτηθείη
2833 3873 2861 3928 ὁ
2918 3873 3164 3943 ὀπτήσας
3195 3893 3279 3933 σε.
3313 3872 3465 3931 Καλὰ
3493 3874 3566 3930 τὰ
3597 3870 3833 3951 ἀμοιϐαῖα

2216 3967 2316 4030 τῆς
2349 3963 2604 4040 χάριτος.

2297 4044 2410 4112 ΙΗ’.
2460 4051 2682 4129 Μεγάλα
2720 4051 2818 4126 μὲν
2867 4051 3010 4108 κακὰ
3050 4051 3138 4108 καὶ
3183 4061 3348 4111 ταῦτα
3375 4068 3389 4083 ’
3426 4051 3551 4109 ἀλλ’
3588 4052 3666 4110 ἔτι
3696 4051 3835 4127 μικρὰ

2217 4145 2350 4222 πρὸς
2381 4144 2445 4199 τὰ
2483 4141 2621 4198 ἄλλα
2657 4162 2670 4174 ·
2705 4145 2766 4200 οὗ
2797 4140 2983 4214 τολμῶ
3013 4139 3098 4197 ἐπ’
3135 4140 3336 4220 ἂνδρῶν
3376 4144 3462 4198 καὶ
3501 4148 3766 4221 γυναικῶν
3790 4140 3837 4194 τὸ

2218 4231 2439 4310 λουτρὸν
2473 4231 2598 4310 (2'2)
2642 4233 2812 4288 αὐτῶν
2871 4229 3260 4310 διηγήσασθαι.
3321 4232 3394 4290 Οὒ
3453 4233 3644 4307 τολμῶ
3688 4234 3834 4287 εἰπεῖν

2219 4326 2320 4379 τίνι
2373 4320 2740 4398 ἐμϐάπτοντες
2785 4322 2885 4388 τήν
2929 4320 3161 4401 ἰσχάδα,
3204 4335 3323 4384 τοῖς
3371 4323 3571 4388 ἀθλίοις
3604 4321 3792 4378 διδόασι
3821 4335 3833 4347 ⁸

2223 4409 2387 4494 [Οοὸ.
2421 4410 2462 4472 f.
2497 4410 2634 4491 94.]
2679 4407 2763 4466 διὰ
2795 4413 3087 4484 συσσήμων
3119 4409 3284 4486 μόνον
3313 4410 3599 4479 δηλούσθω
3634 4427 3648 4441 ⁵
3682 4407 3838 4486 ἄνδρες

490 4498 874 4564 Ηωοιεηῑιιιῐι
892 4497 1437 4580 perconsciasigna
1462 4499 1818 4574 pandantur:
1842 4498 1950 4559 viri
1976 4499 2130 4560 enim

2223 4501 2322 4580 γὰρ
2369 4502 2435 4557 τὸ.
2464 4500 2520 4556 ἓν
2549 4513 2670 4564 τοῖς
2701 4499 3088 4576 ἐνυπνιασμοτς
3132 4500 3582 4576 ἐνθυμείσθωσαν,
3630 4502 3718 4557 καὶ
3755 4521 3839 4575 γυ-

492 4607 630 4672 quae
646 4587 835 4650 sibiin
849 4570 1105 4651 somniis
1119 4570 1725 4669 eveniu'nt,cogitent;
1740 4587 2130 4671 feminae,qua

2224 4570 2412 4655 sintne:
2454 4595 2522 4647 τὰ
2565 4589 2620 4647 ἒν
2669 4587 2915 4669 ἀφεδροις
2950 4570 2971 4626 ο*
3027 4570 3314 4666 μιαίνομεν
3346 4591 3375 4634 Ῑι
3402 4592 3477 4655 ὠς
3509 4570 3724 4658 ἀληθῶς
3752 4570 3838 4643 τὸ¹

492 4680 558 4743 in
593 4680 939 4744 menstruis.
964 4680 1125 4744 Vere
1157 4698 1224 4744 os
1251 4679 1642 4761 inquinamus
1674 4677 1816 4741 talia
1842 4677 2130 4744 dicentes.

2225 4679 2400 4758 στόμα
2442 4687 2608 4737 ταῦτα
2667 4677 2918 4758 λέγοντες
2952 4693 2968 4710 ⁶
3023 4680 3101 4754 μὴ
3147 4678 3420 4748 ’Ἕλληνες
3451 4681 3653 4738 τούτων
3685 4697 3836 4753 μυσα-

1825 4854 2083 4921 VARIIE
2112 4853 2543 4922 LECTIONES.

575 4971 604 5054 Ρ
640 4972 714 5036 Β.
770 4968 1037 5054 λεωργοίἒ
1104 4986 1131 5016 ο
1157 4971 1234 5036 Β.
1299 4973 1528 5054 ὁρῶμαι.
1613 4967 1640 5012 ἀ
1669 4969 1854 5054 Deest
1883 4970 1983 5054 mi
2015 4970 2181 5054 apud
2213 4969 2288 5035 Β,
2373 4986 2399 5015 e
2427 4967 2574 5033 Cod,
2637 4969 2878 5051 πλήρης.
2964 4971 2986 5016 t'
3011 4969 3088 5034 ῃ,
3135 4968 3354 5048 μειδιῶν
3395 4976 3496 5046 τῷ,
3578 4981 3608 5025 ς
3641 4970 3714 5034 Β,
3743 4969 3838 5025 aut

494 5078 524 5123 I
553 5051 631 5118 Β.
665 5049 891 5132 ἑπιιραξ
927 5049 974 5090 ’ί
1004 5051 1082 5118 Β.
1115 5049 1338 5133 παρίει(
1408 5056 1438 5100 ι
1471 5053 1550 5116 Β.
1581 5053 1884 5129 μιαίνομαι,
1973 5050 1986 5086 ¹
2013 5049 2086 5116 R,
2118 5053 2206 5112 τά.

2070 5227 2298 5295 NOTAE

575 5361 704 5444 (21)
732 5363 1101 5444 Augustinus
1130 5365 1277 5429 hair.
1312 5365 1412 5444 46,
1473 5364 1551 5428 de
1608 5363 1953 5427 Manichaais
2005 5364 2086 5428 ait
2118 5381 2132 5425 :
2223 5369 2382 5425 niam
2419 5380 2563 5426 mox
2595 5361 2970 5428 Eucharistia
3001 5362 3506 5444 innuiturtquam
3537 5368 3762 5424 veteres
3786 5356 3835 5417 il-

490 5441 770 5529 Nihil'in
817 5441 984 5529 agris
1037 5441 1402 5529 oper-antes;
1437 5464 1547 5509 nec
1576 5463 1760 5527 poma
1793 5454 2134 5529 carpentes,
2221 5444 2338 5506 lico
2361 5453 2495 5524 post
2527 5444 2886 5529 baptismum
2919 5446 3260 5529 sumebant.
3295 5441 3629 5529 Utrumque
3658 5450 3830 5529 autem

491 5542 608 5608 nec
637 5519 870 5608 saltem:
895 5519 1242 5608 folia'ulla
1271 5519 1595 5600 vellentes;
1635 5519 1990 5608 exspectant
2017 5519 2142 5590 haec
2221 5519 2662 5608 sacramentum
2717 5526 2983 5608 pessima
3013 5525 3281 5608 parodia
3312 5519 3618 5608 Manichmi
3652 5519 3830 5608 profa—

492 5604 710 5689 απεςῖξ
735 5603 1111 5689 ysibusjuis
1143 5606 1219 5669 ab
1245 5608 1637 5689 auditoribus
1665 5603 1819 5673 suis.
1975 5687 1984 5689 4
2048 5687 2058 5689 4
2095 5687 2104 5689 _
2224 5605 2468 5678 nabant.
2501 5605 2586 5689 De
2624 5603 2892 5689 secundo
2925 5603 3166 5689 quidem
3197 5606 3383 5674 tradit
3411 5603 3707 5670 horrenda
3733 5603 3832 5664 Auv

579 5683 705 5766 (22)
735 5684 922 5767 Recte
951 5685 1195 5767 Tutaaus
1226 5689 1384 5767 apud
1411 5687 1698 5767 Cyrillum
1734 5686 2017 5764 intelligit
2047 5687 2144 5749 hic
2225 5689 2500 5766 gustinus
2529 5688 2680 5754 baer.
2717 5687 2818 5759 46,

491 5762 799 5829 lavacrum
823 5764 1107 5851 baptismi
1133 5762 1330 5846 potius
1349 5762 1526 5853 quam
1551 5762 2147 5855 balneationes,quo-

3971 149 3984 338 ί
