4026 6226
196 365 355 436 1269

1365 359 1724 426 HISTORIA
1772 357 2389 422 MANICH/EORUM.

3403 348 3558 415 1270

187 499 414 580 ρώτεροι
434 505 465 576 ’ς
499 500 577 577 μὴ
609 497 862 560 Ἰουδαῖοι
894 499 1096 557 τούτων
1146 495 1488 580 ἀσεϐέστεροι
1519 515 1536 576 ;
1573 494 1652 570 μὴ
1695 515 1815 572 πορ·

1916 491 2074 554 Num
2103 489 2330 580 ethnici
2362 487 2457 551 his
2485 485 2797 580 foediores?
2827 504 2969 580 num
2998 485 3192 580 Judaei
3223 485 3318 550 his
3348 485 3552 580 scele-

189 593 431 653 νεύοντες
476 593 680 650 τούτων
737 591 1209 669 ἀκαθαρτότεροις
1259 579 1316 646 Ὀ
1390 588 1488 661 μὲν
1547 584 1649 663 γὰρ
1692 606 1832 662 πορ-

188 684 404 756 νεύσας,
438 683 565 758 μίαν
615 680 759 759 ὤραν
811 679 882 735 δι’
927 679 1206 753 ἐπιθυμίαν
1253 674 1402 734 τελεῖ
1436 676 1534 742 τὴν
1599 672 1780 751 πρᾶξιν
1813 693 1827 706 ·

1915 581 2136 642 stiores
2159 578 2184 642 ἲ
2207 597 2347 641 num
2374 587 2573 642 scorta
2594 579 2688 640 his
2710 578 3072 659 impuriora?
3096 579 3244 641 Nam
3270 577 3371 658 qui
3395 593 3555 638 scor-

1914 678 2090 747 tatur,
2127 688 2244 732 una
2275 670 2422 730 hora
2451 668 2794 748 cupiditatis
2824 686 2948 730 sua:
2975 679 3172 730 actum
3210 668 3460 748 peragit,
3498 675 3556 728 et

184 757 615 851 καταγινώσκων
666 757 727 826 δὲ
785 770 882 836 τῆς
956 769 1199 846 πράξεως
1257 768 1331 831 ὡς
1390 765 1651 840 μιανθεὶς,
1713 760 1815 818 οἶδε

1913 778 2048 821 mox
2083 759 2219 822 lacti
2255 760 2576 839 pcrnitens,
2606 757 2844 820 lavacro
2871 767 3150 838 tanquam
3190 757 3459 837 impurus
3489 774 3553 817 se

185 845 416 940 λουτροῦ
457 858 830 939 ἐπιδεόμενος,
888 845 1282 936 καὶνγινώσκει
1339 860 1437 922 τῆς
1496 853 1736 933 πράξεως
1768 853 1815 908 τε

1911 867 2092 940 egere
2122 849 2255 918 scit.
2288 858 2346 910 et
2375 855 2523 940 actte
2554 847 2640 940 rei
2671 847 3001 940 foeditatem
3035 847 3325 940 agnoscit.
3361 845 3546 940 Mani-

186 951 428 1029 μυσαρὸν
459 964 500 994 ιιι
532 968 547 984 ⁶
583 953 611 1007 ὁ
655 949 710 1006 δὲ
743 956 1076 1028 Μανιχαῖος,
1123 945 1499 1023 θυσιαστηρίου
1530 942 1719 1020 μέσον,
1754 942 1826 1005 ὡς

185 1042 417 1115 νομίζει,
453 1047 617 1098 ταῦτα
661 1041 837 1106 τίθησι
880 1039 969 1094 καὶ
1027 1037 1225 1113 μιαίνει
1285 1037 1370 1092 καὶ
1423 1034 1524 1101 τὴν
1576 1031 1826 1110 γλῶσσαν

186 1134 280 1188 καὶ
306 1133 368 1187 τὸ
400 1132 594 1206 στόμα·
632 1127 775 1208 παρα
823 1130 1058 1186 τοιούτου
1089 1127 1380 1204 στόματος,
1407 1123 1531 1202 λέγε
1563 1119 1826 1201 μοι,δέχῃ

185 1219 530 1278 διδασκαλίαν
563 1240 580 1292 ;
615 1230 799 1278 τοῦτον
843 1215 898 1274 δὲ
954 1216 1089 1281 ὅλως
1139 1217 1454 1285 ἀπαντήσας
1512 1213 1726 1287 ἀσπάζῃ
1770 1209 1825 1266 έν

187 1310 459 1390 φιλήματι
493 1327 510 1386 ;
543 1309 668 1388 ἆρα,
701 1309 870 1388 χωρὶς
900 1313 998 1376 τῆς
1049 1306 1245 1374 λοιπῆς
1300 1302 1568 1376 ἀσεϐείας,
1604 1301 1663 1390 ού
1691 1301 1823 1380 φεύ-

186 1389 306 1477 γεις
351 1401 469 1462 τοὺς
512 1397 955 1474 μεμολυσμένους
1005 1406 1033 1439 ιι
1092 1398 1177 1452 καὶ
1239 1395 1454 1452 πάντων
1509 1389 1825 1448 ἀκολάστων

189 1489 469 1570 χείρονας,
513 1490 636 1550 τοὺς
694 1488 875 1554 πάσης
937 1485 1284 1565 προεστώσης
1361 1479 1820 1570 μυσαρωτέρουςς

188 1567 554 1657 παραγγέλλει
597 1584 761 1634 ταῦτα
791 1575 983 1634 λοιπὸν
1011 1579 1046 1644 ἡ
1091 1573 1414 1644 Ἐκκλησία,
1459 1573 1548 1629 καὶ
1588 1567 1823 1626 διδάσκει

187 1656 280 1724 καὶ
307 1667 532 1724 ἅπτεται
561 1664 855 1745 βορϐόρων,
878 1664 974 1723 ἵνα
1000 1665 1062 1722 σὺ
1086 1665 1163 1732 μὴ
1193 1661 1556 1741 βορϐορωθῇςο
1593 1659 1742 1736 λέγει
1760 1656 1826 1713 τὰ

185 1756 486 1835 τραύματα,
519 1756 614 1812 ἵνα
643 1757 706 1812 σὺ
754 1758 834 1822 μὴ
883 1757 1304 1832 τραυματισθῇς.
1338 1752 1527 1830 Ἀρκεῖ
1565 1747 1622 1806 δέ
1651 1769 1734 1804 σοι
1764 1746 1827 1801 τὸ

1908 939 2324 1004 chaausautem
2350 938 2546 1000 medio
2571 937 2631 998 in
2654 938 2920 1009 altari,ut
2938 939 3257 1018 putat,ltaac
3277 937 3547 1017 exponit,

1906 1027 2289 1109 linguamque
2339 1027 2517 1089 simul
2563 1035 2622 1088 et
2662 1046 2731 1088 os
2763 1036 3146 1105 conspurcat.
3177 1027 3346 1088 Tunc
3371 1026 3555 1104 igitur

1909 1118 2008 1179 tali
2041 1118 2116 1179 ab
2149 1137 2278 1193 ore,
2311 1117 2430 1190 dic,
2466 1117 2672 1198 sodes,
2693 1117 3032 1180 doctrinam
3065 1116 3352 1197 suscipis?
3377 1117 3551 1179 Hunc

1908 1213 1972 1268 tu
2004 1208 2306 1269 hominem
2339 1224 2475 1269 cum
2535 1207 2588 1268 ei
2649 1206 2943 1282 occurris,
3007 1207 3211 1270 osculo
3272 1205 3548 1269 salutas?

1907 1297 2083 1373 Num,
2118 1301 2340 1372 omissa
2393 1299 2578 1362 etiam
2610 1299 2879 1380 qualibet
2910 1300 3028 1362 alia
3060 1300 3389 1381 impietate,
3427 1319 3548 1362 non

1907 1388 2142 1469 defugis
2172 1389 2363 1452 fcedos
2419 1389 2553 1463 hos,
2591 1397 2650 1451 et
2707 1390 2981 1470 quolibet
3012 1390 3240 1452 cinaado
3275 1391 3542 1469 pejores,

1906 1485 2086 1559 atque
2114 1485 2275 1540 omni
2311 1477 2647 1556 prostibula
2677 1479 3156 1542 detestabiliores
3177 1486 3204 1542 ?
3257 1481 3544 1542 Czeterum

1909 1568 2220 1631 denuntiat
2244 1569 2373 1631 haec
2421 1568 2715 1644 Ecclesia,
2747 1578 2804 1631 et
2834 1588 3072 1632 omnum
3105 1569 3546 1650 quodammodo

1909 1658 2170 1738 attingit,
2205 1677 2281 1722 ne
2315 1665 2374 1720 tu
2422 1659 2799 1739 inquineris:
2837 1661 3081 1722 vulnera
3113 1669 3339 1730 narrat.
3375 1678 3452 1721 ne
3482 1668 3545 1721 tu

1907 1748 2266 1810 vnlnereris.
2300 1747 2458 1810 Satis
2487 1757 2615 1811 esto
2644 1749 2748 1810 tibi
2781 1767 2908 1811 rem
2967 1750 3245 1823 novisse;
3304 1750 3547 1829 experi-

186 1844 378 1903 εἰδέναι
407 1859 434 1889 ο
461 1846 626 1915 μόνον
662 1862 676 1876 ⁶
708 1847 770 1902 τὸ
804 1843 858 1902 δὲ
897 1858 1091 1923 πεῖραν
1121 1842 1308 1900 λαϐεῖν
1351 1841 1590 1933 ἀπέχου.
1619 1841 1815 1914 Βροιοτῆ

1912 1847 2180 1933 mentum
2211 1856 2429 1919 capere
2458 1857 2625 1901 cave.
2657 1838 2851 1900 Tonat
2877 1839 3068 1917 Deus,
3103 1848 3162 1901 et
3184 1841 3384 1902 cuncti
3415 1848 3540 1901 tre-

182 1938 342 2009 Θεὸς,
376 1937 460 1991 καὶ
491 1935 685 2000 πάντες
717 1934 978 2013 τρίμομεν
1009 1945 1058 2011 Ρ,
1111 1935 1350 1990 κάκεῖνοι
1384 1930 1766 2008 βλασφημοῦσι
1805 1943 1819 1959 ·

181 2025 475 2103 ἀστράπτει
522 2032 679 2102 Θεὸς,
723 2027 812 2082 καὶ
870 2025 1064 2090 πάντες
1122 2025 1195 2086 εἷς
1251 2027 1356 2101 γῆν
1414 2017 1819 2094 ἑπικλινύμεθα,

178 2115 428 2172 κᾶκεῖνοι
482 2116 599 2195 περὶ
656 2114 875 2193 οὐρανὸν
933 2115 1024 2180 τὰς
1055 2113 1364 2192 δυσφήμους
1396 2110 1587 2190 ’έχουσι
1633 2105 1819 2195 γλώσέ-

177 2226 278 2268 σας
315 2219 330 2236 ⁸
364 2194 573 2271 Ἰησοῦς
606 2207 632 2260 ὃ
677 2211 865 2283 Κῦριος
908 2207 996 2260 καὶ
1029 2205 1159 2274 Θεὸς
1191 2205 1349 2278 ἡμῶν
1379 2199 1529 2278 λέγει
1574 2197 1694 2275 περὶ
1726 2194 1819 2252 τοῦ

178 2295 386 2373 Πατρὸς
441 2298 623 2375 αὒτοῦ,
679 2294 760 2350 ὅτι
816 2296 919 2353 Τὸν
952 2291 1111 2372 [cod.
1145 2291 1187 2355 τ.
1220 2291 1302 2355 94
1331 2289 1419 2371 ιλ]
1462 2289 1617 2358 ἥλιον
1661 2288 1820 2345 αὐτοῦ

175 2383 459 2440 ἀνατέλλει
524 2383 611 2442 ἰπὶ
668 2384 935 2462 πονηροὺς
996 2385 1084 2441 καὶ
1151 2383 1405 2462 ἀγαθοὺς,
1472 2381 1560 2437 καὶ
1630 2375 1817 2455 βρέχει

179 2473 269 2530 ἐπὶ
310 2472 540 2536 δικαίους
615 2475 705 2530 καὶ
763 2472 998 2550 ἀδίκους,
1045 2473 1290 2540 κάκεῖνοι
1334 2471 1590 2550 λέγουσιν
1633 2465 1716 2523 ὅτι
1767 2463 1820 2530 ἐξ

177 2563 446 2640 ἐρωτικῆς
503 2565 695 2638 μανίας
743 2563 978 2644 γίνονται
1013 2580 1026 2594 ⁸
1082 2564 1170 2620 καὶ
1214 2560 1455 2638 τολμῶσι
1498 2557 1699 2636 λέγειν,
1736 2553 1818 2612 ὅτι

178 2652 295 2710 ’ἐστι
350 2675 432 2718 τις
489 2653 745 2732 παρθένος
803 2653 857 2710 έν
889 2653 1094 2734 ούρανῷ
1123 2650 1330 2720 εὐειδὴς
1361 2650 1498 2726 μετὰ
1541 2647 1818 2703 νεανίσκου

179 2740 408 2806 εύειδους
439 2752 486 2818 «ι,
525 2743 612 2799 καὶ
641 2744 781 2801 κατὰ
809 2744 900 2800 τὸν
929 2749 1037 2800 τῶν
1067 2741 1384 2818 καμήλωνῆ
1406 2740 1583 2798 λύκων
1603 2737 1814 2815 καιρὸν,

177 2833 303 2898 τοὺς
347 2837 444 2900 τῆς
483 2833 711 2912 αἰσχρᾶς
765 2834 1043 2908 ἔπιθυμίας
1075 2834 1288 2911 καιροὺς
1319 2831 1470 2912 ἔχειν
1505 2845 1520 2859 ⁸
1555 2828 1641 2886 καὶ
1678 2824 1817 2882 κατὰ

176 2924 274 2980 τὸν
314 2929 408 2980 τοῦ
437 2924 710 3003 χειμῶνος
767 2922 954 3002 καιρὸν
993 2921 1274 2999 μανιωδῶς
1307 2922 1466 2979 αὐτὸν
1509 2915 1814 2996 ἐπιτρέχειν

179 3014 252 3088 τῇ
281 3011 524 3087 παρθένῴ
562 3030 574 3044 ⁶
609 3012 699 3068 καὶ
742 3012 840 3078 την
883 3011 981 3088 μὲν
1014 3026 1038 3056 ι’
1087 3014 1323 3089 φεύγειν,
1355 3012 1446 3066 τὸν
1498 3005 1554 3063 δὲ
1597 3003 1814 3084 ἔπιτρέ-

178 3122 352 3182 χοντα
381 3099 548 3177 ἱδροῦν
583 3117 597 3132 ·
647 3101 752 3159 ἀπὸ
796 3100 852 3158 δὲ
880 3109 988 3160 τῶν
1032 3100 1265 3180 ἱδρώτων
1308 3102 1468 3158 αὐτοῦ
1522 3097 1667 3154 εἶναι
1723 3095 1816 3152 τὸν

1907 1925 2259 2000 miscimus;
2289 1928 2373 1990 illi
2406 1947 2542 1990 vero
2569 1928 3014 2009 blasphemant.
3043 1929 3323 2008 Fulgurat
3358 1931 3541 2002 Deus,

1905 2022 1965 2077 et
1995 2035 2206 2079 omnes
2261 2019 2426 2080 humi
2486 2020 2966 2100 prosternimur;
3030 2019 3116 2081 illi
3150 2019 3398 2082 interim
3429 2019 3542 2081 ad-

1902 2123 2110 2169 versus
2140 2107 2356 2170 ctelum
2388 2107 2775 2189 blasphemas
2829 2108 3065 2188 linguas
3097 2117 3410 2172 exercent.
3442 2112 3543 2171 Je-

1902 2213 2004 2257 sus
2038 2197 2326 2261 Dominus
2381 2217 2451 2261 ac
2508 2200 2670 2261 Deus
2725 2207 2931 2261 noster
2954 2199 3036 2260 ait
3065 2199 3140 2260 de
3168 2201 3344 2262 Patre
3377 2218 3486 2260 suo
3523 2220 3538 2258 :

1902 2287 2063 2368 quod
2094 2287 2296 2350 Solem
2320 2305 2509 2350 suum
2540 2291 2700 2350 oriri
2727 2290 2877 2368 facit
2925 2307 3110 2369 super
3140 2289 3335 2352 malos
3359 2297 3412 2351 et
3445 2288 3544 2352 bo-

1902 2395 2032 2451 nos,
2065 2385 2119 2440 el
2145 2377 2314 2458 pluit
2345 2395 2528 2458 super
2543 2379 2740 2459 justas
2769 2385 2826 2441 et
2852 2381 3111 2460 iniustos
3138 2380 3202 2430 δι
3235 2398 3250 2444 :
3283 2379 3372 2440 illi
3405 2397 3541 2441 vero

1902 2465 2068 2528 aiunt
2100 2466 2326 2546 pluvias
2357 2485 2428 2529 ex
2457 2469 2742 2530 amatorio
2774 2469 2978 2531 lurore
3031 2469 3348 2552 provenire
3379 2490 3395 2545 ;
3427 2487 3540 2531 au-

1903 2555 2164 2638 dentque
2193 2557 2397 2622 dicere
2425 2558 2744 2639 quamdam
2776 2560 2835 2621 in
2885 2560 3034 2623 coelo
3069 2560 3380 2642 pulchram
3417 2560 3540 2620 vir-

1901 2646 2103 2726 ginem
2137 2647 2361 2709 versari
2393 2666 2528 2710 cum
2559 2648 2812 2728 pulchro
2837 2650 3066 2730 juvene
3099 2671 3113 2711 :
3149 2659 3207 2712 et
3237 2667 3354 2731 qua
3397 2648 3541 2712 anni

1901 2744 2252 2817 tempestate
2283 2737 2493 2799 cameli
2526 2754 2599 2800 ac
2628 2737 2755 2818 lupi
2786 2738 3204 2811 libidinautur.
3237 2739 3446 2802 eadem
3481 2747 3542 2800 et

1901 2825 2036 2888 illos
2066 2835 2248 2889 oestro
2280 2827 2441 2907 turpi
2471 2827 2564 2888 24
2591 2827 2818 2908 corripi
2845 2848 2861 2904 ;
2894 2837 2954 2890 et
3000 2828 3245 2891 hiemali
3278 2847 3537 2910 prmser-

1901 2915 2007 2978 tim
2042 2924 2314 2998 tempore
2345 2915 2573 2979 furiose
2598 2917 2767 2980 illum
2797 2917 3010 2997 virgini
3035 2917 3286 2996 instare;
3307 2926 3364 2980 et
3387 2919 3541 2981 hanc

1899 3005 2144 3088 quidem
2177 3005 2412 3084 fugere,
2444 3006 2612 3068 illum
2663 3009 2968 3088 persequi,
3003 3015 3062 3070 et
3121 3009 3542 3090 prosequendo

1900 3095 2154 3167 sudare;
2199 3114 2268 3157 ex
2298 3096 2429 3176 ejus
2459 3107 2659 3158 autem
2709 3096 3034 3160 sudoribus
3088 3098 3345 3179 pluviam
3381 3100 3538 3161 ﬁeri.

179 3168 356 3252 δέτόν.
392 3168 564 3251 Ταῦτα
595 3191 890 3271 γέγραπται
925 3192 980 3248 έν
1036 3168 1159 3255 ταῖς
1205 3194 1309 3248 τῶν
1361 3187 1675 3268 Μανιχαίων
1725 3185 1813 3260 βί-

1904 3184 2050 3248 Sunt
2081 3185 2207 3247 haec
2237 3185 2299 3247 in
2328 3168 2797 3248 Manichaeorum
2824 3186 2996 3250 libris
3018 3168 3381 3270 perscripta:
3419 3191 3545 3252 hac

175 3281 360 3348 ϐλοῖς.
395 3281 569 3341 Ταῦτα
600 3284 765 3356 ἡμεῖς
827 3281 1134 3361 ἀνέγνωμεν
1184 3283 1534 3341 ἀπιστοῦντες
1565 3287 1680 3338 τοῖς
1715 3273 1811 3329 λε·-

172 3373 426 3453 γομένοις
457 3379 478 3406 ³
511 3391 525 3405 ⁸
561 3371 693 3450 ὑπὲρ
749 3371 852 3451 γὰρ
911 3376 1010 3438 τῆς
1070 3369 1330 3449 ὑμετέρας
1375 3367 1663 3448 ἀσφαλείας
1711 3363 1814 3430 τὴν

169 3463 390 3520 ἱκείνων
449 3459 724 3519 ἀπώλειαν
785 3460 1421 3540 ἐπολυπραγμονήσαμεν
1453 3475 1468 3490 ⁸
1533 3454 1672 3512 ἀλλὰ
1728 3453 1815 3530 ῥύ-

173 3574 335 3611 σαιτο
367 3555 510 3628 ἡμᾶς
539 3555 566 3608 ὁ
597 3551 785 3625 Κύριος
817 3550 880 3608 ἐκ
908 3551 1005 3619 τῆς
1033 3551 1288 3618 τοιαύτης
1315 3548 1522 3614 πλάνης
1553 3543 1702 3625 (93).

255 3641 346 3700 16’
356 3687 372 3702 .
426 3642 525 3702 Καὶ
570 3640 867 3721 Σωκράτης
917 3638 974 3698 δὲ
1021 3643 1049 3698 ὁ
1089 3638 1462 3721 Σχολαστικδς
1500 3635 1627 3716 (24)
1660 3637 1688 3691 ὁ
1717 3634 1813 3701 τὴν

173 3731 641 3798 ἱκκλησιαστικὴν
727 3729 965 3809 ἱστορίαν
1051 3728 1524 3809 συγγραψάμενος,
1572 3727 1640 3782 τὰ
1695 3725 1814 3802 περὶ

174 3824 466 3878 Σκυθιανοῦ
496 3822 583 3876 καὶ
617 3817 927 3898 Τερεϐίνθου
972 3827 1064 3876 τοῦ
1119 3817 1610 3896 μετονομασθέντος
1657 3811 1815 3874 Βουδ-

173 3909 239 3967 δᾶ
286 3908 407 3991 (25)
463 3908 735 3973 Μάνεντος
793 3908 848 3965 ἐν
903 3908 1148 3984 ἐπιτὸμῳ
1196 3907 1628 3987 διεξερχόμενος,
1679 3903 1815 3962 πάνυ

177 4012 464 4080 συμφωνεῖ
493 4005 571 4073 τῷ
603 3996 828 4075 μεγάλῳ
861 3999 1027 4076 Πατρὶ
1057 4000 1212 4074 ἡμῶν
1248 3996 1492 4077 Κυρίλλῳ
1515 4013 1530 4029 ⁶
1563 3994 1702 4052 ἀλλᾶ
1727 3995 1817 4051 καὶ

174 4095 320 4146 πᾶσα
374 4091 408 4151 ἡ
458 4089 574 4168 ἱερὰ
633 4090 728 4144 καί
788 4089 900 4144 θεία
956 4089 1165 4166 Γραφὴ,
1228 4093 1329 4156 τὴν
1382 4087 1554 4143 αὐτῶν
1604 4084 1814 4164 αἵρεσιν

174 4176 415 4258 σφοδρῶς
460 4177 568 4244 ἐξε)
582 4177 734 4258 έγχει
769 4197 784 4214 ⁵
821 4176 936 4234 ὅθεν
969 4179 1016 4233 οἱ
1067 4177 1355 4252 μετέπειτα
1413 4175 1614 4232 τούτων
1645 4197 1812 4253 γεγο-

174 4269 324 4331 νότες
355 4265 626 4348 διάδοχοι,
677 4267 756 4342 μὴ
811 4266 1060 4347 φέροντες
1109 4269 1232 4331 τοὺς
1278 4265 1538 4346 ἐλέγχους
1597 4265 1698 4335 τήν
1755 4285 1813 4321 τε

174 4359 367 4416 κακίαν
394 4357 508 4434 ἅμα
551 4357 787 4432 καλύψαι
844 4355 1183 4430 σπεύδοντες,
1238 4361 1601 4436 μηχανῶνται
1655 4355 1816 4411 κακό-

1897 3293 2007 3335 nos
2036 3273 2314 3353 legimus,
2347 3276 2486 3354 quia
2527 3277 2913 3338 narrantibus
2944 3297 3063 3340 non
3094 3279 3534 3355 credebamus;

1898 3381 2035 3426 nam
2071 3382 2177 3443 pro
2208 3363 2402 3426 salute
2458 3375 2661 3428 vestra
2703 3375 2936 3447 pestem
2993 3367 3231 3430 illorum
3283 3370 3538 3431 scrutati

1897 3472 2129 3516 sumus.
2165 3453 2284 3517 Sed
2318 3472 2525 3517 errore
2556 3456 2902 3536 bujusmodi
2935 3457 3155 3520 liberet
3202 3478 3310 3521 nos
3339 3459 3540 3522 Domi-

1897 3561 2008 3606 nus
2029 3546 2043 3604 !

1974 3633 2108 3696 ΧΙΧ
2142 3631 2418 3696 Socrates
2437 3653 2676 3716 quoque
2688 3636 3541 3712 scbolasticus,ecclesiastica;

1896 3722 2165 3785 historiae
2187 3724 2617 3806 scriptor,dum
2639 3743 2740 3789 res
2762 3726 3061 3808 Scythiam
3077 3747 3145 3791 ac
3159 3727 3536 3804 Terebinthi,

1897 3813 1998 3896 qui
2016 3831 2083 3875 se
2105 3813 2378 3876 Buddam
2410 3823 2614 3896 postea
2639 3817 2991 3899 nominavit,
3018 3837 3255 3881 necnon
3287 3819 3539 3883 Manetis

1897 3902 2160 3967 breviter
2193 3912 2415 3980 narrat,
2447 3923 2582 3966 cum
2617 3925 2831 3987 magno
2865 3917 3070 3970 nostro
3109 3909 3281 3972 Patre
3319 3909 3538 3990 Cyrillo

1897 3993 2069 4056 valde
2088 3995 2527 4058 consonat.Sed
2541 4005 2600 4058 et
2618 4015 2788 4060 sacra
2802 3998 2999 4061 omnis
3015 3998 3214 4060 divina
3227 3998 3542 4079 Scriptura

1897 4083 2172 4146 haeresim
2190 4084 2453 4163 ipsorum
2468 4086 2860 4150 vehementer
2872 4089 3538 4170 castigatouamobrem

1897 4176 2164 4256 priorum
2187 4173 2428 4236 illorum
2453 4194 2859 4251 successores,
2877 4181 3328 4257 coargutionum
3355 4182 3541 4260 impa-

1896 4265 2110 4326 tientes
2122 4265 2502 4345 suamqueim
2512 4267 2867 4347 probitatem
2881 4271 3078 4333 celare
3092 4270 3538 4339 studentes,ma-

1897 4353 2157 4416 litiosum
2176 4354 2497 4420 artiﬁcium
2519 4359 3180 4441 excogitarunt,nempe
3211 4370 3274 4422 ut
3306 4379 3538 4422 memo-

172 4468 374 4528 τεχνον
405 4445 628 4524 μέθοδον
657 4461 672 4477 ⁸
708 4447 796 4503 καὶ
845 4447 940 4512 τὰς
990 4445 1444 4522 μνημονευθείσας
1476 4443 1661 4509 ἀθέους
1695 4451 1815 4502 Μα-

1904 4452 2062 4507 ratos
2077 4444 2542 4509 Manichaeorum
2565 4448 2754 4512 libros
2769 4448 3109 4529 abolerent;
3136 4469 3382 4532 scopum
3411 4459 3537 4513 tan-

254 4615 320 4667 ὅ*
347 4613 546 4678 Matth.
579 4631 638 4690 ν,
669 4615 772 4679 45.

1489 4691 1743 4757 VARIE
1780 4692 2234 4761 LECTIONES.

254 4813 298 4848 η
328 4800 400 4864 Β.
452 4804 700 4881 μισαρόν.
786 4815 814 4848 ³
845 4803 918 4866 Β,
982 4801 1280 4880 μεμολισμ.

173 4885 336 4962 μετά.
423 4891 443 4918 ⁸
473 4881 594 4945 Cod
625 4882 961 4960 λελόμενοις,

1371 4809 1396 4839 ⁸
1425 4801 1496 4866 Β.
1548 4798 2004 4864 mendosissime
2035 4804 2281 4882 εἷοτρυαι.
2367 4815 2393 4858 1)
2423 4803 2493 4870 Β,
2528 4807 2814 4888 τρέμομαι,
2900 4820 2926 4862 (Ι
2956 4809 3032 4870 Β.
3083 4807 3324 4876 εὒηδοῦς.
3411 4826 3436 4855 ι’
3464 4807 3534 4869 Β.

1729 4959 1981 5028 NOTAE.

250 5087 376 5166 (23)
399 5087 700 5150 Hactenus
747 5106 820 5151 ex
870 5087 1088 5171 Cyrillo
1131 5088 1433 5156 Hierosol.
1469 5088 1712 5154 Catech.
1745 5089 1811 5170 6,

177 5187 312 5233 can.
349 5172 451 5232 35.
1491 5204 1494 5206 -

255 5191 312 5248 p.
349 5191 451 5232 ου.

257 5250 378 5322 (24)
405 5247 534 5312 Lib.
568 5264 611 5323 ι,
646 5267 778 5330 cap.
806 5250 907 5314 99.

259 5331 388 5412 (95)
421 5329 904 5412 Cave_inte’lligas
925 5331 1093 5393 illum
1129 5350 1250 5392 aevo
1277 5330 1615 5412 Christiano
1640 5329 1814 5409 longe

172 5409 540 5472 anteriorem
563 5409 858 5486 Buddam,
880 5416 980 5492 qui
1007 5421 1193 5474 totum
1213 5429 1367 5492 pene
1385 5411 1816 5492 Orientemisu-

173 5493 528 5570 perstitione
542 5511 649 5552 sua
664 5491 1064 5572 occupavit,et
1077 5491 1234 5554 nunc
1251 5493 1307 5554 in
1319 5511 1599 5572 numeros
1620 5491 1815 5552 adhuc

173 5573 354 5636 habet
377 5573 661 5652 asseclas;
687 5575 762 5634 de
787 5571 904 5652 quo
937 5571 1168 5636 scilicet
1193 5575 1520 5652 loquuntur
1538 5571 1816 5634 Clemens

171 5651 664 5735 Alex.Stront:At,
697 5651 857 5735 15,et
874 5654 1093 5715 Hieron
1099 5651 1814 5735 jmusContraJovinia-

174 5733 528 5814 num,n.42.
557 5731 662 5795 llic
683 5733 840 5794 enim
863 5731 1168 5798 recentior
1187 5735 1555 5799 Manichteus
1579 5736 1818 5801 Buddas

1897 5091 2513 5174 nonnisiambitiose
2569 5109 2791 5174 nomen
2824 5092 3048 5154 veteris
3100 5093 3426 5174 usurpavit.
3462 5095 3540 5160 Et

1896 5169 2274 5254 ille__quidem
2329 5173 2583 5254 priscus,
2619 5177 2686 5235 tit.
2730 5173 2897 5254 aiunt
2955 5169 3541 5254 prmdicti'Clemens

1897 5269 1963 5313 ac
1994 5251 2410 5335 Hieronymus,
2447 5262 2648 5314 natum
2711 5271 2775 5315 se
2807 5253 2882 5315 de
2914 5251 3142 5334 virgine
3174 5255 3346 5330 dixit,
3383 5267 3442 5318 et
3475 5257 3535 5317 in

1899 5333 2622 5406 montibusleducatum;
2682 5342 2882 5397 utrum
2932 5333 3126 5396 autem
3191 5335 3290 5396 hic
3348 5336 3538 5398 Mani-

1898 5414 2098 5475 chaaus
2130 5433 2338 5478 revera
2367 5414 2425 5474 in
2457 5415 2757 5488 omnibus,
2823 5415 2904 5476 uti
2937 5415 3162 5478 dictum
3219 5425 3310 5479 est
3342 5436 3399 5496 p.
3442 5418 3534 5482 l7.

1900 5507 2161 5556 veterem
2197 5497 2274 5557 sit
2307 5496 2640 5566 aemulatus,
2677 5513 2750 5556 an
2808 5496 3003 5576 potius
3033 5496 3273 5559 Siculus
3329 5507 3535 5558 noster
3641 5523 3646 5528 ν

1901 5577 2222 5659 historicus
2256 5578 2412 5659 hunc
2443 5595 2577 5659 cum
2611 5578 2736 5658 illo,
2773 5586 3104 5659 temporem
3140 5595 3365 5657 errore,
3402 5597 3541 5640 con-

1900 5657 2129 5732 fundat,
2167 5657 2472 5746 ambigere
2503 5657 2665 5727 licet.
