4026 6226
278 416 431 487 1273

1433 413 1799 481 HISTORIA
1841 411 2463 480 MANICH/EORUM.

3478 407 3627 472 1274

364 541 497 619 ΚΜ.
543 553 695 619 Τινὲς
742 551 799 611 δὲ
840 559 947 611 τῶν
979 556 1234 629 μαθητῶν
1273 551 1434 610 αἶ)τοῦ
1460 550 1692 631 ἔφθασαν
1738 548 1905 632 [θοὰ.

2070 546 2231 629 XXI.
2251 547 2538 611 Nonnulli
2558 563 2707 613 vero
2730 546 3158 629 discipulorum
3185 548 3317 628 ejus
3335 553 3635 610 venerunt

280 636 324 699 Ῑ.
356 636 483 715 96.]
530 636 697 714 μέχρι
746 636 1082 711 Σαμωσάτου
1109 638 1206 701 τῆς
1247 633 1558 714 Ἀρμενίας,
1601 633 1691 689 καὶ
1735 635 1795 689 τὸ
1824 639 1910 704 ζι-

271 727 451 801 ζάνιον
492 736 587 786 τοῦ
628 725 866 804 πονηροῦ
921 724 976 781 ὲν
1046 722 1190 798 αύτῷ
1247 724 1724 803 κατασπείραντες,
1770 721 1909 779 πολ-

269 814 393 883 λοὺς
440 822 545 873 τῶν
588 815 771 873 ἐκεῖσε
800 812 1098 893 ’Δρμενίων
1136 813 1422 882 ἣπάτησαν
1454 832 1471 850 '
1504 813 1641 889 μετὰ
1671 811 1725 870 δὲ
1766 813 1906 893 χρό-

266 927 387 969 νους
418 906 566 970 τινᾶς
608 910 710 971 τῆς
770 902 1027 971 κακίστῆς
1080 909 1283 983 σπορᾶς
1314 906 1349 973 ἡ
1393 903 1505 981 ῥίζα
1530 902 1903 980 βλαστήσασα,

265 1003 473 1074 καρποῦ
527 996 822 1070 θανασίμου
876 1006 997 1059 τοῖς
1037 992 1271 1057 πολλοῖς
1321 993 1613 1070 μετέδωκε,
1660 993 1906 1073 φθάσασα

264 1087 354 1143 καὶ
406 1086 571 1165 μέχρι
614 1088 917 1161 Φαναροίας
958 1099 1007 1142 ο.
1054 1083 1194 1151 Γυνὴ
1237 1082 1338 1163 γάρ
1380 1105 1460 1149 τις
1520 1082 1583 1139 ἐκ
1636 1088 1730 1139 τοῦ
1787 1088 1905 1139 Σα-

266 1174 523 1252 μωσάτου
572 1173 867 1242 Καλλινίκη
898 1173 926 1219 ἀ
978 1173 1238 1250 τοῦνομα,
1270 1172 1361 1230 δύο
1390 1173 1531 1238 υἱοὺς
1562 1171 1718 1253 ἔσχε,
1754 1178 1904 1231 Παῦ-

264 1262 360 1323 λον
388 1265 485 1324 καῖ
530 1264 788 1332 Ἰωάννην
819 1282 839 1302 θ
901 1265 1121 1327 τούτους
1179 1263 1267 1321 οὗν
1311 1263 1437 1328 τοὺς
1494 1261 1584 1321 δύο
1612 1262 1760 1338 ὄφεις
1791 1269 1815 1298 ⁸
1866 1262 1903 1331 ἧ

267 1354 444 1413 αύτῶν
485 1355 772 1435 γεννήτρια
828 1351 1020 1435 ἔχιδνα
1087 1352 1413 1435 ἱκθρέψασα,
1478 1353 1568 1410 καὶ
1609 1352 1709 1421 τὴν
1751 1373 1905 1427 παμ-

265 1444 458 1522 μίαρον
499 1442 750 1512 διδάξασα
806 1442 1040 1524 αἵρεσιν,
1085 1444 1325 1523 κήρυκας
1380 1448 1481 1511 τῆς
1539 1441 1749 1510 πλάνης
1793 1441 1906 1498 ἆπ-

267 1533 504 1592 έστειλεν
535 1534 597 1592 ἐκ
622 1536 717 1591 τοῦ
744 1533 1079 1609 Σαμωσάτου
1115 1552 1128 1569 ⁶
1163 1535 1213 1590 οἱ
1261 1532 1318 1590 δὲ
1372 1531 1767 1596 καταλαϐόντες
1805 1531 1907 1600 τὴν

268 1622 477 1702 ξνορίαν
506 1630 830 1702 Φαναροιας,
862 1622 1026 1691 ἦλθον
1078 1621 1163 1687 εἴς
1206 1645 1327 1680 τινα
1382 1623 1601 1702 κώμην,
1660 1623 1747 1679 καὶ
1784 1622 1909 1685 τοὺς

268 1711 326 1770 ἰν
370 1712 503 1789 αὐτῇ
559 1714 834 1777 οἱκοῦντας
892 1711 1123 1790 ἀμαθεῖς
1187 1714 1275 1769 καὶ
1322 1711 1676 1791 ἀστηρίκτους
1720 1712 1908 1789 εὗρόν-

269 1823 384 1878 τες,
416 1800 595 1859 έκετσι
638 1803 731 1859 τὸν
788 1803 867 1860 Ῑὸν
924 1807 1027 1869 τῆς
1072 1804 1331 1881 πονηρίας
1373 1803 1559 1858 καὶτὸ
1588 1802 1778 1880 πικρὸν
1820 1807 1908 1873 ζι-

1994 656 2187 720 usque
2207 640 2516 703 Samosata
2536 638 2841 703 Armeniis
2862 637 3098 711 urbem,
3135 654 3376 718 pravum
3396 636 3521 699 illic
3548 635 3632 697 zi-

1990 728 2224 789 zanium
2244 724 3635 806 serentes,multosqueArmeniaeincolasdece-

1991 820 2380 897 perunt.Post
2402 817 2623 898 aliquot
2652 834 2863 891 annos,
2890 816 3167 898 pessimae
3188 817 3364 896 hujus
3388 814 3635 876 sationis

1988 907 2158 969 radix
2189 907 2446 969 fructum
2485 906 2840 987 germinavit
2863 906 3264 981 mortiferum,
3297 904 3371 967 ad
3396 904 3632 965 Phana-
3682 956 3683 959 η

1987 1013 2173 1058 rinam
2202 1014 2389 1077 usque
2410 997 2799 1078 propaginem
2825 995 3161 1075 porrigens.
3178 994 3323 1056 Nam
3348 992 3633 1057 Samosa—

1986 1092 2145 1150 tensi
2196 1086 2459 1165 mulieri,
2514 1087 2611 1150 cui
2674 1103 2896 1148 nomen
2944 1084 3272 1160 Callinicze,
3313 1084 3432 1146 duo
3466 1090 3635 1145 erant

1988 1174 2418 1257 liberi,Paulus
2433 1175 2945 1257 etJoannes,quos
2960 1174 3351 1254 velutangues
3363 1178 3634 1252 geminos

1988 1265 2247 1345 genitrix
2299 1268 2506 1347 vipera
2551 1266 2885 1341 enutriens,
2918 1274 2979 1327 et
3036 1264 3355 1327 nefandam
3387 1263 3634 1325 edoctos

1989 1354 2289 1431 haeresim,
2324 1355 2751 1438 praedicatores
2784 1355 3008 1417 erroris
3048 1352 3372 1417 Samosatis
3402 1350 3631 1416 emisit.

1986 1442 2061 1509 Hi
2084 1463 2223 1506 vero
2250 1446 2310 1506 in
2342 1446 2659 1508 finitimam
2692 1444 2875 1509 delati
2898 1444 3316 1518 Phanaroeam,
3341 1448 3635 1503 venerunt

1986 1532 2048 1594 in
2076 1535 2397 1614 quemdam
2432 1554 2670 1615 pagum,
2706 1534 2877 1615 cujus
2907 1534 3137 1597 incolas
3172 1532 3358 1594 rudes
3388 1540 3449 1594 et
3480 1532 3633 1593 male

1992 1622 2198 1685 ﬁrmos
2229 1623 2713 1697 nacti,venenum
2746 1621 2829 1685 ibi
2862 1624 3237 1704 nequitiae,et
3265 1638 3468 1683 amara
3496 1620 3627 1682 dia-

1992 1711 2363 1775 boliz‘izania
2391 1713 2866 1774 disseminarunt
2901 1735 2915 1773 :
2949 1711 3337 1793 quamobrem
3370 1710 3421 1771 is
3449 1727 3632 1789 pagus

1990 1799 2304 1882 Episparis
2334 1802 2496 1879 (Lat.
2531 1802 2949 1884 seminarium)
2981 1801 3336 1882 appellatur.
3370 1800 3632 1861 Heresis

268 1893 452 1964 ζάνιον
505 1898 600 1950 τοῦ
656 1891 853 1972 ἐχθροῦ
909 1891 1220 1971 ἒνέσπειραν
1253 1906 1269 1922 ⁸
1316 1888 1396 1948 διὸ
1454 1891 1541 1947 καὶ
1583 1892 1750 1971 μέχρι
1806 1895 1905 1958 τῆς

1993 1909 2234 1970 quoque
2259 1890 2332 1952 ab
2366 1890 2459 1952 his
2493 1890 2984 1971 praedicatoribus
3042 1908 3259 1953 nomen
3290 1888 3581 1950 contraxit
3618 1908 3636 1960 ;

266 1981 531 2059 σήμερον,
614 1982 649 2050 ἡ
736 1979 834 2056 μὲν
933 1980 1095 2056 κώμη
1178 1979 1496 2058 Ἐπίσπαρις
1581 1980 1905 2056 μετωνομά-

267 2073 394 2146 σθη,
440 2072 477 2140 ἡ
518 2069 574 2127 δὲ
619 2069 829 2148 αἵρεσις
870 2072 1009 2128 κατὰ.
1066 2071 1168 2138 τὴν
1219 2076 1329 2137 τῶν
1387 2068 1726 2148 κηρυξάντων
1782 2069 1908 2125 ὀνο-

268 2160 467 2237 μασίαν
501 2183 515 2198 ·
566 2161 656 2217 καὶ
685 2161 787 2239 γὰρ
815 2159 876 2217 ix
935 2160 1056 2218 τότε
1111 2159 1171 2217 ἑκ
1220 2162 1560 2239 Μανιχαίων,
1595 2157 1909 2229 ἐπεκλήθη-

271 2271 369 2306 σαν
417 2248 787 2312 Παυλικιάνοι.
835 2250 896 2309 Οἱ
948 2251 1036 2305 οὖν
1079 2246 1449 2308 εὐσεϐέστατοι
1501 2249 1591 2306 καὶ
1649 2245 1912 2327 ὀρθόδοξοι

279 2337 432 2413 ἡμῶν
461 2339 709 2417 βασιλεῖς
738 2338 832 2395 ’ίνα
863 2339 942 2414 μὴ
972 2337 1125 2396 ἒπιπ)
1139 2351 1252 2395 ετον
1291 2337 1678 2413 διανεμηθεῖσα
1704 2341 1738 2406 ἡ
1785 2336 1907 2394 λοι-

271 2427 458 2495 μώὸης
516 2428 699 2495 στάσις
769 2424 930 2507 αὕτη,
973 2426 1279 2503 λυμήνηται
1339 2426 1570 2491 πολλοὺς
1622 2436 1730 2485 τῶν
1786 2425 1905 2485 καθ’

269 2518 443 2598 ἡμᾶς,
493 2521 661 2593 θεῖκῷ
701 2517 852 2591 ζήλῳ
901 2517 1215 2592 κονούμὲνοι
1266 2518 1387 2583 τοὺς
1423 2519 1559 2575 κατᾶ
1590 2520 1756 2577 τόπον
1813 2519 1906 2575 εὕ-

267 2606 617 2684 ρισκομένους
646 2608 746 2676 τῆς
796 2606 1112 2683 Ῥωμαϊκῆς
1162 2607 1339 2687 ἀρχῆς
1392 2610 1727 2689 Μανιχαίους
1770 2608 1909 2666 κατὰ

264 2697 478 2774 καιροὺς
524 2697 938 2755 ἆποκτέννουσιν
997 2694 1132 2773 (28)
1159 2698 1298 2754 κατὰ
1351 2697 1412 2753 τὰ
1438 2698 1541 2754 ὑπὸ
1593 2698 1782 2776 Κυρίου
1824 2699 1907 2754 εἱ-

1995 1998 2131 2040 nam
2160 1998 2229 2041 ex
2253 1998 2324 2041 eo
2371 1989 2640 2061 tempore
2666 2000 2772 2061 pro
2796 1981 3141 2044 Manichatis
3166 1978 3308 2041 dicti
3330 1986 3469 2040 sunt
3486 1976 3635 2038 Pau-

1993 2067 2414 2132 liciani.Porro
2445 2071 2890 2151 religiosissimi
2918 2069 3355 2148 orthodoxique
3379 2067 3637 2147 impera-

1996 2165 2156 2220 tores
2186 2160 2486 2234 nostri,ne
2508 2160 2746 2237 longius
2774 2159 3073 2241 serpendo
3106 2170 3271 2222 secta
3292 2158 3419 2219 bam
3442 2158 3632 2236 pesti-

1994 2247 2127 2309 lens
2156 2248 2375 2311 multos
2405 2257 2745 2311 nostrorum
2772 2249 3072 2318 inliceret,
3094 2250 3293 2310 divino
3324 2246 3450 2309 zelo
3469 2264 3637 2308 com-

1993 2338 2139 2398 moti
2171 2356 2560 2421 quoscunque
2590 2339 2846 2401 diversis
2876 2339 3028 2401 locis
3054 2339 3116 2401 in
3148 2338 3417 2401 Romana
3446 2334 3631 2397 ditio-

1991 2444 2067 2487 ne
2098 2424 2452 2489 Manichmos
2482 2447 2590 2509 per
2620 2437 2891 2508 tempora
2921 2428 3632 2510 deprehenderunt,sup-

1994 2516 2192 2597 pliciis
2212 2517 2573 2592 efﬁciebant,
2600 2520 2772 2599 juxta
2808 2518 3050 2581 Domini
3082 2520 3142 2581 in
3174 2514 3511 2596 Evangeliis
3542 2513 3628 2576 ef-

1991 2606 2199 2668 fatum:
2234 2606 2359 2682 ριιὶ
2387 2608 2604 2671 nolunt
2633 2626 2730 2669 me
2762 2626 3026 2688 regnare
3054 2625 3244 2690 supra
3273 2606 3486 2681 se,huc
3513 2604 3628 2667 ad-

1993 2697 2195 2759 ductos
2219 2714 2425 2759 coram
2446 2715 2539 2759 me
2566 2699 2898 2778 interﬁcite
2923 2700 3006 2763 35.

264 2784 503 2864 ρημένον
532 2788 589 2843 ἓν
622 2784 992 2866 Εύαγγελίοιςο
1032 2787 1164 2852 Τοὺς
1197 2787 1275 2863 μὴ
1307 2784 1558 2851 θέλοντάς
1602 2808 1671 2863 με
1699 2786 2012 2865 βασιλεῦσαι
2057 2788 2143 2844 ἐπ’
2175 2786 2385 2863 αὐτοὺς,
2419 2787 2669 2858 ἄνέγκατε
2700 2788 2990 2867 ἔμπροσθέν
3021 2812 3124 2865 μου
3152 2788 3199 2864 ἲ,
3232 2788 3319 2844 καὶ
3351 2783 3630 2865 κατσσφά-

265 2872 387 2941 ξατε
418 2877 632 2941 αύτούς.

348 2953 479 3029 ΚΒ’,
524 2962 722 3023 Πολ)οὶ
777 2964 877 3039 μὲν
946 2962 1037 3022 οὗν
1091 2969 1191 3032 τῆς
1233 2966 1331 3023 τοῦ
1374 2972 1506 3024 Θεοῦ
1575 2963 1903 3035 Ἐκκλησίας

268 3053 409 3111 κατὰ
451 3058 666 3133 καιροὺς
722 3053 956 3132 ὑπῆρξαν
1009 3055 1057 3113 οἱ
1114 3053 1396 3129 πολέμιοι,
1460 3056 1902 3135 μυριοπλασίονες

266 3140 321 3200 δὲ
367 3143 563 3211 ταύτης
605 3144 658 3200 αἶ
688 3145 828 3201 νίκαι
886 3144 955 3221 τῇ
1003 3147 1165 3203 αὐτοῦ
1206 3143 1389 3224 χάριτι
1434 3144 1593 3225 [cod.
1623 3145 1666 3208 ἶ.
1696 3145 1777 3209 96
1807 3146 1962 3226 Ι).]Ἶ

268 3231 502 3291 πάντοτε
546 3234 923 3313 προσγίνονται
954 3250 972 3267 ⁸
1034 3234 1063 3290 ὃ
1132 3234 1233 3312 γὰρ
1291 3233 1584 3308 μισόκαλος
1644 3234 1740 3291 καΐ
1797 3242 1904 3293 τῶν

269 3325 452 3381 κακῶν
494 3322 775 3403 ἔγευρετὴς
819 3321 1093 3403 διάϐολος,
1136 3325 1210 3388 ὡς
1254 3324 1454 3403 οἷάπερ
1502 3322 1779 3389 πάνδεινός
1824 3348 1906 3389 τις

269 3411 464 3493 ἐχθρὸς
522 3415 611 3470 καὶ
693 3412 964 3493 ἀνήμερος
1018 3423 1048 3467 α
1101 3414 1202 3480 τὴν
1260 3414 1450 3471 ἑαυτοῦ
1519 3415 1778 3494 ’ραρέτραν
1832 3416 1906 3478 εἷς

268 3504 449 3578 μάτην
494 3503 732 3565 κενώσας
793 3503 847 3560 ἰν
902 3515 1027 3566 ταῖς
1096 3503 1320 3579 πρόσθεν
1364 3503 1617 3582 αἱρέσεσι,
1659 3506 1721 3560 τὸ
1778 3528 1906 3561 και-

267 3590 521 3671 ριώτερον
565 3591 726 3649 αὐτοῦ
785 3591 941 3669 βέλος
984 3594 1043 3649 ὲν
1083 3606 1205 3657 τοῖς
1257 3592 1493 3671 ὑστέροις
1537 3607 1751 3670 καιροῖς
1788 3607 1906 3655 τοῖς

267 3680 571 3754 ἀνθρώποις
605 3680 893 3761 ἐπαφίησιν
930 3697 944 3713 ⁸
1005 3680 1192 3750 ἐπειδὴ
1238 3683 1327 3739 καὶ
1373 3689 1550 3740 πᾶσαν
1594 3683 1754 3740 αὐτοῦ
1814 3684 1907 3751 τὴν

265 3770 457 3827 κακίαν
502 3770 632 3848 πρὸς
676 3772 742 3829 τὰ
793 3778 899 3828 τῶν
956 3772 1163 3828 αἰώνων
1214 3770 1346 3839 τέλη
1422 3773 1517 3828 οὒκ
1573 3775 1906 3851 ὲπικεκρυμο

264 3859 467 3935 μένως,
497 3858 637 3915 ἀλλὰ
691 3866 933 3940 φανερῶς
989 3860 1173 3939 δρᾶσαι
1233 3862 1718 3940 συγχωρηθήσεται
1764 3863 1907 3941 παρὰ

260 3958 355 4008 τοῦ
383 3950 491 4004 τῶν
521 3947 659 4005 ὅλων
692 3957 847 4023 Θεοῦ,
910 3952 1047 4008 κατᾶ
1100 3952 1167 4008 τὰ
1224 3950 1551 4008 θεόπνευστα
1590 3950 1684 4008 καί
1743 3953 1903 4029 ἱερώ-

260 4058 395 4094 τατα
453 4037 649 4116 Λόγια,
710 4039 931 4107 Ποιῆσει
976 4042 1101 4120 γὰρ,
1148 4041 1335 4120 φησὶν,
1378 4042 1406 4097 ὁ
1449 4041 1553 4097 ὑπὸ
1601 4050 1694 4101 τοῦ
1723 4064 1903 4109 πονη-

259 4136 354 4207 ροῦ
384 4125 769 4205 ἐνεργούμενος
800 4128 1173 4210 ’Δντίχριστος
1203 4144 1435 4212 σημεῖα,
1481 4132 1555 4195 ὡς
1602 4128 1900 4209 πλανῆσαι,

260 4216 308 4275 si
365 4213 611 4289 δυνατὸν,
693 4220 782 4275 καὶ
865 4221 987 4286 τοὺς
1057 4218 1364 4284 ἱκλεκτούς,
1430 4221 1523 4277 Διὸ
1582 4219 1638 4277 ὲν
1706 4220 1905 4286 πάσαις

256 4319 384 4370 ταῖς
444 4306 679 4383 αἱρέσεσι
740 4308 1127 4387 φρυαξάμενος,
1192 4309 1247 4365 ἐν
1291 4314 1361 4387 τῇ
1422 4316 1635 4389 μυσαρᾷ
1705 4311 1904 4387 αἱρέσει

258 4400 368 4453 τῶν
440 4398 758 4477 Μανιχαὶων
814 4405 921 4457 τῶν
993 4400 1081 4458 καὶ
1151 4398 1523 4457 Παυλικιάνων
1592 4399 1907 4479 λεγομένων

261 4483 717 4567 μεγαλαυχήσας,

260 4574 598 4651 παραπιίσας
644 4578 722 4652 μὴ
778 4576 1108 4655 ἐξαγορεύειν
1164 4579 1231 4636 τὰ
1288 4579 1553 4659 τρύματα,
1626 4578 1767 4637 ἀλλᾶ
1810 4580 1907 4637 πί-

261 4683 372 4721 νειν
403 4662 468 4720 τά
523 4662 830 4743 ὃηλητιὶρια
886 4669 1125 4748 καθάπερ
1182 4667 1335 4727 οἶνον
1392 4668 1708 4748 εὖφρὸσονον
1744 4688 1758 4704 ο
1818 4679 1906 4729 νῦν

262 4754 339 4817 ὡς
398 4752 617 4833 γελοῖον
666 4770 784 4823 τοῖς
817 4764 946 4816 πᾶσι
977 4760 1257 4838 πρόκειται
1290 4760 1382 4817 σὺν
1410 4772 1530 4822 τοῖς
1562 4759 1905 4836 πειθομένοις

261 4846 409 4919 αὒτῷ
455 4845 695 4924 καθάπερ
754 4847 949 4919 νήπιον
1024 4847 1417 4927 ἆμπαιζόμενος
1455 4867 1471 4886 ⁸
1555 4854 1654 4918 τῆς
1714 4850 1906 4915 κακίας

260 4934 425 4995 αὐτοῦ
482 4935 926 5015 θριαμϐευθείσης
1003 4942 1059 4997 iw
1130 4952 1252 5007 ταῖς
1321 4937 1553 5018 ἡμέραις
1624 4938 1906 4998 Βασιλείου

340 5111 405 5165 55
425 5110 571 5180 Luc.
605 5131 728 5193 xix,
754 5116 855 5180 27.
940 5116 1006 5171 ω
1031 5119 1434 5200 Mattq.xx1v,
1467 5117 1570 5182 24.

2064 2965 2420 3031 XXll.Multi
2441 2968 2749 3031 saneexsti
2759 2977 2885 3031 tere
2900 2987 3007 3050 per
3022 2980 3292 3049 tempora
3304 2966 3510 3028 hostes
3522 2963 3632 3027 Ec-

1985 3056 2185 3118 clesiae
2203 3056 2473 3138 Dei,quaa
2489 3058 2776 3139 plurimas
2791 3058 2867 3121 de
2888 3059 2982 3120 bis
3005 3058 3285 3119 victorias
3307 3055 3531 3137 ubique
3542 3072 3628 3116 re-

1984 3145 2292 3211 tulit.Nam
2318 3147 2461 3209 boni
2478 3167 2616 3211 osor
2634 3149 2895 3231 malique
2918 3148 3192 3209 inventor
3213 3145 3631 3225 diabolus,ceu

1989 3237 2231 3315 quidam
2253 3237 3461 3319 horrendussmvusquehostis,postquam
3490 3235 3633 3316 pha-

1993 3334 2215 3386 retram
2239 3344 2406 3388 suam
2432 3326 2494 3388 in
2518 3327 2937 3407 superioribus
2954 3327 3285 3389 haeresibus
3302 3326 3522 3387 frustra
3536 3343 3631 3385 ex-

1990 3414 2705 3497 hauserat,exitiosiorem
2722 3417 2990 3492 sagittam
3008 3435 3173 3478 suam
3189 3417 3283 3479 his
3308 3413 3630 3495 postremis

1990 3505 2672 3585 temporibusjaculatus
2686 3515 2793 3566 est.
2806 3505 3114 3587 Siquidem
3134 3514 3311 3567 totam
3327 3523 3494 3565 suam
3510 3520 3631 3562 ma-

1988 3592 2175 3654 litiam
2200 3594 2362 3656 circa
2384 3596 2741 3656 saeculorum
2767 3597 2947 3657 linem
2964 3595 3121 3656 haud
3140 3594 3375 3655 occulte
3388 3593 3495 3653 sed
3515 3611 3628 3672 pu-

1989 3682 2145 3745 blice
2167 3685 2256 3744 27
2279 3703 2565 3747 exercere
2582 3686 2817 3746 sinetur
2837 3685 2911 3746 ab
2936 3684 3258 3745 universali
3285 3687 3426 3753 Deo,
3455 3690 3630 3763 prout

1986 3772 2295 3853 inspiratw
2312 3775 2481 3836 aiunt
2500 3775 2917 3837 sacratissima;
2939 3771 3415 3836 LitteraeFaciet
3437 3772 3626 3852 enim,

1988 3862 2294 3940 inquiunt,
2330 3864 2619 3926 adiabolo
2662 3865 2984 3925 instinctus
3025 3862 3430 3926 Antichristus
3462 3862 3633 3940 signa

1990 3956 2289 4029 multa,t'ta
2306 3962 2372 4017 ut
2389 3955 2862 4034 decipiantur,si
2882 3955 3020 4035 fieri
3038 3960 3247 4032 potest,
3265 3953 3447 4015 etiam
3471 3950 3628 4013 elec-

1989 4041 2341 4115 ti56.Quare
2366 4062 2499 4105 cum
2527 4043 2586 4103 in
2612 4042 2898 4106 omnibus
2920 4062 2983 4105 se
3007 4042 3339 4105 haeresibus
3362 4040 3629 4103 insolen-

1988 4141 2081 4194 ter
2100 4132 2474 4211 gessisset,in
2488 4133 2598 4194 hac
2613 4134 2852 4214 quidem
2873 4133 3130 4195 nefanda
3143 4131 3601 4193 Manichaeorum
3614 4178 3630 4208 ,

1989 4223 2089 4303 qui
2112 4230 2169 4283 et
2194 4222 2519 4285 Pauliciani
2542 4224 2845 4298 dicuntur,
2885 4223 3142 4285 exsultat
3162 4220 3339 4295 adeo,
3363 4231 3427 4281 ut
3457 4220 3635 4281 etiam

1989 4311 2316 4372 vulneratis
2367 4312 2646 4393 suaserit,
2676 4312 2997 4393 quominus
3048 4312 3303 4372 vulnera
3329 4308 3503 4371 fateri
3534 4326 3635 4369 ve-

1992 4400 2126 4480 lint,
2161 4401 2267 4462 sed
2311 4402 2556 4465 exitiale
2580 4402 2779 4483 potius
2802 4420 3097 4463 venenum
3125 4409 3409 4481 tanquam
3432 4400 3635 4459 vinum

803 4487 942 4545 ὥστε
1049 4491 1137 4546 καὶ
1238 4489 1361 4551 τοὺς
1446 4490 1905 4568 τιτρωσκομένους

1994 4491 2334 4553 exhilarans
2373 4491 2745 4554 combibant.
2776 4492 3056 4553 Attamen
3089 4491 3268 4552 draco
3303 4507 3460 4551 nunc
3498 4507 3635 4550 om-

1992 4580 2156 4641 nium
2182 4581 2329 4642 risui
2354 4589 2582 4660 prostat
2605 4600 2741 4643 cum
2763 4584 2891 4643 suis
2928 4580 3197 4649 asseclis.
3228 4598 3341 4641 ceu
3363 4596 3512 4659 puer
3533 4579 3631 4639 cui

1989 4668 2610 4751 illuditur,postquam
2638 4673 2771 4752 ejus
2792 4671 3145 4752 improbitas
3167 4668 3465 4731 debellata
3498 4667 3630 4740 fuit,

1991 4759 2362 4841 temporibus
2392 4760 2596 4823 Basilii
2632 4771 2691 4823 et
2743 4760 3119 4825 Constantini
3154 4777 3224 4821 ac
3249 4757 3469 4820 Leonis
3505 4756 3635 4836 pio-

1988 4868 2121 4912 rum
2151 4850 2616 4913 ortbodoxorum
2654 4868 3127 4931 magnorumque
3154 4865 3363 4926 regum
3395 4852 3632 4909 nostro-

1986 4957 2146 5005 rum.
2177 4941 2328 5004 Nam
2386 4958 2520 5023 quas
2576 4940 2720 5004 olim
2781 4939 3048 5003 latebant
3082 4937 3344 5020 pessima
3373 4952 3626 5012 venena,

1585 5264 1847 5332 VARIIE
1893 5262 2307 5331 LECTIONES

339 5381 364 5414 ⁶
390 5366 462 5433 Ρι.
492 5372 780 5453 Φαναρίας.
866 5371 894 5415 ἀ
924 5373 999 5439 Β.
1036 5372 1341 5443 Καιλίνίκη.

1433 5391 1460 5422 ⁸
1483 5370 1555 5438 R.
1589 5373 1731 5456 ὄφις.
1820 5371 1845 5418 ἲ
1871 5374 1941 5438 R.
1982 5395 2100 5449 μοι.

2190 5384 2220 5429 ε
2242 5374 2316 5437 Β,
2353 5371 2643 5447 ἆνήμενος.

1818 5516 2068 5584 ΝΟΤΕ.

344 5631 827 5716 (αὸὶΡιιωεοτιὶω
844 5635 1013 5715 jussu
1054 5635 1389 5700 Theodorei
1428 5636 1735 5716 Augustae,
1767 5654 1901 5716 quae
1978 5634 2236 5699 Basilius
2268 5633 2591 5715 successit)
2619 5630 3086 5716 administravit.
3117 5629 3366 5713 Legesis
3400 5626 3628 5701 Cedre~

258 5713 579 5797 imperium
609 5733 715 5800 pro
763 5713 886 5781 filio
917 5717 1303 5783 adolescente
1355 5713 1643 5785 Michaele
1670 5714 1749 5779 ΙΙΙ
1777 5713 1898 5799 (ουί
1982 5735 2126 5780 num
2158 5715 2252 5780 ed.
2289 5717 2479 5779 Paris.
2514 5713 2576 5805 p.
2608 5714 2751 5789 541,
