4026 6226
278 383 422 448 1277

1429 385 1792 451 HISTORIA
1848 388 2012 452 ΜΛΝ
2020 389 2458 455 ICHEORUM.

3473 385 3624 453 1278

265 519 525 602 χόμενον,
561 520 634 584 ὥς
668 515 900 596 ἆκριϐῶς
931 517 1221 595 ἐμάθομεν,
1265 519 1354 577 καὶ
1398 520 1499 589 τὴν
1548 523 1742 597 κώμην
1786 529 1880 580 Μαι

1964 569 1970 581 .
1991 529 2188 585 autem
2205 525 2469 604 captivus
2484 523 2631 587 duos
2649 543 2717 587 ex
2737 523 2908 606 Syria
2933 523 3116 587 libros
3135 521 3623 597 attulerat,unum

263 608 475 666 νάναλιν
522 610 816 689 φθάσαντα,
879 607 1062 691 ξενίζει
1107 608 1202 665 ἐπί
1275 610 1483 688 ἡμέρας
1540 613 1686 676 τινὰς
1731 612 1785 668 ἐν
1826 619 1880 685 τι]

1985 615 2175 675 sancti
2201 613 2530 696 Evangelii,
2555 617 2806 695 alterum
2833 615 3131 693 Apostoli,
3160 633 3306 695 quos
3329 613 3623 676 Constan-

260 699 398 772 οἴκῳ
469 699 648 761 αὖτοῦ.
726 696 846 756 Ὀδὲ
907 698 1258 778 αἰχμάλῶτος
1317 699 1378 755 ἐκ
1449 702 1639 780 Συρίας
1693 699 1880 779 βίϐλου

1985 701 2109 764 tino
2137 705 2408 781 donavit,
2444 705 2696 785 hospitii
2729 703 3087 766 beneﬁcium
3123 706 3178 766 ei
3204 721 3619 766 remunerans.

255 789 640 868 ὶπιφερόμενος
726 785 838 868 δύο,
928 789 1051 862 μίαν
1134 795 1228 844 τοῦ
1315 787 1468 866 ἁγίου
1550 791 1896 870 Εὗαγγελίου,

252 881 336 936 καὶ
382 878 564 956 ἑτέραν
596 880 697 945 τὴν
740 887 833 935 τοῦ
878 877 1234 954 Ἀποστόλου,
1281 879 1476 944 ταύτας
1527 879 1780 959 δωρεῖται
1822 883 1899 954 τῷ

255 968 656 1043 Κωνσταντίνῳ,
739 963 1096 1042 ἀμειϐόμενος
1166 967 1310 1041 αὒτῷ
1381 969 1480 1036 τὴν
1525 975 1623 1036 τῆς
1683 969 1895 1037 ξενοδο-

247 1059 382 1136 χίας
427 1057 775 1133 ἀντάμειψιν,
822 1055 884 1115 Ὀ
931 1055 986 1113 δὲ
1049 1055 1228 1112 λαϐὼν
1275 1058 1367 1120 τὰς
1411 1057 1502 1114 δύο
1545 1057 1763 1136 βιϐλρυς
1803 1062 1898 1118 τοῦ

246 1167 300 1203 τε
349 1146 672 1226 Εὖαγγελίου
718 1149 808 1203 καὶ
851 1153 944 1204 τοῦ
988 1145 1347 1220 Ἀποστόλου,
1411 1149 1500 1206 καὶ
1542 1153 1642 1216 τήν
1701 1149 1893 1224 ἀθέμι-

246 1258 338 1293 τον
379 1259 468 1294 και
513 1238 756 1316 μυσαρᾶν
813 1238 974 1294 αὖτοῦ
1052 1237 1260 1314 αἵρεσιν
1330 1236 1543 1314 βλέπων
1598 1238 1894 1316 βδελυκτὴν

247 1328 390 1403 παρὰ
437 1328 648 1384 πάντων
719 1328 808 1383 καὶ
879 1326 1102 1406 φευκτεέν
1163 1328 1510 1408 ὑπάρχουσαν
1554 1327 1638 1386 διὰ
1691 1331 1784 1395 τὰς
1838 1329 1893 1385 ἐν

249 1416 384 1492 αὐτῇ
439 1415 739 1496 δυσφημίας
783 1437 840 1473 τε
903 1419 995 1473 καὶ
1057 1417 1462 1498 αἰσχρουργίας,
1521 1417 1690 1476 θέλων
1749 1419 1892 1484 αὖθις

251 1507 647 1563 ἀνανεώσασθαι
689 1508 754 1563 τὸ
811 1509 1001 1582 κακὸν,
1077 1514 1396 1586 μηχανᾶται
1455 1509 1517 1564 ἐκ
1579 1507 1891 1576 διαϐολικης

251 1594 516 1674 ἰνεργείας
548 1604 625 1672 μὴ
663 1597 1114 1674 ἀναγινώσκεσθαι
1172 1595 1356 1675 ἑτέραν
1404 1597 1587 1676 βίϐλον
1629 1601 1690 1655 τὸ
1746 1621 1891 1677 παρ-

250 1684 413 1758 άπαν,
475 1683 618 1752 πλην
673 1692 769 1742 τοῦ
830 1685 1158 1763 Εὖαγγελίου
1227 1688 1313 1742 καὶ
1371 1695 1464 1743 τοῦ
1535 1685 1886 1758 Ἀποστόλου,

248 1773 397 1836 ὅπως
440 1771 640 1852 δυνηθῇ
685 1773 756 1830 δι’
797 1777 969 1831 αὐτῶν
1033 1773 1371 1852 ἓπικαΑύψαι
1415 1777 1515 1844 τὴν
1561 1779 1657 1843 τῆς
1700 1778 1888 1838 κακίας

243 1861 453 1940 βλάϐην
490 1878 504 1894 '

1982 790 2091 853 Hic
2104 801 2297 855 autem
2317 793 2550 855 duobus
2573 793 2666 854 his
2683 795 2989 873 Evangelii
3009 793 3346 874 etApostoli
3363 791 3623 871 acceptis

1980 881 2176 957 libris,
2211 883 2511 963 simulque
2544 884 2757 944 videns
2780 885 3023 964 impiam
3046 903 3212 945 suam
3233 902 3301 944 ac
3334 881 3620 944 nefariam

1979 971 2072 1033 29
2094 973 2372 1034 haeresim
2414 973 2696 1035 omnibus
2721 974 3124 1036 exsecrationi
3147 993 3213 1035 ac
3242 973 3620 1034 detestationi

1980 1061 2211 1135 haberi,
2247 1062 2784 1142 propterinfamias
2807 1063 3075 1143 ejusdem
3100 1082 3169 1125 ac
3192 1061 3616 1143 turpitudines;

1978 1160 2149 1230 capto
2173 1151 2424 1212 consilio
2446 1151 2663 1212 malum
2693 1153 2807 1214 hoc
2831 1152 3184 1226 renovandi,
3213 1151 3416 1212 statuit
3439 1149 3617 1211 insti-

1975 1247 2154 1318 gante
2168 1240 2456 1306 daemone.
2481 1241 2712 1302 nullum
2730 1242 2973 1302 omnino
2987 1241 3167 1302 alium
3183 1240 3501 1320 legendum
3518 1256 3618 1300 es-

1977 1347 2042 1391 se
2059 1329 2307 1402 librum,
2329 1339 2542 1409 praeter
2566 1330 2950 1408 Evangelium
2975 1341 3151 1413 atque
3174 1329 3620 1411 Apostolum,ut

1977 1417 2058 1480 ita
2085 1427 2287 1499 posset
2313 1419 2595 1500 nequitiae
2619 1439 2740 1481 suae
2771 1421 2962 1482 labem
2989 1422 3207 1500 velare;
3245 1420 3483 1483 illorum
3515 1417 3616 1478 in-

1977 1517 2101 1569 star
2125 1508 2225 1589 qui
2251 1519 2540 1571 venenata
2568 1511 2890 1590 pharmaca
2916 1512 3325 1592 propinantes,
3345 1509 3523 1570 melle
3547 1527 3616 1570 ea

1973 1598 2377 1678 adoperiunt:
2407 1599 2527 1661 imo
2570 1600 2657 1660 sic
2707 1601 2911 1674 etiam,
2953 1620 3130 1682 quam
3168 1620 3236 1662 ex
3272 1599 3616 1660 memoratis

1972 1689 2442 1750 Manichaeorum
2488 1688 2659 1750 libris
2694 1689 3066 1769 singularum
3108 1689 3612 1770 blasphemiarum

1971 1795 2176 1838 ansam
2203 1787 2605 1857 ceperat,eam
2631 1778 3342 1855 distortis,cumsatanico
3367 1777 3612 1851 auxilio,

555 1864 736 1942 ὥσπερ
781 1864 829 1920 οἱ
872 1865 938 1921 τὰ
997 1863 1302 1942 δηλητήρια
1352 1865 1607 1946 φάρμακα
1651 1865 1880 1930 διδόντες

1972 1865 2272 1943 Evangelii
2295 1877 2470 1948 atque
2485 1868 2749 1948 Apostoli
2766 1870 2837 1932 ad
2854 1869 3163 1949 proprium
3180 1868 3412 1930 libitum
3437 1867 3618 1928 inter-

243 1952 435 2026 πίνειν,
470 1950 555 2008 διὰ
614 1952 829 2029 μέλιτος
887 1953 1054 2010 ταῦτα
1085 1955 1100 1998 Ῑ
1131 1953 1582 2014 ἑπικαλύπτουσιν
1615 1973 1629 1988 ⁸
1677 1958 1767 2013 καὶ
1824 1953 1880 2023 δή

1972 1956 2408 2037 pretationibus
2432 1959 2791 2020 confirmare
2813 1957 3268 2021 valeret.Nihilo
3291 1963 3488 2018 tamen
3510 1955 3616 2016 mi-

241 2041 302 2098 ἐκ
368 2048 476 2098 τῶν
563 2046 1036 2119 μνημονευθεισῶν
1124 2051 1482 2124 Μανιχαΐκῶν
1539 2043 1735 2122 βίϐλων
1792 2047 1880 2111 τὰς

1968 2066 2082 2107 nus
2108 2046 2426 2126 praedictos
2446 2046 2913 2110 Manichaeorum
2939 2048 3360 2127 libros,utjam
3385 2046 3608 2107 dictum

239 2131 485 2211 ἀφορμὰς
531 2133 764 2200 ἑκάστης
823 2133 1167 2212 βλασφημίας
1215 2132 1588 2214 παρειληφὼς,
1652 2135 1880 2205 ἠδυνήθη

1967 2135 2389 2212 fuit,abolevit:
2417 2136 2492 2196 ob
2517 2137 2574 2196 id
2603 2138 3168 2219 potissimum,quod
3194 2138 3407 2198 borum
3433 2153 3611 2197 causa

238 2220 299 2277 ἐκ
348 2223 624 2300 συνεργίαις
672 2228 969 2289 σατανικῆς
1027 2224 1094 2279 τὰ
1136 2230 1229 2279 τοῦ
1294 2223 1616 2303 Εὐαγγελίου
1660 2227 1746 2282 καὶ
1793 2235 1880 2286 τοῦ

1968 2226 2287 2305 librorum,
2321 2224 2538 2287 multos
2563 2225 2761 2305 glad'o
2795 2226 3033 2289 videbat
3061 2225 3342 2288 interfici.
3376 2223 3608 2286 Etenim

236 2309 570 2368 Ἀποστόλου
616 2315 864 2386 νοήματα
893 2313 946 2369 ἐν
979 2318 1048 2388 τῇ
1079 2313 1358 2386 ἑρμηνείᾳ,
1401 2315 1532 2393 πρὸς
1577 2316 1637 2372 τὸ
1682 2316 1884 2372 οἰκεῖον

237 2399 548 2477 διαστρέψαι
601 2401 877 2478 βούλημα,
941 2403 1046 2461 Τὰς
1096 2401 1154 2458 δὲ
1200 2401 1460 2464 πολλάκις
1493 2405 1881 2478 μνημονεδθεί-

239 2513 335 2555 σας
361 2488 573 2568 βίϐλους
605 2494 709 2548 τῶν
742 2491 1082 2571 Μανιχαίων,
1133 2494 1208 2556 ὡς
1267 2495 1602 2571 προείρηται,
1665 2493 1882 2572 ἅπεῤῥί-

237 2584 377 2656 ψατο
415 2603 426 2616 ·
473 2579 558 2636 διὰ
599 2583 661 2637 τὸ
725 2581 813 2637 καὶ
887 2580 1127 2656 μάλιστα
1173 2580 1404 2645 πολλοὺς
1465 2585 1590 2656 ὁρᾷς
1637 2598 1682 2627 ω
1723 2581 1881 2640 ἕνεκα

237 2669 412 2726 αὖτῶν
463 2670 664 2750 ξίφεσιν
723 2671 1183 2746 ἄποκτενομένους
1217 2681 1266 2732 ιι.
1334 2675 1394 2730 Οἱ
1456 2674 1556 2751 γὰρ
1615 2674 1880 2730 θειότατοι

1965 2317 2201 2394 augusti
2228 2325 2286 2378 et
2306 2315 2618 2377 orthodoxi
2647 2326 2872 2378 nostra;
2894 2316 3244 2378 Christianae
3265 2334 3398 2376 vere
3419 2315 3612 2394 gentis

1964 2406 2544 2486 imperatores.inter
2557 2416 2768 2468 catera
2781 2426 2886 2469 sua
2901 2416 3065 2468 recte
3079 2407 3354 2480 acta,hoc
3369 2421 3610 2486 quoque

1965 2496 2308 2570 edixerunt,
2343 2505 2404 2556 ut
2441 2496 2500 2556 in
2531 2495 2884 2558 Manichmos
2914 2515 2981 2558 ac
3005 2496 3391 2558 Montanistas
3411 2493 3608 2573 gladio

1964 2585 2593 2660 animadverteretur;
2644 2584 2781 2646 libri
2814 2597 3011 2646 autem
3046 2586 3282 2647 illorum
3316 2583 3611 2664 comperti

1963 2674 2097 2735 flam
2111 2675 2224 2735 mis
2244 2673 2646 2749 traderentur;
2663 2694 2814 2755 quos
2836 2675 2883 2735 si
2899 2675 3035 2756 quis
3056 2675 3254 2738 celare
3275 2675 3610 2754 deprehen-

235 2761 322 2816 καὶ
370 2758 634 2839 ὁρθόδοξοι
678 2761 835 2835 ἡμῶν
882 2767 984 2816 τῶν
1015 2760 1182 2824 ὄντως
1243 2769 1576 2838 Χριστιανῶν
1632 2761 1878 2840 βασιλεῖς

1964 2762 2232 2836 deretur,
2249 2763 2299 2823 is
2333 2765 2576 2844 quidem
2593 2765 2834 2842 capitali
2851 2766 3166 2827 sententiae
3183 2765 3605 2843 subjiceretur,

235 2849 372 2923 μετὰ
430 2849 646 2908 πάντων
721 2857 832 2906 τῶν
887 2850 1100 2927 ἀγαθῶν
1181 2852 1351 2907 αύτῶν
1423 2853 1876 2930 κατορθωμάτων,

1964 2869 2059 2913 res
2073 2861 2270 2914 autem
2288 2854 2560 2932 ejusdem
2578 2854 2892 2916 familiaris
2909 2856 2964 2916 in
2981 2858 3186 2916 ﬁscum
3203 2855 3604 2932 redigeretur.

231 2939 531 3010 θεσπίζουσι
585 2940 882 3019 καὶτοῦτο,
916 2941 1248 3019 Μανιχαίους
1279 2943 1366 2996 καὶ
1403 2943 1701 3008 Μοντανοὺς
1760 2940 1889 3019 ξίφει
1924 2947 2298 3022 τιμωρεῖσθᾶν
2366 2946 2458 3010 τὰς
2490 2942 2542 3000 δὲ
2577 2942 2788 3020 βίϐλους
2823 2945 2990 3002 αῧτών
3049 2945 3449 3021 εὕρισκομένας,
3485 2943 3605 3020 πυρὶ

233 3027 626 3107 παραδίδοσθαιο
657 3030 700 3084 εἷ
730 3027 784 3084 δέ
814 3050 895 3091 τις
924 3031 1191 3108 φωραθείη
1243 3031 1435 3092 ταύτας
1470 3030 1847 3108 ἀποκρύπτων,
1880 3032 1975 3087 τὸν
2000 3041 2232 3090 τοιοῦτον
2267 3035 2432 3114 ψήφιρ
2455 3036 2679 3091 θανάτου
2709 3034 3226 3091 καθυποϐἀλλεσθαι·
3261 3036 3324 3089 τὰ
3346 3031 3398 3088 δὲ
3427 3033 3600 3111 ὑπάρ-

237 3139 410 3197 χοντα
440 3118 580 3201 αύτῷ
623 3117 678 3174 ιν
707 3125 784 3193 τῷ
815 3126 908 3175 τοῦ
939 3117 1198 3193 δημοσίου
1229 3119 1614 3193 εἰσκομίζεσθαι
1649 3120 1796 3198 μέρει
1829 3119 1986 3201 (33).

316 3205 450 3264 ΚΔ’.
499 3198 556 3265 Ὀ
600 3216 726 3284 γοῦν
771 3215 861 3264 τοῦ
892 3209 1158 3272 Μάνεντος
1220 3210 1465 3282 μαθητὴς
1529 3220 1873 3267 Κωνσῖανττ-

2034 3209 3056 3294 XXIV.Mauetisitaquediscipulus
3077 3212 3604 3284 Constantinus,ut

231 3317 321 3358 νος
349 3294 441 3352 ’ίνα
473 3297 592 3358 τοὺς
625 3298 1090 3372 μαθητευομένους
1151 3300 1292 3371 αὖτῴ
1342 3298 1559 3360 τελείως
1617 3297 1873 3364 δελεάσας

1964 3317 2095 3360 suos
2109 3299 2436 3380 discipulos
2451 3304 2696 3364 omnino
2737 3303 2996 3363 irretitos
3013 3303 3374 3382 perderet.et
3388 3300 3604 3363 doctri-

227 3385 498 3467 ἀπολέσῃ,
528 3391 616 3444 καὶ
647 3390 853 3464 ποιήσῃ
883 3387 1247 3466 εὒπαράδεκτα
1292 3391 1357 3445 τὰ
1411 3387 1564 3466 [cod.
1600 3387 1643 3452 Γ.
1675 3390 1754 3454 98
1785 3388 1868 3466 b.|

1964 3406 2089 3449 nam
2107 3408 2273 3450 suam
2291 3389 2525 3451 facilius
2540 3391 3188 3470 oggereret,Valentini
3205 3392 3605 3472 blasphemias

227 3473 355 3556 παρ’
401 3481 558 3535 αὐτοῦ
615 3477 905 3554 λεγόμενα,
951 3481 1043 3538 τὰς
1096 3478 1411 3538 Οὖαλευτίου
1461 3487 1484 3513 ⁰
1527 3478 1870 3560 βλασφημίας

1964 3485 2135 3558 atque
2152 3466 2635 3558 prazstigias.trigi
2648 3491 2743 3540 nta
2757 3466 2925 3541 aaonu
2939 3466 3456 3562 m,inquam.atque
3471 3479 3604 3540 deo-

223 3566 314 3622 καὶ
347 3564 750 3644 τερατολογίας,
802 3570 910 3623 τῶν
964 3568 1250 3644 τριάκοντα
1293 3567 1522 3648 αἰώνων,
1559 3570 1720 3649 φημὶ,
1786 3570 1874 3625 καὶ

1964 3583 2112 3640 rum,
2135 3575 2546 3649 praetereaque
2563 3569 2799 3630 Cubrici
2818 3569 2892 3630 de
2909 3569 3105 3649 pluvia
3131 3570 3444 3630 conﬁctam
3475 3587 3603 3646 my-

224 3657 386 3735 θεῶν,
421 3654 584 3712 ἔτιδὲ
630 3660 724 3712 καί
770 3657 870 3724 τὴν
929 3666 1024 3714 τοῦ
1087 3655 1372 3736 Κουϐρίιιου
1426 3659 1543 3734 περὶ
1588 3665 1680 3713 τοῦ
1721 3660 1875 3714 ὑετοῦ

1964 3655 2420 3737 thologiam,qui
2437 3657 2600 3719 aitex
2621 3657 3120 3737 formosijnvenis
3135 3657 3457 3719 sudoribus
3473 3657 3601 3717 vir-

223 3742 520 3811 πλαστώδη
579 3745 925 3825 μυθολογίαν,
974 3746 1032 3810 ὅς
1079 3770 1242 3828 φησιν
1295 3746 1346 3813 ἐξ
1395 3745 1631 3826 ἱδρώτων
1693 3748 1873 3803 νεανί-

223 3855 359 3892 σκου
421 3833 650 3898 εὐειδοῦς
693 3838 1126 3916 κατατρέχοντος
1191 3838 1435 3915 παρθένῳ
1489 3840 1724 3916 γίνεσθαι
1783 3842 1873 3894 τὸν

223 3924 402 3998 ὑετὸν,
438 3926 526 3980 καὶ
557 3925 693 3981 ἄλλα
743 3927 864 3982 τινὰ
923 3924 1016 4005 ἀφ’
1060 3927 1251 3984 ἑαυτοῦ
1309 3929 1382 3990 ὡς
1444 3925 1870 4006 δυσπαραδεκτα,

220 4013 489 4082 ἠθέλησεν
520 4014 928 4072 ἆποσείσασθαι⁹
969 4021 1072 4096 οὐχ
1101 4016 1194 4072 ἵνα
1225 4017 1324 4084 τὴν
1354 4017 1612 4095 μεγίστην
1646 4018 1871 4096 λωφήσῃ

220 4104 439 4175 κακίαν,
471 4103 592 4160 ἀλλ’
645 4105 737 4160 ἵνα
795 4109 927 4184 πρὸς
980 4108 1164 4164 ἑαυτὸν
1210 4106 1444 4171 πολλοὺς
1489 4106 1867 4186 ἐφελκύσηται.

220 4190 534 4250 Βασιλείδου
565 4191 618 4250 δὲ
655 4201 747 4251 τοῦ
778 4193 1086 4272 δυσωνύμου
1134 4197 1226 4262 τὰς
1279 4196 1556 4275 ἀσελγείας
1585 4207 1612 4249 Ρ
1678 4217 1736 4252 τε
1780 4197 1867 4250 καὶ

216 4282 288 4338 τὰ
334 4282 636 4357 μιάσματα,
683 4285 770 4341 καὶ
821 4290 928 4340 τῶν
974 4283 1179 4342 λοιπῶν
1222 4286 1474 4342 ἁπάντων
1515 4287 1608 4342 τὸν
1659 4283 1865 4352 δυσώδη

216 4369 614 4446 ὑποδεξάμενος
671 4373 949 4454 βόρϐορον,
1031 4373 1394 4431 ἀναδείκνυται
1467 4375 1582 4436 νέος
1635 4397 1710 4435 τις
1773 4372 1864 4429 ὁδ-

215 4462 358 4538 ηγὸς
402 4461 696 4527 ἀπωλείας.
729 4463 892 4520 ’Ὁθεν
923 4463 1154 4530 ἅπαντες
1208 4467 1252 4520 οἱ
1298 4471 1384 4521 νῦν
1433 4465 1704 4542 περιόντες
1759 4470 1864 4519 τῶν

213 4553 544 4630 Μανιχαίων
597 4551 814 4632 παῖδες,
860 4554 953 4616 τὰς
1010 4551 1436 4631 δραματουργίας
1469 4553 1663 4616 ταύτας
1696 4551 1864 4630 ἀγνο-

211 4647 426 4714 οῦντες,
483 4642 768 4718 προθύμως
827 4641 1264 4717 ἀναθεματίζουσι
1326 4643 1638 4716 Σκυθιανὸν,
1701 4640 1864 4698 Βουδ-

211 4726 312 4784 δᾰν
355 4749 438 4802 τε,
483 4732 571 4787 καὶ
639 4731 907 4804 Μάνεντα,
972 4731 1094 4794 τοὺς
1173 4736 1270 4798 τῆς
1331 4732 1518 4794 κακίας
1577 4732 1866 4808 γεγονότας

1956 3745 2155 3824 ginem
2183 3748 2628 3826 persequentis,
2666 3747 2922 3826 pluviam
2950 3747 3290 3810 confieri.et
3314 3747 3602 3808 nonnulla

1954 3835 2092 3908 alia,
2119 3845 2323 3914 utpote
2357 3837 2586 3899 credilu
2622 3837 2908 3910 difficilia,
2931 3837 3295 3918 antiquanda
3325 3837 3596 3913 curavit;

1954 3924 2111 3986 haud
2137 3943 2281 3985 sane
2304 3934 2365 3986 ut
2406 3926 2557 3988 hanc
2583 3925 2657 3987 de
2682 3927 2879 3987 medio
2907 3927 3146 3989 tolleret
3167 3946 3458 3988 summam
3485 3946 3596 3988 ne-

1954 4014 2225 4094 quitiam,
2249 4014 2354 4074 sed
2374 4021 2435 4074 ut
2453 4015 2654 4096 plures
2668 4014 2739 4076 ad
2757 4034 2820 4076 se
2841 4017 3241 4094 pertraheret.
3265 4018 3596 4098 Caeteroqui

1951 4103 2190 4164 infamis
2217 4103 2493 4166 Basilides
2525 4115 2583 4166 et
2615 4105 2987 4184 reliquorum
3022 4107 3116 4165 50
3150 4110 3416 4167 omnium
3442 4106 3595 4167 freti-

1951 4191 2092 4253 dum
2113 4211 2346 4253 ccenum
2366 4212 2458 4254 am
2471 4193 3045 4274 plectens,novellus
3063 4195 3300 4275 quidam
3325 4197 3597 4275 apparuit

1954 4280 2310 4361 perditionis
2342 4283 2690 4363 dux.Atque
2724 4283 2862 4345 hinc
2895 4283 3138 4365 accidit,
3161 4295 3223 4344 ut
3254 4303 3464 4346 omnes
3494 4285 3595 4365 qui

1952 4391 2110 4433 nunc
2135 4382 2274 4433 sunt
2298 4372 2758 4435 Manichaeorum
2781 4373 3410 4455 discipuli,przedictas
3428 4374 3597 4436 fabu-

1949 4463 2036 4523 las
2066 4462 2437 4540 ignorantes,
2473 4464 2823 4544 Scythiano,
2863 4463 3106 4543 Buddze,
3145 4473 3322 4544 atque
3353 4463 3591 4540 Maneti,

1949 4551 2087 4612 mali
2123 4552 2299 4629 hujus
2328 4553 2764 4630 antesignanis,
2799 4554 2952 4614 ultro
3003 4555 3321 4615 anathema
3349 4553 3594 4630 dicant;

1947 4640 2401 4703 Constantinum
2422 4650 2620 4703 autem
2640 4643 2934 4724 hunc,qui
2957 4641 3594 4722 seinsuperSilvanum

1950 4731 2298 4802 nominavit,
2334 4749 2445 4792 nec
2481 4749 2600 4792 non
2649 4750 2755 4794 eos
2799 4733 2894 4814 qui
2932 4740 3066 4812 post
3094 4731 3259 4792 illum
3292 4749 3592 4810 apparue-

215 4817 534 4897 ἀρχηγέτας
570 4839 584 4854 ⁸
651 4830 1058 4878 Κωνστανττνον
1088 4819 1142 4877 δὲ
1174 4828 1359 4878 τοῦτον
1389 4823 1481 4877 τὸν
1511 4823 1600 4876 καὶ
1632 4820 1867 4876 Σιλουα-

1964 4828 2187 4894 runt,ut
2220 4819 2439 4882 Christi
2472 4821 2777 4902 apostolos
2809 4823 2934 4902 pari
2973 4839 3041 4882 ac
3085 4819 3332 4882 Paulum
3363 4821 3592 4882 honore

215 4907 314 4964 νὸν
347 4907 534 4965 ἑαυτὸν
591 4910 954 4985 ὀνομάσαντα,
991 4913 1076 4966 καί
1127 4911 1249 4976 τοὺς
1300 4909 1422 4986 μετ’
1451 4910 1610 4968 αὐτὸν
1653 4908 1866 4966 ἀναδει-

1964 4919 2414 4990 prosequantur.
2457 4909 2566 4972 Hic
2599 4928 2740 4987 ergo
2769 4910 3216 4988 Constantinus,
3247 4906 3349 4988 qui
3382 4917 3441 4970 et
3473 4910 3593 4971 Sil-

215 4998 454 5076 χθὲντας
485 5000 557 5062 ὡς
592 4998 926 5064 ἀποστόλους
959 5003 1186 5078 Χριστοῦ
1215 5001 1304 5056 καὶ
1347 5001 1618 5073 ἰσοτίμους
1656 4999 1866 5058 Παύλου

1964 5017 2159 5080 vanus,
2222 5001 2517 5062 Mananali
2574 5019 2721 5080 pago
2785 5000 3021 5073 relicto,
3056 4998 3380 5059 incolatnm
3415 5016 3588 5060 suum

212 5087 502 5164 ἡγοῦνται,
553 5089 718 5152 Οὗτος
777 5089 950 5149 τοίνυν
1007 5091 1034 5144 ὁ
1082 5099 1509 5163 Κωνστανττνος,
1567 5091 1594 5146 ὁ
1639 5092 1725 5146 καὶ
1771 5097 1865 5145 Σι-

1964 5087 2258 5150 transtulit
2287 5095 2346 5150 in
2377 5097 2640 5150 castrum
2686 5087 2993 5152 Cibossam
3030 5105 3217 5169 prope
3239 5086 3589 5170 Coloueam,

1528 5230 1788 5296 VARl/E
1832 5229 2271 5296 LECTIONES.

1589 5355 1617 5386 η
1646 5345 1712 5405 Β,
1751 5342 2231 5416 ἀποκτενομένους.

1775 5453 2027 5520 NOTAE.

303 5563 424 5646 (33)
455 5563 822 5646 Lexdcivilis
852 5563 912 5646 in
965 5562 1154 5625 Photii
1211 5561 1597 5646 Syntagmate
1645 5560 1857 5642 Spicil.
1945 5562 2039 5646 oio
2069 5559 2441 5646 puniuntur,
2477 5567 2533 5617 (ιι
2565 5575 2769 5619 eorum
2803 5559 2955 5646 bona
3013 5557 3426 5646 publicarum}
3460 5557 3580 5617 Ibi-

206 5638 396 5708 Βοὶη.
435 5653 473 5706 t.
510 5643 610 5705 νη
669 5665 726 5725 p.
761 5644 878 5706 383
913 5666 925 5702 :
964 5649 1020 5702 Οἳ
1056 5638 1354 5724 Μανιχαῖοι
1402 5638 1668 5723 ’ἐσχάτωσ
1690 5638 1862 5725 Esuvi-
1947 5639 2083 5725 dem
2123 5659 2178 5719 p.
2210 5639 2349 5714 385,
2383 5656 2572 5720 paenae
2602 5647 2828 5699 exstant
2861 5638 3145 5698 adversus
3178 5638 3363 5699 libros
3395 5639 3582 5698 hatre-

210 5734 429 5808 ροῦνται
461 5749 550 5784 και
581 5715 922 5798 δημεύονταιε
961 5715 1294 5787 Manio/ioci
1322 5715 1594 5787 exlrérno
1625 5715 1863 5806 suppli-
1949 5715 2230 5782 ticorum.

296 5342 313 5386 ¹
344 5341 523 5406 Deest
549 5351 712 5402 ταῦτα
743 5339 898 5422 apud
930 5343 1006 5406 Β.
1091 5355 1132 5387 ω
1163 5340 1309 5404 Cod.
1342 5344 1501 5422 δρῶν.
1589 5355 1617 5386 η
1646 5345 1712 5405 R.
1751 5342 2231 5416 ἀποκτενομένους.
2318 5353 2342 5384 ⁸
2374 5339 2457 5402 Ita
2492 5338 2628 5402 cod.
2712 5351 2738 5394 Ρ
2771 5341 2820 5404 Ρι
2879 5339 3155 5418 ἀσελγίας,
