  <div class='ocr_page' id='page_1' title='image "/cluster/home/n/w/nwhite01/storage/ocr_20150623/104/hvd.32044073502163/660.png"; bbox 0 0 4026 6226; ppageno 0'>
   <div class='ocr_carea' id='block_1_1' title="bbox 274 334 422 410">
    <p class='ocr_par' dir='ltr' id='par_1_1' title="bbox 274 334 422 410">
     <span class='ocr_line' id='line_1_1' title="bbox 274 334 422 410; baseline -0.007 0"><span class='ocrx_word' id='word_1_1' title='bbox 274 334 422 410; x_wconf 79' lang='lat' dir='ltr'><strong>I281</strong></span> 
     </span>
    </p>
   </div>
   <div class='ocr_carea' id='block_1_2' title="bbox 1435 337 2479 413">
    <p class='ocr_par' dir='ltr' id='par_1_2' title="bbox 1435 337 2479 413">
     <span class='ocr_line' id='line_1_2' title="bbox 1435 337 2479 413; baseline 0.001 -3"><span class='ocrx_word' id='word_1_2' title='bbox 1435 337 1800 410; x_wconf 81' lang='lat' dir='ltr'><strong>HISTORIA</strong></span> <span class='ocrx_word' id='word_1_3' title='bbox 1835 355 1838 359; x_wconf 79' lang='lat'><em>&#39;</em></span> <span class='ocrx_word' id='word_1_4' title='bbox 1861 337 2479 413; x_wconf 71' lang='lat' dir='ltr'><strong>MANICH/EORUM.</strong></span> 
     </span>
    </p>
   </div>
   <div class='ocr_carea' id='block_1_3' title="bbox 3490 347 3644 417">
    <p class='ocr_par' dir='ltr' id='par_1_3' title="bbox 3490 347 3644 417">
     <span class='ocr_line' id='line_1_3' title="bbox 3490 347 3644 417; baseline 0 -1"><span class='ocrx_word' id='word_1_5' title='bbox 3490 347 3644 417; x_wconf 77' lang='lat'><strong>1282</strong></span> 
     </span>
    </p>
   </div>
   <div class='ocr_carea' id='block_1_4' title="bbox 268 455 1897 564">
    <p class='ocr_par' dir='ltr' id='par_1_4' title="bbox 268 479 1897 564">
     <span class='ocr_line' id='line_1_4' title="bbox 268 479 1897 564; baseline -0.001 -27"><span class='ocrx_word' id='word_1_6' title='bbox 268 479 437 539; x_wconf 69' lang='grc' dir='ltr'>ὶλθὼν</span> <span class='ocrx_word' id='word_1_7' title='bbox 491 481 566 546; x_wconf 80' lang='grc' dir='ltr'>εἷς</span> <span class='ocrx_word' id='word_1_8' title='bbox 625 481 724 548; x_wconf 78' lang='grc' dir='ltr'><strong>τήν</strong></span> <span class='ocrx_word' id='word_1_9' title='bbox 794 483 1089 564; x_wconf 76' lang='grc' dir='ltr'><strong>λεχθεῖσαν</strong></span> <span class='ocrx_word' id='word_1_10' title='bbox 1150 480 1440 558; x_wconf 80' lang='grc' dir='ltr'>Κίϐοσσαν,</span> <span class='ocrx_word' id='word_1_11' title='bbox 1503 483 1626 546; x_wconf 78' lang='grc' dir='ltr'>τοὺς</span> <span class='ocrx_word' id='word_1_12' title='bbox 1671 479 1897 558; x_wconf 74' lang='grc' dir='ltr'>μαθηται</span> 
     </span>
    </p>
   </div>
   <div class='ocr_carea' id='block_1_5' title="bbox 1983 455 3645 564">
    <p class='ocr_par' dir='ltr' id='par_1_5' title="bbox 2001 455 3645 564">
     <span class='ocr_line' id='line_1_5' title="bbox 2001 455 3645 564; baseline 0.002 -22"><span class='ocrx_word' id='word_1_13' title='bbox 2001 479 2328 562; x_wconf 81' lang='lat' dir='ltr'><strong>impietatis</strong></span> <span class='ocrx_word' id='word_1_14' title='bbox 2357 483 2490 564; x_wconf 86' lang='lat' dir='ltr'><strong>ejus</strong></span> <span class='ocrx_word' id='word_1_15' title='bbox 2511 455 3105 564; x_wconf 82' lang='lat' dir='ltr'><strong>successor,gloriam</strong></span> <span class='ocrx_word' id='word_1_16' title='bbox 3145 473 3421 560; x_wconf 86' lang='lat' dir='ltr'><strong>etiam,ut</strong></span> <span class='ocrx_word' id='word_1_17' title='bbox 3442 483 3645 547; x_wconf 69' lang='lat' dir='ltr'><strong>caateri</strong></span> 
     </span>
    </p>
   </div>
   <div class='ocr_carea' id='block_1_6' title="bbox 267 568 1910 650">
    <p class='ocr_par' dir='ltr' id='par_1_6' title="bbox 267 568 1910 650">
     <span class='ocr_line' id='line_1_6' title="bbox 267 568 1910 650; baseline 0.001 -24"><span class='ocrx_word' id='word_1_18' title='bbox 267 568 576 650; x_wconf 70' lang='grc' dir='ltr'><strong>ἐπισυνάγει</strong></span> <span class='ocrx_word' id='word_1_19' title='bbox 638 573 1061 648; x_wconf 74' lang='grc' dir='ltr'>Κωνσταντίνου,</span> <span class='ocrx_word' id='word_1_20' title='bbox 1131 574 1220 629; x_wconf 78' lang='grc' dir='ltr'><strong>καὶ</strong></span> <span class='ocrx_word' id='word_1_21' title='bbox 1289 573 1490 650; x_wconf 88' lang='grc' dir='ltr'>γίνεται</span> <span class='ocrx_word' id='word_1_22' title='bbox 1547 572 1648 641; x_wconf 70' lang='grc' dir='ltr'><strong>τῆς</strong></span> <span class='ocrx_word' id='word_1_23' title='bbox 1717 573 1910 635; x_wconf 86' lang='grc' dir='ltr'>κακίας</span> 
     </span>
    </p>
   </div>
   <div class='ocr_carea' id='block_1_7' title="bbox 265 657 1911 742">
    <p class='ocr_par' dir='ltr' id='par_1_7' title="bbox 265 657 1911 742">
     <span class='ocr_line' id='line_1_7' title="bbox 265 657 1911 742; baseline 0.001 -27"><span class='ocrx_word' id='word_1_24' title='bbox 265 657 520 741; x_wconf 75' lang='grc' dir='ltr'>διάδοχος</span> <span class='ocrx_word' id='word_1_25' title='bbox 553 677 570 696; x_wconf 89' lang='grc'><strong>·</strong></span> <span class='ocrx_word' id='word_1_26' title='bbox 605 659 838 727; x_wconf 79' lang='grc' dir='ltr'>εὐδοξίαν</span> <span class='ocrx_word' id='word_1_27' title='bbox 879 684 963 742; x_wconf 85' lang='grc' dir='ltr'><strong>τε,</strong></span> <span class='ocrx_word' id='word_1_28' title='bbox 999 663 1072 727; x_wconf 80' lang='grc' dir='ltr'><strong>ὠς</strong></span> <span class='ocrx_word' id='word_1_29' title='bbox 1117 662 1204 718; x_wconf 77' lang='grc' dir='ltr'><strong>καὶ</strong></span> <span class='ocrx_word' id='word_1_30' title='bbox 1247 663 1295 718; x_wconf 74' lang='lat' dir='ltr'><strong>oi</strong></span> <span class='ocrx_word' id='word_1_31' title='bbox 1350 662 1450 740; x_wconf 80' lang='grc' dir='ltr'>πρὸ</span> <span class='ocrx_word' id='word_1_32' title='bbox 1491 661 1708 741; x_wconf 76' lang='grc' dir='ltr'>τούτου,</span> <span class='ocrx_word' id='word_1_33' title='bbox 1739 661 1911 734; x_wconf 74' lang='grc' dir='ltr'>ἑαυτῷ</span> 
     </span>
    </p>
   </div>
   <div class='ocr_carea' id='block_1_8' title="bbox 265 748 1911 832">
    <p class='ocr_par' dir='ltr' id='par_1_8' title="bbox 265 748 1911 832">
     <span class='ocr_line' id='line_1_8' title="bbox 265 748 1911 832; baseline 0 -27"><span class='ocrx_word' id='word_1_34' title='bbox 265 753 800 828; x_wconf 71' lang='grc' dir='ltr'>πραγματευόμενος,</span> <span class='ocrx_word' id='word_1_35' title='bbox 889 748 1048 832; x_wconf 90' lang='lat' dir='ltr'><strong>[cod.</strong></span> <span class='ocrx_word' id='word_1_36' title='bbox 1133 749 1173 810; x_wconf 68' lang='grc' dir='ltr'><strong>ἴ.</strong></span> <span class='ocrx_word' id='word_1_37' title='bbox 1240 748 1402 829; x_wconf 60' lang='lat'><strong>100.]</strong></span> <span class='ocrx_word' id='word_1_38' title='bbox 1476 761 1640 810; x_wconf 83' lang='grc' dir='ltr'>Τῖτον</span> <span class='ocrx_word' id='word_1_39' title='bbox 1724 750 1911 806; x_wconf 78' lang='grc' dir='ltr'>ἑαυτὸν</span> 
     </span>
    </p>
   </div>
   <div class='ocr_carea' id='block_1_9' title="bbox 262 836 1908 918">
    <p class='ocr_par' dir='ltr' id='par_1_9' title="bbox 262 836 1908 918">
     <span class='ocr_line' id='line_1_9' title="bbox 262 836 1908 918; baseline 0 -26"><span class='ocrx_word' id='word_1_40' title='bbox 262 837 540 912; x_wconf 80' lang='grc' dir='ltr'>ὀνομάζει.</span> <span class='ocrx_word' id='word_1_41' title='bbox 572 836 719 916; x_wconf 84' lang='grc' dir='ltr'><strong>Ἐγὼ</strong></span> <span class='ocrx_word' id='word_1_42' title='bbox 748 837 802 894; x_wconf 76' lang='grc' dir='ltr'>δὲ</span> <span class='ocrx_word' id='word_1_43' title='bbox 826 838 1038 914; x_wconf 70' lang='grc' dir='ltr'>τοῦτον,</span> <span class='ocrx_word' id='word_1_44' title='bbox 1073 840 1134 896; x_wconf 74' lang='grc' dir='ltr'><strong>οὺ</strong></span> <span class='ocrx_word' id='word_1_45' title='bbox 1163 848 1326 897; x_wconf 76' lang='grc' dir='ltr'>Τῖτον</span> <span class='ocrx_word' id='word_1_46' title='bbox 1377 836 1514 903; x_wconf 74' lang='grc' dir='ltr'>λέξω</span> <span class='ocrx_word' id='word_1_47' title='bbox 1561 837 1643 918; x_wconf 69' lang='grc' dir='ltr'><strong>(οὗ</strong></span> <span class='ocrx_word' id='word_1_48' title='bbox 1685 839 1786 915; x_wconf 81' lang='grc' dir='ltr'><strong>γὰρ</strong></span> <span class='ocrx_word' id='word_1_49' title='bbox 1845 838 1908 906; x_wconf 81' lang='grc' dir='ltr'><strong>ἧν</strong></span> 
     </span>
    </p>
   </div>
   <div class='ocr_carea' id='block_1_10' title="bbox 263 926 1912 1007">
    <p class='ocr_par' dir='ltr' id='par_1_10' title="bbox 263 926 1912 1007">
     <span class='ocr_line' id='line_1_10' title="bbox 263 926 1912 1007; baseline 0.001 -26"><span class='ocrx_word' id='word_1_50' title='bbox 263 927 515 1003; x_wconf 81' lang='grc' dir='ltr'>μιμητὴς</span> <span class='ocrx_word' id='word_1_51' title='bbox 575 929 730 984; x_wconf 82' lang='grc' dir='ltr'>Τίτου</span> <span class='ocrx_word' id='word_1_52' title='bbox 760 929 854 984; x_wconf 74' lang='grc' dir='ltr'>τοῦ</span> <span class='ocrx_word' id='word_1_53' title='bbox 883 927 939 984; x_wconf 72' lang='grc' dir='ltr'>ἐν</span> <span class='ocrx_word' id='word_1_54' title='bbox 971 928 1156 1007; x_wconf 78' lang='grc' dir='ltr'>Κρήτῃ</span> <span class='ocrx_word' id='word_1_55' title='bbox 1213 929 1316 984; x_wconf 71' lang='grc' dir='ltr'>ὑπὸ</span> <span class='ocrx_word' id='word_1_56' title='bbox 1367 926 1578 984; x_wconf 64' lang='grc' dir='ltr'>Παύλου</span> <span class='ocrx_word' id='word_1_57' title='bbox 1635 936 1730 986; x_wconf 86' lang='grc' dir='ltr'><strong>τοῦ</strong></span> <span class='ocrx_word' id='word_1_58' title='bbox 1769 927 1912 983; x_wconf 79' lang='grc' dir='ltr'>ἀπο-</span> 
     </span>
    </p>
   </div>
   <div class='ocr_carea' id='block_1_11' title="bbox 261 1014 1906 1097">
    <p class='ocr_par' dir='ltr' id='par_1_11' title="bbox 261 1014 1906 1097">
     <span class='ocr_line' id='line_1_11' title="bbox 261 1014 1906 1097; baseline 0.001 -26"><span class='ocrx_word' id='word_1_59' title='bbox 261 1014 462 1073; x_wconf 79' lang='grc' dir='ltr'><strong>στόλου</strong></span> <span class='ocrx_word' id='word_1_60' title='bbox 512 1016 989 1097; x_wconf 81' lang='grc' dir='ltr'>χειροτονηθέντος</span> <span class='ocrx_word' id='word_1_61' title='bbox 1032 1014 1384 1097; x_wconf 73' lang='grc' dir='ltr'>ἐπισκόπου),</span> <span class='ocrx_word' id='word_1_62' title='bbox 1438 1015 1580 1074; x_wconf 76' lang='grc' dir='ltr'>ἀλλὰ</span> <span class='ocrx_word' id='word_1_63' title='bbox 1624 1021 1803 1083; x_wconf 77' lang='grc' dir='ltr'>Κῆτον</span> <span class='ocrx_word' id='word_1_64' title='bbox 1832 1025 1859 1058; x_wconf 75' lang='grc' dir='ltr'><strong>ν</strong></span> <span class='ocrx_word' id='word_1_65' title='bbox 1888 1032 1906 1052; x_wconf 83' lang='lat'><strong>&#39;</strong></span> 
     </span>
    </p>
   </div>
   <div class='ocr_carea' id='block_1_12' title="bbox 261 1104 1908 1185">
    <p class='ocr_par' dir='ltr' id='par_1_12' title="bbox 261 1104 1908 1185">
     <span class='ocr_line' id='line_1_12' title="bbox 261 1104 1908 1185; baseline 0.001 -24"><span class='ocrx_word' id='word_1_66' title='bbox 261 1106 514 1181; x_wconf 78' lang='grc' dir='ltr'>μιμητὴς</span> <span class='ocrx_word' id='word_1_67' title='bbox 568 1106 670 1184; x_wconf 79' lang='grc' dir='ltr'>γὰρ</span> <span class='ocrx_word' id='word_1_68' title='bbox 717 1105 908 1185; x_wconf 76' lang='grc' dir='ltr'>γέγονε</span> <span class='ocrx_word' id='word_1_69' title='bbox 950 1115 1045 1166; x_wconf 80' lang='grc' dir='ltr'><strong>τοῦ</strong></span> <span class='ocrx_word' id='word_1_70' title='bbox 1086 1104 1374 1164; x_wconf 71' lang='grc' dir='ltr'><strong>θαλασσίου</strong></span> <span class='ocrx_word' id='word_1_71' title='bbox 1417 1107 1619 1177; x_wconf 87' lang='grc' dir='ltr'>κήτους</span> <span class='ocrx_word' id='word_1_72' title='bbox 1665 1115 1760 1166; x_wconf 87' lang='grc' dir='ltr'><strong>τοῦ</strong></span> <span class='ocrx_word' id='word_1_73' title='bbox 1789 1119 1908 1172; x_wconf 86' lang='grc' dir='ltr'>τοῖς</span> 
     </span>
    </p>
   </div>
   <div class='ocr_carea' id='block_1_13' title="bbox 257 1191 1904 1274">
    <p class='ocr_par' dir='ltr' id='par_1_13' title="bbox 257 1191 1904 1274">
     <span class='ocr_line' id='line_1_13' title="bbox 257 1191 1904 1274; baseline 0.001 -23"><span class='ocrx_word' id='word_1_74' title='bbox 257 1191 444 1252; x_wconf 72' lang='grc' dir='ltr'>ὕδασιν</span> <span class='ocrx_word' id='word_1_75' title='bbox 472 1193 881 1274; x_wconf 70' lang='grc' dir='ltr'>ὶμφωλεόοντος</span> <span class='ocrx_word' id='word_1_76' title='bbox 915 1211 931 1227; x_wconf 87' lang='lat'><strong>&#39;</strong></span> <span class='ocrx_word' id='word_1_77' title='bbox 992 1197 1112 1274; x_wconf 82' lang='grc' dir='ltr'>περὶ</span> <span class='ocrx_word' id='word_1_78' title='bbox 1163 1196 1267 1274; x_wconf 79' lang='grc' dir='ltr'>γὰρ</span> <span class='ocrx_word' id='word_1_79' title='bbox 1323 1201 1419 1254; x_wconf 86' lang='grc' dir='ltr'><strong>τοῦ</strong></span> <span class='ocrx_word' id='word_1_80' title='bbox 1466 1195 1757 1253; x_wconf 68' lang='grc' dir='ltr'>θαλασσίου</span> <span class='ocrx_word' id='word_1_81' title='bbox 1799 1196 1904 1268; x_wconf 84' lang='grc' dir='ltr'>κή-</span> 
     </span>
    </p>
   </div>
   <div class='ocr_carea' id='block_1_14' title="bbox 259 1283 1906 1365">
    <p class='ocr_par' dir='ltr' id='par_1_14' title="bbox 259 1283 1906 1365">
     <span class='ocr_line' id='line_1_14' title="bbox 259 1283 1906 1365; baseline 0.001 -24"><span class='ocrx_word' id='word_1_82' title='bbox 259 1304 385 1349; x_wconf 90' lang='grc' dir='ltr'>τους</span> <span class='ocrx_word' id='word_1_83' title='bbox 415 1285 545 1365; x_wconf 77' lang='grc' dir='ltr'>φασί</span> <span class='ocrx_word' id='word_1_84' title='bbox 581 1293 610 1327; x_wconf 73' lang='grc' dir='ltr'>ι</span> <span class='ocrx_word' id='word_1_85' title='bbox 638 1305 803 1360; x_wconf 85' lang='grc' dir='ltr'>τινες,</span> <span class='ocrx_word' id='word_1_86' title='bbox 837 1283 918 1342; x_wconf 79' lang='grc' dir='ltr'><strong>ὅτι</strong></span> <span class='ocrx_word' id='word_1_87' title='bbox 962 1286 1027 1342; x_wconf 76' lang='grc' dir='ltr'>τὸ</span> <span class='ocrx_word' id='word_1_88' title='bbox 1081 1283 1372 1343; x_wconf 81' lang='grc' dir='ltr'>θαλάσσιον</span> <span class='ocrx_word' id='word_1_89' title='bbox 1425 1284 1616 1365; x_wconf 70' lang='grc' dir='ltr'>κῆτος,</span> <span class='ocrx_word' id='word_1_90' title='bbox 1676 1284 1906 1343; x_wconf 80' lang='grc' dir='ltr'>ἀσπιδο-</span> 
     </span>
    </p>
   </div>
   <div class='ocr_carea' id='block_1_15' title="bbox 259 1371 1904 1456">
    <p class='ocr_par' dir='ltr' id='par_1_15' title="bbox 259 1371 1904 1456">
     <span class='ocr_line' id='line_1_15' title="bbox 259 1371 1904 1456; baseline 0.001 -27"><span class='ocrx_word' id='word_1_91' title='bbox 259 1372 484 1454; x_wconf 83' lang='grc' dir='ltr'>χελώνη</span> <span class='ocrx_word' id='word_1_92' title='bbox 519 1371 734 1453; x_wconf 72' lang='grc' dir='ltr'>λέγεται</span> <span class='ocrx_word' id='word_1_93' title='bbox 770 1389 786 1405; x_wconf 91' lang='grc'>⁶</span> <span class='ocrx_word' id='word_1_94' title='bbox 819 1372 935 1431; x_wconf 76' lang='grc' dir='ltr'>ἔστι</span> <span class='ocrx_word' id='word_1_95' title='bbox 992 1371 1048 1431; x_wconf 75' lang='grc' dir='ltr'>δὲ</span> <span class='ocrx_word' id='word_1_96' title='bbox 1097 1380 1174 1448; x_wconf 86' lang='grc' dir='ltr'><strong>τῷ</strong></span> <span class='ocrx_word' id='word_1_97' title='bbox 1217 1375 1459 1454; x_wconf 75' lang='grc' dir='ltr'><strong>μεγέθει,</strong></span> <span class='ocrx_word' id='word_1_98' title='bbox 1507 1375 1659 1448; x_wconf 79' lang='grc' dir='ltr'>νήσῳ</span> <span class='ocrx_word' id='word_1_99' title='bbox 1705 1375 1904 1456; x_wconf 79' lang='grc' dir='ltr'>ἐοικὸς,</span> 
     </span>
    </p>
   </div>
   <div class='ocr_carea' id='block_1_16' title="bbox 258 1461 1903 1543">
    <p class='ocr_par' dir='ltr' id='par_1_16' title="bbox 258 1461 1903 1543">
     <span class='ocr_line' id='line_1_16' title="bbox 258 1461 1903 1543; baseline 0.001 -24"><span class='ocrx_word' id='word_1_100' title='bbox 258 1463 350 1519; x_wconf 76' lang='grc' dir='ltr'>καὶ</span> <span class='ocrx_word' id='word_1_101' title='bbox 378 1463 564 1542; x_wconf 75' lang='grc' dir='ltr'>φωνὴν</span> <span class='ocrx_word' id='word_1_102' title='bbox 615 1461 735 1543; x_wconf 74' lang='grc' dir='ltr'>ἔχει</span> <span class='ocrx_word' id='word_1_103' title='bbox 785 1463 1012 1541; x_wconf 86' lang='grc' dir='ltr'>βαρεῖαν</span> <span class='ocrx_word' id='word_1_104' title='bbox 1046 1480 1062 1496; x_wconf 83' lang='grc'><em>’</em></span> <span class='ocrx_word' id='word_1_105' title='bbox 1124 1463 1244 1520; x_wconf 79' lang='grc' dir='ltr'>ὅθεν</span> <span class='ocrx_word' id='word_1_106' title='bbox 1292 1463 1611 1542; x_wconf 74' lang='grc' dir='ltr'>ἀγνοοῦντες</span> <span class='ocrx_word' id='word_1_107' title='bbox 1642 1466 1685 1520; x_wconf 73' lang='lat' dir='ltr'><strong>oi</strong></span> <span class='ocrx_word' id='word_1_108' title='bbox 1719 1466 1903 1521; x_wconf 85' lang='grc' dir='ltr'>ναῦται</span> 
     </span>
    </p>
   </div>
   <div class='ocr_carea' id='block_1_17' title="bbox 258 1547 1905 1632">
    <p class='ocr_par' dir='ltr' id='par_1_17' title="bbox 258 1547 1905 1632">
     <span class='ocr_line' id='line_1_17' title="bbox 258 1547 1905 1632; baseline 0.001 -24"><span class='ocrx_word' id='word_1_109' title='bbox 258 1547 349 1608; x_wconf 64' lang='grc' dir='ltr'><strong>ἄπ’</strong></span> <span class='ocrx_word' id='word_1_110' title='bbox 380 1552 525 1628; x_wconf 78' lang='grc' dir='ltr'><strong>αὓτῷ</strong></span> <span class='ocrx_word' id='word_1_111' title='bbox 571 1553 666 1617; x_wconf 79' lang='grc' dir='ltr'><strong>τὰς</strong></span> <span class='ocrx_word' id='word_1_112' title='bbox 717 1551 948 1632; x_wconf 72' lang='grc' dir='ltr'>ἀγκύρας</span> <span class='ocrx_word' id='word_1_113' title='bbox 998 1552 1226 1629; x_wconf 78' lang='grc' dir='ltr'>τιθέασι,</span> <span class='ocrx_word' id='word_1_114' title='bbox 1257 1554 1345 1610; x_wconf 72' lang='grc' dir='ltr'><strong>καὶ</strong></span> <span class='ocrx_word' id='word_1_115' title='bbox 1399 1553 1698 1632; x_wconf 77' lang='grc' dir='ltr'>πηγνύντες</span> <span class='ocrx_word' id='word_1_116' title='bbox 1757 1575 1905 1611; x_wconf 89' lang='grc' dir='ltr'>πασ-</span> 
     </span>
    </p>
   </div>
   <div class='ocr_carea' id='block_1_18' title="bbox 259 1641 1906 1720">
    <p class='ocr_par' dir='ltr' id='par_1_18' title="bbox 259 1641 1906 1720">
     <span class='ocr_line' id='line_1_18' title="bbox 259 1641 1906 1720; baseline 0.002 -24"><span class='ocrx_word' id='word_1_117' title='bbox 259 1641 479 1716; x_wconf 81' lang='grc' dir='ltr'>σάλους,</span> <span class='ocrx_word' id='word_1_118' title='bbox 543 1643 606 1699; x_wconf 59' lang='lat' dir='ltr'><strong>ta:</strong></span> <span class='ocrx_word' id='word_1_119' title='bbox 661 1641 833 1700; x_wconf 86' lang='grc' dir='ltr'>πλοῖα</span> <span class='ocrx_word' id='word_1_120' title='bbox 881 1641 1226 1718; x_wconf 76' lang='grc' dir='ltr'>δεσμεύουσιν</span> <span class='ocrx_word' id='word_1_121' title='bbox 1261 1663 1278 1680; x_wconf 78' lang='grc' dir='ltr'><strong>ο</strong></span> <span class='ocrx_word' id='word_1_122' title='bbox 1327 1643 1418 1700; x_wconf 58' lang='grc' dir='ltr'><strong>ἐπ’</strong></span> <span class='ocrx_word' id='word_1_123' title='bbox 1447 1643 1512 1700; x_wconf 79' lang='grc' dir='ltr'><strong>ἂν</strong></span> <span class='ocrx_word' id='word_1_124' title='bbox 1540 1642 1595 1700; x_wconf 72' lang='grc' dir='ltr'>δὲ</span> <span class='ocrx_word' id='word_1_125' title='bbox 1626 1645 1906 1720; x_wconf 84' lang='grc' dir='ltr'>ἀνάψωσιν</span> 
     </span>
    </p>
   </div>
   <div class='ocr_carea' id='block_1_19' title="bbox 259 1728 1903 1814">
    <p class='ocr_par' dir='ltr' id='par_1_19' title="bbox 259 1728 1903 1814">
     <span class='ocr_line' id='line_1_19' title="bbox 259 1728 1903 1814; baseline 0.002 -27"><span class='ocrx_word' id='word_1_126' title='bbox 259 1728 349 1788; x_wconf 70' lang='grc' dir='ltr'><strong>ἰπ⁹</strong></span> <span class='ocrx_word' id='word_1_127' title='bbox 392 1733 536 1790; x_wconf 78' lang='grc' dir='ltr'>αὐτῶ</span> <span class='ocrx_word' id='word_1_128' title='bbox 578 1732 832 1814; x_wconf 81' lang='grc' dir='ltr'>κάμινον,</span> <span class='ocrx_word' id='word_1_129' title='bbox 876 1733 1168 1807; x_wconf 76' lang='grc' dir='ltr'>θερμανθὲν</span> <span class='ocrx_word' id='word_1_130' title='bbox 1209 1734 1273 1790; x_wconf 80' lang='grc' dir='ltr'>τὸ</span> <span class='ocrx_word' id='word_1_131' title='bbox 1315 1738 1453 1805; x_wconf 81' lang='grc' dir='ltr'>ζῶον</span> <span class='ocrx_word' id='word_1_132' title='bbox 1495 1733 1698 1808; x_wconf 80' lang='grc' dir='ltr'>ἀθρόως</span> <span class='ocrx_word' id='word_1_133' title='bbox 1728 1756 1903 1791; x_wconf 78' lang='grc' dir='ltr'>κατα-</span> 
     </span>
    </p>
   </div>
   <div class='ocr_carea' id='block_1_20' title="bbox 1994 571 3641 652">
    <p class='ocr_par' dir='ltr' id='par_1_20' title="bbox 1994 571 3641 652">
     <span class='ocr_line' id='line_1_20' title="bbox 1994 571 3641 652; baseline 0.003 -22"><span class='ocrx_word' id='word_1_134' title='bbox 1994 572 2252 652; x_wconf 84' lang='lat' dir='ltr'><strong>priores,</strong></span> <span class='ocrx_word' id='word_1_135' title='bbox 2287 573 2586 650; x_wconf 82' lang='lat' dir='ltr'><strong>ambiens,</strong></span> <span class='ocrx_word' id='word_1_136' title='bbox 2619 571 2823 636; x_wconf 80' lang='lat' dir='ltr'><strong>Titum</strong></span> <span class='ocrx_word' id='word_1_137' title='bbox 2858 593 2924 636; x_wconf 93' lang='lat' dir='ltr'><strong>se</strong></span> <span class='ocrx_word' id='word_1_138' title='bbox 2958 575 3315 636; x_wconf 89' lang='lat' dir='ltr'><strong>nominavit.</strong></span> <span class='ocrx_word' id='word_1_139' title='bbox 3346 575 3468 652; x_wconf 85' lang='lat' dir='ltr'><strong>Ego</strong></span> <span class='ocrx_word' id='word_1_140' title='bbox 3500 591 3641 638; x_wconf 87' lang='lat' dir='ltr'><strong>vero</strong></span> 
     </span>
    </p>
   </div>
   <div class='ocr_carea' id='block_1_21' title="bbox 1993 660 3644 738">
    <p class='ocr_par' dir='ltr' id='par_1_21' title="bbox 1993 660 3644 738">
     <span class='ocr_line' id='line_1_21' title="bbox 1993 660 3644 738; baseline 0.002 -17"><span class='ocrx_word' id='word_1_141' title='bbox 1993 660 2152 723; x_wconf 90' lang='lat' dir='ltr'><strong>hunc</strong></span> <span class='ocrx_word' id='word_1_142' title='bbox 2182 661 2381 724; x_wconf 80' lang='lat' dir='ltr'><strong>Titum</strong></span> <span class='ocrx_word' id='word_1_143' title='bbox 2416 682 2536 725; x_wconf 91' lang='lat' dir='ltr'><strong>non</strong></span> <span class='ocrx_word' id='word_1_144' title='bbox 2566 664 2758 725; x_wconf 91' lang='lat' dir='ltr'><strong>dicam</strong></span> <span class='ocrx_word' id='word_1_145' title='bbox 2788 683 2804 738; x_wconf 93' lang='lat'><strong>;</strong></span> <span class='ocrx_word' id='word_1_146' title='bbox 2839 683 2957 726; x_wconf 92' lang='lat' dir='ltr'><strong>non</strong></span> <span class='ocrx_word' id='word_1_147' title='bbox 3021 664 3181 726; x_wconf 89' lang='lat' dir='ltr'><strong>enim</strong></span> <span class='ocrx_word' id='word_1_148' title='bbox 3216 663 3482 726; x_wconf 74' lang='lat' dir='ltr'><strong>imitator</strong></span> <span class='ocrx_word' id='word_1_149' title='bbox 3515 671 3644 726; x_wconf 82' lang='lat' dir='ltr'><strong>erat</strong></span> 
     </span>
    </p>
   </div>
   <div class='ocr_carea' id='block_1_22' title="bbox 1991 751 3637 837">
    <p class='ocr_par' dir='ltr' id='par_1_22' title="bbox 1991 751 3637 837">
     <span class='ocr_line' id='line_1_22' title="bbox 1991 751 3637 837; baseline 0.004 -26"><span class='ocrx_word' id='word_1_150' title='bbox 1991 751 2154 814; x_wconf 89' lang='lat' dir='ltr'><strong>illius</strong></span> <span class='ocrx_word' id='word_1_151' title='bbox 2177 756 2236 814; x_wconf 90' lang='lat' dir='ltr'><strong>in</strong></span> <span class='ocrx_word' id='word_1_152' title='bbox 2263 755 2439 818; x_wconf 86' lang='lat' dir='ltr'><strong>Creta</strong></span> <span class='ocrx_word' id='word_1_153' title='bbox 2456 774 2486 816; x_wconf 89' lang='lat' dir='ltr'><strong>a</strong></span> <span class='ocrx_word' id='word_1_154' title='bbox 2501 756 2684 819; x_wconf 84' lang='lat' dir='ltr'><strong>Paulo</strong></span> <span class='ocrx_word' id='word_1_155' title='bbox 2701 757 2968 837; x_wconf 84' lang='lat' dir='ltr'><strong>apostolo</strong></span> <span class='ocrx_word' id='word_1_156' title='bbox 2996 757 3292 837; x_wconf 89' lang='lat' dir='ltr'><strong>episcopi;</strong></span> <span class='ocrx_word' id='word_1_157' title='bbox 3308 755 3414 818; x_wconf 89' lang='lat' dir='ltr'><strong>sed</strong></span> <span class='ocrx_word' id='word_1_158' title='bbox 3430 755 3637 819; x_wconf 87' lang='lat' dir='ltr'><strong>Cetum</strong></span> 
     </span>
    </p>
   </div>
   <div class='ocr_carea' id='block_1_23' title="bbox 1990 843 3636 926">
    <p class='ocr_par' dir='ltr' id='par_1_23' title="bbox 1990 843 3636 926">
     <span class='ocr_line' id='line_1_23' title="bbox 1990 843 3636 926; baseline 0.001 -22"><span class='ocrx_word' id='word_1_159' title='bbox 1990 843 2330 924; x_wconf 86' lang='lat' dir='ltr'><strong>appellabo,</strong></span> <span class='ocrx_word' id='word_1_160' title='bbox 2357 846 2496 926; x_wconf 86' lang='lat' dir='ltr'><strong>quia</strong></span> <span class='ocrx_word' id='word_1_161' title='bbox 2529 845 2763 906; x_wconf 84' lang='lat' dir='ltr'><strong>marino</strong></span> <span class='ocrx_word' id='word_1_162' title='bbox 2797 847 2992 924; x_wconf 85' lang='lat' dir='ltr'><strong>potius</strong></span> <span class='ocrx_word' id='word_1_163' title='bbox 3023 856 3152 907; x_wconf 88' lang='lat' dir='ltr'><strong>ceto</strong></span> <span class='ocrx_word' id='word_1_164' title='bbox 3185 846 3404 908; x_wconf 90' lang='lat' dir='ltr'><strong>similis</strong></span> <span class='ocrx_word' id='word_1_165' title='bbox 3426 847 3636 922; x_wconf 82' lang='lat' dir='ltr'><strong>evasit,</strong></span> 
     </span>
    </p>
   </div>
   <div class='ocr_carea' id='block_1_24' title="bbox 1991 932 3638 1014">
    <p class='ocr_par' dir='ltr' id='par_1_24' title="bbox 1991 932 3638 1014">
     <span class='ocr_line' id='line_1_24' title="bbox 1991 932 3638 1014; baseline 0.001 -21"><span class='ocrx_word' id='word_1_166' title='bbox 1991 934 2092 1014; x_wconf 90' lang='lat' dir='ltr'><strong>qui</strong></span> <span class='ocrx_word' id='word_1_167' title='bbox 2115 932 2230 995; x_wconf 90' lang='lat' dir='ltr'><strong>sub</strong></span> <span class='ocrx_word' id='word_1_168' title='bbox 2255 936 2425 1014; x_wconf 86' lang='lat' dir='ltr'><strong>aquis</strong></span> <span class='ocrx_word' id='word_1_169' title='bbox 2453 934 2809 997; x_wconf 83' lang='lat' dir='ltr'><strong>latet.Aiunt</strong></span> <span class='ocrx_word' id='word_1_170' title='bbox 2831 936 2992 997; x_wconf 92' lang='lat' dir='ltr'><strong>enim</strong></span> <span class='ocrx_word' id='word_1_171' title='bbox 3021 936 3297 998; x_wconf 87' lang='lat' dir='ltr'><strong>nonnulli</strong></span> <span class='ocrx_word' id='word_1_172' title='bbox 3321 935 3485 998; x_wconf 88' lang='lat' dir='ltr'><strong>hunc</strong></span> <span class='ocrx_word' id='word_1_173' title='bbox 3509 953 3638 996; x_wconf 90' lang='lat' dir='ltr'><strong>ma-</strong></span> 
     </span>
    </p>
   </div>
   <div class='ocr_carea' id='block_1_25' title="bbox 1989 1023 3642 1105">
    <p class='ocr_par' dir='ltr' id='par_1_25' title="bbox 1989 1023 3642 1105">
     <span class='ocr_line' id='line_1_25' title="bbox 1989 1023 3642 1105; baseline 0.001 -21"><span class='ocrx_word' id='word_1_174' title='bbox 1989 1023 2188 1085; x_wconf 83' lang='lat' dir='ltr'><strong>rinum</strong></span> <span class='ocrx_word' id='word_1_175' title='bbox 2217 1032 2412 1084; x_wconf 92' lang='lat' dir='ltr'><strong>cetum</strong></span> <span class='ocrx_word' id='word_1_176' title='bbox 2437 1023 2972 1105; x_wconf 89' lang='lat' dir='ltr'><strong>aspidocbelonem</strong></span> <span class='ocrx_word' id='word_1_177' title='bbox 2997 1025 3318 1104; x_wconf 87' lang='lat' dir='ltr'><strong>appellari,</strong></span> <span class='ocrx_word' id='word_1_178' title='bbox 3343 1033 3642 1105; x_wconf 83' lang='lat' dir='ltr'><strong>tantaeque</strong></span> 
     </span>
    </p>
   </div>
   <div class='ocr_carea' id='block_1_26' title="bbox 1995 1111 3642 1194">
    <p class='ocr_par' dir='ltr' id='par_1_26' title="bbox 1995 1111 3642 1194">
     <span class='ocr_line' id='line_1_26' title="bbox 1995 1111 3642 1194; baseline 0.002 -22"><span class='ocrx_word' id='word_1_179' title='bbox 1995 1111 2846 1193; x_wconf 65' lang='lat' dir='ltr'><strong>magnitudinis,utsitinsulze</strong></span> <span class='ocrx_word' id='word_1_180' title='bbox 2869 1132 3002 1194; x_wconf 87' lang='lat' dir='ltr'><strong>par,</strong></span> <span class='ocrx_word' id='word_1_181' title='bbox 3039 1114 3252 1190; x_wconf 83' lang='lat' dir='ltr'><strong>grandi</strong></span> <span class='ocrx_word' id='word_1_182' title='bbox 3283 1114 3461 1177; x_wconf 90' lang='lat' dir='ltr'><strong>etiam</strong></span> <span class='ocrx_word' id='word_1_183' title='bbox 3497 1131 3642 1176; x_wconf 86' lang='lat' dir='ltr'><strong>voce</strong></span> 
     </span>
    </p>
   </div>
   <div class='ocr_carea' id='block_1_27' title="bbox 1991 1203 3641 1283">
    <p class='ocr_par' dir='ltr' id='par_1_27' title="bbox 1991 1203 3641 1283">
     <span class='ocr_line' id='line_1_27' title="bbox 1991 1203 3641 1283; baseline 0.001 -20"><span class='ocrx_word' id='word_1_184' title='bbox 1991 1209 2332 1264; x_wconf 87' lang='lat' dir='ltr'><strong>sonantem:</strong></span> <span class='ocrx_word' id='word_1_185' title='bbox 2351 1221 2529 1282; x_wconf 90' lang='lat' dir='ltr'><strong>quam</strong></span> <span class='ocrx_word' id='word_1_186' title='bbox 2546 1221 2675 1264; x_wconf 86' lang='lat' dir='ltr'><strong>rem</strong></span> <span class='ocrx_word' id='word_1_187' title='bbox 2695 1210 2892 1264; x_wconf 66' lang='lat' dir='ltr'><strong>nautae</strong></span> <span class='ocrx_word' id='word_1_188' title='bbox 2907 1203 3358 1283; x_wconf 88' lang='lat' dir='ltr'><strong>ignorantes,ad</strong></span> <span class='ocrx_word' id='word_1_189' title='bbox 3387 1222 3520 1265; x_wconf 86' lang='lat' dir='ltr'><strong>eum</strong></span> <span class='ocrx_word' id='word_1_190' title='bbox 3539 1222 3641 1264; x_wconf 91' lang='lat' dir='ltr'><strong>an-</strong></span> 
     </span>
    </p>
   </div>
   <div class='ocr_carea' id='block_1_28' title="bbox 1991 1291 3636 1372">
    <p class='ocr_par' dir='ltr' id='par_1_28' title="bbox 1991 1291 3636 1372">
     <span class='ocr_line' id='line_1_28' title="bbox 1991 1291 3636 1372; baseline 0 -19"><span class='ocrx_word' id='word_1_191' title='bbox 1991 1291 2206 1353; x_wconf 88' lang='lat' dir='ltr'><strong>choras</strong></span> <span class='ocrx_word' id='word_1_192' title='bbox 2230 1291 2486 1371; x_wconf 88' lang='lat' dir='ltr'><strong>jaciunt,</strong></span> <span class='ocrx_word' id='word_1_193' title='bbox 2525 1292 2831 1372; x_wconf 84' lang='lat' dir='ltr'><strong>clavisque</strong></span> <span class='ocrx_word' id='word_1_194' title='bbox 2864 1294 3116 1354; x_wconf 78' lang='lat' dir='ltr'><strong>conﬁxis</strong></span> <span class='ocrx_word' id='word_1_195' title='bbox 3149 1311 3330 1355; x_wconf 87' lang='lat' dir='ltr'><strong>naves</strong></span> <span class='ocrx_word' id='word_1_196' title='bbox 3360 1294 3453 1354; x_wconf 72' lang='grc'>52</span> <span class='ocrx_word' id='word_1_197' title='bbox 3498 1292 3636 1354; x_wconf 86' lang='lat' dir='ltr'><strong>reli-</strong></span> 
     </span>
    </p>
   </div>
   <div class='ocr_carea' id='block_1_29' title="bbox 1988 1379 3636 1463">
    <p class='ocr_par' dir='ltr' id='par_1_29' title="bbox 1988 1379 3636 1463">
     <span class='ocr_line' id='line_1_29' title="bbox 1988 1379 3636 1463; baseline 0.001 -23"><span class='ocrx_word' id='word_1_198' title='bbox 1988 1387 2152 1459; x_wconf 85' lang='lat' dir='ltr'><strong>gant;</strong></span> <span class='ocrx_word' id='word_1_199' title='bbox 2177 1379 2279 1441; x_wconf 91' lang='lat' dir='ltr'><strong>ubi</strong></span> <span class='ocrx_word' id='word_1_200' title='bbox 2306 1391 2617 1462; x_wconf 85' lang='lat' dir='ltr'><strong>postquam</strong></span> <span class='ocrx_word' id='word_1_201' title='bbox 2645 1382 2840 1443; x_wconf 84' lang='lat' dir='ltr'><strong>focum</strong></span> <span class='ocrx_word' id='word_1_202' title='bbox 2867 1382 3636 1463; x_wconf 79' lang='lat' dir='ltr'><strong>inrcnderint,calefactum</strong></span> 
     </span>
    </p>
   </div>
   <div class='ocr_carea' id='block_1_30' title="bbox 1986 1468 3637 1551">
    <p class='ocr_par' dir='ltr' id='par_1_30' title="bbox 1986 1468 3637 1551">
     <span class='ocr_line' id='line_1_30' title="bbox 1986 1468 3637 1551; baseline 0.001 -21"><span class='ocrx_word' id='word_1_203' title='bbox 1986 1468 2208 1531; x_wconf 86' lang='lat' dir='ltr'><strong>animal</strong></span> <span class='ocrx_word' id='word_1_204' title='bbox 2237 1479 2492 1550; x_wconf 89' lang='lat' dir='ltr'><strong>repente</strong></span> <span class='ocrx_word' id='word_1_205' title='bbox 2524 1489 2588 1531; x_wconf 90' lang='lat' dir='ltr'><strong>se</strong></span> <span class='ocrx_word' id='word_1_206' title='bbox 2640 1489 2944 1550; x_wconf 87' lang='lat' dir='ltr'><strong>mergens,</strong></span> <span class='ocrx_word' id='word_1_207' title='bbox 2999 1481 3248 1534; x_wconf 90' lang='lat' dir='ltr'><strong>cunctos</strong></span> <span class='ocrx_word' id='word_1_208' title='bbox 3280 1472 3392 1533; x_wconf 90' lang='lat' dir='ltr'><strong>sub</strong></span> <span class='ocrx_word' id='word_1_209' title='bbox 3424 1471 3637 1551; x_wconf 77' lang='lat' dir='ltr'><strong>abysso</strong></span> 
     </span>
    </p>
   </div>
   <div class='ocr_carea' id='block_1_31' title="bbox 1987 1558 3638 1642">
    <p class='ocr_par' dir='ltr' id='par_1_31' title="bbox 1987 1558 3638 1642">
     <span class='ocr_line' id='line_1_31' title="bbox 1987 1558 3638 1642; baseline 0.002 -24"><span class='ocrx_word' id='word_1_210' title='bbox 1987 1558 2368 1622; x_wconf 81' lang='lat' dir='ltr'><strong>suﬂ&#39;ocat.Sic</strong></span> <span class='ocrx_word' id='word_1_211' title='bbox 2383 1568 2442 1620; x_wconf 92' lang='lat' dir='ltr'><strong>et</strong></span> <span class='ocrx_word' id='word_1_212' title='bbox 2460 1561 2575 1623; x_wconf 88' lang='lat' dir='ltr'><strong>iste</strong></span> <span class='ocrx_word' id='word_1_213' title='bbox 2589 1578 2694 1622; x_wconf 90' lang='lat' dir='ltr'><strong>eos</strong></span> <span class='ocrx_word' id='word_1_214' title='bbox 2707 1563 2808 1640; x_wconf 78' lang='lat' dir='ltr'><strong>qui</strong></span> <span class='ocrx_word' id='word_1_215' title='bbox 2824 1560 3226 1641; x_wconf 86' lang='lat' dir='ltr'><strong>improbitatis</strong></span> <span class='ocrx_word' id='word_1_216' title='bbox 3247 1562 3378 1642; x_wconf 88' lang='lat' dir='ltr'><strong>ejus</strong></span> <span class='ocrx_word' id='word_1_217' title='bbox 3400 1560 3638 1640; x_wconf 83' lang='lat' dir='ltr'><strong>magni-</strong></span> 
     </span>
    </p>
   </div>
   <div class='ocr_carea' id='block_1_32' title="bbox 1990 1647 3636 1728">
    <p class='ocr_par' dir='ltr' id='par_1_32' title="bbox 1990 1647 3636 1728">
     <span class='ocr_line' id='line_1_32' title="bbox 1990 1647 3636 1728; baseline 0.002 -20"><span class='ocrx_word' id='word_1_218' title='bbox 1990 1647 2258 1709; x_wconf 91' lang='lat' dir='ltr'><strong>tudinem</strong></span> <span class='ocrx_word' id='word_1_219' title='bbox 2281 1649 3000 1728; x_wconf 83' lang='lat' dir='ltr'><strong>ignorabant,vocemque</strong></span> <span class='ocrx_word' id='word_1_220' title='bbox 3026 1651 3348 1713; x_wconf 88' lang='lat' dir='ltr'><strong>immanem</strong></span> <span class='ocrx_word' id='word_1_221' title='bbox 3379 1670 3499 1713; x_wconf 91' lang='lat' dir='ltr'><strong>non</strong></span> <span class='ocrx_word' id='word_1_222' title='bbox 3522 1651 3636 1712; x_wconf 88' lang='lat' dir='ltr'><strong>de-</strong></span> 
     </span>
    </p>
   </div>
   <div class='ocr_carea' id='block_1_33' title="bbox 1985 1737 3636 1822">
    <p class='ocr_par' dir='ltr' id='par_1_33' title="bbox 1985 1737 3636 1822">
     <span class='ocr_line' id='line_1_33' title="bbox 1985 1737 3636 1822; baseline 0.003 -26"><span class='ocrx_word' id='word_1_223' title='bbox 1985 1737 2272 1818; x_wconf 89' lang='lat' dir='ltr'><strong>vitabant,</strong></span> <span class='ocrx_word' id='word_1_224' title='bbox 2306 1739 2411 1801; x_wconf 90' lang='lat' dir='ltr'><strong>sed</strong></span> <span class='ocrx_word' id='word_1_225' title='bbox 2467 1741 2666 1819; x_wconf 91' lang='lat' dir='ltr'><strong>potius</strong></span> <span class='ocrx_word' id='word_1_226' title='bbox 2710 1739 3152 1815; x_wconf 89' lang='lat' dir='ltr'><strong>auscultabant,</strong></span> <span class='ocrx_word' id='word_1_227' title='bbox 3184 1741 3244 1801; x_wconf 91' lang='lat' dir='ltr'><strong>in</strong></span> <span class='ocrx_word' id='word_1_228' title='bbox 3277 1758 3470 1822; x_wconf 92' lang='lat' dir='ltr'><strong>eoque</strong></span> <span class='ocrx_word' id='word_1_229' title='bbox 3502 1739 3636 1820; x_wconf 91' lang='lat' dir='ltr'><strong>spei</strong></span> 
     </span>
    </p>
   </div>
   <div class='ocr_carea' id='block_1_34' title="bbox 255 1817 1897 1911">
    <p class='ocr_par' dir='ltr' id='par_1_34' title="bbox 255 1817 1897 1902">
     <span class='ocr_line' id='line_1_34' title="bbox 255 1817 1897 1902; baseline 0.001 -24"><span class='ocrx_word' id='word_1_230' title='bbox 255 1817 396 1896; x_wconf 78' lang='grc' dir='ltr'>δυὲν,</span> <span class='ocrx_word' id='word_1_231' title='bbox 458 1822 664 1886; x_wconf 79' lang='grc' dir='ltr'>πάντας</span> <span class='ocrx_word' id='word_1_232' title='bbox 728 1824 804 1888; x_wconf 78' lang='grc' dir='ltr'><strong>εἰς</strong></span> <span class='ocrx_word' id='word_1_233' title='bbox 861 1823 1019 1901; x_wconf 85' lang='grc' dir='ltr'>βυθὸν</span> <span class='ocrx_word' id='word_1_234' title='bbox 1079 1823 1388 1902; x_wconf 77' lang='grc' dir='ltr'>ἀποπνίγει.</span> <span class='ocrx_word' id='word_1_235' title='bbox 1448 1823 1628 1890; x_wconf 81' lang='grc' dir='ltr'>Οὕτως</span> <span class='ocrx_word' id='word_1_236' title='bbox 1672 1826 1762 1882; x_wconf 87' lang='grc' dir='ltr'><strong>οῦν</strong></span> <span class='ocrx_word' id='word_1_237' title='bbox 1815 1825 1897 1881; x_wconf 69' lang='grc' dir='ltr'><strong>καῖ</strong></span> 
     </span>
    </p>
   </div>
   <div class='ocr_carea' id='block_1_35' title="bbox 1983 1817 3635 1911">
    <p class='ocr_par' dir='ltr' id='par_1_35' title="bbox 1988 1817 3635 1909">
     <span class='ocr_line' id='line_1_35' title="bbox 1988 1817 3635 1909; baseline 0.002 -22"><span class='ocrx_word' id='word_1_238' title='bbox 1988 1845 2112 1888; x_wconf 65' lang='lat' dir='ltr'><strong>sua;</strong></span> <span class='ocrx_word' id='word_1_239' title='bbox 2141 1817 2444 1890; x_wconf 83' lang='lat' dir='ltr'><strong>anchoras</strong></span> <span class='ocrx_word' id='word_1_240' title='bbox 2470 1817 2844 1908; x_wconf 82' lang='lat' dir='ltr'><strong>deﬁgebant,</strong></span> <span class='ocrx_word' id='word_1_241' title='bbox 2894 1838 3141 1892; x_wconf 87' lang='lat' dir='ltr'><strong>cunctos</strong></span> <span class='ocrx_word' id='word_1_242' title='bbox 3201 1848 3309 1909; x_wconf 90' lang='lat' dir='ltr'><strong>per</strong></span> <span class='ocrx_word' id='word_1_243' title='bbox 3341 1817 3635 1908; x_wconf 44' lang='lat' dir='ltr'><strong>ignem—in</strong></span> 
     </span>
    </p>
   </div>
   <div class='ocr_carea' id='block_1_36' title="bbox 255 1909 1902 1993">
    <p class='ocr_par' dir='ltr' id='par_1_36' title="bbox 255 1909 1902 1993">
     <span class='ocr_line' id='line_1_36' title="bbox 255 1909 1902 1993; baseline 0.002 -25"><span class='ocrx_word' id='word_1_244' title='bbox 255 1909 434 1984; x_wconf 78' lang='grc' dir='ltr'>οὗτος,</span> <span class='ocrx_word' id='word_1_245' title='bbox 480 1913 606 1976; x_wconf 85' lang='grc' dir='ltr'>τοὺς</span> <span class='ocrx_word' id='word_1_246' title='bbox 637 1912 1007 1992; x_wconf 79' lang='grc' dir='ltr'>ἆγνοήσαντας</span> <span class='ocrx_word' id='word_1_247' title='bbox 1051 1916 1212 1972; x_wconf 75' lang='grc' dir='ltr'>αὐτοῦ</span> <span class='ocrx_word' id='word_1_248' title='bbox 1252 1913 1350 1981; x_wconf 79' lang='grc' dir='ltr'>τῆς</span> <span class='ocrx_word' id='word_1_249' title='bbox 1394 1914 1585 1977; x_wconf 79' lang='grc' dir='ltr'>κακίας</span> <span class='ocrx_word' id='word_1_250' title='bbox 1625 1915 1688 1971; x_wconf 83' lang='grc' dir='ltr'><strong>τὸ</strong></span> <span class='ocrx_word' id='word_1_251' title='bbox 1732 1913 1902 1993; x_wconf 79' lang='grc' dir='ltr'>μέγε-</span> 
     </span>
    </p>
   </div>
   <div class='ocr_carea' id='block_1_37' title="bbox 252 2001 1904 2083">
    <p class='ocr_par' dir='ltr' id='par_1_37' title="bbox 252 2001 1904 2083">
     <span class='ocr_line' id='line_1_37' title="bbox 252 2001 1904 2083; baseline 0.001 -26"><span class='ocrx_word' id='word_1_252' title='bbox 252 2003 370 2074; x_wconf 88' lang='grc' dir='ltr'>θος,</span> <span class='ocrx_word' id='word_1_253' title='bbox 414 2001 508 2059; x_wconf 74' lang='grc' dir='ltr'><strong>καί</strong></span> <span class='ocrx_word' id='word_1_254' title='bbox 557 2005 658 2069; x_wconf 75' lang='grc' dir='ltr'>τὴν</span> <span class='ocrx_word' id='word_1_255' title='bbox 697 2003 922 2080; x_wconf 84' lang='grc' dir='ltr'>βαρεῖαν</span> <span class='ocrx_word' id='word_1_256' title='bbox 966 2002 1151 2083; x_wconf 72' lang='grc' dir='ltr'>φωνὴν</span> <span class='ocrx_word' id='word_1_257' title='bbox 1210 2002 1288 2078; x_wconf 73' lang='grc' dir='ltr'><strong>μὴ</strong></span> <span class='ocrx_word' id='word_1_258' title='bbox 1345 2001 1719 2077; x_wconf 81' lang='grc' dir='ltr'>ἒκκλίναντας,</span> <span class='ocrx_word' id='word_1_259' title='bbox 1767 2003 1904 2060; x_wconf 79' lang='grc' dir='ltr'>ἀλλὰ</span> 
     </span>
    </p>
   </div>
   <div class='ocr_carea' id='block_1_38' title="bbox 251 2088 1904 2166">
    <p class='ocr_par' dir='ltr' id='par_1_38' title="bbox 251 2088 1904 2166">
     <span class='ocr_line' id='line_1_38' title="bbox 251 2088 1904 2166; baseline 0.001 -20"><span class='ocrx_word' id='word_1_260' title='bbox 251 2088 462 2165; x_wconf 83' lang='grc' dir='ltr'>μαλλον</span> <span class='ocrx_word' id='word_1_261' title='bbox 504 2092 936 2166; x_wconf 77' lang='grc' dir='ltr'>ὑπακούσαντας,</span> <span class='ocrx_word' id='word_1_262' title='bbox 997 2089 1084 2149; x_wconf 79' lang='grc' dir='ltr'><strong>ἐπ’</strong></span> <span class='ocrx_word' id='word_1_263' title='bbox 1136 2097 1279 2166; x_wconf 75' lang='grc' dir='ltr'>αὐτῷ</span> <span class='ocrx_word' id='word_1_264' title='bbox 1328 2112 1385 2148; x_wconf 89' lang='grc' dir='ltr'><strong>τε</strong></span> <span class='ocrx_word' id='word_1_265' title='bbox 1417 2097 1518 2160; x_wconf 81' lang='grc' dir='ltr'><strong>τῆς</strong></span> <span class='ocrx_word' id='word_1_266' title='bbox 1549 2091 1760 2156; x_wconf 81' lang='grc' dir='ltr'>ἐλπίδος</span> <span class='ocrx_word' id='word_1_267' title='bbox 1802 2093 1904 2162; x_wconf 76' lang='grc' dir='ltr'>τὴν</span> 
     </span>
    </p>
   </div>
   <div class='ocr_carea' id='block_1_39' title="bbox 1987 1916 3633 1999">
    <p class='ocr_par' dir='ltr' id='par_1_39' title="bbox 1987 1916 3633 1999">
     <span class='ocr_line' id='line_1_39' title="bbox 1987 1916 3633 1999; baseline 0.002 -23"><span class='ocrx_word' id='word_1_268' title='bbox 1987 1916 2208 1978; x_wconf 86' lang='lat' dir='ltr'><strong>inferni</strong></span> <span class='ocrx_word' id='word_1_269' title='bbox 2243 1917 2541 1998; x_wconf 88' lang='lat' dir='ltr'><strong>profunda</strong></span> <span class='ocrx_word' id='word_1_270' title='bbox 2569 1919 2818 1980; x_wconf 84' lang='lat' dir='ltr'><strong>deduxit</strong></span> <span class='ocrx_word' id='word_1_271' title='bbox 2850 1937 2864 1982; x_wconf 88' lang='lat'><strong>:</strong></span> <span class='ocrx_word' id='word_1_272' title='bbox 2900 1920 3123 1982; x_wconf 89' lang='lat' dir='ltr'><strong>etenim</strong></span> <span class='ocrx_word' id='word_1_273' title='bbox 3157 1919 3297 1999; x_wconf 87' lang='lat' dir='ltr'><strong>igne</strong></span> <span class='ocrx_word' id='word_1_274' title='bbox 3327 1938 3463 1981; x_wconf 88' lang='lat' dir='ltr'><strong>cum</strong></span> <span class='ocrx_word' id='word_1_275' title='bbox 3497 1937 3633 1980; x_wconf 89' lang='lat' dir='ltr'><strong>om-</strong></span> 
     </span>
    </p>
   </div>
   <div class='ocr_carea' id='block_1_40' title="bbox 1987 2006 3631 2090">
    <p class='ocr_par' dir='ltr' id='par_1_40' title="bbox 1987 2006 3631 2090">
     <span class='ocr_line' id='line_1_40' title="bbox 1987 2006 3631 2090; baseline 0.002 -24"><span class='ocrx_word' id='word_1_276' title='bbox 1987 2006 2168 2067; x_wconf 86' lang='lat' dir='ltr'><strong>nibus</strong></span> <span class='ocrx_word' id='word_1_277' title='bbox 2198 2026 2231 2068; x_wconf 89' lang='lat' dir='ltr'><strong>a</strong></span> <span class='ocrx_word' id='word_1_278' title='bbox 2288 2024 2352 2068; x_wconf 92' lang='lat' dir='ltr'><strong>se</strong></span> <span class='ocrx_word' id='word_1_279' title='bbox 2409 2008 2678 2088; x_wconf 87' lang='lat' dir='ltr'><strong>deceptis</strong></span> <span class='ocrx_word' id='word_1_280' title='bbox 2729 2017 3118 2089; x_wconf 91' lang='lat' dir='ltr'><strong>consumptus</strong></span> <span class='ocrx_word' id='word_1_281' title='bbox 3179 2008 3314 2085; x_wconf 80' lang='lat' dir='ltr'><strong>fuit,</strong></span> <span class='ocrx_word' id='word_1_282' title='bbox 3349 2016 3528 2090; x_wconf 87' lang='lat' dir='ltr'><strong>atque</strong></span> <span class='ocrx_word' id='word_1_283' title='bbox 3557 2007 3631 2070; x_wconf 87' lang='lat' dir='ltr'><strong>ad</strong></span> 
     </span>
    </p>
   </div>
   <div class='ocr_carea' id='block_1_41' title="bbox 1987 2095 3176 2177">
    <p class='ocr_par' dir='ltr' id='par_1_41' title="bbox 1987 2095 3176 2177">
     <span class='ocr_line' id='line_1_41' title="bbox 1987 2095 3176 2177; baseline 0.002 -20"><span class='ocrx_word' id='word_1_284' title='bbox 1987 2095 2290 2157; x_wconf 80' lang='lat' dir='ltr'><strong>ﬂammam</strong></span> <span class='ocrx_word' id='word_1_285' title='bbox 2319 2097 2592 2174; x_wconf 83' lang='lat' dir='ltr'><strong>migravit</strong></span> <span class='ocrx_word' id='word_1_286' title='bbox 2617 2097 3176 2177; x_wconf 87' lang='lat' dir='ltr'><strong>inextinguibilem.</strong></span> 
     </span>
    </p>
   </div>
   <div class='ocr_carea' id='block_1_42' title="bbox 244 2179 3631 2266">
    <p class='ocr_par' dir='ltr' id='par_1_42' title="bbox 244 2179 3631 2266">
     <span class='ocr_line' id='line_1_42' title="bbox 244 2179 3631 2266; baseline 0.003 -30"><span class='ocrx_word' id='word_1_287' title='bbox 244 2179 479 2260; x_wconf 83' lang='grc' dir='ltr'>ἄγκυραν</span> <span class='ocrx_word' id='word_1_288' title='bbox 537 2181 812 2261; x_wconf 77' lang='grc' dir='ltr'>θεμένους,</span> <span class='ocrx_word' id='word_1_289' title='bbox 842 2182 1047 2245; x_wconf 87' lang='grc' dir='ltr'>πάντας</span> <span class='ocrx_word' id='word_1_290' title='bbox 1107 2179 1192 2238; x_wconf 81' lang='grc' dir='ltr'><strong>διὰ</strong></span> <span class='ocrx_word' id='word_1_291' title='bbox 1221 2183 1386 2261; x_wconf 76' lang='grc' dir='ltr'>πυρὸς</span> <span class='ocrx_word' id='word_1_292' title='bbox 1437 2183 1511 2246; x_wconf 85' lang='grc' dir='ltr'><strong>εἰς</strong></span> <span class='ocrx_word' id='word_1_293' title='bbox 1553 2182 1712 2258; x_wconf 73' lang='grc' dir='ltr'>βοτὸν</span> <span class='ocrx_word' id='word_1_294' title='bbox 1741 2180 1870 2256; x_wconf 71' lang='grc' dir='ltr'>ᾅδου</span> <span class='ocrx_word' id='word_1_295' title='bbox 1924 2184 2224 2264; x_wconf 81' lang='grc' dir='ltr'>κατήγαγε⁶</span> <span class='ocrx_word' id='word_1_296' title='bbox 2272 2183 2358 2242; x_wconf 81' lang='grc' dir='ltr'><strong>διὰ</strong></span> <span class='ocrx_word' id='word_1_297' title='bbox 2417 2189 2580 2266; x_wconf 82' lang='grc' dir='ltr'>πυρὸς</span> <span class='ocrx_word' id='word_1_298' title='bbox 2622 2188 2723 2266; x_wconf 73' lang='grc' dir='ltr'><strong>γὰρ</strong></span> <span class='ocrx_word' id='word_1_299' title='bbox 2752 2187 2965 2246; x_wconf 81' lang='grc' dir='ltr'>λέλυται</span> <span class='ocrx_word' id='word_1_300' title='bbox 2997 2189 3091 2245; x_wconf 63' lang='grc' dir='ltr'><strong>σὺν</strong></span> <span class='ocrx_word' id='word_1_301' title='bbox 3141 2192 3264 2254; x_wconf 73' lang='grc' dir='ltr'>τοῖς</span> <span class='ocrx_word' id='word_1_302' title='bbox 3297 2186 3418 2264; x_wconf 83' lang='grc' dir='ltr'>μετ’</span> <span class='ocrx_word' id='word_1_303' title='bbox 3470 2190 3631 2264; x_wconf 64' lang='grc' dir='ltr'>αὐτος)</span> 
     </span>
    </p>
   </div>
   <div class='ocr_carea' id='block_1_43' title="bbox 248 2269 1706 2348">
    <p class='ocr_par' dir='ltr' id='par_1_43' title="bbox 248 2269 1706 2348">
     <span class='ocr_line' id='line_1_43' title="bbox 248 2269 1706 2348; baseline 0 -20"><span class='ocrx_word' id='word_1_304' title='bbox 248 2271 594 2344; x_wconf 83' lang='grc' dir='ltr'>πλανηθεῖσι,</span> <span class='ocrx_word' id='word_1_305' title='bbox 629 2272 718 2328; x_wconf 80' lang='grc' dir='ltr'><strong>καὶ</strong></span> <span class='ocrx_word' id='word_1_306' title='bbox 757 2278 889 2348; x_wconf 85' lang='grc' dir='ltr'>πρὸς</span> <span class='ocrx_word' id='word_1_307' title='bbox 917 2277 1020 2348; x_wconf 90' lang='grc' dir='ltr'><strong>πῦρ</strong></span> <span class='ocrx_word' id='word_1_308' title='bbox 1064 2269 1392 2347; x_wconf 79' lang='grc' dir='ltr'>ἒξεδήμησεν</span> <span class='ocrx_word' id='word_1_309' title='bbox 1426 2269 1706 2332; x_wconf 76' lang='grc' dir='ltr'>ἄσϐεστον.</span> 
     </span>
    </p>
   </div>
   <div class='ocr_carea' id='block_1_44' title="bbox 331 2357 1896 2442">
    <p class='ocr_par' dir='ltr' id='par_1_44' title="bbox 331 2357 1896 2442">
     <span class='ocr_line' id='line_1_44' title="bbox 331 2357 1896 2442; baseline -0.001 -24"><span class='ocrx_word' id='word_1_310' title='bbox 331 2357 460 2422; x_wconf 82' lang='lat' dir='ltr'><strong>KZ&#39;.</strong></span> <span class='ocrx_word' id='word_1_311' title='bbox 510 2364 704 2438; x_wconf 76' lang='grc' dir='ltr'>Τριετῆ</span> <span class='ocrx_word' id='word_1_312' title='bbox 735 2361 837 2439; x_wconf 72' lang='grc' dir='ltr'><strong>γάρ</strong></span> <span class='ocrx_word' id='word_1_313' title='bbox 865 2362 1046 2417; x_wconf 63' lang='grc' dir='ltr'>ἐκεῖσε</span> <span class='ocrx_word' id='word_1_314' title='bbox 1091 2358 1315 2426; x_wconf 80' lang='grc' dir='ltr'>τελέσας</span> <span class='ocrx_word' id='word_1_315' title='bbox 1364 2361 1587 2442; x_wconf 79' lang='grc' dir='ltr'>χρόνον,</span> <span class='ocrx_word' id='word_1_316' title='bbox 1632 2361 1722 2418; x_wconf 76' lang='grc' dir='ltr'>καὶ</span> <span class='ocrx_word' id='word_1_317' title='bbox 1752 2359 1896 2418; x_wconf 87' lang='grc' dir='ltr'>πολ-</span> 
     </span>
    </p>
   </div>
   <div class='ocr_carea' id='block_1_45' title="bbox 248 2445 1892 2529">
    <p class='ocr_par' dir='ltr' id='par_1_45' title="bbox 248 2445 1892 2529">
     <span class='ocr_line' id='line_1_45' title="bbox 248 2445 1892 2529; baseline 0.001 -22"><span class='ocrx_word' id='word_1_318' title='bbox 248 2445 376 2516; x_wconf 74' lang='grc' dir='ltr'>λοὺς</span> <span class='ocrx_word' id='word_1_319' title='bbox 421 2447 731 2529; x_wconf 79' lang='grc' dir='ltr'>ἀπατήσας,</span> <span class='ocrx_word' id='word_1_320' title='bbox 786 2447 1007 2526; x_wconf 79' lang='grc' dir='ltr'>ὕστερον</span> <span class='ocrx_word' id='word_1_321' title='bbox 1049 2449 1394 2521; x_wconf 69' lang='grc' dir='ltr'>συζητῆσεως</span> <span class='ocrx_word' id='word_1_322' title='bbox 1447 2450 1741 2528; x_wconf 74' lang='grc' dir='ltr'>γενομένης</span> <span class='ocrx_word' id='word_1_323' title='bbox 1797 2454 1892 2508; x_wconf 65' lang='grc' dir='ltr'>καὶ</span> 
     </span>
    </p>
   </div>
   <div class='ocr_carea' id='block_1_46' title="bbox 249 2536 1897 2620">
    <p class='ocr_par' dir='ltr' id='par_1_46' title="bbox 249 2536 1897 2620">
     <span class='ocr_line' id='line_1_46' title="bbox 249 2536 1897 2620; baseline 0.001 -25"><span class='ocrx_word' id='word_1_324' title='bbox 249 2537 429 2617; x_wconf 87' lang='grc' dir='ltr'>λόγων</span> <span class='ocrx_word' id='word_1_325' title='bbox 473 2536 692 2596; x_wconf 83' lang='grc' dir='ltr'>πολλῶν</span> <span class='ocrx_word' id='word_1_326' title='bbox 733 2538 1062 2614; x_wconf 80' lang='grc' dir='ltr'>κινουμένων</span> <span class='ocrx_word' id='word_1_327' title='bbox 1102 2537 1302 2614; x_wconf 80' lang='grc' dir='ltr'>μεταξὺ</span> <span class='ocrx_word' id='word_1_328' title='bbox 1359 2537 1596 2597; x_wconf 78' lang='grc' dir='ltr'>Ἰούστου</span> <span class='ocrx_word' id='word_1_329' title='bbox 1633 2551 1726 2601; x_wconf 86' lang='grc' dir='ltr'><strong>τοῦ</strong></span> <span class='ocrx_word' id='word_1_330' title='bbox 1758 2561 1897 2620; x_wconf 83' lang='grc' dir='ltr'>προ-</span> 
     </span>
    </p>
   </div>
   <div class='ocr_carea' id='block_1_47' title="bbox 251 2626 1896 2706">
    <p class='ocr_par' dir='ltr' id='par_1_47' title="bbox 251 2626 1896 2706">
     <span class='ocr_line' id='line_1_47' title="bbox 251 2626 1896 2706; baseline 0.001 -22"><span class='ocrx_word' id='word_1_331' title='bbox 251 2626 711 2705; x_wconf 82' lang='grc' dir='ltr'>μνημονευθέντος</span> <span class='ocrx_word' id='word_1_332' title='bbox 754 2638 847 2688; x_wconf 83' lang='grc' dir='ltr'><strong>τοῦ</strong></span> <span class='ocrx_word' id='word_1_333' title='bbox 903 2633 973 2705; x_wconf 75' lang='grc' dir='ltr'><strong>τῇ</strong></span> <span class='ocrx_word' id='word_1_334' title='bbox 1027 2631 1121 2686; x_wconf 86' lang='grc' dir='ltr'><strong>τοῦ</strong></span> <span class='ocrx_word' id='word_1_335' title='bbox 1169 2628 1316 2686; x_wconf 89' lang='grc' dir='ltr'>λίθου</span> <span class='ocrx_word' id='word_1_336' title='bbox 1357 2627 1495 2706; x_wconf 75' lang='grc' dir='ltr'>βολῇ</span> <span class='ocrx_word' id='word_1_337' title='bbox 1534 2639 1562 2682; x_wconf 76' lang='grc'><strong><em>1</em></strong></span> <span class='ocrx_word' id='word_1_338' title='bbox 1592 2630 1683 2686; x_wconf 77' lang='grc' dir='ltr'><strong>τὸν</strong></span> <span class='ocrx_word' id='word_1_339' title='bbox 1741 2640 1896 2688; x_wconf 86' lang='grc' dir='ltr'>Κων-</span> 
     </span>
    </p>
   </div>
   <div class='ocr_carea' id='block_1_48' title="bbox 247 2715 1898 2794">
    <p class='ocr_par' dir='ltr' id='par_1_48' title="bbox 247 2715 1898 2794">
     <span class='ocr_line' id='line_1_48' title="bbox 247 2715 1898 2794; baseline 0.002 -20"><span class='ocrx_word' id='word_1_340' title='bbox 247 2730 534 2776; x_wconf 85' lang='grc' dir='ltr'>σταντῖνον</span> <span class='ocrx_word' id='word_1_341' title='bbox 577 2715 936 2792; x_wconf 80' lang='grc' dir='ltr'>πατάξαντος,</span> <span class='ocrx_word' id='word_1_342' title='bbox 982 2720 1072 2776; x_wconf 88' lang='grc' dir='ltr'><strong>καὶ</strong></span> <span class='ocrx_word' id='word_1_343' title='bbox 1131 2724 1439 2794; x_wconf 79' lang='grc' dir='ltr'>Συμεῶνος,</span> <span class='ocrx_word' id='word_1_344' title='bbox 1492 2724 1587 2776; x_wconf 89' lang='grc' dir='ltr'><strong>τοῦ</strong></span> <span class='ocrx_word' id='word_1_345' title='bbox 1642 2720 1732 2777; x_wconf 81' lang='grc' dir='ltr'><strong>καὶ</strong></span> <span class='ocrx_word' id='word_1_346' title='bbox 1775 2720 1898 2790; x_wconf 79' lang='grc' dir='ltr'><strong>Κή-</strong></span> 
     </span>
    </p>
   </div>
   <div class='ocr_carea' id='block_1_49' title="bbox 245 2806 1897 2888">
    <p class='ocr_par' dir='ltr' id='par_1_49' title="bbox 245 2806 1897 2888">
     <span class='ocr_line' id='line_1_49' title="bbox 245 2806 1897 2888; baseline 0 -22"><span class='ocrx_word' id='word_1_347' title='bbox 245 2828 397 2881; x_wconf 86' lang='grc' dir='ltr'>τους,</span> <span class='ocrx_word' id='word_1_348' title='bbox 440 2809 562 2887; x_wconf 80' lang='grc' dir='ltr'>περὶ</span> <span class='ocrx_word' id='word_1_349' title='bbox 603 2815 700 2864; x_wconf 86' lang='grc' dir='ltr'><strong>τοῦ</strong></span> <span class='ocrx_word' id='word_1_350' title='bbox 764 2806 1128 2866; x_wconf 83' lang='grc' dir='ltr'>ἂποστολικοῦ</span> <span class='ocrx_word' id='word_1_351' title='bbox 1181 2809 1348 2886; x_wconf 80' lang='grc' dir='ltr'>ῥητοῦ</span> <span class='ocrx_word' id='word_1_352' title='bbox 1407 2817 1501 2867; x_wconf 90' lang='grc' dir='ltr'><strong>τοῦ</strong></span> <span class='ocrx_word' id='word_1_353' title='bbox 1544 2809 1598 2865; x_wconf 75' lang='grc' dir='ltr'>ἐν</span> <span class='ocrx_word' id='word_1_354' title='bbox 1643 2816 1713 2886; x_wconf 79' lang='grc' dir='ltr'><strong>τῇ</strong></span> <span class='ocrx_word' id='word_1_355' title='bbox 1766 2810 1897 2888; x_wconf 81' lang='grc' dir='ltr'>πρὸς</span> 
     </span>
    </p>
   </div>
   <div class='ocr_carea' id='block_1_50' title="bbox 252 2895 1890 2978">
    <p class='ocr_par' dir='ltr' id='par_1_50' title="bbox 252 2895 1890 2978">
     <span class='ocr_line' id='line_1_50' title="bbox 252 2895 1890 2978; baseline 0.004 -25"><span class='ocrx_word' id='word_1_356' title='bbox 252 2895 557 2961; x_wconf 77' lang='grc' dir='ltr'>Κολασσεῖς</span> <span class='ocrx_word' id='word_1_357' title='bbox 589 2895 889 2973; x_wconf 79' lang='grc' dir='ltr'>Ἐπιστολῇ</span> <span class='ocrx_word' id='word_1_358' title='bbox 919 2898 1166 2974; x_wconf 78' lang='grc' dir='ltr'>κειμένου</span> <span class='ocrx_word' id='word_1_359' title='bbox 1219 2898 1519 2977; x_wconf 72' lang='grc' dir='ltr'>φάσκοντος</span> <span class='ocrx_word' id='word_1_360' title='bbox 1554 2918 1568 2933; x_wconf 80' lang='grc'>⁸</span> <span class='ocrx_word' id='word_1_361' title='bbox 1618 2895 1787 2978; x_wconf 88' lang='lat' dir='ltr'><strong>[cod.</strong></span> <span class='ocrx_word' id='word_1_362' title='bbox 1849 2897 1890 2961; x_wconf 66' lang='grc' dir='ltr'><strong>ί.</strong></span> 
     </span>
    </p>
   </div>
   <div class='ocr_carea' id='block_1_51' title="bbox 249 2984 1895 3065">
    <p class='ocr_par' dir='ltr' id='par_1_51' title="bbox 249 2984 1895 3065">
     <span class='ocr_line' id='line_1_51' title="bbox 249 2984 1895 3065; baseline -0.001 -19"><span class='ocrx_word' id='word_1_363' title='bbox 249 2986 370 3047; x_wconf 81' lang='grc'><strong>100</strong></span> <span class='ocrx_word' id='word_1_364' title='bbox 426 2984 521 3065; x_wconf 80' lang='grc' dir='ltr'><strong>ὶ).]</strong></span> <span class='ocrx_word' id='word_1_365' title='bbox 563 2984 689 3044; x_wconf 72' lang='grc' dir='ltr'>Ὀτι</span> <span class='ocrx_word' id='word_1_366' title='bbox 730 2987 786 3042; x_wconf 63' lang='grc' dir='ltr'>ἓν</span> <span class='ocrx_word' id='word_1_367' title='bbox 831 2988 974 3062; x_wconf 73' lang='grc' dir='ltr'>αὐτῷ</span> <span class='ocrx_word' id='word_1_368' title='bbox 1021 2986 1236 3054; x_wconf 77' lang='grc' dir='ltr'>ἐκτίσθη</span> <span class='ocrx_word' id='word_1_369' title='bbox 1286 2987 1352 3044; x_wconf 76' lang='grc' dir='ltr'>τὰ</span> <span class='ocrx_word' id='word_1_370' title='bbox 1412 2989 1588 3045; x_wconf 87' lang='grc' dir='ltr'>πάντα</span> <span class='ocrx_word' id='word_1_371' title='bbox 1629 2989 1698 3050; x_wconf 80' lang='grc' dir='ltr'><strong>τά</strong></span> <span class='ocrx_word' id='word_1_372' title='bbox 1738 3009 1796 3044; x_wconf 85' lang='grc' dir='ltr'><strong>τε</strong></span> <span class='ocrx_word' id='word_1_373' title='bbox 1839 2991 1895 3045; x_wconf 66' lang='grc' dir='ltr'>ιν</span> 
     </span>
    </p>
   </div>
   <div class='ocr_carea' id='block_1_52' title="bbox 251 3074 1890 3155">
    <p class='ocr_par' dir='ltr' id='par_1_52' title="bbox 251 3074 1890 3155">
     <span class='ocr_line' id='line_1_52' title="bbox 251 3074 1890 3155; baseline 0.002 -23"><span class='ocrx_word' id='word_1_374' title='bbox 251 3075 462 3154; x_wconf 77' lang='grc' dir='ltr'>οὖρανῷ</span> <span class='ocrx_word' id='word_1_375' title='bbox 498 3075 580 3132; x_wconf 76' lang='grc' dir='ltr'><strong>καὶ</strong></span> <span class='ocrx_word' id='word_1_376' title='bbox 634 3074 721 3132; x_wconf 73' lang='grc' dir='ltr'><strong>ἰπὶ</strong></span> <span class='ocrx_word' id='word_1_377' title='bbox 782 3078 880 3144; x_wconf 78' lang='grc' dir='ltr'>τῆς</span> <span class='ocrx_word' id='word_1_378' title='bbox 914 3079 1042 3155; x_wconf 78' lang='grc' dir='ltr'>γῆς,</span> <span class='ocrx_word' id='word_1_379' title='bbox 1088 3077 1154 3132; x_wconf 81' lang='grc' dir='ltr'>τὰ</span> <span class='ocrx_word' id='word_1_380' title='bbox 1212 3077 1378 3155; x_wconf 78' lang='grc' dir='ltr'>ὁρατὰ</span> <span class='ocrx_word' id='word_1_381' title='bbox 1413 3079 1502 3134; x_wconf 76' lang='grc' dir='ltr'>καὶ</span> <span class='ocrx_word' id='word_1_382' title='bbox 1556 3078 1624 3136; x_wconf 80' lang='grc' dir='ltr'><strong>τὰ</strong></span> <span class='ocrx_word' id='word_1_383' title='bbox 1665 3077 1890 3152; x_wconf 73' lang='grc' dir='ltr'>ἀόρατα,</span> 
     </span>
    </p>
   </div>
   <div class='ocr_carea' id='block_1_53' title="bbox 249 3161 1894 3247">
    <p class='ocr_par' dir='ltr' id='par_1_53' title="bbox 249 3161 1894 3247">
     <span class='ocr_line' id='line_1_53' title="bbox 249 3161 1894 3247; baseline 0.002 -25"><span class='ocrx_word' id='word_1_384' title='bbox 249 3163 365 3222; x_wconf 80' lang='grc' dir='ltr'>εἴτε</span> <span class='ocrx_word' id='word_1_385' title='bbox 420 3165 631 3242; x_wconf 84' lang='grc' dir='ltr'>Θρόνοι,</span> <span class='ocrx_word' id='word_1_386' title='bbox 683 3163 798 3222; x_wconf 80' lang='grc' dir='ltr'>εἴτε</span> <span class='ocrx_word' id='word_1_387' title='bbox 850 3163 1072 3247; x_wconf 78' lang='grc' dir='ltr'>Ἀρχαὶ,</span> <span class='ocrx_word' id='word_1_388' title='bbox 1123 3161 1238 3221; x_wconf 74' lang='grc' dir='ltr'>εἴτε</span> <span class='ocrx_word' id='word_1_389' title='bbox 1293 3163 1570 3231; x_wconf 80' lang='grc' dir='ltr'>Ἐξουσίαν</span> <span class='ocrx_word' id='word_1_390' title='bbox 1614 3167 1682 3223; x_wconf 80' lang='grc' dir='ltr'><strong>τὰ</strong></span> <span class='ocrx_word' id='word_1_391' title='bbox 1719 3168 1894 3225; x_wconf 69' lang='grc' dir='ltr'>πάντα</span> 
     </span>
    </p>
   </div>
   <div class='ocr_carea' id='block_1_54' title="bbox 249 3251 1891 3321">
    <p class='ocr_par' dir='ltr' id='par_1_54' title="bbox 249 3251 1891 3321">
     <span class='ocr_line' id='line_1_54' title="bbox 249 3251 1891 3321; baseline 0.001 -11"><span class='ocrx_word' id='word_1_392' title='bbox 249 3251 320 3310; x_wconf 87' lang='grc' dir='ltr'>δι’</span> <span class='ocrx_word' id='word_1_393' title='bbox 363 3253 524 3313; x_wconf 74' lang='grc' dir='ltr'>αὐτοῦ</span> <span class='ocrx_word' id='word_1_394' title='bbox 583 3255 670 3311; x_wconf 74' lang='grc' dir='ltr'>καὶ</span> <span class='ocrx_word' id='word_1_395' title='bbox 722 3255 797 3319; x_wconf 84' lang='grc' dir='ltr'><strong>είς</strong></span> <span class='ocrx_word' id='word_1_396' title='bbox 858 3257 1016 3314; x_wconf 73' lang='grc' dir='ltr'>αὐτὸν</span> <span class='ocrx_word' id='word_1_397' title='bbox 1073 3253 1290 3321; x_wconf 78' lang='grc' dir='ltr'>ἐκτίσθη</span> <span class='ocrx_word' id='word_1_398' title='bbox 1325 3269 1341 3286; x_wconf 83' lang='grc'><strong><em>⁸</em></strong></span> <span class='ocrx_word' id='word_1_399' title='bbox 1405 3256 1494 3312; x_wconf 79' lang='grc' dir='ltr'>καὶ</span> <span class='ocrx_word' id='word_1_400' title='bbox 1557 3256 1718 3320; x_wconf 72' lang='grc' dir='ltr'>αὐτός</span> <span class='ocrx_word' id='word_1_401' title='bbox 1779 3255 1891 3313; x_wconf 77' lang='grc' dir='ltr'>ἐστι</span> 
     </span>
    </p>
   </div>
   <div class='ocr_carea' id='block_1_55' title="bbox 2060 2360 3629 2446">
    <p class='ocr_par' dir='ltr' id='par_1_55' title="bbox 2060 2360 3629 2446">
     <span class='ocr_line' id='line_1_55' title="bbox 2060 2360 3629 2446; baseline 0.002 -23"><span class='ocrx_word' id='word_1_402' title='bbox 2060 2360 2297 2426; x_wconf 85' lang='lat' dir='ltr'><strong>XXVII.</strong></span> <span class='ocrx_word' id='word_1_403' title='bbox 2324 2363 2596 2446; x_wconf 86' lang='lat' dir='ltr'><strong>Namque</strong></span> <span class='ocrx_word' id='word_1_404' title='bbox 2619 2364 2699 2427; x_wconf 90' lang='lat' dir='ltr'><strong>ibi</strong></span> <span class='ocrx_word' id='word_1_405' title='bbox 2720 2365 2979 2428; x_wconf 90' lang='lat' dir='ltr'><strong>triennio</strong></span> <span class='ocrx_word' id='word_1_406' title='bbox 3005 2365 3629 2445; x_wconf 88' lang='lat' dir='ltr'><strong>demorans,complu-</strong></span> 
     </span>
    </p>
   </div>
   <div class='ocr_carea' id='block_1_56' title="bbox 1980 2451 3626 2534">
    <p class='ocr_par' dir='ltr' id='par_1_56' title="bbox 1980 2451 3626 2534">
     <span class='ocr_line' id='line_1_56' title="bbox 1980 2451 3626 2534; baseline 0.002 -22"><span class='ocrx_word' id='word_1_407' title='bbox 1980 2451 2148 2513; x_wconf 87' lang='lat' dir='ltr'><strong>ribus</strong></span> <span class='ocrx_word' id='word_1_408' title='bbox 2170 2453 2400 2514; x_wconf 82' lang='lat' dir='ltr'><strong>fraudis</strong></span> <span class='ocrx_word' id='word_1_409' title='bbox 2421 2454 2714 2533; x_wconf 85' lang='lat' dir='ltr'><strong>deceptis,</strong></span> <span class='ocrx_word' id='word_1_410' title='bbox 2730 2461 3176 2534; x_wconf 85' lang='lat' dir='ltr'><strong>postremoorta</strong></span> <span class='ocrx_word' id='word_1_411' title='bbox 3189 2453 3626 2528; x_wconf 82' lang='lat' dir='ltr'><strong>controversia,</strong></span> 
     </span>
    </p>
   </div>
   <div class='ocr_carea' id='block_1_57' title="bbox 1983 2542 3630 2626">
    <p class='ocr_par' dir='ltr' id='par_1_57' title="bbox 1983 2542 3630 2626">
     <span class='ocr_line' id='line_1_57' title="bbox 1983 2542 3630 2626; baseline 0.002 -24"><span class='ocrx_word' id='word_1_412' title='bbox 1983 2542 2309 2622; x_wconf 88' lang='lat' dir='ltr'><strong>multisque</strong></span> <span class='ocrx_word' id='word_1_413' title='bbox 2331 2545 2624 2605; x_wconf 87' lang='lat' dir='ltr'><strong>consertis</strong></span> <span class='ocrx_word' id='word_1_414' title='bbox 2647 2544 3029 2606; x_wconf 78' lang='lat' dir='ltr'><strong>sermonibus</strong></span> <span class='ocrx_word' id='word_1_415' title='bbox 3052 2563 3188 2607; x_wconf 92' lang='lat' dir='ltr'><strong>cum</strong></span> <span class='ocrx_word' id='word_1_416' title='bbox 3209 2561 3390 2626; x_wconf 88' lang='lat' dir='ltr'><strong>supra</strong></span> <span class='ocrx_word' id='word_1_417' title='bbox 3404 2561 3630 2606; x_wconf 89' lang='lat' dir='ltr'><strong>memo-</strong></span> 
     </span>
    </p>
   </div>
   <div class='ocr_carea' id='block_1_58' title="bbox 1980 2629 3628 2715">
    <p class='ocr_par' dir='ltr' id='par_1_58' title="bbox 1980 2629 3628 2715">
     <span class='ocr_line' id='line_1_58' title="bbox 1980 2629 3628 2715; baseline 0.002 -24"><span class='ocrx_word' id='word_1_418' title='bbox 1980 2639 2108 2692; x_wconf 89' lang='lat' dir='ltr'><strong>rato</strong></span> <span class='ocrx_word' id='word_1_419' title='bbox 2129 2629 2301 2694; x_wconf 87' lang='lat' dir='ltr'><strong>Justo</strong></span> <span class='ocrx_word' id='word_1_420' title='bbox 2322 2632 2451 2707; x_wconf 91' lang='lat' dir='ltr'><strong>illo,</strong></span> <span class='ocrx_word' id='word_1_421' title='bbox 2486 2652 2518 2694; x_wconf 90' lang='lat' dir='ltr'><strong>a</strong></span> <span class='ocrx_word' id='word_1_422' title='bbox 2545 2652 2663 2714; x_wconf 89' lang='lat' dir='ltr'><strong>quo</strong></span> <span class='ocrx_word' id='word_1_423' title='bbox 2691 2633 3120 2697; x_wconf 89' lang='lat' dir='ltr'><strong>Constantinus</strong></span> <span class='ocrx_word' id='word_1_424' title='bbox 3141 2653 3281 2697; x_wconf 82' lang='lat' dir='ltr'><strong>saxo</strong></span> <span class='ocrx_word' id='word_1_425' title='bbox 3305 2651 3628 2715; x_wconf 88' lang='lat' dir='ltr'><strong>percussus</strong></span> 
     </span>
    </p>
   </div>
   <div class='ocr_carea' id='block_1_59' title="bbox 1979 2719 3731 2804">
    <p class='ocr_par' dir='ltr' id='par_1_59' title="bbox 1979 2719 3731 2804">
     <span class='ocr_line' id='line_1_59' title="bbox 1979 2719 3731 2804; baseline 0.002 -24"><span class='ocrx_word' id='word_1_426' title='bbox 1979 2719 2192 2793; x_wconf 81' lang='lat' dir='ltr'><strong>fuerat;</strong></span> <span class='ocrx_word' id='word_1_427' title='bbox 2214 2740 2352 2782; x_wconf 92' lang='lat' dir='ltr'><strong>cum</strong></span> <span class='ocrx_word' id='word_1_428' title='bbox 2374 2721 2755 2804; x_wconf 88' lang='lat' dir='ltr'><strong>Simeon,qui</strong></span> <span class='ocrx_word' id='word_1_429' title='bbox 2776 2731 2835 2785; x_wconf 89' lang='lat' dir='ltr'><strong>et</strong></span> <span class='ocrx_word' id='word_1_430' title='bbox 2857 2722 3484 2804; x_wconf 86' lang='lat' dir='ltr'><strong>Cctus,deapostolico</strong></span> <span class='ocrx_word' id='word_1_431' title='bbox 3505 2723 3630 2784; x_wconf 89' lang='lat' dir='ltr'><strong>dic-</strong></span> <span class='ocrx_word' id='word_1_432' title='bbox 3729 2767 3731 2770; x_wconf 59' lang='grc'>‹</span> 
     </span>
    </p>
   </div>
   <div class='ocr_carea' id='block_1_60' title="bbox 1983 2809 3622 2894">
    <p class='ocr_par' dir='ltr' id='par_1_60' title="bbox 1983 2809 3622 2894">
     <span class='ocr_line' id='line_1_60' title="bbox 1983 2809 3622 2894; baseline 0.004 -24"><span class='ocrx_word' id='word_1_433' title='bbox 1983 2816 2040 2870; x_wconf 88' lang='lat' dir='ltr'><strong>to</strong></span> <span class='ocrx_word' id='word_1_434' title='bbox 2072 2809 2399 2873; x_wconf 87' lang='lat' dir='ltr'><strong>dissereret</strong></span> <span class='ocrx_word' id='word_1_435' title='bbox 2427 2813 2499 2873; x_wconf 89' lang='lat' dir='ltr'><strong>ad</strong></span> <span class='ocrx_word' id='word_1_436' title='bbox 2543 2811 2960 2886; x_wconf 88' lang='lat' dir='ltr'><strong>Colossenses,</strong></span> <span class='ocrx_word' id='word_1_437' title='bbox 2993 2813 3152 2894; x_wconf 90' lang='lat' dir='ltr'><strong>quod</strong></span> <span class='ocrx_word' id='word_1_438' title='bbox 3185 2813 3264 2874; x_wconf 88' lang='lat' dir='ltr'><strong>ita</strong></span> <span class='ocrx_word' id='word_1_439' title='bbox 3295 2831 3358 2872; x_wconf 91' lang='lat' dir='ltr'><strong>se</strong></span> <span class='ocrx_word' id='word_1_440' title='bbox 3391 2811 3572 2874; x_wconf 88' lang='lat' dir='ltr'><strong>habet</strong></span> <span class='ocrx_word' id='word_1_441' title='bbox 3606 2831 3622 2876; x_wconf 88' lang='lat'><strong>:</strong></span> 
     </span>
    </p>
   </div>
   <div class='ocr_carea' id='block_1_61' title="bbox 1979 2897 3624 2980">
    <p class='ocr_par' dir='ltr' id='par_1_61' title="bbox 1979 2897 3624 2980">
     <span class='ocr_line' id='line_1_61' title="bbox 1979 2897 3624 2980; baseline 0.002 -20"><span class='ocrx_word' id='word_1_442' title='bbox 1979 2897 2293 2975; x_wconf 75' lang='lat' dir='ltr'><strong>Quoniam</strong></span> <span class='ocrx_word' id='word_1_443' title='bbox 2317 2901 2382 2962; x_wconf 74' lang='lat' dir='ltr'><strong>tn</strong></span> <span class='ocrx_word' id='word_1_444' title='bbox 2402 2902 2533 2980; x_wconf 77' lang='lat' dir='ltr'><strong>ipso</strong></span> <span class='ocrx_word' id='word_1_445' title='bbox 2556 2903 2801 2964; x_wconf 81' lang='lat' dir='ltr'><strong>condita</strong></span> <span class='ocrx_word' id='word_1_446' title='bbox 2823 2910 2968 2964; x_wconf 80' lang='lat' dir='ltr'><strong>sunt</strong></span> <span class='ocrx_word' id='word_1_447' title='bbox 2990 2903 3278 2965; x_wconf 70' lang='lat' dir='ltr'><strong>universa</strong></span> <span class='ocrx_word' id='word_1_448' title='bbox 3304 2905 3368 2963; x_wconf 73' lang='lat' dir='ltr'><strong>in</strong></span> <span class='ocrx_word' id='word_1_449' title='bbox 3388 2900 3550 2964; x_wconf 82' lang='lat' dir='ltr'><strong>caelis</strong></span> <span class='ocrx_word' id='word_1_450' title='bbox 3566 2908 3624 2964; x_wconf 81' lang='lat' dir='ltr'><strong>et</strong></span> 
     </span>
    </p>
   </div>
   <div class='ocr_carea' id='block_1_62' title="bbox 1977 2989 3628 3065">
    <p class='ocr_par' dir='ltr' id='par_1_62' title="bbox 1977 2989 3628 3065">
     <span class='ocr_line' id='line_1_62' title="bbox 1977 2989 3628 3065; baseline 0.001 -14"><span class='ocrx_word' id='word_1_451' title='bbox 1977 2990 2042 3051; x_wconf 78' lang='lat' dir='ltr'><strong>in</strong></span> <span class='ocrx_word' id='word_1_452' title='bbox 2062 2994 2260 3063; x_wconf 73' lang='lat' dir='ltr'><strong>terra,</strong></span> <span class='ocrx_word' id='word_1_453' title='bbox 2283 2989 2552 3052; x_wconf 77' lang='lat' dir='ltr'><strong>visibilia</strong></span> <span class='ocrx_word' id='word_1_454' title='bbox 2580 2998 2635 3053; x_wconf 81' lang='lat' dir='ltr'><strong>et</strong></span> <span class='ocrx_word' id='word_1_455' title='bbox 2662 2991 3036 3064; x_wconf 70' lang='lat' dir='ltr'><strong>invisibilia,</strong></span> <span class='ocrx_word' id='word_1_456' title='bbox 3071 2999 3198 3053; x_wconf 73' lang='lat' dir='ltr'><strong>sive</strong></span> <span class='ocrx_word' id='word_1_457' title='bbox 3220 2990 3470 3065; x_wconf 79' lang='lat' dir='ltr'><strong>Throni,</strong></span> <span class='ocrx_word' id='word_1_458' title='bbox 3496 2997 3628 3053; x_wconf 79' lang='lat' dir='ltr'><strong>sive</strong></span> 
     </span>
    </p>
   </div>
   <div class='ocr_carea' id='block_1_63' title="bbox 1975 3077 3628 3161">
    <p class='ocr_par' dir='ltr' id='par_1_63' title="bbox 1975 3077 3628 3161">
     <span class='ocr_line' id='line_1_63' title="bbox 1975 3077 3628 3161; baseline 0.003 -22"><span class='ocrx_word' id='word_1_459' title='bbox 1975 3077 2401 3160; x_wconf 79' lang='lat' dir='ltr'><strong>Principatus,</strong></span> <span class='ocrx_word' id='word_1_460' title='bbox 2433 3083 2563 3142; x_wconf 79' lang='lat' dir='ltr'><strong>sive</strong></span> <span class='ocrx_word' id='word_1_461' title='bbox 2586 3079 2924 3144; x_wconf 83' lang='lat' dir='ltr'><strong>Polestates</strong></span> <span class='ocrx_word' id='word_1_462' title='bbox 2959 3099 2974 3144; x_wconf 90' lang='lat'>:</span> <span class='ocrx_word' id='word_1_463' title='bbox 2999 3082 3207 3144; x_wconf 82' lang='lat' dir='ltr'><strong>omnia</strong></span> <span class='ocrx_word' id='word_1_464' title='bbox 3231 3097 3340 3161; x_wconf 81' lang='lat' dir='ltr'><strong>per</strong></span> <span class='ocrx_word' id='word_1_465' title='bbox 3355 3084 3550 3160; x_wconf 75' lang='lat' dir='ltr'><strong>ipsum</strong></span> <span class='ocrx_word' id='word_1_466' title='bbox 3572 3087 3628 3144; x_wconf 86' lang='lat' dir='ltr'><strong>et</strong></span> 
     </span>
    </p>
   </div>
   <div class='ocr_carea' id='block_1_64' title="bbox 1975 3168 3624 3252">
    <p class='ocr_par' dir='ltr' id='par_1_64' title="bbox 1975 3168 3624 3252">
     <span class='ocr_line' id='line_1_64' title="bbox 1975 3168 3624 3252; baseline 0.002 -23"><span class='ocrx_word' id='word_1_467' title='bbox 1975 3168 2044 3230; x_wconf 69' lang='lat' dir='ltr'><strong>in</strong></span> <span class='ocrx_word' id='word_1_468' title='bbox 2068 3185 2197 3247; x_wconf 69' lang='lat' dir='ltr'><strong>ipso</strong></span> <span class='ocrx_word' id='word_1_469' title='bbox 2217 3177 2424 3232; x_wconf 83' lang='lat' dir='ltr'><strong>creata</strong></span> <span class='ocrx_word' id='word_1_470' title='bbox 2442 3176 2610 3234; x_wconf 80' lang='lat' dir='ltr'><strong>sunt:</strong></span> <span class='ocrx_word' id='word_1_471' title='bbox 2624 3176 2680 3233; x_wconf 86' lang='lat' dir='ltr'><strong>et</strong></span> <span class='ocrx_word' id='word_1_472' title='bbox 2694 3177 2823 3252; x_wconf 74' lang='lat' dir='ltr'><strong>ipse</strong></span> <span class='ocrx_word' id='word_1_473' title='bbox 2841 3178 2928 3233; x_wconf 83' lang='lat' dir='ltr'><strong>est</strong></span> <span class='ocrx_word' id='word_1_474' title='bbox 2946 3177 3089 3233; x_wconf 78' lang='lat' dir='ltr'><strong>ante</strong></span> <span class='ocrx_word' id='word_1_475' title='bbox 3106 3177 3393 3243; x_wconf 82' lang='lat' dir='ltr'><strong>omnes,et</strong></span> <span class='ocrx_word' id='word_1_476' title='bbox 3414 3175 3624 3232; x_wconf 80' lang='lat' dir='ltr'><strong>omnia</strong></span> 
     </span>
    </p>
   </div>
   <div class='ocr_carea' id='block_1_65' title="bbox 1975 3257 3622 3336">
    <p class='ocr_par' dir='ltr' id='par_1_65' title="bbox 1975 3257 3622 3336">
     <span class='ocr_line' id='line_1_65' title="bbox 1975 3257 3622 3336; baseline 0 -16"><span class='ocrx_word' id='word_1_477' title='bbox 1975 3257 2043 3320; x_wconf 69' lang='lat' dir='ltr'><strong>in</strong></span> <span class='ocrx_word' id='word_1_478' title='bbox 2069 3258 2196 3336; x_wconf 74' lang='lat' dir='ltr'><strong>ipso</strong></span> <span class='ocrx_word' id='word_1_479' title='bbox 2211 3268 2483 3322; x_wconf 80' lang='lat' dir='ltr'><strong>constant</strong></span> <span class='ocrx_word' id='word_1_480' title='bbox 2502 3260 2603 3336; x_wconf 79' lang='lat'><strong>&#39;58;</strong></span> <span class='ocrx_word' id='word_1_481' title='bbox 2629 3279 2763 3321; x_wconf 82' lang='lat' dir='ltr'><strong>mox</strong></span> <span class='ocrx_word' id='word_1_482' title='bbox 2787 3261 3050 3322; x_wconf 84' lang='lat' dir='ltr'><strong>instante</strong></span> <span class='ocrx_word' id='word_1_483' title='bbox 3073 3261 3240 3322; x_wconf 88' lang='lat' dir='ltr'><strong>Justo</strong></span> <span class='ocrx_word' id='word_1_484' title='bbox 3262 3276 3330 3320; x_wconf 89' lang='lat' dir='ltr'><strong>ac</strong></span> <span class='ocrx_word' id='word_1_485' title='bbox 3354 3259 3622 3326; x_wconf 72' lang='lat' dir='ltr'><strong>dicente:</strong></span> 
     </span>
    </p>
   </div>
   <div class='ocr_carea' id='block_1_66' title="bbox 247 3334 1897 3430">
    <p class='ocr_par' dir='ltr' id='par_1_66' title="bbox 247 3341 1888 3422">
     <span class='ocr_line' id='line_1_66' title="bbox 247 3341 1888 3422; baseline 0.002 -21"><span class='ocrx_word' id='word_1_486' title='bbox 247 3343 354 3422; x_wconf 81' lang='grc' dir='ltr'><strong>πρὸ</strong></span> <span class='ocrx_word' id='word_1_487' title='bbox 395 3341 637 3420; x_wconf 74' lang='grc' dir='ltr'>πάντων,</span> <span class='ocrx_word' id='word_1_488' title='bbox 699 3344 789 3400; x_wconf 84' lang='grc' dir='ltr'><strong>καὶ</strong></span> <span class='ocrx_word' id='word_1_489' title='bbox 859 3345 927 3400; x_wconf 77' lang='grc' dir='ltr'><strong>τὰ</strong></span> <span class='ocrx_word' id='word_1_490' title='bbox 996 3344 1173 3401; x_wconf 65' lang='grc' dir='ltr'>πάντα</span> <span class='ocrx_word' id='word_1_491' title='bbox 1239 3343 1296 3401; x_wconf 66' lang='grc' dir='ltr'>ἓν</span> <span class='ocrx_word' id='word_1_492' title='bbox 1339 3346 1482 3418; x_wconf 75' lang='grc' dir='ltr'><strong>αῦτῷ</strong></span> <span class='ocrx_word' id='word_1_493' title='bbox 1537 3345 1888 3413; x_wconf 78' lang='grc' dir='ltr'>συνέστηκεν.</span> 
     </span>
    </p>
   </div>
   <div class='ocr_carea' id='block_1_67' title="bbox 1983 3334 3626 3430">
    <p class='ocr_par' dir='ltr' id='par_1_67' title="bbox 1983 3334 3626 3430">
     <span class='ocr_line' id='line_1_67' title="bbox 1983 3334 3626 3430; baseline 0.003 -24"><span class='ocrx_word' id='word_1_494' title='bbox 1983 3334 2189 3424; x_wconf 84' lang='lat' dir='ltr'><strong>Agesis</strong></span> <span class='ocrx_word' id='word_1_495' title='bbox 2203 3334 2632 3426; x_wconf 49' lang='lat' dir='ltr'><strong>sis,n‘ediutius</strong></span> <span class='ocrx_word' id='word_1_496' title='bbox 2651 3350 2907 3430; x_wconf 90' lang='lat' dir='ltr'><strong>populos</strong></span> <span class='ocrx_word' id='word_1_497' title='bbox 2920 3347 3626 3429; x_wconf 81' lang='lat' dir='ltr'><strong>decipiamu3,etanimas</strong></span> 
     </span>
    </p>
   </div>
   <div class='ocr_carea' id='block_1_68' title="bbox 250 3430 1893 3515">
    <p class='ocr_par' dir='ltr' id='par_1_68' title="bbox 250 3430 1893 3515">
     <span class='ocr_line' id='line_1_68' title="bbox 250 3430 1893 3515; baseline 0 -24"><span class='ocrx_word' id='word_1_498' title='bbox 250 3432 390 3491; x_wconf 76' lang='grc' dir='ltr'>Εἶτα</span> <span class='ocrx_word' id='word_1_499' title='bbox 420 3431 826 3507; x_wconf 85' lang='grc' dir='ltr'>διανισταμένου</span> <span class='ocrx_word' id='word_1_500' title='bbox 874 3441 969 3493; x_wconf 90' lang='grc' dir='ltr'><strong>τοῦ</strong></span> <span class='ocrx_word' id='word_1_501' title='bbox 1013 3432 1248 3493; x_wconf 76' lang='grc' dir='ltr'>Ἰούστου</span> <span class='ocrx_word' id='word_1_502' title='bbox 1294 3435 1383 3490; x_wconf 79' lang='grc' dir='ltr'><strong>καὶ</strong></span> <span class='ocrx_word' id='word_1_503' title='bbox 1427 3434 1705 3515; x_wconf 82' lang='grc' dir='ltr'>λέγοντος,</span> <span class='ocrx_word' id='word_1_504' title='bbox 1759 3430 1893 3513; x_wconf 69' lang='grc' dir='ltr'>’Ἄρα</span> 
     </span>
    </p>
   </div>
   <div class='ocr_carea' id='block_1_69' title="bbox 245 3522 1897 3604">
    <p class='ocr_par' dir='ltr' id='par_1_69' title="bbox 245 3522 1897 3604">
     <span class='ocr_line' id='line_1_69' title="bbox 245 3522 1897 3604; baseline 0 -25"><span class='ocrx_word' id='word_1_505' title='bbox 245 3523 446 3598; x_wconf 81' lang='grc' dir='ltr'>μήπως</span> <span class='ocrx_word' id='word_1_506' title='bbox 489 3522 784 3597; x_wconf 82' lang='grc' dir='ltr'>ἆπατῶμεν</span> <span class='ocrx_word' id='word_1_507' title='bbox 840 3523 962 3589; x_wconf 84' lang='grc' dir='ltr'>τοὺς</span> <span class='ocrx_word' id='word_1_508' title='bbox 1014 3525 1198 3600; x_wconf 80' lang='grc' dir='ltr'>λαοὺς,</span> <span class='ocrx_word' id='word_1_509' title='bbox 1244 3523 1335 3580; x_wconf 76' lang='grc' dir='ltr'><strong>καὶ</strong></span> <span class='ocrx_word' id='word_1_510' title='bbox 1388 3524 1572 3604; x_wconf 75' lang='grc' dir='ltr'>ψυχὰς</span> <span class='ocrx_word' id='word_1_511' title='bbox 1603 3524 1897 3604; x_wconf 83' lang='grc' dir='ltr'>ἀνθρώπων</span> 
     </span>
    </p>
   </div>
   <div class='ocr_carea' id='block_1_70' title="bbox 245 3609 1897 3694">
    <p class='ocr_par' dir='ltr' id='par_1_70' title="bbox 245 3609 1897 3694">
     <span class='ocr_line' id='line_1_70' title="bbox 245 3609 1897 3694; baseline -0.001 -24"><span class='ocrx_word' id='word_1_512' title='bbox 245 3609 517 3674; x_wconf 79' lang='grc' dir='ltr'>ἀσυνέτως</span> <span class='ocrx_word' id='word_1_513' title='bbox 578 3609 913 3688; x_wconf 79' lang='grc' dir='ltr'>ἂπόλλομεν,</span> <span class='ocrx_word' id='word_1_514' title='bbox 993 3610 1150 3689; x_wconf 78' lang='grc' dir='ltr'>ἔτερα</span> <span class='ocrx_word' id='word_1_515' title='bbox 1207 3610 1548 3678; x_wconf 85' lang='grc' dir='ltr'>διδάσκοντες</span> <span class='ocrx_word' id='word_1_516' title='bbox 1619 3613 1764 3694; x_wconf 76' lang='grc' dir='ltr'>παρὰ</span> <span class='ocrx_word' id='word_1_517' title='bbox 1831 3613 1897 3669; x_wconf 79' lang='grc' dir='ltr'><strong>τὰ</strong></span> 
     </span>
    </p>
   </div>
   <div class='ocr_carea' id='block_1_71' title="bbox 245 3700 1896 3783">
    <p class='ocr_par' dir='ltr' id='par_1_71' title="bbox 245 3700 1896 3783">
     <span class='ocr_line' id='line_1_71' title="bbox 245 3700 1896 3783; baseline 0.002 -25"><span class='ocrx_word' id='word_1_518' title='bbox 245 3700 584 3758; x_wconf 77' lang='grc' dir='ltr'>άποστολικὰ</span> <span class='ocrx_word' id='word_1_519' title='bbox 611 3700 829 3779; x_wconf 80' lang='grc' dir='ltr'>ῥήματα</span> <span class='ocrx_word' id='word_1_520' title='bbox 861 3717 880 3738; x_wconf 78' lang='grc'><strong><em>⁸</em></strong></span> <span class='ocrx_word' id='word_1_521' title='bbox 913 3704 989 3757; x_wconf 83' lang='grc' dir='ltr'>ὧν</span> <span class='ocrx_word' id='word_1_522' title='bbox 1020 3704 1216 3783; x_wconf 80' lang='grc' dir='ltr'>ψυχῶν</span> <span class='ocrx_word' id='word_1_523' title='bbox 1245 3703 1308 3759; x_wconf 77' lang='grc' dir='ltr'>τὸ</span> <span class='ocrx_word' id='word_1_524' title='bbox 1336 3705 1512 3781; x_wconf 74' lang='grc' dir='ltr'>κρῖμα</span> <span class='ocrx_word' id='word_1_525' title='bbox 1541 3701 1636 3760; x_wconf 67' lang='grc' dir='ltr'><strong>ἰπὶ</strong></span> <span class='ocrx_word' id='word_1_526' title='bbox 1663 3708 1765 3771; x_wconf 78' lang='grc' dir='ltr'><strong>τῆς</strong></span> <span class='ocrx_word' id='word_1_527' title='bbox 1796 3725 1896 3783; x_wconf 74' lang='grc' dir='ltr'><strong>φο·</strong></span> 
     </span>
    </p>
   </div>
   <div class='ocr_carea' id='block_1_72' title="bbox 247 3787 1898 3869">
    <p class='ocr_par' dir='ltr' id='par_1_72' title="bbox 247 3787 1898 3869">
     <span class='ocr_line' id='line_1_72' title="bbox 247 3787 1898 3869; baseline 0 -22"><span class='ocrx_word' id='word_1_528' title='bbox 247 3787 404 3869; x_wconf 78' lang='grc' dir='ltr'>ϐερᾶς</span> <span class='ocrx_word' id='word_1_529' title='bbox 448 3787 601 3856; x_wconf 78' lang='grc' dir='ltr'>δίκης</span> <span class='ocrx_word' id='word_1_530' title='bbox 645 3791 812 3866; x_wconf 78' lang='grc' dir='ltr'>ἡμεῖς</span> <span class='ocrx_word' id='word_1_531' title='bbox 856 3789 1181 3867; x_wconf 80' lang='grc' dir='ltr'>ἂποτίσομεν</span> <span class='ocrx_word' id='word_1_532' title='bbox 1214 3805 1230 3823; x_wconf 88' lang='grc'>⁶</span> <span class='ocrx_word' id='word_1_533' title='bbox 1265 3793 1294 3849; x_wconf 88' lang='grc' dir='ltr'>ὁ</span> <span class='ocrx_word' id='word_1_534' title='bbox 1340 3792 1565 3868; x_wconf 86' lang='grc' dir='ltr'>Συμεών</span> <span class='ocrx_word' id='word_1_535' title='bbox 1623 3796 1719 3853; x_wconf 59' lang='grc' dir='ltr'><strong>οὐκ</strong></span> <span class='ocrx_word' id='word_1_536' title='bbox 1748 3792 1898 3848; x_wconf 81' lang='grc' dir='ltr'>ἐπεί-</span> 
     </span>
    </p>
   </div>
   <div class='ocr_carea' id='block_1_73' title="bbox 243 3878 1897 3964">
    <p class='ocr_par' dir='ltr' id='par_1_73' title="bbox 243 3878 1897 3964">
     <span class='ocr_line' id='line_1_73' title="bbox 243 3878 1897 3964; baseline 0.001 -26"><span class='ocrx_word' id='word_1_537' title='bbox 243 3882 368 3938; x_wconf 82' lang='grc' dir='ltr'>θετο</span> <span class='ocrx_word' id='word_1_538' title='bbox 404 3896 422 3915; x_wconf 77' lang='grc' dir='ltr'><strong><em>ο</em></strong></span> <span class='ocrx_word' id='word_1_539' title='bbox 463 3878 605 3938; x_wconf 79' lang='grc' dir='ltr'><strong>ἀλλᾶ</strong></span> <span class='ocrx_word' id='word_1_540' title='bbox 662 3878 871 3956; x_wconf 81' lang='grc' dir='ltr'>μᾶλλον</span> <span class='ocrx_word' id='word_1_541' title='bbox 925 3881 1184 3958; x_wconf 68' lang='grc' dir='ltr'>ἒπέμενεν</span> <span class='ocrx_word' id='word_1_542' title='bbox 1237 3879 1590 3964; x_wconf 73' lang='grc' dir='ltr'>διαστρέφων,</span> <span class='ocrx_word' id='word_1_543' title='bbox 1658 3883 1734 3946; x_wconf 85' lang='grc' dir='ltr'>ὠς</span> <span class='ocrx_word' id='word_1_544' title='bbox 1778 3881 1897 3948; x_wconf 74' lang='grc' dir='ltr'>ἔθος</span> 
     </span>
    </p>
   </div>
   <div class='ocr_carea' id='block_1_74' title="bbox 243 3968 1898 4052">
    <p class='ocr_par' dir='ltr' id='par_1_74' title="bbox 243 3968 1898 4052">
     <span class='ocr_line' id='line_1_74' title="bbox 243 3968 1898 4052; baseline 0.001 -27"><span class='ocrx_word' id='word_1_545' title='bbox 243 3968 314 4039; x_wconf 73' lang='grc' dir='ltr'>ἦν</span> <span class='ocrx_word' id='word_1_546' title='bbox 372 3970 539 4046; x_wconf 74' lang='grc' dir='ltr'>αὐτῷ,</span> <span class='ocrx_word' id='word_1_547' title='bbox 600 3969 704 4027; x_wconf 83' lang='grc' dir='ltr'>ὧδε</span> <span class='ocrx_word' id='word_1_548' title='bbox 761 3971 986 4029; x_wconf 82' lang='grc' dir='ltr'>κάκεῖσε</span> <span class='ocrx_word' id='word_1_549' title='bbox 1044 3979 1139 4029; x_wconf 85' lang='grc' dir='ltr'><strong>τοῦ</strong></span> <span class='ocrx_word' id='word_1_550' title='bbox 1197 3969 1362 4052; x_wconf 85' lang='grc' dir='ltr'>λόγου</span> <span class='ocrx_word' id='word_1_551' title='bbox 1437 3973 1539 4040; x_wconf 79' lang='grc' dir='ltr'><strong>τὴν</strong></span> <span class='ocrx_word' id='word_1_552' title='bbox 1609 3972 1898 4050; x_wconf 72' lang='grc' dir='ltr'>ἑρμηνείαν</span> 
     </span>
    </p>
   </div>
   <div class='ocr_carea' id='block_1_75' title="bbox 246 4057 1894 4143">
    <p class='ocr_par' dir='ltr' id='par_1_75' title="bbox 246 4057 1894 4143">
     <span class='ocr_line' id='line_1_75' title="bbox 246 4057 1894 4143; baseline 0.003 -28"><span class='ocrx_word' id='word_1_553' title='bbox 246 4057 396 4138; x_wconf 79' lang='grc' dir='ltr'>ἄγων</span> <span class='ocrx_word' id='word_1_554' title='bbox 429 4078 444 4095; x_wconf 90' lang='grc'><strong>·</strong></span> <span class='ocrx_word' id='word_1_555' title='bbox 507 4059 595 4116; x_wconf 84' lang='grc' dir='ltr'><strong>καὶ</strong></span> <span class='ocrx_word' id='word_1_556' title='bbox 637 4061 936 4139; x_wconf 76' lang='grc' dir='ltr'>γενομένης</span> <span class='ocrx_word' id='word_1_557' title='bbox 1005 4061 1334 4143; x_wconf 72' lang='grc' dir='ltr'>φιλονεικίας</span> <span class='ocrx_word' id='word_1_558' title='bbox 1395 4062 1639 4141; x_wconf 83' lang='grc' dir='ltr'>μεγάλης</span> <span class='ocrx_word' id='word_1_559' title='bbox 1697 4061 1894 4138; x_wconf 77' lang='grc' dir='ltr'>μεταξὺ</span> 
     </span>
    </p>
   </div>
   <div class='ocr_carea' id='block_1_76' title="bbox 245 4143 1891 4232">
    <p class='ocr_par' dir='ltr' id='par_1_76' title="bbox 245 4143 1891 4232">
     <span class='ocr_line' id='line_1_76' title="bbox 245 4143 1891 4232; baseline 0.001 -25"><span class='ocrx_word' id='word_1_560' title='bbox 245 4143 487 4207; x_wconf 77' lang='grc' dir='ltr'>Ἰούστου</span> <span class='ocrx_word' id='word_1_561' title='bbox 540 4149 632 4206; x_wconf 85' lang='grc' dir='ltr'><strong>καὶ</strong></span> <span class='ocrx_word' id='word_1_562' title='bbox 705 4159 803 4209; x_wconf 85' lang='grc' dir='ltr'><strong>τοῦ</strong></span> <span class='ocrx_word' id='word_1_563' title='bbox 854 4155 1168 4228; x_wconf 83' lang='grc' dir='ltr'>Συμεῶνος,</span> <span class='ocrx_word' id='word_1_564' title='bbox 1231 4152 1261 4209; x_wconf 83' lang='grc' dir='ltr'><strong>ὁ</strong></span> <span class='ocrx_word' id='word_1_565' title='bbox 1318 4151 1552 4216; x_wconf 82' lang='grc' dir='ltr'>Ἰοῦστος</span> <span class='ocrx_word' id='word_1_566' title='bbox 1604 4150 1891 4232; x_wconf 75' lang='grc' dir='ltr'>ἆνέρχεται</span> 
     </span>
    </p>
   </div>
   <div class='ocr_carea' id='block_1_77' title="bbox 247 4237 1893 4318">
    <p class='ocr_par' dir='ltr' id='par_1_77' title="bbox 247 4237 1893 4318">
     <span class='ocr_line' id='line_1_77' title="bbox 247 4237 1893 4318; baseline 0.002 -23"><span class='ocrx_word' id='word_1_567' title='bbox 247 4238 382 4317; x_wconf 78' lang='grc' dir='ltr'>πρὸς</span> <span class='ocrx_word' id='word_1_568' title='bbox 420 4239 514 4295; x_wconf 80' lang='grc' dir='ltr'><strong>τὸν</strong></span> <span class='ocrx_word' id='word_1_569' title='bbox 558 4237 856 4296; x_wconf 74' lang='grc' dir='ltr'>ἐπίσκοπον</span> <span class='ocrx_word' id='word_1_570' title='bbox 887 4239 1217 4315; x_wconf 79' lang='grc' dir='ltr'>Κολωνεῖας,</span> <span class='ocrx_word' id='word_1_571' title='bbox 1249 4242 1340 4298; x_wconf 87' lang='grc' dir='ltr'><strong>καὶ</strong></span> <span class='ocrx_word' id='word_1_572' title='bbox 1369 4242 1470 4309; x_wconf 78' lang='grc' dir='ltr'>τὴν</span> <span class='ocrx_word' id='word_1_573' title='bbox 1525 4239 1746 4318; x_wconf 78' lang='grc' dir='ltr'>δύναμιν</span> <span class='ocrx_word' id='word_1_574' title='bbox 1799 4247 1893 4300; x_wconf 86' lang='grc' dir='ltr'><strong>τοῦ</strong></span> 
     </span>
    </p>
   </div>
   <div class='ocr_carea' id='block_1_78' title="bbox 247 4325 1890 4409">
    <p class='ocr_par' dir='ltr' id='par_1_78' title="bbox 247 4325 1890 4409">
     <span class='ocr_line' id='line_1_78' title="bbox 247 4325 1890 4409; baseline 0.002 -25"><span class='ocrx_word' id='word_1_575' title='bbox 247 4326 608 4388; x_wconf 84' lang='grc' dir='ltr'>ἂποστολικοῦ</span> <span class='ocrx_word' id='word_1_576' title='bbox 649 4325 813 4408; x_wconf 83' lang='grc' dir='ltr'>ρητοῦ</span> <span class='ocrx_word' id='word_1_577' title='bbox 881 4331 1076 4404; x_wconf 82' lang='grc' dir='ltr'>μαθεῖν</span> <span class='ocrx_word' id='word_1_578' title='bbox 1154 4329 1509 4408; x_wconf 82' lang='grc' dir='ltr'>βουλόμενος,</span> <span class='ocrx_word' id='word_1_579' title='bbox 1567 4329 1890 4409; x_wconf 78' lang='grc' dir='ltr'>ἀνήγγειλεν</span> 
     </span>
    </p>
   </div>
   <div class='ocr_carea' id='block_1_79' title="bbox 245 4418 1888 4497">
    <p class='ocr_par' dir='ltr' id='par_1_79' title="bbox 245 4418 1888 4497">
     <span class='ocr_line' id='line_1_79' title="bbox 245 4418 1888 4497; baseline 0.002 -23"><span class='ocrx_word' id='word_1_580' title='bbox 245 4419 392 4490; x_wconf 80' lang='grc' dir='ltr'>αῦτῷ</span> <span class='ocrx_word' id='word_1_581' title='bbox 450 4418 623 4474; x_wconf 83' lang='grc' dir='ltr'>πάντα</span> <span class='ocrx_word' id='word_1_582' title='bbox 678 4418 800 4497; x_wconf 88' lang='grc' dir='ltr'>περί</span> <span class='ocrx_word' id='word_1_583' title='bbox 867 4439 927 4475; x_wconf 88' lang='grc' dir='ltr'><strong>τε</strong></span> <span class='ocrx_word' id='word_1_584' title='bbox 971 4419 1162 4478; x_wconf 77' lang='grc' dir='ltr'>ἑαυτοῦ</span> <span class='ocrx_word' id='word_1_585' title='bbox 1218 4421 1310 4478; x_wconf 81' lang='grc' dir='ltr'><strong>καὶ</strong></span> <span class='ocrx_word' id='word_1_586' title='bbox 1357 4442 1466 4477; x_wconf 89' lang='grc' dir='ltr'><strong>των</strong></span> <span class='ocrx_word' id='word_1_587' title='bbox 1521 4418 1727 4478; x_wconf 79' lang='grc' dir='ltr'>λοιπῶν</span> <span class='ocrx_word' id='word_1_588' title='bbox 1781 4427 1888 4477; x_wconf 82' lang='grc' dir='ltr'><strong>τῶν</strong></span> 
     </span>
    </p>
   </div>
   <div class='ocr_carea' id='block_1_80' title="bbox 247 4505 1887 4587">
    <p class='ocr_par' dir='ltr' id='par_1_80' title="bbox 247 4505 1887 4587">
     <span class='ocr_line' id='line_1_80' title="bbox 247 4505 1887 4587; baseline 0 -23"><span class='ocrx_word' id='word_1_589' title='bbox 247 4507 514 4564; x_wconf 83' lang='grc' dir='ltr'>συνόντων</span> <span class='ocrx_word' id='word_1_590' title='bbox 571 4508 738 4587; x_wconf 75' lang='grc' dir='ltr'>αὐτῷ,</span> <span class='ocrx_word' id='word_1_591' title='bbox 789 4507 879 4565; x_wconf 77' lang='grc' dir='ltr'><strong>καὶ</strong></span> <span class='ocrx_word' id='word_1_592' title='bbox 920 4508 1019 4575; x_wconf 80' lang='grc' dir='ltr'><strong>τῆς</strong></span> <span class='ocrx_word' id='word_1_593' title='bbox 1077 4505 1423 4575; x_wconf 89' lang='grc' dir='ltr'>διδασκαλίας</span> <span class='ocrx_word' id='word_1_594' title='bbox 1465 4509 1638 4566; x_wconf 77' lang='grc' dir='ltr'>αὒτῶν</span> <span class='ocrx_word' id='word_1_595' title='bbox 1670 4525 1686 4542; x_wconf 89' lang='grc'>⁶</span> <span class='ocrx_word' id='word_1_596' title='bbox 1747 4510 1776 4566; x_wconf 81' lang='grc' dir='ltr'><strong>ὃ</strong></span> <span class='ocrx_word' id='word_1_597' title='bbox 1832 4507 1887 4565; x_wconf 70' lang='grc' dir='ltr'>δὲ</span> 
     </span>
    </p>
   </div>
   <div class='ocr_carea' id='block_1_81' title="bbox 246 4595 1889 4678">
    <p class='ocr_par' dir='ltr' id='par_1_81' title="bbox 246 4595 1889 4678">
     <span class='ocr_line' id='line_1_81' title="bbox 246 4595 1889 4678; baseline 0.001 -26"><span class='ocrx_word' id='word_1_598' title='bbox 246 4596 542 4662; x_wconf 67' lang='grc' dir='ltr'>ῑπίσκοπος</span> <span class='ocrx_word' id='word_1_599' title='bbox 602 4595 774 4672; x_wconf 82' lang='grc' dir='ltr'>μηδὲν</span> <span class='ocrx_word' id='word_1_600' title='bbox 833 4595 1141 4673; x_wconf 77' lang='grc' dir='ltr'>μελλήσας,</span> <span class='ocrx_word' id='word_1_601' title='bbox 1195 4597 1438 4678; x_wconf 81' lang='grc' dir='ltr'>ἀνήγαγε</span> <span class='ocrx_word' id='word_1_602' title='bbox 1514 4598 1635 4677; x_wconf 83' lang='grc' dir='ltr'>περὶ</span> <span class='ocrx_word' id='word_1_603' title='bbox 1688 4599 1889 4656; x_wconf 79' lang='grc' dir='ltr'>τούτων</span> 
     </span>
    </p>
   </div>
   <div class='ocr_carea' id='block_1_82' title="bbox 1976 3433 3627 3518">
    <p class='ocr_par' dir='ltr' id='par_1_82' title="bbox 1976 3433 3627 3518">
     <span class='ocr_line' id='line_1_82' title="bbox 1976 3433 3627 3518; baseline 0.002 -22"><span class='ocrx_word' id='word_1_604' title='bbox 1976 3433 2286 3496; x_wconf 89' lang='lat' dir='ltr'><strong>hominum</strong></span> <span class='ocrx_word' id='word_1_605' title='bbox 2312 3435 2671 3518; x_wconf 86' lang='lat' dir='ltr'><strong>insipienter</strong></span> <span class='ocrx_word' id='word_1_606' title='bbox 2685 3437 3360 3518; x_wconf 87' lang='lat' dir='ltr'><strong>perdamus,diversaab</strong></span> <span class='ocrx_word' id='word_1_607' title='bbox 3385 3447 3627 3518; x_wconf 82' lang='lat' dir='ltr'><strong>aposto-</strong></span> 
     </span>
    </p>
   </div>
   <div class='ocr_carea' id='block_1_83' title="bbox 1977 3522 3624 3608">
    <p class='ocr_par' dir='ltr' id='par_1_83' title="bbox 1977 3522 3624 3608">
     <span class='ocr_line' id='line_1_83' title="bbox 1977 3522 3624 3608; baseline 0.001 -23"><span class='ocrx_word' id='word_1_608' title='bbox 1977 3522 2116 3585; x_wconf 86' lang='lat' dir='ltr'><strong>licis</strong></span> <span class='ocrx_word' id='word_1_609' title='bbox 2138 3524 2337 3586; x_wconf 88' lang='lat' dir='ltr'><strong>verbis</strong></span> <span class='ocrx_word' id='word_1_610' title='bbox 2359 3525 2674 3606; x_wconf 87' lang='lat' dir='ltr'><strong>docentes;</strong></span> <span class='ocrx_word' id='word_1_611' title='bbox 2711 3527 2786 3589; x_wconf 91' lang='lat' dir='ltr'><strong>de</strong></span> <span class='ocrx_word' id='word_1_612' title='bbox 2809 3545 3060 3608; x_wconf 91' lang='lat' dir='ltr'><strong>quarum</strong></span> <span class='ocrx_word' id='word_1_613' title='bbox 3087 3526 3430 3588; x_wconf 88' lang='lat' dir='ltr'><strong>animarum</strong></span> <span class='ocrx_word' id='word_1_614' title='bbox 3449 3527 3624 3587; x_wconf 90' lang='lat' dir='ltr'><strong>dam-</strong></span> 
     </span>
    </p>
   </div>
   <div class='ocr_carea' id='block_1_84' title="bbox 1982 3613 3622 3697">
    <p class='ocr_par' dir='ltr' id='par_1_84' title="bbox 1982 3613 3622 3697">
     <span class='ocr_line' id='line_1_84' title="bbox 1982 3613 3622 3697; baseline 0.001 -23"><span class='ocrx_word' id='word_1_615' title='bbox 1982 3613 2223 3676; x_wconf 88' lang='lat' dir='ltr'><strong>natione</strong></span> <span class='ocrx_word' id='word_1_616' title='bbox 2254 3633 2362 3677; x_wconf 93' lang='lat' dir='ltr'><strong>nos</strong></span> <span class='ocrx_word' id='word_1_617' title='bbox 2385 3616 2446 3676; x_wconf 91' lang='lat' dir='ltr'><strong>in</strong></span> <span class='ocrx_word' id='word_1_618' title='bbox 2474 3617 2790 3678; x_wconf 90' lang='lat' dir='ltr'><strong>tremendo</strong></span> <span class='ocrx_word' id='word_1_619' title='bbox 2816 3616 3050 3697; x_wconf 89' lang='lat' dir='ltr'><strong>judicio</strong></span> <span class='ocrx_word' id='word_1_620' title='bbox 3083 3634 3290 3697; x_wconf 68' lang='lat' dir='ltr'><strong>poenas</strong></span> <span class='ocrx_word' id='word_1_621' title='bbox 3322 3615 3622 3690; x_wconf 87' lang='lat' dir='ltr'><strong>dabimus;</strong></span> 
     </span>
    </p>
   </div>
   <div class='ocr_carea' id='block_1_85' title="bbox 1983 3701 3624 3786">
    <p class='ocr_par' dir='ltr' id='par_1_85' title="bbox 1983 3701 3624 3786">
     <span class='ocr_line' id='line_1_85' title="bbox 1983 3701 3624 3786; baseline 0.001 -20"><span class='ocrx_word' id='word_1_622' title='bbox 1983 3701 2228 3766; x_wconf 82' lang='lat' dir='ltr'><strong>Simeon</strong></span> <span class='ocrx_word' id='word_1_623' title='bbox 2263 3722 2382 3766; x_wconf 90' lang='lat' dir='ltr'><strong>non</strong></span> <span class='ocrx_word' id='word_1_624' title='bbox 2433 3713 2526 3766; x_wconf 88' lang='lat' dir='ltr'><strong>est</strong></span> <span class='ocrx_word' id='word_1_625' title='bbox 2566 3723 2872 3782; x_wconf 85' lang='lat' dir='ltr'><strong>assensus,</strong></span> <span class='ocrx_word' id='word_1_626' title='bbox 2905 3707 3010 3770; x_wconf 90' lang='lat' dir='ltr'><strong>sed</strong></span> <span class='ocrx_word' id='word_1_627' title='bbox 3045 3726 3116 3768; x_wconf 92' lang='lat' dir='ltr'><strong>eo</strong></span> <span class='ocrx_word' id='word_1_628' title='bbox 3148 3712 3336 3786; x_wconf 87' lang='lat' dir='ltr'><strong>magis</strong></span> <span class='ocrx_word' id='word_1_629' title='bbox 3365 3705 3427 3765; x_wconf 93' lang='lat' dir='ltr'><strong>in</strong></span> <span class='ocrx_word' id='word_1_630' title='bbox 3456 3722 3624 3767; x_wconf 82' lang='lat' dir='ltr'><strong>more</strong></span> 
     </span>
    </p>
   </div>
   <div class='ocr_carea' id='block_1_86' title="bbox 1981 3795 3620 3878">
    <p class='ocr_par' dir='ltr' id='par_1_86' title="bbox 1981 3795 3620 3878">
     <span class='ocr_line' id='line_1_86' title="bbox 1981 3795 3620 3878; baseline 0 -22"><span class='ocrx_word' id='word_1_631' title='bbox 1981 3813 2092 3856; x_wconf 90' lang='lat' dir='ltr'><strong>suo</strong></span> <span class='ocrx_word' id='word_1_632' title='bbox 2116 3795 2458 3858; x_wconf 83' lang='lat' dir='ltr'><strong>testimonia</strong></span> <span class='ocrx_word' id='word_1_633' title='bbox 2509 3813 2678 3858; x_wconf 88' lang='lat' dir='ltr'><strong>sacra</strong></span> <span class='ocrx_word' id='word_1_634' title='bbox 2721 3797 3144 3875; x_wconf 88' lang='lat' dir='ltr'><strong>distorquendi</strong></span> <span class='ocrx_word' id='word_1_635' title='bbox 3194 3795 3620 3878; x_wconf 84' lang='lat' dir='ltr'><strong>perseveravit,</strong></span> 
     </span>
    </p>
   </div>
   <div class='ocr_carea' id='block_1_87' title="bbox 1981 3884 3621 3967">
    <p class='ocr_par' dir='ltr' id='par_1_87' title="bbox 1981 3884 3621 3967">
     <span class='ocr_line' id='line_1_87' title="bbox 1981 3884 3621 3967; baseline 0.002 -21"><span class='ocrx_word' id='word_1_636' title='bbox 1981 3884 2286 3966; x_wconf 64' lang='lat' dir='ltr'><strong>sus-deque</strong></span> <span class='ocrx_word' id='word_1_637' title='bbox 2337 3886 2888 3967; x_wconf 81' lang='lat' dir='ltr'><strong>interpretationem</strong></span> <span class='ocrx_word' id='word_1_638' title='bbox 2941 3905 3212 3950; x_wconf 84' lang='lat' dir='ltr'><strong>versans.</strong></span> <span class='ocrx_word' id='word_1_639' title='bbox 3245 3884 3386 3950; x_wconf 90' lang='lat' dir='ltr'><strong>Orto</strong></span> <span class='ocrx_word' id='word_1_640' title='bbox 3419 3886 3621 3967; x_wconf 86' lang='lat' dir='ltr'><strong>itaque</strong></span> 
     </span>
    </p>
   </div>
   <div class='ocr_carea' id='block_1_88' title="bbox 1979 3973 3620 4054">
    <p class='ocr_par' dir='ltr' id='par_1_88' title="bbox 1979 3973 3620 4054">
     <span class='ocr_line' id='line_1_88' title="bbox 1979 3973 3620 4054; baseline 0 -16"><span class='ocrx_word' id='word_1_641' title='bbox 1979 3975 2143 4054; x_wconf 82' lang='lat' dir='ltr'><strong>gravi</strong></span> <span class='ocrx_word' id='word_1_642' title='bbox 2166 3975 2322 4036; x_wconf 86' lang='lat' dir='ltr'><strong>inter</strong></span> <span class='ocrx_word' id='word_1_643' title='bbox 2341 3973 2577 4039; x_wconf 84' lang='lat' dir='ltr'><strong>Justum</strong></span> <span class='ocrx_word' id='word_1_644' title='bbox 2601 3996 2670 4038; x_wconf 92' lang='lat' dir='ltr'><strong>ac</strong></span> <span class='ocrx_word' id='word_1_645' title='bbox 2690 3978 3035 4041; x_wconf 84' lang='lat' dir='ltr'><strong>Simeonem</strong></span> <span class='ocrx_word' id='word_1_646' title='bbox 3059 3975 3331 4047; x_wconf 85' lang='lat' dir='ltr'><strong>dissidio,</strong></span> <span class='ocrx_word' id='word_1_647' title='bbox 3363 3976 3620 4042; x_wconf 87' lang='lat' dir='ltr'><strong>accessit</strong></span> 
     </span>
    </p>
   </div>
   <div class='ocr_carea' id='block_1_89' title="bbox 1975 4062 3620 4148">
    <p class='ocr_par' dir='ltr' id='par_1_89' title="bbox 1975 4062 3620 4148">
     <span class='ocr_line' id='line_1_89' title="bbox 1975 4062 3620 4148; baseline 0.001 -22"><span class='ocrx_word' id='word_1_648' title='bbox 1975 4064 2048 4126; x_wconf 89' lang='lat' dir='ltr'><strong>ad</strong></span> <span class='ocrx_word' id='word_1_649' title='bbox 2081 4062 2362 4126; x_wconf 68' lang='lat' dir='ltr'><strong>Coloneaa</strong></span> <span class='ocrx_word' id='word_1_650' title='bbox 2392 4065 2745 4148; x_wconf 90' lang='lat' dir='ltr'><strong>episcopum</strong></span> <span class='ocrx_word' id='word_1_651' title='bbox 2772 4067 3089 4148; x_wconf 83' lang='lat' dir='ltr'><strong>Justus,ah</strong></span> <span class='ocrx_word' id='word_1_652' title='bbox 3113 4083 3306 4146; x_wconf 89' lang='lat' dir='ltr'><strong>eoque</strong></span> <span class='ocrx_word' id='word_1_653' title='bbox 3327 4068 3444 4126; x_wconf 89' lang='lat' dir='ltr'><strong>vim</strong></span> <span class='ocrx_word' id='word_1_654' title='bbox 3470 4084 3620 4146; x_wconf 90' lang='lat' dir='ltr'><strong>apo-</strong></span> 
     </span>
    </p>
   </div>
   <div class='ocr_carea' id='block_1_90' title="bbox 1975 4152 3622 4232">
    <p class='ocr_par' dir='ltr' id='par_1_90' title="bbox 1975 4152 3622 4232">
     <span class='ocr_line' id='line_1_90' title="bbox 1975 4152 3622 4232; baseline 0.002 -17"><span class='ocrx_word' id='word_1_655' title='bbox 1975 4152 2171 4215; x_wconf 81' lang='lat' dir='ltr'><strong>stolici</strong></span> <span class='ocrx_word' id='word_1_656' title='bbox 2197 4153 2342 4217; x_wconf 90' lang='lat' dir='ltr'><strong>dicti</strong></span> <span class='ocrx_word' id='word_1_657' title='bbox 2368 4153 2607 4218; x_wconf 90' lang='lat' dir='ltr'><strong>discere</strong></span> <span class='ocrx_word' id='word_1_658' title='bbox 2620 4157 2960 4232; x_wconf 86' lang='lat' dir='ltr'><strong>volens,res</strong></span> <span class='ocrx_word' id='word_1_659' title='bbox 2979 4174 3118 4218; x_wconf 89' lang='lat' dir='ltr'><strong>suas</strong></span> <span class='ocrx_word' id='word_1_660' title='bbox 3141 4163 3388 4218; x_wconf 87' lang='lat' dir='ltr'><strong>cunctas</strong></span> <span class='ocrx_word' id='word_1_661' title='bbox 3403 4163 3464 4218; x_wconf 86' lang='lat' dir='ltr'><strong>at</strong></span> <span class='ocrx_word' id='word_1_662' title='bbox 3481 4173 3622 4218; x_wconf 83' lang='lat' dir='ltr'><strong>con-</strong></span> 
     </span>
    </p>
   </div>
   <div class='ocr_carea' id='block_1_91' title="bbox 1969 4243 3622 4328">
    <p class='ocr_par' dir='ltr' id='par_1_91' title="bbox 1969 4243 3622 4328">
     <span class='ocr_line' id='line_1_91' title="bbox 1969 4243 3622 4328; baseline 0.002 -24"><span class='ocrx_word' id='word_1_663' title='bbox 1969 4243 2305 4323; x_wconf 87' lang='lat' dir='ltr'><strong>juratorum</strong></span> <span class='ocrx_word' id='word_1_664' title='bbox 2332 4245 2668 4328; x_wconf 86' lang='lat' dir='ltr'><strong>sociorum,</strong></span> <span class='ocrx_word' id='word_1_665' title='bbox 2700 4264 2813 4308; x_wconf 89' lang='lat' dir='ltr'><strong>nec</strong></span> <span class='ocrx_word' id='word_1_666' title='bbox 2839 4265 2957 4308; x_wconf 91' lang='lat' dir='ltr'><strong>non</strong></span> <span class='ocrx_word' id='word_1_667' title='bbox 2981 4245 3274 4308; x_wconf 65' lang='lat' dir='ltr'><strong>doctrina;</strong></span> <span class='ocrx_word' id='word_1_668' title='bbox 3296 4264 3487 4324; x_wconf 87' lang='lat' dir='ltr'><strong>genus</strong></span> <span class='ocrx_word' id='word_1_669' title='bbox 3519 4263 3622 4307; x_wconf 88' lang='lat' dir='ltr'><strong>re-</strong></span> 
     </span>
    </p>
   </div>
   <div class='ocr_carea' id='block_1_92' title="bbox 1972 4333 3623 4415">
    <p class='ocr_par' dir='ltr' id='par_1_92' title="bbox 1972 4333 3623 4415">
     <span class='ocr_line' id='line_1_92' title="bbox 1972 4333 3623 4415; baseline 0.003 -25"><span class='ocrx_word' id='word_1_670' title='bbox 1972 4333 2214 4396; x_wconf 84' lang='lat' dir='ltr'><strong>velavit.</strong></span> <span class='ocrx_word' id='word_1_671' title='bbox 2249 4334 2326 4395; x_wconf 83' lang='lat' dir='ltr'><strong>At</strong></span> <span class='ocrx_word' id='word_1_672' title='bbox 2355 4334 2675 4415; x_wconf 89' lang='lat' dir='ltr'><strong>episcopus</strong></span> <span class='ocrx_word' id='word_1_673' title='bbox 2701 4336 2834 4397; x_wconf 91' lang='lat' dir='ltr'><strong>sine</strong></span> <span class='ocrx_word' id='word_1_674' title='bbox 2864 4353 3032 4397; x_wconf 90' lang='lat' dir='ltr'><strong>mora</strong></span> <span class='ocrx_word' id='word_1_675' title='bbox 3057 4334 3258 4396; x_wconf 87' lang='lat' dir='ltr'><strong>omnia</strong></span> <span class='ocrx_word' id='word_1_676' title='bbox 3281 4334 3409 4397; x_wconf 64' lang='lat' dir='ltr'><strong>haec</strong></span> <span class='ocrx_word' id='word_1_677' title='bbox 3437 4333 3623 4396; x_wconf 86' lang='lat' dir='ltr'><strong>Justi-</strong></span> 
     </span>
    </p>
   </div>
   <div class='ocr_carea' id='block_1_93' title="bbox 1971 4422 3617 4505">
    <p class='ocr_par' dir='ltr' id='par_1_93' title="bbox 1971 4422 3617 4505">
     <span class='ocr_line' id='line_1_93' title="bbox 1971 4422 3617 4505; baseline 0 -21"><span class='ocrx_word' id='word_1_678' title='bbox 1971 4422 2151 4484; x_wconf 91' lang='lat' dir='ltr'><strong>niano</strong></span> <span class='ocrx_word' id='word_1_679' title='bbox 2183 4429 2318 4502; x_wconf 89' lang='lat' dir='ltr'><strong>post</strong></span> <span class='ocrx_word' id='word_1_680' title='bbox 2341 4422 2686 4485; x_wconf 79' lang='lat' dir='ltr'><strong>Heraclium</strong></span> <span class='ocrx_word' id='word_1_681' title='bbox 2720 4423 3040 4505; x_wconf 88' lang='lat' dir='ltr'><strong>imperanti</strong></span> <span class='ocrx_word' id='word_1_682' title='bbox 3073 4422 3449 4502; x_wconf 81' lang='lat' dir='ltr'><strong>signiﬁcavit:</strong></span> <span class='ocrx_word' id='word_1_683' title='bbox 3476 4423 3617 4504; x_wconf 87' lang='lat' dir='ltr'><strong>qui-</strong></span> 
     </span>
    </p>
   </div>
   <div class='ocr_carea' id='block_1_94' title="bbox 1973 4511 3620 4595">
    <p class='ocr_par' dir='ltr' id='par_1_94' title="bbox 1973 4511 3620 4595">
     <span class='ocr_line' id='line_1_94' title="bbox 1973 4511 3620 4595; baseline 0.001 -23"><span class='ocrx_word' id='word_1_684' title='bbox 1973 4511 2084 4572; x_wconf 90' lang='lat' dir='ltr'><strong>bus</strong></span> <span class='ocrx_word' id='word_1_685' title='bbox 2115 4514 2446 4590; x_wconf 87' lang='lat' dir='ltr'><strong>imperator</strong></span> <span class='ocrx_word' id='word_1_686' title='bbox 2474 4512 2754 4595; x_wconf 76' lang='lat' dir='ltr'><strong>cognitis,</strong></span> <span class='ocrx_word' id='word_1_687' title='bbox 2789 4512 3093 4575; x_wconf 85' lang='lat' dir='ltr'><strong>mandavit</strong></span> <span class='ocrx_word' id='word_1_688' title='bbox 3121 4512 3198 4575; x_wconf 88' lang='lat' dir='ltr'><strong>de</strong></span> <span class='ocrx_word' id='word_1_689' title='bbox 3227 4511 3508 4575; x_wconf 89' lang='lat' dir='ltr'><strong>omnibus</strong></span> <span class='ocrx_word' id='word_1_690' title='bbox 3532 4512 3620 4574; x_wconf 81' lang='lat' dir='ltr'><strong>si-</strong></span> 
     </span>
    </p>
   </div>
   <div class='ocr_carea' id='block_1_95' title="bbox 1973 4599 3620 4683">
    <p class='ocr_par' dir='ltr' id='par_1_95' title="bbox 1973 4599 3620 4683">
     <span class='ocr_line' id='line_1_95' title="bbox 1973 4599 3620 4683; baseline 0.002 -22"><span class='ocrx_word' id='word_1_691' title='bbox 1973 4599 2094 4661; x_wconf 90' lang='lat' dir='ltr'><strong>mul</strong></span> <span class='ocrx_word' id='word_1_692' title='bbox 2127 4601 2506 4681; x_wconf 82' lang='lat' dir='ltr'><strong>congregatis</strong></span> <span class='ocrx_word' id='word_1_693' title='bbox 2564 4604 2959 4683; x_wconf 55' lang='lat' dir='ltr'><strong>quaestionem</strong></span> <span class='ocrx_word' id='word_1_694' title='bbox 3021 4602 3178 4677; x_wconf 81' lang='lat' dir='ltr'><strong>ﬁeri,</strong></span> <span class='ocrx_word' id='word_1_695' title='bbox 3229 4601 3374 4664; x_wconf 90' lang='lat' dir='ltr'><strong>etin</strong></span> <span class='ocrx_word' id='word_1_696' title='bbox 3409 4619 3620 4665; x_wconf 85' lang='lat' dir='ltr'><strong>errore</strong></span> 
     </span>
    </p>
   </div>
   <div class='ocr_carea' id='block_1_96' title="bbox 243 4683 1897 4774">
    <p class='ocr_par' dir='ltr' id='par_1_96' title="bbox 243 4683 1888 4767">
     <span class='ocr_line' id='line_1_96' title="bbox 243 4683 1888 4767; baseline 0.001 -25"><span class='ocrx_word' id='word_1_697' title='bbox 243 4691 322 4760; x_wconf 83' lang='grc' dir='ltr'>τῷ</span> <span class='ocrx_word' id='word_1_698' title='bbox 363 4684 583 4762; x_wconf 86' lang='grc' dir='ltr'>βασιλεῖ</span> <span class='ocrx_word' id='word_1_699' title='bbox 614 4683 908 4762; x_wconf 82' lang='grc' dir='ltr'>Ἰουστίνῳ,</span> <span class='ocrx_word' id='word_1_700' title='bbox 952 4693 1030 4761; x_wconf 82' lang='grc' dir='ltr'>τῷ</span> <span class='ocrx_word' id='word_1_701' title='bbox 1079 4687 1216 4762; x_wconf 83' lang='grc' dir='ltr'>μετὰ</span> <span class='ocrx_word' id='word_1_702' title='bbox 1268 4687 1581 4767; x_wconf 78' lang='grc' dir='ltr'>Ἡράκλειον</span> <span class='ocrx_word' id='word_1_703' title='bbox 1633 4686 1888 4765; x_wconf 82' lang='grc' dir='ltr'>βασιλεύ-</span> 
     </span>
    </p>
   </div>
   <div class='ocr_carea' id='block_1_97' title="bbox 1983 4683 3616 4774">
    <p class='ocr_par' dir='ltr' id='par_1_97' title="bbox 1983 4688 3616 4774">
     <span class='ocr_line' id='line_1_97' title="bbox 1983 4688 3616 4774; baseline 0.001 -24"><span class='ocrx_word' id='word_1_704' title='bbox 1983 4688 2315 4768; x_wconf 87' lang='lat' dir='ltr'><strong>pertinaces</strong></span> <span class='ocrx_word' id='word_1_705' title='bbox 2346 4691 2604 4753; x_wconf 85' lang='lat' dir='ltr'><strong>ﬂammis</strong></span> <span class='ocrx_word' id='word_1_706' title='bbox 2637 4692 2981 4774; x_wconf 82' lang='lat' dir='ltr'><strong>tradi,quod</strong></span> <span class='ocrx_word' id='word_1_707' title='bbox 3009 4699 3068 4754; x_wconf 88' lang='lat' dir='ltr'><strong>et</strong></span> <span class='ocrx_word' id='word_1_708' title='bbox 3093 4693 3313 4754; x_wconf 83' lang='lat' dir='ltr'><strong>factum</strong></span> <span class='ocrx_word' id='word_1_709' title='bbox 3342 4699 3452 4754; x_wconf 91' lang='lat' dir='ltr'><strong>est:</strong></span> <span class='ocrx_word' id='word_1_710' title='bbox 3481 4709 3616 4753; x_wconf 88' lang='lat' dir='ltr'><strong>nam</strong></span> 
     </span>
    </p>
   </div>
   <div class='ocr_carea' id='block_1_98' title="bbox 244 4774 1890 4858">
    <p class='ocr_par' dir='ltr' id='par_1_98' title="bbox 244 4774 1890 4858">
     <span class='ocr_line' id='line_1_98' title="bbox 244 4774 1890 4858; baseline 0 -25"><span class='ocrx_word' id='word_1_711' title='bbox 244 4797 398 4833; x_wconf 87' lang='grc' dir='ltr'>σαντι</span> <span class='ocrx_word' id='word_1_712' title='bbox 431 4790 448 4809; x_wconf 82' lang='grc'><strong><em>⁸</em></strong></span> <span class='ocrx_word' id='word_1_713' title='bbox 507 4775 694 4852; x_wconf 61' lang='grc' dir='ltr'>μαθὼν</span> <span class='ocrx_word' id='word_1_714' title='bbox 751 4774 806 4832; x_wconf 85' lang='grc' dir='ltr'>δὲ</span> <span class='ocrx_word' id='word_1_715' title='bbox 858 4778 887 4833; x_wconf 81' lang='grc' dir='ltr'><strong>ὁ</strong></span> <span class='ocrx_word' id='word_1_716' title='bbox 939 4775 1216 4855; x_wconf 84' lang='grc' dir='ltr'>βασιλεὺς,</span> <span class='ocrx_word' id='word_1_717' title='bbox 1251 4776 1498 4834; x_wconf 66' lang='grc' dir='ltr'>Εκὲλευσε</span> <span class='ocrx_word' id='word_1_718' title='bbox 1528 4777 1731 4844; x_wconf 84' lang='grc' dir='ltr'>πάντας</span> <span class='ocrx_word' id='word_1_719' title='bbox 1763 4777 1890 4858; x_wconf 78' lang='grc' dir='ltr'>ὓφὲν</span> 
     </span>
    </p>
   </div>
   <div class='ocr_carea' id='block_1_99' title="bbox 243 4864 1894 4946">
    <p class='ocr_par' dir='ltr' id='par_1_99' title="bbox 243 4864 1894 4946">
     <span class='ocr_line' id='line_1_99' title="bbox 243 4864 1894 4946; baseline 0.002 -24"><span class='ocrx_word' id='word_1_720' title='bbox 243 4864 593 4944; x_wconf 77' lang='grc' dir='ltr'>ἀνακριθῆναι</span> <span class='ocrx_word' id='word_1_721' title='bbox 627 4880 643 4896; x_wconf 83' lang='grc'>⁶</span> <span class='ocrx_word' id='word_1_722' title='bbox 679 4866 770 4924; x_wconf 86' lang='grc' dir='ltr'><strong>καὶ</strong></span> <span class='ocrx_word' id='word_1_723' title='bbox 826 4865 952 4933; x_wconf 81' lang='grc' dir='ltr'>τοὺς</span> <span class='ocrx_word' id='word_1_724' title='bbox 1008 4865 1368 4942; x_wconf 70' lang='grc' dir='ltr'>ὶμμείναντας</span> <span class='ocrx_word' id='word_1_725' title='bbox 1415 4872 1485 4946; x_wconf 77' lang='grc' dir='ltr'><strong>τῇ</strong></span> <span class='ocrx_word' id='word_1_726' title='bbox 1532 4866 1737 4945; x_wconf 77' lang='grc' dir='ltr'>πλάνῃ,</span> <span class='ocrx_word' id='word_1_727' title='bbox 1770 4869 1894 4946; x_wconf 78' lang='grc' dir='ltr'>πυρὶ</span> 
     </span>
    </p>
   </div>
   <div class='ocr_carea' id='block_1_100' title="bbox 1975 4779 3620 4863">
    <p class='ocr_par' dir='ltr' id='par_1_100' title="bbox 1975 4779 3620 4863">
     <span class='ocr_line' id='line_1_100' title="bbox 1975 4779 3620 4863; baseline 0.001 -23"><span class='ocrx_word' id='word_1_728' title='bbox 1975 4797 2165 4860; x_wconf 84' lang='lat' dir='ltr'><strong>prepe</strong></span> <span class='ocrx_word' id='word_1_729' title='bbox 2195 4779 2366 4842; x_wconf 90' lang='lat' dir='ltr'><strong>illum</strong></span> <span class='ocrx_word' id='word_1_730' title='bbox 2400 4781 2765 4863; x_wconf 89' lang='lat' dir='ltr'><strong>appellatum</strong></span> <span class='ocrx_word' id='word_1_731' title='bbox 2799 4785 2892 4844; x_wconf 73' lang='lat'><strong>55</strong></span> <span class='ocrx_word' id='word_1_732' title='bbox 2921 4800 3200 4844; x_wconf 85' lang='lat' dir='ltr'><strong>acervum</strong></span> <span class='ocrx_word' id='word_1_733' title='bbox 3233 4780 3444 4862; x_wconf 85' lang='lat' dir='ltr'><strong>grandi</strong></span> <span class='ocrx_word' id='word_1_734' title='bbox 3473 4798 3620 4861; x_wconf 83' lang='lat' dir='ltr'><strong>rogo</strong></span> 
     </span>
    </p>
   </div>
   <div class='ocr_carea' id='block_1_101' title="bbox 1975 4869 3233 4943">
    <p class='ocr_par' dir='ltr' id='par_1_101' title="bbox 1975 4869 3233 4943">
     <span class='ocr_line' id='line_1_101' title="bbox 1975 4869 3233 4943; baseline 0.003 -13"><span class='ocrx_word' id='word_1_735' title='bbox 1975 4869 2253 4943; x_wconf 87' lang='lat' dir='ltr'><strong>incenso,</strong></span> <span class='ocrx_word' id='word_1_736' title='bbox 2286 4879 2539 4933; x_wconf 84' lang='lat' dir='ltr'><strong>cunctos</strong></span> <span class='ocrx_word' id='word_1_737' title='bbox 2570 4873 2817 4934; x_wconf 91' lang='lat' dir='ltr'><strong>omnino</strong></span> <span class='ocrx_word' id='word_1_738' title='bbox 2851 4877 3233 4935; x_wconf 83' lang='lat' dir='ltr'><strong>exusserunt.</strong></span> 
     </span>
    </p>
   </div>
   <div class='ocr_carea' id='block_1_102' title="bbox 241 4953 3620 5043">
    <p class='ocr_par' dir='ltr' id='par_1_102' title="bbox 241 4953 3620 5043">
     <span class='ocr_line' id='line_1_102' title="bbox 241 4953 3620 5043; baseline 0.002 -30"><span class='ocrx_word' id='word_1_739' title='bbox 241 4953 600 5034; x_wconf 78' lang='grc' dir='ltr'>ποραδοθῆναι</span> <span class='ocrx_word' id='word_1_740' title='bbox 638 4964 682 5032; x_wconf 70' lang='grc' dir='ltr'>ι,</span> <span class='ocrx_word' id='word_1_741' title='bbox 739 4953 868 5036; x_wconf 75' lang='grc' dir='ltr'>ὅπερ</span> <span class='ocrx_word' id='word_1_742' title='bbox 923 4957 1013 5014; x_wconf 84' lang='grc' dir='ltr'><strong>καὶ</strong></span> <span class='ocrx_word' id='word_1_743' title='bbox 1067 4954 1278 5037; x_wconf 80' lang='grc' dir='ltr'>γέγονε·</span> <span class='ocrx_word' id='word_1_744' title='bbox 1337 4956 1566 5027; x_wconf 90' lang='grc' dir='ltr'>πλησίον</span> <span class='ocrx_word' id='word_1_745' title='bbox 1621 4958 1722 5038; x_wconf 77' lang='grc' dir='ltr'><strong>γὰρ</strong></span> <span class='ocrx_word' id='word_1_746' title='bbox 1775 4963 1877 5028; x_wconf 78' lang='grc' dir='ltr'>τῆς</span> <span class='ocrx_word' id='word_1_747' title='bbox 1927 4957 2104 5040; x_wconf 80' lang='grc' dir='ltr'>σώροῦ</span> <span class='ocrx_word' id='word_1_748' title='bbox 2159 4961 2327 5040; x_wconf 85' lang='grc' dir='ltr'>πυρὰν</span> <span class='ocrx_word' id='word_1_749' title='bbox 2386 4961 2630 5041; x_wconf 75' lang='grc' dir='ltr'>μεγάλην</span> <span class='ocrx_word' id='word_1_750' title='bbox 2692 4962 3020 5043; x_wconf 67' lang='grc' dir='ltr'>ἀνάψαντας,</span> <span class='ocrx_word' id='word_1_751' title='bbox 3075 4959 3240 5041; x_wconf 72' lang='grc' dir='ltr'>ἄρδην</span> <span class='ocrx_word' id='word_1_752' title='bbox 3293 4958 3620 5040; x_wconf 74' lang='grc' dir='ltr'>κατέφλεξαν</span> 
     </span>
    </p>
   </div>
   <div class='ocr_carea' id='block_1_103' title="bbox 241 5044 508 5105">
    <p class='ocr_par' dir='ltr' id='par_1_103' title="bbox 241 5044 508 5105">
     <span class='ocr_line' id='line_1_103' title="bbox 241 5044 508 5105; baseline 0.019 -4"><span class='ocrx_word' id='word_1_753' title='bbox 241 5044 483 5105; x_wconf 72' lang='grc' dir='ltr'>ἅπαντας</span> <span class='ocrx_word' id='word_1_754' title='bbox 494 5090 508 5105; x_wconf 95' lang='grc'><strong>.</strong></span> 
     </span>
    </p>
   </div>
   <div class='ocr_carea' id='block_1_104' title="bbox 331 5066 1885 5216">
    <p class='ocr_par' dir='ltr' id='par_1_104' title="bbox 331 5066 1885 5216">
     <span class='ocr_line' id='line_1_104' title="bbox 331 5066 1324 5105; baseline 0.005 -4"><span class='ocrx_word' id='word_1_755' title='bbox 331 5066 454 5102; x_wconf 73' lang='grc' dir='ltr'>αντα</span> <span class='ocrx_word' id='word_1_756' title='bbox 494 5090 508 5105; x_wconf 95' lang='grc'><strong>.</strong></span> <span class='ocrx_word' id='word_1_757' title='bbox 1321 5066 1324 5068; x_wconf 61' lang='grc'>⁷</span> 
     </span>
     <span class='ocr_line' id='line_1_105' title="bbox 331 5066 1885 5216; baseline 0.002 -24"><span class='ocrx_word' id='word_1_758' title='bbox 331 5066 483 5198; x_wconf 60' lang='lat' dir='ltr'><strong>KB&#39;.‘</strong></span> <span class='ocrx_word' id='word_1_759' title='bbox 501 5133 603 5193; x_wconf 76' lang='grc' dir='ltr'>Εἷς</span> <span class='ocrx_word' id='word_1_760' title='bbox 633 5133 689 5192; x_wconf 77' lang='grc' dir='ltr'>δέ</span> <span class='ocrx_word' id='word_1_761' title='bbox 717 5156 801 5200; x_wconf 90' lang='grc' dir='ltr'><strong>τις</strong></span> <span class='ocrx_word' id='word_1_762' title='bbox 833 5133 887 5202; x_wconf 72' lang='grc' dir='ltr'><strong>ἑξ</strong></span> <span class='ocrx_word' id='word_1_763' title='bbox 941 5137 1116 5194; x_wconf 68' lang='grc' dir='ltr'>αὐτῶν</span> <span class='ocrx_word' id='word_1_764' title='bbox 1159 5134 1384 5214; x_wconf 84' lang='grc' dir='ltr'>ὀνόματι</span> <span class='ocrx_word' id='word_1_765' title='bbox 1415 5133 1623 5202; x_wconf 84' lang='grc' dir='ltr'>Παῦλος</span> <span class='ocrx_word' id='word_1_766' title='bbox 1682 5133 1885 5216; x_wconf 74' lang='grc' dir='ltr'>Ἀρμέ-</span> 
     </span>
    </p>
   </div>
   <div class='ocr_carea' id='block_1_105' title="bbox 242 5223 1887 5309">
    <p class='ocr_par' dir='ltr' id='par_1_105' title="bbox 242 5223 1887 5309">
     <span class='ocr_line' id='line_1_106' title="bbox 242 5223 1887 5309; baseline 0.005 -27"><span class='ocrx_word' id='word_1_767' title='bbox 242 5243 354 5287; x_wconf 88' lang='grc' dir='ltr'>νιος</span> <span class='ocrx_word' id='word_1_768' title='bbox 395 5229 475 5300; x_wconf 80' lang='grc' dir='ltr'>τῴ</span> <span class='ocrx_word' id='word_1_769' title='bbox 505 5223 672 5304; x_wconf 79' lang='grc' dir='ltr'>γένει,</span> <span class='ocrx_word' id='word_1_770' title='bbox 703 5223 853 5306; x_wconf 80' lang='grc' dir='ltr'>ἔχων</span> <span class='ocrx_word' id='word_1_771' title='bbox 898 5224 990 5284; x_wconf 81' lang='grc' dir='ltr'><strong>δύο</strong></span> <span class='ocrx_word' id='word_1_772' title='bbox 1035 5225 1201 5303; x_wconf 77' lang='grc' dir='ltr'>υἱοὺς,</span> <span class='ocrx_word' id='word_1_773' title='bbox 1253 5228 1331 5285; x_wconf 82' lang='grc' dir='ltr'>ὧν</span> <span class='ocrx_word' id='word_1_774' title='bbox 1360 5226 1428 5284; x_wconf 73' lang='grc' dir='ltr'><strong>τὰ</strong></span> <span class='ocrx_word' id='word_1_775' title='bbox 1456 5227 1697 5305; x_wconf 84' lang='grc' dir='ltr'>ὀνόματα</span> <span class='ocrx_word' id='word_1_776' title='bbox 1724 5224 1887 5309; x_wconf 76' lang='lat' dir='ltr'><strong>(cod.</strong></span> 
     </span>
    </p>
   </div>
   <div class='ocr_carea' id='block_1_106' title="bbox 321 5361 859 5443">
    <p class='ocr_par' dir='ltr' id='par_1_106' title="bbox 321 5361 859 5443">
     <span class='ocr_line' id='line_1_107' title="bbox 321 5361 859 5443; baseline -0.002 -15"><span class='ocrx_word' id='word_1_777' title='bbox 321 5361 390 5416; x_wconf 74' lang='lat'><strong>58</strong></span> <span class='ocrx_word' id='word_1_778' title='bbox 417 5361 648 5430; x_wconf 83' lang='lat' dir='ltr'><strong>Coloss.</strong></span> <span class='ocrx_word' id='word_1_779' title='bbox 680 5380 724 5443; x_wconf 84' lang='grc' dir='ltr'><strong>ι,</strong></span> <span class='ocrx_word' id='word_1_780' title='bbox 757 5364 859 5430; x_wconf 81' lang='grc'><strong>16.</strong></span> 
     </span>
    </p>
   </div>
   <div class='ocr_carea' id='block_1_107' title="bbox 1973 5135 3616 5223">
    <p class='ocr_par' dir='ltr' id='par_1_107' title="bbox 1973 5135 3616 5223">
     <span class='ocr_line' id='line_1_108' title="bbox 1973 5135 3616 5223; baseline 0.004 -24"><span class='ocrx_word' id='word_1_781' title='bbox 1973 5143 1996 5212; x_wconf 62' lang='grc' dir='ltr'>ἒ</span> <span class='ocrx_word' id='word_1_782' title='bbox 2051 5135 2312 5202; x_wconf 80' lang='lat' dir='ltr'><strong>XXVIII.</strong></span> <span class='ocrx_word' id='word_1_783' title='bbox 2344 5135 2431 5201; x_wconf 81' lang='lat' dir='ltr'><strong>Ex</strong></span> <span class='ocrx_word' id='word_1_784' title='bbox 2483 5139 2575 5202; x_wconf 87' lang='lat' dir='ltr'><strong>his</strong></span> <span class='ocrx_word' id='word_1_785' title='bbox 2634 5145 2836 5202; x_wconf 89' lang='lat' dir='ltr'><strong>tamen</strong></span> <span class='ocrx_word' id='word_1_786' title='bbox 2877 5157 3060 5221; x_wconf 88' lang='lat' dir='ltr'><strong>unus,</strong></span> <span class='ocrx_word' id='word_1_787' title='bbox 3093 5137 3346 5201; x_wconf 89' lang='lat' dir='ltr'><strong>nomine</strong></span> <span class='ocrx_word' id='word_1_788' title='bbox 3375 5137 3616 5223; x_wconf 83' lang='lat' dir='ltr'><strong>Paulus,</strong></span> 
     </span>
    </p>
   </div>
   <div class='ocr_carea' id='block_1_108' title="bbox 1969 5227 3621 5310">
    <p class='ocr_par' dir='ltr' id='par_1_108' title="bbox 1969 5227 3621 5310">
     <span class='ocr_line' id='line_1_109' title="bbox 1969 5227 3621 5310; baseline 0.005 -18"><span class='ocrx_word' id='word_1_789' title='bbox 1969 5237 2148 5310; x_wconf 85' lang='lat' dir='ltr'><strong>gente</strong></span> <span class='ocrx_word' id='word_1_790' title='bbox 2177 5228 2527 5308; x_wconf 84' lang='lat' dir='ltr'><strong>Armenius,</strong></span> <span class='ocrx_word' id='word_1_791' title='bbox 2559 5247 2696 5294; x_wconf 89' lang='lat' dir='ltr'><strong>cum</strong></span> <span class='ocrx_word' id='word_1_792' title='bbox 2733 5229 2971 5294; x_wconf 84' lang='lat' dir='ltr'><strong>duobus</strong></span> <span class='ocrx_word' id='word_1_793' title='bbox 2999 5228 3211 5294; x_wconf 88' lang='lat' dir='ltr'><strong>liberis</strong></span> <span class='ocrx_word' id='word_1_794' title='bbox 3230 5227 3529 5309; x_wconf 84' lang='lat' dir='ltr'><strong>Gegnesio</strong></span> <span class='ocrx_word' id='word_1_795' title='bbox 3550 5251 3621 5300; x_wconf 83' lang='lat' dir='ltr'><strong>ac</strong></span> 
     </span>
    </p>
   </div>
   <div class='ocr_carea' id='block_1_109' title="bbox 1555 5446 2312 5518">
    <p class='ocr_par' dir='ltr' id='par_1_109' title="bbox 1555 5446 2312 5518">
     <span class='ocr_line' id='line_1_110' title="bbox 1555 5446 2312 5518; baseline 0.005 -4"><span class='ocrx_word' id='word_1_796' title='bbox 1555 5450 1824 5516; x_wconf 66' lang='lat' dir='ltr'><strong>VARIIE</strong></span> <span class='ocrx_word' id='word_1_797' title='bbox 1866 5446 2312 5518; x_wconf 83' lang='lat' dir='ltr'><strong>LECTIONES.</strong></span> 
     </span>
    </p>
   </div>
   <div class='ocr_carea' id='block_1_110' title="bbox 321 5587 3614 5687">
    <p class='ocr_par' dir='ltr' id='par_1_110' title="bbox 321 5587 3614 5687">
     <span class='ocr_line' id='line_1_111' title="bbox 321 5587 3614 5687; baseline 0.006 -36"><span class='ocrx_word' id='word_1_798' title='bbox 321 5599 348 5634; x_wconf 76' lang='grc' dir='ltr'><strong>ν</strong></span> <span class='ocrx_word' id='word_1_799' title='bbox 381 5587 454 5657; x_wconf 79' lang='lat' dir='ltr'><strong>R.</strong></span> <span class='ocrx_word' id='word_1_800' title='bbox 475 5589 752 5687; x_wconf 29' lang='lat' dir='ltr'><strong>etlcod.‘</strong></span> <span class='ocrx_word' id='word_1_801' title='bbox 777 5595 982 5687; x_wconf 53' lang='grc' dir='ltr'>Κῇτόξ,</span> <span class='ocrx_word' id='word_1_802' title='bbox 1015 5593 1200 5687; x_wconf 37' lang='lat' dir='ltr'><strong>quod‘</strong></span> <span class='ocrx_word' id='word_1_803' title='bbox 1235 5593 1484 5687; x_wconf 66' lang='lat' dir='ltr'><strong>fortasse</strong></span> <span class='ocrx_word' id='word_1_804' title='bbox 1514 5593 1664 5660; x_wconf 78' lang='lat' dir='ltr'><strong>ferri</strong></span> <span class='ocrx_word' id='word_1_805' title='bbox 1720 5603 1938 5679; x_wconf 82' lang='lat' dir='ltr'><strong>potest.</strong></span> <span class='ocrx_word' id='word_1_806' title='bbox 1998 5608 2026 5645; x_wconf 79' lang='grc' dir='ltr'><strong>ι</strong></span> <span class='ocrx_word' id='word_1_807' title='bbox 2052 5596 2128 5664; x_wconf 85' lang='lat' dir='ltr'><strong>R.</strong></span> <span class='ocrx_word' id='word_1_808' title='bbox 2159 5599 2318 5681; x_wconf 80' lang='grc' dir='ltr'>φησι.</span> <span class='ocrx_word' id='word_1_809' title='bbox 2366 5608 2410 5655; x_wconf 69' lang='grc'><strong><em>1</em></strong></span> <span class='ocrx_word' id='word_1_810' title='bbox 2437 5597 2512 5665; x_wconf 77' lang='lat' dir='ltr'><strong>It.</strong></span> <span class='ocrx_word' id='word_1_811' title='bbox 2544 5607 2607 5664; x_wconf 85' lang='lat' dir='ltr'><strong>et</strong></span> <span class='ocrx_word' id='word_1_812' title='bbox 2653 5600 2793 5666; x_wconf 90' lang='lat' dir='ltr'><strong>cod.</strong></span> <span class='ocrx_word' id='word_1_813' title='bbox 2823 5603 3016 5684; x_wconf 77' lang='grc' dir='ltr'>βουλῇ.</span> <span class='ocrx_word' id='word_1_814' title='bbox 3049 5602 3169 5670; x_wconf 86' lang='lat' dir='ltr'><strong>Sed</strong></span> <span class='ocrx_word' id='word_1_815' title='bbox 3215 5602 3290 5670; x_wconf 80' lang='grc' dir='ltr'><strong>Β.</strong></span> <span class='ocrx_word' id='word_1_816' title='bbox 3326 5605 3386 5669; x_wconf 90' lang='lat' dir='ltr'><strong>in</strong></span> <span class='ocrx_word' id='word_1_817' title='bbox 3419 5601 3614 5687; x_wconf 84' lang='lat' dir='ltr'><strong>marg&#39;</strong></span> 
     </span>
    </p>
   </div>
   <div class='ocr_carea' id='block_1_111' title="bbox 243 5670 1439 5756">
    <p class='ocr_par' dir='ltr' id='par_1_111' title="bbox 243 5670 1439 5756">
     <span class='ocr_line' id='line_1_112' title="bbox 243 5670 1439 5756; baseline 0.007 -23"><span class='ocrx_word' id='word_1_818' title='bbox 243 5687 403 5736; x_wconf 88' lang='lat' dir='ltr'><strong>corr.</strong></span> <span class='ocrx_word' id='word_1_819' title='bbox 474 5680 499 5716; x_wconf 83' lang='grc'>⁸</span> <span class='ocrx_word' id='word_1_820' title='bbox 527 5672 613 5736; x_wconf 81' lang='lat' dir='ltr'><strong>Ita</strong></span> <span class='ocrx_word' id='word_1_821' title='bbox 642 5670 779 5736; x_wconf 89' lang='lat' dir='ltr'><strong>cod.</strong></span> <span class='ocrx_word' id='word_1_822' title='bbox 811 5672 892 5737; x_wconf 80' lang='grc' dir='ltr'>Αι</span> <span class='ocrx_word' id='word_1_823' title='bbox 916 5670 991 5740; x_wconf 65' lang='grc' dir='ltr'><strong>ἢ.</strong></span> <span class='ocrx_word' id='word_1_824' title='bbox 1022 5670 1439 5756; x_wconf 69' lang='grc' dir='ltr'>παραδοθέντες.</span> 
     </span>
    </p>
   </div>
  </div>
