4026 6226
289 290 439 367 1285
1435 287 1799 367 HISTORIA
1864 282 2476 368 MANICHEORUM.
3489 285 3640 368 1286

276 437 365 493 καὶ
407 435 667 505 κατῆλθεν
710 437 784 500 εἰς
856 438 956 504 τὴν
1023 437 1334 496 θεόλευστον
1381 436 1708 512 Μανᾶναλιν,
1756 435 1807 503 ἐξ
1851 436 1916 505 ἧς

2007 437 2228 498 saniam
2247 435 2715 516 actus,iramque
2742 441 2799 497 et
2819 433 3045 497 rabiem
3072 445 3254 516 atque
3277 435 3636 500 anxietatem

278 524 562 606 ἀνεδείχθη
608 529 636 583 6
680 525 990 605 προῤῥηθεὶς
1039 537 1465 593 Κωνστανττνος.
1543 532 1678 584 Εἶτα
1743 527 1918 585 ἐκεῖσε

2007 527 2119 588 81ῢὶ
2145 525 2216 588 ab
2241 529 2468 604 angelis
2495 527 2665 587 malis
2685 526 2983 587 immissas
3007 526 3640 600 experiens,bubonea

278 615 507 694 χρόνους
569 617 782 680 ἱκανοὺς
857 617 1136 690 ἐπιμείνας
1200 619 1285 676 καὶ
1337 616 1504 697 [cod.
1545 617 1587 679 ί.
1644 617 1782 696 1021
1845 621 1918 680 εἷς

2007 615 2124 677 Deo
2160 634 2479 695 percussus
2501 616 2751 690 interiit,
2788 625 3099 696 postquam
3127 616 3375 696 integris
3401 617 3642 694 triginta

278 702 438 782 ἄκρον
472 705 664 780 μανίας
709 705 904 770 ἐλάσας
938 709 1024 762 καὶ
1054 710 1218 782 θυμὸν
1249 709 1335 764 καὶ
1393 710 1558 787 ὀργὴν
1602 711 1686 764 καί
1739 708 1916 784 θλίψιν

2007 707 2172 768 annis
2206 706 2406 787 impiae
2438 714 2616 767 sectae
2645 705 2984 784 praefuerat.

279 792 584 862 ἀποστολὴν
630 794 696 851 δι’
723 795 967 873 ἀγγέλων
1016 804 1265 874 πονηρῶν
1295 795 1602 876 δεξάμενος,
1635 797 1968 864 θεόπληκτος
2014 798 2325 874 γενόμενος,
2359 799 2460 853 ὕπο
2492 805 2584 853 τοῦ
2613 793 2880 873 βουϐῶνος
2916 799 3004 852 τὸν
3051 797 3165 873 βίον
3196 797 3552 876 κατέστρεψεν
3584 797 3636 853 ἐν

280 883 424 945 ὅλοις
456 885 737 960 τριάκοντα
767 884 905 942 ἔτεσι
927 887 1015 942 καὶ
1047 887 1201 950 αὒτὸς
1231 887 1328 955 τῆς
1359 885 1600 949 ἀσεϐείας
1632 888 1919 964 γενόμενος
1967 887 2297 964 προστάτης,

362 972 448 1036 Λ’.
496 973 661 1048 Οὗτος
706 973 867 1055 ἔσχεν
908 976 1043 1051 υἱὸν,
1079 975 1309 1052 τοῦνομα
1352 978 1622 1056 Ζαχαρίαν
1656 996 1671 1011 ⁸
1709 977 1794 1033 καὶ
1824 977 1917 1051 μί-

281 1066 426 1120 σθιον
469 1064 634 1141 αἶγας
681 1064 930 1143 νέμοντα,
983 1065 1041 1121 ὄν
1087 1087 1216 1124 ποτε
1249 1065 1335 1123 ἐπὶ
1362 1072 1462 1134 τῆς
1493 1065 1612 1122 ὁδοῦ
1641 1068 1758 1144 εὗρε
1803 1065 1917 1122 κεί-

281 1175 441 1229 μενον
509 1153 1017 1236 ἐσπαργανωμένον,
1072 1155 1154 1213 διὰ
1222 1159 1283 1214 τὸ
1339 1157 1400 1215 ἐκ
1466 1157 1776 1234 παρανόμου
1834 1159 1918 1212 καὶ

280 1244 668 1318 μεμιαμμένης
699 1249 980 1322 προελθεῖν
1011 1248 1196 1314 κοίτης
1233 1266 1246 1280 ⁸
1277 1247 1406 1326 οἶδε
1459 1249 1558 1326 γὰρ
1603 1247 1774 1319 πόρνη
1819 1251 1917 1312 τῆς

277 1331 484 1398 κοιλίας
528 1335 692 1400 αὐτῆς
735 1336 800 1390 τὰ
847 1334 1040 1414 ἔγγονα
1075 1337 1129 1392 ἐν
1160 1324 1284 1412 ὁδῷ.
1313 1337 1538 1416 ῥίπτειν,
1590 1334 1814 1392 δεδιώσα
1859 1337 1920 1391 τὸ

276 1435 529 1498 πταῖσμα
565 1442 582 1460 ⁸
629 1423 987 1490 ἀποθανόντος
1035 1436 1208 1483 τοίνυν
1264 1429 1561 1505 Γεγνεσίου,
1594 1426 1920 1506 ἐσχίσθησαν

281 1515 328 1570 οἱ
372 1513 562 1572 τούτου
606 1514 840 1590 μαθηταί
871 1531 887 1547 ⁸
941 1518 1029 1572 καὶ
1073 1519 1122 1572 οἱ
1179 1516 1300 1592 μὲν,
1361 1515 1757 1595 προσεῤῥύησαν
1811 1523 1920 1572 Ζα-

279 1604 446 1683 χαρία
479 1621 494 1636 ⁸
548 1603 594 1659 οἱ
638 1601 718 1685 δὲ,
763 1604 964 1682 Ἰωσὴφ
1009 1613 1084 1680 τῷ
1125 1607 1261 1680 νόθῳ
1301 1605 1668 1685 προσέδραμον
1699 1625 1713 1640 ⁸
1753 1604 1919 1666 οὕτως

2082 971 2258 1036 XXX.
2284 973 2435 1036 Huic
2460 987 2585 1035 erat
2612 973 2765 1036 ﬁlius
2789 973 3034 1036 nomine
3057 974 3639 1050 Zacharias,necnon

2003 1065 2414 1126 mercenarius
2436 1063 2672 1143 quidam
2701 1082 3012 1143 caprarum
3043 1073 3264 1139 custos,
3293 1082 3464 1144 quem
3495 1064 3638 1126 olim

2003 1153 2062 1214 iu
2097 1153 2186 1213 via
2210 1153 2733 1233 repereratfasciis
2760 1153 3112 1226 involutum,
3133 1162 3450 1232 propterea
3479 1155 3638 1236 quod

2001 1242 2315 1322 illegitima
2347 1251 2700 1324 impuraque
2754 1241 2968 1320 copula
3016 1253 3371 1323 procreatus
3403 1244 3637 1306 fuisset.

2005 1330 2168 1394 Solet
2193 1333 2353 1394 enim
2381 1341 2661 1394 meretrix
2696 1332 2918 1393 ventris
2951 1333 3044 1392 sui
3080 1341 3305 1411 partus,
3338 1333 3413 1393 ob
3446 1333 3642 1413 culpae

2009 1423 2322 1495 metum,in
2352 1423 2474 1483 vias
2507 1422 2829 1503 projicere.
2857 1421 3286 1500 Mortuoigitur
3312 1421 3636 1500 Gegnesio,

2004 1513 2266 1573 schisma
2287 1513 2508 1574 exstitit
2531 1513 2967 1592 discipulorum
2993 1513 3150 1592 ejus;
3181 1512 3314 1573 aliis
3338 1511 3642 1574 Zachariaa

2007 1601 2624 1674 adhaerentibusmliis
2648 1611 2842 1663 autem
2868 1602 3137 1680 spurium
3169 1601 3492 1682 Josepbum
3518 1621 3646 1664 sec-

279 1675 378 1771 γὰρ
410 1675 738 1766 ὦνομάζετό,
802 1675 1067 1760 Στσὶσεως⁷
1108 1695 1197 1752 οὗν
1234 1675 1452 1764 ’πολλῆς
1484 1675 1782 1774 γενομένης
1814 1717 1918 1770 με-

2008 1691 2387 1768 tantibus,sic
2413 1691 2639 1755 enimis
2658 1675 3109 1754 nominabatur.
3133 1675 3344 1769 Magna
3369 1710 3510 1770 ergo
3541 1709 3643 1754 se-

275 1781 402 1849 ταξὺ
433 1783 770 1864 ἀμφοτέρων,
798 1786 871 1849 ὡς
903 1787 990 1843 καὶ
1019 1785 1104 1842 ἐπὶ
1148 1786 1255 1843 τῶν
1295 1789 1398 1864 πρὸ
1454 1785 1653 1866 αὒτῶν,
1701 1787 1788 1843 καὶ
1818 1786 1918 1842 θά-

277 1892 430 1948 τερος
465 1871 654 1930 ἑαυτὸν
713 1874 1081 1954 ψηφιζόμενος
1144 1875 1240 1943 τὴν
1301 1877 1461 1956 χάριν
1519 1874 1792 1954 εἰληφέναι
1831 1881 1921 1930 τοῦ

279 1962 613 2042 Πνεύματος,
690 1963 790 2030 τὴν
859 1962 1127 2043 ἐνέργειαν
1197 1963 1404 2040 μᾶλλον
1481 1964 1571 2021 τοῦ
1626 1966 1922 2043 ἀκαθάρτου

277 2049 520 2116 ἐδέξαντο
577 2053 879 2128 πνεύματος
914 2070 929 2084 ⁸
989 2067 1110 2110 εἶτα
1170 2055 1426 2128 θυμωθεὶς
1494 2056 1787 2134 Ζαχαρίας,
1845 2056 1919 2117 ὡς

277 2145 376 2208 τῆς
447 2142 698 2220 πατρῴας
753 2141 1087 2223 κληρουχίας
1159 2143 1433 2201 ἐκπίπτειν
1497 2142 1733 2218 μέλλων,
1794 2143 1922 2216 λίθῳ

278 2230 514 2297 πατάξας
577 2230 779 2311 Ἰωσὴφ
821 2235 913 2288 τὸν
971 2233 1328 2312 ³Λφρόνητον,
1368 2231 1493 2313 παρ’
1537 2233 1719 2312 ὀλίγον
1761 2234 1918 2290 ἀνετ-

277 2321 394 2380 λεν.
443 2319 590 2377 Μετά
660 2320 714 2377 δέ
764 2345 883 2379 τινα
927 2323 1123 2400 γρόνον
1187 2321 1442 2387 λαϐόντες
1498 2324 1740 2401 ἑκάτεροι
1797 2324 1917 2383 τοὺς

277 2411 500 2473 οἰκείους
559 2412 826 2490 μαθητὰς,
877 2411 1144 2480 ἠθέλησαν
1196 2411 1458 2490 λαθραίως
1493 2412 1784 2492 ἀποδρᾶσαι
1828 2421 1921 2470 τοῦ

278 2500 444 2556 τόπου
477 2515 493 2531 ⁸
550 2501 637 2555 καὶ
678 2497 744 2567 δὴ
779 2502 969 2578 μικρὸν
1013 2501 1343 2567 ἀποστάντες
1385 2507 1480 2569 τῆς
1540 2501 1756 2582 κώμης,
1811 2502 1917 2557 ὑπ-

279 2589 618 2652 οπτευθέντες
675 2589 776 2645 ὑπὸ
833 2594 939 2645 τῶν
1007 2589 1329 2668 Ἀγαρηνῶν
1389 2591 1516 2666 πρὸς
1590 2590 1916 2666 Ῥωμανίαν,

280 2676 612 2757 ἐξέρχεσθαι,
669 2679 756 2733 καὶ
811 2679 901 2735 ὑπ’
948 2681 1120 2736 αὐτῶν
1173 2681 1589 2758 ἀνερευνώμενοι
1631 2695 1678 2759 ε,
1737 2681 1766 2736 'o
1823 2679 1923 2756 μὲν

280 2769 553 2847 Ζαχαρίας
609 2769 680 2830 ὡς
741 2765 856 2823 εἶδε
916 2772 1015 2836 τὴν
1073 2771 1178 2826 τῶν
1226 2767 1540 2849 Ἀγαρηνῶν
1598 2768 1917 2847 ἐπιδρομὴν,

276 2858 400 2922 τοὺς
435 2857 658 2920 οἰκείους
691 2857 850 2920 ἐάσας
885 2856 1050 2937 [cod.
1085 2859 1123 2920 f.
1165 2857 1278 2920 102
1324 2859 1414 2940 b,]
1453 2861 1718 2936 μαθητὰς,
1755 2858 1919 2934 μόνος

277 2946 524 3025 ἐξέφυγεν
557 2962 572 2978 ⁸
609 2945 697 3009 οῧς
751 2969 848 3024 περ
907 2949 1224 3030 φθάσαντες,
1269 2953 1315 3006 οἱ
1363 2949 1676 3028 Ἀγαρηνοὶ,
1722 2947 1920 3027 ξίφεσιν

2005 1782 2152 1843 ditio
2169 1781 2328 1843 inter
2350 1782 2455 1842 Ιιοε
2470 1781 2623 1843 duos
2642 1782 2898 1843 conﬂata
2911 1780 3646 1860 est,sicutisuperioribus

2005 1872 2182 1933 etiam
2209 1880 2510 1947 evenerat;
2528 1873 2667 1933 dum
2696 1881 2945 1952 uterque
2968 1870 3298 1933 afﬁrmaret
3318 1870 3640 1950 segratiam

2003 1962 2264 2042 Spiritus
2292 1981 2424 2024 esse
2446 1963 2752 2034 sortitum,
2787 1961 2889 2038 qui
2935 1961 3128 2040 potius
3152 1961 3375 2040 impuri
3397 1962 3644 2041 spiritus

2004 2052 2414 2132 operationem
2451 2060 2830 2132 receperant.
2891 2050 3019 2112 Mox
3071 2052 3276 2111 furens
3306 2049 3642 2122 Zacharias,

2003 2159 2116 2203 ceu
2145 2145 2242 2221 qui
2277 2141 2352 2202 de
2375 2152 2625 2221 paterna
2655 2139 3141 2218 hmreditatejam
3170 2139 3643 2212 excideret,saxo

1999 2229 2863 2310 JosepbumaﬁAphronelum
2883 2229 3643 2309 appetens,propemodum

2003 2320 2245 2382 occidit.
2316 2324 2452 2380 Post
2505 2319 2872 2400 aliquantum
2924 2336 3063 2379 vero
3095 2327 3355 2396 tempus,
3393 2321 3645 2397 sumptis

2002 2409 2420 2490 unusquisque
2452 2408 2711 2489 propriis
2744 2407 3084 2486 discipulis,
3113 2405 3302 2466 moliti
3334 2415 3469 2467 sunt
3491 2406 3642 2468 clam

2003 2517 2070 2559 ex
2107 2498 2238 2560 loco
2273 2498 2561 2575 aufugere
2597 2518 2611 2560 :
2647 2497 2752 2558 sed
2787 2516 2920 2559 cum
2958 2496 3263 2576 paululum
3301 2514 3333 2556 a
3365 2514 3510 2576 pago
3543 2514 3645 2558 re-

2003 2588 2352 2662 cessissent,
2382 2587 2591 2649 oborta
2623 2593 2714 2647 est
2743 2587 3038 2665 Agarenis
3068 2585 3332 2665 suspicio
3365 2585 3518 2646 velle
3542 2604 3646 2647 eos

2004 2677 2078 2737 ad
2115 2679 2442 2738 Romanam
2490 2675 2776 2738 ditionem
2833 2676 3117 2750 transire;
3155 2673 3414 2754 ideoque
3445 2673 3518 2738 ab
3550 2674 3645 2736 his

2005 2767 2686 2848 conquisiti.Zacharias
2717 2764 2956 2846 quidem
2990 2766 3402 2844 Agarenorum
3437 2765 3645 2826 incur-

2004 2863 2235 2918 sionem
2269 2857 2504 2936 videns,
2539 2855 2795 2916 desertis
2832 2855 3091 2934 propriis
3139 2853 3449 2933 discipulis
3481 2853 3645 2914 solus

2003 2945 2173 3026 fugit:
2212 2967 2358 3028 quos
2394 2957 2715 3024 occupatos
2745 2945 3028 3024 Agareui,
3063 2943 3278 3023 gladiis
3311 2942 3642 3004 intereme-

277 3036 596 3092 ἀπέκτειναν
631 3055 648 3072 ⁸
694 3034 762 3092 δι’
794 3036 824 3093 ’ὃ
851 3037 879 3081 ἀ
908 3035 1186 3106 ώνειδίσθη
1233 3042 1259 3095 6
1304 3041 1571 3120 Ζαχαρίας
1617 3040 1760 3118 παρὰ
1813 3045 1918 3094 τῶν

2007 3046 2142 3097 runt
2172 3057 2184 3099 :
2223 3056 2352 3118 qua:
2384 3055 2480 3098 res
2511 3035 2812 3098 Zachariae
2837 3034 2993 3113 apud
3029 3042 3302 3106 cmteros,
3337 3052 3445 3094 ceu
3480 3050 3642 3094 mer-

278 3123 485 3206 ἄλλων,
513 3129 586 3189 ὡς
617 3127 906 3202 μισθωτὸς,
941 3129 1026 3185 καὶ
1056 3130 1146 3184 οὖν
1179 3128 1254 3186 ὢν
1286 3130 1512 3205 ποιμήν.

359 3208 493 3277 AA'.
539 3215 740 3296 Ἰωσὴφ
783 3216 838 3274 δὲ
883 3219 910 3274 ὁ
945 3221 1030 3274 καὶ
1061 3217 1391 3299 Ἀφρόνητος
1423 3220 1576 3298 γνοὺς
1610 3229 1787 3294 τοῦτο,
1821 3220 1916 3282 τὰς

279 3307 484 3383 ἁμάξας
543 3307 812 3387 ἐνστρέφει
856 3308 930 3372 ὡς
973 3309 1102 3387 πρὸς
1159 3310 1348 3378 Συρίαν
1384 3325 1399 3340 ⁸
1450 3311 1534 3365 καὶ
1595 3307 1855 3365 ἐλθόντων
1898 3316 1920 3342 ⁸

277 3405 384 3454 τῶν
427 3398 774 3474 Σαρακηνῶν,
810 3400 940 3476 φησί
971 3400 1105 3476 πρὸς
1155 3397 1368 3472 αὖτοὺς,
1414 3401 1484 3464 ὡς
1537 3397 1630 3455 ἐπὶ
1678 3397 1916 3476 γαλούρ-

276 3509 369 3567 για
438 3489 527 3544 καὶ
606 3486 857 3562 βουκόλια
940 3485 1308 3554 ἐξεληλυθέναι
1346 3503 1360 3518 ⁸
1441 3491 1489 3544 οἱ
1547 3486 1602 3542 δὲ
1674 3485 1917 3566 ’Δγαρη-

276 3579 386 3650 νοί,
447 3578 616 3653 ταύτῃ
673 3583 743 3649 τῇ
803 3575 1065 3655 ἀπολογίᾳ
1113 3577 1634 3656 πληροφορηθέντες,
1669 3577 1919 3642 ἐάσαντες

276 3667 466 3730 αὐτοὺς
523 3663 804 3735 ἀδικήτους
865 3668 1229 3746 ὑπεχώρησαν
1276 3667 1338 3711 τ·
1389 3667 1631 3744 εὐκαίρου
1690 3665 1745 3722 δὲ
1775 3665 1916 3743 ὥρας

278 3756 554 3836 ἐπιτυχὼν
609 3755 810 3836 Ἰωσὴφ
867 3757 896 3811 ὃ
935 3756 1294 3837 ’Λφρόνητος,
1328 3758 1465 3834 μετὰ
1520 3754 1736 3813 πάντων
1793 3755 1914 3812 δια-

277 3845 426 3927 δρὰς,
456 3852 549 3903 τοῦ
578 3845 748 3902 τόπου
778 3844 1028 3926 ἐξέφυγεν
1061 3863 1076 3878 ⁸
1115 3848 1202 3904 καὶ
1245 3846 1412 3904 ἐλθὼν
1457 3847 1530 3910 εἰς
1575 3847 1673 3914 τὴν
1702 3844 1916 3903 πολλά-

277 3959 360 4003 κις
447 3939 912 4013 μνημονευθεϊσαν
989 3936 1180 4013 κώμην
1255 3934 1598 4016 Ἐπίσπαριν,
1670 3935 1918 4011 ἀσμένως

277 4027 422 4103 παρά
479 4032 586 4082 τῶν
642 4025 696 4081 ἐν
742 4027 879 4102 αἰντῇ
909 4027 1302 4084 κατοικούντων
1349 4024 1625 4106 ἀπεδέχθη
1662 4045 1675 4059 ⁸
1720 4026 1916 4090 πάντες

278 4117 379 4195 γὰρ
411 4113 692 4190 λαμπάδας
725 4115 1030 4192 ἀνάψαντες
1061 4114 1114 4173 ἐν
1145 4115 1360 4194 μεγάλη
1405 4122 1540 4192 τιμῇ
1570 4115 1661 4171 τὺδ
1707 4113 1916 4181 πολλῆς

279 4205 496 4282 ἀτιμίας
557 4205 722 4285 ἇὶξιον,
779 4205 850 4267 ὠς
895 4203 990 4262 ὅτε
1036 4202 1091 4261 δὲ
1136 4207 1385 4280 μαθητὴν
1433 4213 1663 4283 Χριστοῦ
1722 4203 1917 4262 ὑποδέ-

2001 3127 2245 3189 cenario
2277 3137 2335 3189 et
2361 3146 2478 3188 non
2512 3125 2760 3206 pastori,
2792 3124 2996 3187 odium
3032 3122 3395 3185 conciliavit.

2080 3216 2283 3279 XXXI.
2315 3216 2614 3296 Josephus
2646 3225 2843 3277 autem
2888 3215 3301 3294 Aphronetus.
3337 3229 3406 3273 ea
3438 3229 3504 3273 re
3536 3230 3645 3272 co-

2000 3308 2442 3385 gnita.currum
2467 3305 3072 3385 convertit,tanquam
3095 3304 3145 3364 si
3172 3303 3230 3362 in
3252 3301 3478 3382 Syriam
3517 3319 3646 3382 per-

2003 3404 2193 3474 geret;
2229 3405 2286 3456 et
2317 3395 2883 3475 supervenientibus
2927 3392 3249 3454 Saracenis
3280 3390 3427 3451 dixit
3457 3409 3522 3450 se
3554 3391 3645 3450 la-

2005 3485 2176 3546 ctarii
2203 3503 2402 3564 operis
2425 3503 2605 3546 causa
2627 3491 2687 3545 et
2709 3491 3122 3544 armentorum
3149 3481 3209 3540 in
3242 3480 3452 3539 itinere
3487 3496 3641 3540 esse.

2003 3572 2129 3646 Qua
2143 3574 2496 3636 defensione
2514 3572 2786 3653 persuasi
2801 3570 3292 3643 Saraceni,illum
3311 3587 3444 3628 cum
3462 3567 3649 3628 sociis

2001 3665 2162 3725 abire
2183 3665 2486 3743 impunem
2502 3656 3478 3734 sinentcs,discesserunt.Idonea
3492 3663 3648 3734 post-

2001 3755 2141 3816 hinc
2165 3763 2397 3834 captata
2423 3753 2593 3825 hora,
2619 3750 2919 3830 Josephus
2941 3749 3325 3829 Aphronetus
3349 3765 3483 3807 cum
3512 3763 3649 3805 om-

2002 3845 2179 3906 nibus
2197 3842 2676 3920 aufugiens,loco
2702 3840 2987 3916 excessit;
3015 3839 3442 3919 profectusque
3463 3835 3523 3896 in
3545 3853 3650 3897 saa-

2001 3953 2074 4017 pe
2099 3941 2488 3994 memoratum
2516 3950 2727 4013 pagum
2750 3929 3114 4010 Episparim,
3152 3927 3416 4017 libenter
3438 3925 3512 3985 ab
3544 3924 3644 4017 in-

2001 4015 2150 4086 culis
2175 4034 2459 4104 exceptus
2481 4022 2588 4084 fuit
2617 4043 2630 4081 :
2660 4020 2858 4082 cuncti
2880 4019 3039 4080 enim
3063 4016 3326 4079 incensis
3348 4015 3652 4091 lampadi-

2002 4115 2114 4177 bus
2141 4134 2354 4194 magno
2380 4114 2609 4176 honore
2632 4108 3169 4183 hominem,multa
3191 4105 3526 4188 ignominia
3549 4104 3643 4194 ih-

2002 4192 2496 4285 gnum,tanquam
2515 4201 2739 4266 Christi
2759 4199 3117 4280 discipulum
3136 4192 3646 4285 susceperun_t.Ea

280 4318 474 4376 χονται
511 4314 526 4331 ⁸
573 4282 729 4376 γνοὺς
773 4304 930 4354 τοῦτο
973 4297 1232 4374 θεοφιλής
1273 4318 1352 4360 τις
1396 4282 1531 4374 ἀνὴρ
1588 4297 1695 4352 τῶν
1737 4297 1918 4352 ἐκεῖσε

2007 4282 2068 4356 re
2091 4282 2417 4368 intellecta,
2452 4291 2584 4374 pius
2609 4289 2852 4368 quidam
2882 4289 2971 4348 vir
3003 4307 3073 4348 ex
3091 4286 3206 4348 loci
3241 4282 3640 4376 principibus,

281 4375 564 4465 ἀρχόντων
633 4385 981 4464 Κρικοράχης
1060 4383 1378 4463 λεγόμενος,
1452 4386 1589 4460 μετά
1651 4383 1918 4442 πλείστων

2007 4383 2248 4444 nomine
2280 4381 2694 4456 Cricoraches,
2732 4396 2944 4458 magna
3003 4396 3138 4440 cum
3175 4375 3429 4438 militum
3466 4391 3648 4465 manu

319 4445 392 4465 ιη.
679 4445 690 4463 ι
800 4445 810 4463 ι
869 4445 907 4464 η.
938 4445 977 4452 -τ
1138 4445 1149 4463 .
1194 4445 1206 4460 .
1338 4445 1378 4460 -,
1452 4445 1464 4460 .

281 4478 620 4555 στρατιωτῶν
665 4476 764 4544 τὴν
808 4475 976 4532 οἰκίαν
1029 4475 1352 4550 ἐκύκλωσεν,
1427 4473 1480 4531 ἐν
1538 4473 1574 4551 ᾗ
1631 4474 1918 4531 κατέλυσεν

2007 4472 2298 4547 aedes,ubi
2323 4471 2576 4534 Manetis
2600 4445 2932 4550 discipulus
2955 4466 3328 4538 versabatur,
3346 4463 3555 4555 cinxit;
3590 4471 3652 4523 et

284 4567 312 4622 6
351 4553 618 4641 μαθητὴς
689 4574 783 4625 τοῦ
838 4567 1105 4631 binive-no;
1142 4583 1158 4601 ⁸
1235 4568 1323 4624 καὶ
1367 4565 1489 4627 τοὺς
1535 4565 1634 4640 μὲν
1678 4565 1918 4640 μαθητὰς

2007 4561 2263 4624 nsseclas
2285 4559 2526 4640 quidem
2554 4559 2684 4638 eius
2708 4557 3200 4639 comprehendit;
3223 4555 3328 4615 sed
3352 4553 3648 4641 Iosephus

285 4640 447 4714 αὐτοῦ
489 4655 773 4734 συνέσχεν,
810 4654 967 4717 αὐτὸς
1000 4651 1055 4709 δὲ
1087 4651 1297 4732 διαδρὰς
1347 4653 1516 4734 φυγὰς
1566 4649 1746 4732 ᾤχετο
1788 4654 1918 4731 πρὸς

2007 4651 2244 4731 elapsus
2265 4649 2427 4711 venit
2448 4649 2508 4710 in
2546 4649 2880 4727 Phrygiam:
2911 4647 3171 4724 indeque
3195 4643 3555 4734 abscedens,
3590 4640 3652 4734 in

286 4745 385 4812 τὴν
443 4727 724 4823 Φρυγίαν-⁸
757 4727 859 4800 ’καὶ
917 4741 1164 4800 ἀπελθὼν
1206 4727 1538 4818 ⁷κατῴκησεν
1704 4727 1918 4800 Ἀντιό-

2007 4727 2156 4802 urbe
2170 4739 2410 4802 Pisidiae
2421 4736 2740 4800 Antiochia
2760 4734 3288 4823 resedit.Cumﬁque
3305 4742 3362 4792 et
3381 4733 3514 4823 ipse
3537 4727 3646 4788 tri-

281 4855 441 4914 χειαν
642 4832 879 4898 Πισιδῖας
913 4849 928 4864 ⁸
966 4834 1023 4890 ἐν
1065 4831 1204 4890 ἔτεσι
1250 4831 1304 4890 δὲ
1347 4834 1632 4911 τριάκοντα
1687 4836 1776 4889 καὶ
1821 4835 1918 4891 αὒ-

2007 4831 2167 4911 ginta
2189 4829 2362 4891 annis
2388 4826 2718 4910 nequitiam
2741 4843 2906 4887 suam
2936 4822 3328 4895 exercuisset,
3353 4820 3435 4880 ait
3455 4818 3645 4914 disci—

280 4906 369 4990 τὶς
427 4921 904 5002 ἐπαγωνισάμενος
963 4927 1032 5000 τῇ
1092 4925 1273 4999 κακίᾳ,
1334 4906 1487 5001 ἔλεγε
1555 4935 1675 4986 τοῖς
1732 4923 1918 4980 ἑαυτοῦ

2007 4906 2160 5002 pulis
2183 4920 2331 4994 suis,
2365 4937 2430 4981 se
2469 4906 2637 4979 Pauli
2659 4913 2915 4993 apostoli
2938 4911 3296 5002 discipulum
3328 4927 3461 5002 esse
3491 4906 3652 5002 Epa-

281 4997 580 5094 μαθητατς,
629 5017 874 5090 μαθητὴς
921 4997 1062 5070 εἶναι
1110 4997 1316 5070 Παύλου
1379 4997 1472 5072 του
1535 5011 1836 5070 ἀποστόλου
1893 5013 1918 5068 6

2007 4997 2374 5093 phroditum,
2397 5024 2585 5089 seque
2606 5005 2678 5067 ad
2705 5004 2842 5066 illos
2862 5003 2934 5064 ab
2961 5021 3031 5094 eo
3058 5001 3306 5094 missum
3332 4997 3542 5060 fuisse.
3577 5000 3654 5061 At

281 5089 697 5183 Ἐπαφρόδιτος,
775 5105 864 5160 καὶ
942 5099 1068 5178 παρ’
1140 5106 1300 5162 aurai}
1374 5103 1503 5182 πρὸς
1563 5101 1752 5166 αὐτοὺς
1807 5101 1918 5160 ἀπ·-

2007 5089 2115 5181 ego
2137 5119 2245 5182 pro
2270 5091 3114 5180 Epaplirodito,Aphronitum
3142 5089 3354 5152 merito
3383 5105 3517 5183 eum
3538 5105 3650 5169 ap-

282 5177 533 5252 εστᾶλθαι
566 5213 578 5227 ·
637 5177 806 5273 [cod.
837 5192 877 5253 f.
914 5192 1076 5270 103.]
1109 5191 1218 5271 ἐγὼ
1254 5191 1308 5248 δὲ
1340 5177 1499 5252 αὐτὸν
1553 5186 1771 5257 εἷκότως
1814 5214 1918 5249 κα-

2008 5177 2265 5272 pellabo:
2291 5177 2517 5250 etenim
2534 5185 2876 5247 litterarum
2905 5199 3152 5273 prorsus
3176 5189 3355 5273 atque
3381 5177 3653 5273 phrone-

281 5282 424 5342 λέσω
453 5265 786 5366 Ἀφρόξητον
819 5298 834 5314 ⁸
868 5282 986 5341 λίαν
1015 5265 1114 5361 γάρ
1141 5265 1358 5362 θπῆρχε
1391 5284 1479 5339 καὶ
1535 5281 1870 5362 γραμμάτων
1897 5293 1918 5337 Ι

2008 5265 2113 5343 seo
2136 5297 2350 5361 eXpers
2368 5284 2497 5340 erat
2529 5296 2542 5338 :
2569 5291 2830 5357 cumque
2854 5271 3076 5335 multos
3093 5269 3390 5332 scelestis
3416 5265 3653 5330 actibus

1587 5457 1850 5522 VARIZE
1901 5456 2338 5523 LECTIONES.

366 5562 392 5607 δ
420 5562 492 5628 Β.
527 5571 587 5626 et
611 5562 746 5641 cod,
779 5562 1073 5623 δεδειῶσαι.
1161 5563 1302 5641 ¢Alta
1349 5577 1560 5641 reapse
1593 5558 1728 5623 cod.
1762 5558 1837 5622 At
1862 5560 1937 5624 Β.
1995 5557 2442 5639 ἀνερευνομένων,
2479 5553 2636 5638 quod
2665 5553 2727 5616 in
2764 5569 2929 5632 marg
2959 5565 3120 5613 corr.
3176 5546 3202 5588 ἀ
3232 5545 3302 5608 Β.
3334 5545 3443 5610 διό.
3529 5551 3552 5579 ⁸
3577 5541 3648 5606 R.

282 5645 622 5714 ἐξελθόντων.
705 5635 729 5676 ί
755 5645 829 5708 R.
867 5645 1040 5726 ἀπεχ,
1124 5651 1152 5696 Ι
1180 5639 1250 5706 Β.
1286 5635 1630 5724 γραμμᾶτου.
