4030 6212
561 265 714 348 1323
1949 283 2182 354 PETRI

2266 287 2500 354 LICULI.
3754 289 3875 358 13ἳὶ

550 427 609 484 et
635 419 846 502 populi
869 422 1154 484 meditati
1183 432 1326 486 sunt
1351 421 1566 486 inania
1595 425 1627 484 9
1659 425 1992 488 Astiterunt
2023 442 2182 503 reget

2277 439 2418 503 τεροι
2464 424 2627 480 εἷπον
2661 441 2674 454 '
2737 427 2784 482 οἱ
2831 423 2885 481 δὲ
2938 423 3262 491 ἀκούσαντες
3313 421 3446 502 ἦραν
3493 428 3668 507 φωνὴν
3707 431 3876 500 ὁμοθυ-

551 517 818 584 terros,et
841 516 1151 590 principes
1186 521 1595 576 convenerunt
1653 515 1719 575 in
1747 533 1934 577 unum
1969 515 2182 576 adver-

2280 515 2446 590 μαδὸν
2518 512 2767 589 λέγοντες
2807 531 2820 544 ⁸
2887 517 3131 572 Δέσποτα
3203 518 3382 591 Κύςη,
3451 519 3478 571 6
3536 519 3750 585 ποιήσας
3810 521 3880 572 τὸν

546 617 652 661 sus
685 599 1000 660 Dominum
1031 607 1090 662 et
1119 601 1414 665 adversus
1447 601 1768 666 Christum
1819 605 1952 683 ejus
1977 603 2005 657 9
2038 604 2182 667 Con-

2274 595 2492 670 οὒρανὸν
2539 596 2621 649 καὶ
2670 594 2768 660 τὴν
2815 600 2945 673 γῆνε
2997 598 3085 650 καὶ
3151 597 3251 661 τὴν
3293 595 3562 651 θάλασσαν
3600 596 3686 650 καί
3741 600 3877 652 nivzz

546 693 841 750 venerunt
869 689 1028 750 enim
1056 707 1200 752 vere
1226 691 1524 754 adversus
1565 709 1830 770 puerum
1883 702 2056 754 tuum
2087 695 2182 753 Je-

2275 687 2340 741 τα
2384 685 2438 740 ἐν
2481 687 2669 746 αῦόϊς
2707 699 2720 712 ⁸
2793 686 2819 739 6
2863 691 2954 740 τοῦ
3022 687 3231 762 [ἰατρὸς
3289 688 3444 760 ἡμῶν
3489 683 3572 740 διὰ
3612 688 3871 759 Πνεύματος

543 793 884 856 sum,quem
901 783 1162 852 auxisti,
1176 779 1443 843 Herodes
1463 787 1516 843 et
1531 779 1786 844 Pontius
1801 781 2042 844 Pilatus
2059 798 2182 842 cum

2282 775 2454 852 ἁγίου,
2523 772 2790 847 στόματος
2846 771 3007 828 Δαϐἱδ
3062 772 3251 834 παιδός
3321 796 3416 830 σου
3474 775 3655 852 εἰπὼν,
3696 775 3796 831 Ἵνα
3839 779 3877 830 τί

542 866 820 946 gentibus
842 874 898 927 et
905 868 1148 946 populis
1161 867 1361 932 Israel
1368 870 1436 945 ,6
1449 873 1476 930 ι
1501 872 1696 948 facere
1709 890 1744 950 q
1755 890 1846 932 uae
1859 888 2074 932 manus
2095 876 2182 932 tm

2283 862 2540 942 ἐφρύαξαν
2585 861 2737 927 ἔθνη,
2807 865 2896 917 καὶ
2965 861 3084 920 ho:
3154 861 3489 936 ἱμελέτησαν
3551 866 3717 936 κενα;
3765 886 3874 937 παρ-

545 959 602 1016 et
621 954 940 1017 comitium
969 964 1138 1019 tuum
1164 959 1564 1022 desreverunt
1604 949 1861 1036 ﬁer7i88.
1897 958 2182 1022 Sexcentz

2284 953 2515 1017 ἔστησαν
2589 953 2637 1006 οἱ
2718 949 2964 1025 βασιλεῖς
3044 955 3145 1015 τίς
3228 956 3329 1028 γῆς
3405 954 3492 1006 καὶ
3551 955 3598 1008 οἱ
3664 951 3876 1030 ἄρχοντες

544 1043 656 1105 alia
683 1044 983 1123 ejusmodi
1006 1055 1244 1123 sunt,ut
1280 1048 1455 1128 paulo
1489 1061 1623 1130 post
1653 1048 2182 1112 demonSIrabitur,

2283 1041 2634 1120 συνήχθησαν
2707 1040 2792 1095 ἐπὶ
2865 1041 2925 1096 τὸ
3012 1039 3164 1119 αὒτὸ,
3236 1041 3374 1096 κατὰ
3446 1048 3539 1096 τοῦ
3597 1044 3766 1118 Κυρίου
3812 1038 3876 1096 καὶ

542 1137 681 1192 κατὰ
747 1147 839 1196 τοῦ
913 1144 1136 1213 Χριστοῦ
1208 1145 1388 1199 αὐτοῦ·
1439 1129 1789 1222 συνήχθησαν
1839 1144 1940 1219 γὰρ
1985 1141 2074 1198 ἐπ’
2140 1141 2390 1212 ἀληθείας
2454 1137 2539 1192 ἐπὶ
2596 1137 2689 1191 τὸν
2732 1134 2899 1191 παῖδᾶ
2943 1159 3037 1192 σου
3096 1137 3326 1206 Ἰησοῦν,
3386 1137 3632 1216 ἔχρισας,
3678 1129 3875 1212 ’Πρῶτις

544 1246 601 1280 τε
645 1226 738 1282 καί
773 1229 992 1290 Πόντιος
1034 1228 1265 1292 Πιλᾶτος
1298 1231 1390 1286 σὺν
1447 1230 1612 1288 ἔθνεσι
1643 1233 1733 1289 καὶ
1791 1231 1948 1295 λαοῖς
2009 1231 2249 1309 Ἰσραὴλ,
2283 1233 2508 1294 ποιησαι
2567 1223 2667 1280 ὅσα
2710 1226 2745 1292 ἡ
2790 1224 2912 1304 χείρ
2970 1247 3065 1282 σου
3103 1227 3189 1282 καὶ
3220 1228 3254 1294 ἦ
3311 1225 3481 1301 βουλή
3511 1248 3601 1282 σου
3656 1227 3873 1304 προώρισε

543 1313 806 1391 γενέσθαι·
843 1318 938 1373 καί
967 1315 1102 1374 ἄλλα
1133 1317 1187 1374 δὲ
1220 1321 1377 1399 μυρὶα
1408 1323 1627 1379 τοιαῦτα
1656 1328 1821 1394 ἐστιν,
1858 1321 1994 1398 ἅπερ
2024 1323 2214 1398 μικρὸν
2244 1320 2458 1394 ὕστερον
2491 1313 2888 1383 δηλωθήσεται,

623 1406 778 1470 XIV.
817 1407 1002 1471 Vides
1057 1411 1259 1492 itaque
1317 1421 1384 1472 ut
1440 1411 1700 1475 absurda
1753 1423 1853 1474 tua
1901 1413 2182 1475 dissoluta

2357 1409 2446 1468 ΙΔ¹
2459 1407 2592 1467 ,Ἴδε
2628 1429 2713 1464 σοι
2739 1408 2912 1463 τοίνυν
2944 1405 3279 1464 διαλέλυνται
3312 1407 3374 1462 τὰ
3395 1407 3503 1464 τῶν
3523 1405 3874 1483 προϐλημάτων

541 1498 787 1558 fuerunt
817 1509 1170 1578 argumenta
1209 1501 1282 1562 ah
1321 1502 1692 1581 evangelicis
1721 1503 2182 1583 apostolicisque

2272 1499 2447 1557 ἄτοπα
2492 1510 2617 1557 ταῖς
2667 1495 3048 1574 εὖαγγελικαῖς
3095 1498 3183 1552 καὶ
3225 1496 3608 1562 ἀποστολικαῐς
3635 1498 3869 1574 βρονταῖς,

543 1586 888 1659 tonitribus,
923 1606 1032 1650 ceu
1078 1590 1388 1668 grandinis
1436 1591 1714 1671 quasdam
1750 1592 1934 1654 turris
1966 1610 2182 1672 perpe-

2269 1592 2343 1654 ὡς
2389 1589 2480 1646 οἷά
2510 1608 2592 1648 τις
2627 1585 2882 1664 ¹χαλάζης
2913 1587 3110 1664 πύργος
3143 1585 3299 1662 [cod.
3334 1585 3586 1664 χαλάνης
3619 1589 3787 1664 πηγὸς]
3815 1590 3871 1650 εἰς

543 1683 645 1736 tuo
678 1675 936 1754 dejecta,
971 1678 1113 1739 dum
1145 1679 1626 1741 demonstratum
1656 1692 1767 1756 est,
1801 1699 1835 1742 a
1862 1680 2036 1743 Patre
2067 1681 2182 1742 Do-

2268 1678 2418 1744 τέλος
2461 1673 2893 1754 καταϐληθέντα,
2938 1674 2994 1729 ἐν
3019 1681 3095 1742 τῷ
3125 1673 3404 1754 δειχθῆναι
3440 1675 3523 1730 ὅτι
3552 1677 3579 1731 6
3614 1677 3776 1754 Πατὴρ
3801 1681 3873 1730 τοῦ

541 1764 688 1824 mini
721 1753 908 1826 nostri
928 1769 1068 1829 Jesu
1101 1769 1347 1843 Christi,
1385 1768 1670 1832 invisibili
1713 1753 1774 1832 et
1804 1771 1966 1832 nulla
2000 1771 2182 1849 ﬁgura

2272 1769 2459 1846 Καρίου
2484 1768 2639 1839 ἡμῶν
2671 1761 2852 1829 ’[ησοῦ
2877 1753 3124 1836 Χριστοῦ,
3161 1767 3188 1820 6
3213 1753 3450 1842 ἀόρατος
3476 1769 3563 1821 καὶ
3593 1766 3868 1845 ἀσχημάτι-

540 1855 813 1933 praedito,
850 1875 960 1936 per
985 1855 1203 1918 Filium
1241 1859 1396 1938 ejus,
1429 1868 1792 1940 cooperante
1825 1869 2034 1923 sancto
2057 1859 2188 1939 Spio

535 1942 678 2020 ritu,
713 1951 1049 2006 creaturam
1112 1965 1354 2010 omnem
1409 1956 1526 2011 tam
1581 1957 1976 2029 apparentem
2008 1967 2184 2030 quam

537 2030 904 2095 invisibilem
965 2032 1155 2097 fuisse
1192 2037 1524 2100 conditam.
1561 2036 1849 2109 Quisnam
1883 2040 1960 2100 sit
1987 2037 2186 2118 itaque

537 2122 697 2203 apud
731 2141 836 2184 vos
892 2125 1091 2187 cultus
1146 2128 1331 2202 Deus,
1367 2126 1710 2191 edisserite.
1746 2125 1963 2208 Utique
2014 2127 2180 2189 illum

537 2230 671 2274 esse
703 2209 919 2274 dicetis
949 2232 1125 2295 quem
1184 2219 1395 2277 Manes
1444 2216 1656 2279 coluit.
1691 2215 1866 2280 Certe
1899 2235 1999 2278 vos
2030 2217 2184 2278 ima-

535 2301 738 2381 ginem
770 2302 1012 2382 quidem
1047 2303 1152 2365 Dei
1185 2305 1374 2367 nostri
1407 2325 1526 2366 non
1582 2305 1847 2383 vidistis,
1893 2305 1996 2387 qui
2029 2305 2182 2366 divi-

534 2410 750 2453 norum
783 2407 1129 2454 sermonum
1182 2393 1563 2473 splendores,
1615 2413 1726 2457 ceu
1758 2414 1830 2457 ex
1865 2395 1994 2456 sole
2027 2394 2181 2456 ima-

532 2481 758 2559 ginem,
793 2482 1032 2545 emittit.
1060 2484 1260 2561 lmago
1294 2483 1455 2544 enim
1487 2483 1658 2564 solis,
1687 2483 1904 2564 inquit,
1940 2484 2038 2545 lux
2065 2493 2179 2545 est.

533 2568 795 2631 Visualis
826 2588 967 2648 ergo
1030 2571 1116 2631 vis
1146 2589 1281 2632 cum
1315 2572 1394 2632 sit
1423 2571 1641 2634 debilis
1699 2585 1758 2634 et
1814 2573 2048 2634 inﬁrma
2106 2573 2178 2634 ad

531 2658 729 2719 solare
786 2677 1008 2738 corpus
1043 2659 1181 2720 sine
1229 2659 1431 2741 aliquo
1492 2661 1852 2723 intermedio
1896 2670 2181 2742 spectan-

2269 1878 2418 1935 στος,
2449 1855 2534 1911 διὰ
2562 1860 2655 1910 τοῦ
2687 1854 2807 1908 ι’ἱοῦ
2839 1857 2998 1912 αῦτοῦ
3028 1859 3094 1930 τῇ
3126 1854 3399 1931 συνεργείᾳ
3429 1862 3523 1912 τοῦ
3546 1856 3692 1932 ἁγίου
3733 1855 3867 1909 Ι]νεῦ-

2267 1967 2436 2020 ματος
2467 1950 2643 2000 πᾶσαν
2687 1944 2785 2008 την
2816 1943 2991 1998 κτίσιν
3035 1944 3264 2021 φανεράν
3309 1965 3364 1998 τε
3405 1946 3493 2000 καὶ
3525 1945 3740 2022 ἀόρατον
3765 1966 3868 2000 συν-

2267 2037 2554 2104 εστήσατο.
2592 2033 2679 2092 Τίς
2709 2038 2798 2087 οὖν
2832 2031 2976 2088 ἐστιν
3021 2035 3048 2088 ὁ
3080 2032 3206 2108 παρ’
3237 2033 3392 2104 ἡμῶν
3426 2035 3560 2098 Θεὸς
3594 2032 3866 2109 σεϐόμενος,

2267 2123 2459 2180 εἴπατε
2489 2139 2502 2153 ⁹
2542 2121 2756 2184 πάντως
2800 2119 2899 2190 ἄρα
2942 2120 3024 2176 ὅτι
3064 2123 3091 2177 6
3124 2122 3269 2197 παρὰ
3299 2129 3390 2178 τοῦ
3448 2125 3710 2187 Μαί-θέντος
3738 2118 3866 2178 σεϐό-

2267 2233 2425 2288 μενος
2457 2229 2471 2242 ⁶
2507 2213 2588 2268 ὅτι
2620 2209 2673 2266 δὲ
2702 2211 2848 2265 αὐτοὶ
2872 2208 2988 2265 οὔτε
3013 2207 3158 2275 εἶδος
3182 2217 3277 2267 τοῦ
3301 2217 3435 2268 Θεοῦ
3459 2211 3615 2284 ἡμῶν
3637 2211 3867 2288 ἑωράκατε

2263 2303 2358 2362 τὰς
2403 2305 2508 2358 τὼν
2540 2299 2693 2356 θείων
2727 2300 2888 2357 αὐτοῦ
2916 2299 3093 2375 λόγων
3135 2299 3408 2377 ἀστραπὰς
3444 2302 3520 2364 ὡς
3554 2303 3646 2357 οἶα
3675 2300 3722 2366 ἒξ
3744 2299 3866 2366 ἡλίου

2265 2385 2409 2452 εἶδος
2443 2391 2895 2466 έμπορευόμενον,
2923 2387 3083 2452 Εἶδος
3115 2389 3237 2465 γὰρ,
3273 2390 3464 2466 φησὶν,
3496 2388 3646 2458 ἡλίου
3673 2391 3728 2446 τὸ

2266 2477 2430 2556 ἤγουν
2478 2479 2599 2554 ὄψις
2644 2477 2828 2538 ἄτονος
2879 2487 3007 2535 οὐσα
3051 2479 3139 2533 καὶ
3183 2477 3410 2543 ἀσθενὴς
3472 2480 3602 2554 πρὸς
3659 2478 3746 2544 τὴν
3793 2484 3865 2533 τοῦ

2263 2567 2492 2636 ἡλιακοῦ
2524 2568 2770 2642 σώματος
2811 2565 2972 2645 [cod.
3005 2565 3046 2627 ἲ.
3083 2567 3215 2626 ΙΞΙ.
3263 2567 3346 2642 b.]
3379 2566 3634 2635 ἀντωπὴν
3662 2567 3859 2642 ἀμέσως,

2265 2656 2527 2736 χρωμένη
2559 2660 2614 2712 εν
2662 2656 2811 2730 μέσῳ
2852 2663 2928 2728 τῷ
2987 2654 3120 2710 εῖδει
3179 2658 3274 2711 καὶ
3333 2652 3585 2718 ἀϐλαϐῶς
3619 2655 3860 2728 καταλείμ-

532 2747 704 2821 dum,
738 2749 930 2809 utitur
988 2747 1354 2810 intermedia
1406 2751 1668 2828 imagine
1719 2759 1902 2830 atque
1933 2752 2013 2813 ita
2048 2753 2182 2814 sine

2266 2768 2422 2802 πεται
2459 2762 2473 2776 °
2511 2745 2649 2802 οὕτω
2691 2746 2776 2800 καὶ
2825 2747 2884 2800 τὸ
2941 2749 3088 2800 θε”ον
3136 2751 3248 2824 φῶς
3305 2747 3389 2800 καὶ
3421 2747 3703 2819 ἀσώματον
3727 2746 3861 2800 ἐννόει

533 2835 750 2898 damno
784 2836 1142 2900 illustratur.
1178 2835 1278 2899 Sic
1319 2837 1580 2899 divinam
1615 2857 1854 2920 quoque
1885 2852 1947 2900 et
1977 2841 2182 2903 incor-

532 2943 777 3006 poream
809 2927 1007 2987 lucem
1041 2926 1318 2988 existima
1375 2944 1554 3007 puras
1587 2934 1821 2988 mentes
1854 2927 2178 3004 illustrare,

2267 2924 2544 3002 ἀστραπῆς
2601 2923 2794 3003 τάχος,
2858 2926 2926 3000 τῇ
2970 2921 3264 3000 γλυκτύητι
3313 2923 3439 2986 τοὺς
3487 2925 3700 3000 ἐραστὰς
3735 2923 3858 2978 αὐτοῦ

533 3033 644 3076 ceu
673 3015 842 3076 velox
874 3015 1093 3093 fulgur,
1130 3015 1270 3076 dum
1298 3016 1682 3092 jucunditate
1706 3026 2006 3078 amatores
2037 3036 2182 3078 suos

2266 3014 2396 3090 πρὸς
2481 3014 2696 3087 μείζονα
2776 3012 2939 3068 πόθον
3041 3009 3341 3090 ἂναφλέγον
3403 3015 3495 3069 καὶ
3572 3012 3856 3088 παρακαλεῖν

531 3103 606 3164 ad
640 3104 933 3182 majorem
965 3103 1356 3182 cupiditatem
1419 3103 1722 3179 incendit,
1755 3112 1934 3184 atque
1963 3104 2036 3166 ad
2069 3123 2179 3184 pe-

2268 3106 2720 3180 προτρεπόμενον,
2781 3101 3010 3157 πάντοτε
3050 3106 3128 3174 τῷ
3181 3102 3410 3175 τοιούτῳ
3470 3103 3602 3180 «ξωτί
3646 3107 3716 3174 τῷ
3763 3101 3857 3170 θείῳ

533 3192 781 3254 tendum
813 3191 1189 3268 adhortatur,
1225 3201 1289 3253 ut
1319 3192 1374 3254 is
1405 3193 1508 3272 qui
1539 3192 1873 3254 illustratus
1899 3193 2034 3265 fuit,
2071 3194 2180 3257 hac

2266 3192 2351 3246 καὶ
2392 3191 2672 3268 ἀκηράτῳ,
2731 3188 3094 3264 ἐλλάμπεσθαι
3157 3191 3217 3245 τὸ
3261 3188 3676 3265 έλλαμπόμενον
3708 3209 3721 3223 ·
3761 3188 3854 3244 ἀλλ’

531 3281 734 3344 divina
761 3299 1002 3360 semper
1031 3289 1089 3340 et
1118 3279 1468 3360 incorrupta
1497 3280 1631 3342 luce
1664 3280 2022 3344 illustretur.
2058 3283 2176 3346 Sed

2266 3278 2378 3337 οὔτε
2437 3281 2618 3358 φωνὴν
2667 3278 2825 3338 αὺτοῦ
2897 3278 3109 3335 ἀκούειν
3157 3277 3336 3336 θέλετε
3396 3282 3505 3348 τὴν
3581 3287 3682 3337 τῶν
3735 3278 3854 3336 θείων

533 3388 728 3452 neque
759 3388 964 3431 vocem
1025 3369 1160 3448 ejus
1203 3370 1412 3431 audire
1465 3369 1644 3432 vultis
1675 3388 1806 3449 quas
1837 3379 2174 3450 prascepto-

2266 3367 2487 3425 ἓντολῶν
2535 3369 2861 3446 συντήρησιν
2920 3370 3331 3440 νομοθετοῦσιν,
3387 3371 3470 3428 τὰ
3520 3371 3617 3448 γὰρ
3659 3369 3851 3442 ἐπόρεδι

531 3478 664 3522 rum
699 3458 1138 3521 observantiam
1172 3459 1450 3539 imperat.
1475 3457 1620 3520 Nam
1656 3459 1969 3520 consecuti
2002 3461 2178 3521 effec-

2266 3455 2516 3514 δείκνυσιν
2545 3458 2626 3514 ὅτι
2660 3460 2748 3514 τὸν
2777 3457 2934 3534 λόγον
2956 3458 3111 3516 αὑτοῦ
3140 3458 3196 3514 ὲν
3225 3460 3354 3534 ὁμῐν
3386 3461 3488 3517 οῦκ
3520 3459 3667 3540 ἔχετε
3694 3458 3852 3534 μένον-

535 3558 627 3612 tus
658 3549 1074 3611 demonstrant
1096 3564 1203 3609 vos
1235 3548 1366 3627 ejus
1396 3565 1738 3610 sermonem
1762 3547 1920 3610 haud
1949 3547 2177 3611 habere

2266 3569 2346 3607 το..
2379 3546 2480 3605 ’Ὃν
2511 3548 2610 3626 γὰρ
2644 3548 2802 3610 αὐτὸς
2822 3544 3164 3620 ἀπέστειλεν,
3184 3548 3354 3621 τούτῳ
3373 3549 3538 3623 ὑμεῖς
3568 3551 3626 3605 οὗ
3652 3547 3847 3605 πιστεύε-

528 3637 591 3699 in
623 3637 789 3700 vobis
816 3645 1184 3699 manentem.
1219 3639 1369 3700 Nam
1424 3656 1605 3717 quem
1656 3642 1784 3716 ipse
1816 3637 2005 3714 misit,
2037 3637 2176 3700 huic

2266 3658 2339 3710 τε,
2392 3637 2451 3693 οὗ
2483 3637 2582 3714 γὰρ
2615 3633 2826 3692 δοκεῖτε
2866 3633 2982 3692 οῦδὲ
3036 3635 3217 3691 θέλετε
3278 3635 3444 3712 [cod.
3491 3636 3628 3717 θέτε]
3674 3634 3847 3716 ἔρευνᾷν

529 3746 631 3790 vos
662 3747 781 3790 non
810 3727 1082 3802 creditis,
1139 3744 1338 3807 neque
1380 3724 1717 3807 Scripturas
1747 3724 2015 3789 scrutari
2041 3729 2176 3789 vul-

2266 3726 2352 3790 τὰς
2405 3723 2614 3804 Γραφές
2651 3741 2664 3755 ·
2707 3725 2767 3781 οὺ
2812 3725 2912 3801 γὰρ
2956 3721 3167 3781 δοκεῖτε
3225 3723 3342 3781 οὐδὲ
3400 3725 3637 3797 ἐλπίζετε
3681 3725 3729 3781 έν
3771 3724 3847 3778 αὺ-

531 3818 629 3878 tis.
658 3816 788 3878 Non
834 3816 994 3876 enim
1055 3815 1410 3876 existimatis
1470 3832 1667 3895 neque
1698 3815 1960 3893 speratis
1989 3815 2174 3878 vitam

2266 3827 2379 3877 ταῖς
2438 3815 2582 3885 ζωὴν
2615 3812 2765 3892 ἔχειν
2798 3813 3012 3868 αἰώνιον
3047 3832 3063 3847 ο
3098 3811 3303 3869 ἐκεῖναι
3332 3814 3438 3892 γάρ
3469 3818 3598 3870 εἰσιν
3641 3815 3687 3869 αἱ
3733 3831 3844 3887 μαρ-

526 3904 592 3968 in
622 3906 741 3968 illis
792 3914 1073 3967 aeternam
1107 3903 1352 3966 habere.
1393 3903 1512 3966 Illae
1561 3905 1722 3964 enim
1775 3903 1849 3964 de
1882 3904 2012 3982 ipso
2049 3913 2174 3965 tes-

2266 3909 2502 3979 τυροῦσαι
2563 3905 2682 3973 περὶ
2741 3902 2903 3957 αὺτοῦ
2937 3916 2953 3930 ⁸
3015 3905 3104 3957 καὶ
3173 3899 3258 3958 διὰ
3316 3910 3477 3959 τοῦτο
3522 3905 3615 3960 οῦκ
3653 3902 3843 3981 ἐραυνᾶτε

530 3995 1018 4075 tantur,ideoque
1049 3993 1180 4055 illas
1214 4013 1333 4054 non
1367 3992 1842 4067 scrutamini,ne
1874 3991 1948 4054 ad
1977 3993 2173 4074 ipsum

2266 3992 2444 4070 ιὺτὰς,
2502 4001 2646 4052 ῦπως
2691 3990 2772 4065 μὴ
2817 3989 3006 4057 ἔλθητε
3068 3991 3198 4068 πρὸς
3241 3993 3426 4067 αὺτὸν,
3463 3994 3555 4049 ἵνα
3585 3993 3715 4064 ζωὴν
3741 3990 3841 4044 uidi-

525 4087 778 4148 veniatis
807 4085 1114 4162 vitamque
1174 4092 1456 4145 aaternam
1491 4081 1980 4162 consequamini.
2017 4081 2175 4145 Satis

2266 4102 2365 4137 νιον
2396 4079 2550 4147 ἓξητε
2585 4078 2894 4157 ’ἔγνωσται
2945 4080 3046 4158 γὰρ
3098 4079 3217 4156 περὶ
3271 4081 3425 4154 ὑμῶν
3471 4081 3552 4138 ὅτι
3592 4082 3681 4148 τὴν
3733 4079 3842 4154 ἁγα-

525 4177 756 4255 quippe
777 4175 1143 4265 exploratum
1165 4182 1262 4265 est
1280 4191 1382 4233 vos
1409 4171 1518 4234 Dei
1543 4170 1896 4265 charitatem
1924 4170 2173 4265 minime

2266 4192 2362 4236 Imv
2403 4175 2496 4226 τοῦ
2530 4176 2662 4226 Θεοῦ
2724 4170 2821 4227 οὺκ
2882 4168 3049 4248 ἔχετε
3101 4169 3155 4224 ἐν
3213 4169 3435 4234 ἑαυτοῖς
3473 4187 3488 4201 ⁸
3543 4172 3651 4233 πῶς
3690 4169 3772 4246 γάρ
3805 4163 3840 4219 οἱ

524 4265 773 4326 habere.
813 4262 926 4335 Qui
958 4261 1117 4324 enim
1152 4261 1284 4323 ﬁeri
1318 4271 1538 4343 potest,
1581 4272 1644 4324 ut
1675 4261 2030 4322 charitatem
2065 4261 2174 4324 Dei

2266 4272 2376 4323 ταῖς
2419 4273 2606 4322 κεναῖς
2658 4259 2754 4316 καί
2799 4259 3052 4334 ματαίαις
3106 4257 3281 4324 δόξαις
3343 4263 3457 4316 τῶν
3516 4259 3724 4318 ἀνοσίων
3766 4257 3836 4311 καί

525 4352 820 4427 habeatis,
875 4352 973 4432 qui
1007 4342 1330 4429 impiorum
1388 4342 1565 4431 atque
1608 4351 1908 4413 fallacium
1968 4351 2174 4414 stultas

2266 4349 2580 4405 ὶπατεώνων
2640 4350 2788 4421 ὑμῶν
2864 4346 3356 4427 ἐξακολουθοῦντες,
3430 4351 3529 4407 καί
3602 4351 3690 4416 τὴν

526 4441 828 4505 doctrinas
886 4440 1306 4517 magistrorum
1365 4440 1702 4513 sectamini,
1764 4448 1823 4502 et
1877 4457 2008 4502 eam
2042 4459 2174 4521 quas

2266 4445 2347 4494 τοῦ
2402 4438 2568 4512 μόνου
2654 4444 2786 4494 Θεοῦ
2862 4435 3016 4502 δόξαν
3075 4437 3152 4513 μὴ
3209 4437 3613 4516 ἐπιζητοῦντες,
3668 4435 3834 4515 ἀγάπην

523 4529 905 4622 apu‘dsolum
940 4527 1128 4622 Deum
1161 4537 1250 4591 est
1279 4529 1526 4622 gloriam
1559 4547 1680 4591 non
1703 4527 2065 4622 quaeritis?”

2266 4527 2394 4584 λείαν
2422 4525 2575 4593 ἓξητε
2608 4546 2626 4603 ;

604 4617 734 4682 XV.
765 4617 885 4680 Nos
914 4617 1156 4699 quidem
1189 4621 1297 4680 etsi
1323 4619 1557 4682 carneis
1583 4618 1774 4680 oculis
1809 4616 2169 4680 invisibilem

2334 4614 2446 4679 ιε’,
2484 4609 2678 4684 Ἡμεῖς
2710 4613 2809 4691 μὲν
2838 4621 2928 4672 οῦν
2958 4615 3002 4670 εἷ
3034 4615 3125 4671 καί
3153 4616 3351 4692 σαρκὸς
3383 4616 3676 4695 ὀφθαλμοῖς
3704 4609 3830 4667 ἆθεέν

520 4711 711 4774 Deum
729 4727 860 4772 esse
873 4708 1420 4789 fatemur,uamque
1435 4708 1526 4769 62
1541 4708 1958 4788 incorporeum
1973 4725 2008 4768 a
2031 4725 2166 4769 car-

2266 4727 2414 4772 >ητον
2458 4705 2552 4761 τὸν
2593 4705 2725 4761 θεὸν
2769 4704 2914 4761 εἶναι
2966 4701 3338 4780 ὁμολογοῦμεν
3389 4704 3506 4786 (τὸν
3537 4708 3634 4784 γὰρ
3656 4701 3830 4799 rises-ipa:

521 4819 704 4881 poreo
717 4817 901 4863 sensu
919 4796 1181 4878 spectari
1195 4797 1562 4877 impossibile
1577 4805 1690 4873 est;
1706 4815 1823 4858 non
1837 4796 2064 4858 idcirco
2079 4804 2166 4858 ta-

2266 4816 2344 4850 ιον
2376 4799 2664 4872 σωματικῇ
2719 4794 2961 4864 αἰσθήσει
3021 4793 3274 4866 ὁραθῆναι
3317 4793 3623 4873 ἀδύνατον),
3647 4789 3747 4848 ἀλλ’
3787 4789 3828 4881 ξιῦ

522 4875 660 4952 ἱιιοη
675 4888 894 4952 divinis
907 4875 1360 4980 operationibus
1372 4887 1822 4949 communicare
1836 4885 2163 4948 humanum

2266 4882 2395 4960 [ταρά
2441 4889 2596 4940 τοῦτο
2647 4884 2756 4940 τῶν
2795 4884 2948 4939 θείων
2977 4881 3258 4962 ἐνεργειῶν
3293 4883 3570 4964 ἀμέτοχον
3594 4884 3650 4940 τὸ
3671 4875 3827 4980 ἄνθραξ

519 4993 703 5048 genus
720 4966 1128 5051 negamus;sed
1144 4971 1614 5034 intellectualiter
1629 4989 1733 5046 pro
1749 4991 1863 5032 suae
1883 4989 2170 5047 quemque

2266 4998 2402 5034 tu.va
2457 4976 2610 5056 γένος
2645 4975 2810 5056 [cod.
2843 4975 2888 5038 f.
2924 4974 3090 5056 199.]
3121 4976 3389 5056 ὺπάρχειν
3431 4977 3652 5055 λέγομεν
3681 4993 3694 5009 ·
3726 4966 3825 5026 alii

519 5071 792 5138 puritatis
815 5068 998 5141 gradu
1025 5067 1222 5125 videre
1242 5067 1424 5124 Deum
1445 5080 1753 5124 censemus
1773 5075 2053 5136 quantum
2071 5067 2172 5122 bo-

2266 5073 2444 5139 νοερῶς
2503 5067 2639 5122 κατὰ
2719 5068 2820 5134 τὴν
2891 5064 3181 5143 ἀναλογίαν
3239 5067 3336 5134 τῆς
3393 5070 3683 5147 καθάρσεως
3733 5063 3822 5136 ὁρῆν

521 5158 666 5219 mini
687 5160 773 5221 fas
796 5168 992 5233 est,ea
1018 5159 1300 5220 nimirum
1329 5156 1564 5218 ratione
1584 5174 1716 5238 quae
1745 5163 1886 5217 nota
1904 5153 2031 5217 Deo
2054 5155 2166 5217 soli

2266 5157 2342 5212 τὸν
2379 5157 2536 5230 Θεὸν,
2592 5154 2717 5213 ὅσον
2772 5157 2988 5234 ἔφικτόν
3051 5155 3192 5212 έττιν
3235 5156 3498 5235 ἀνθρώπῳ
3526 5156 3820 5234 γινώσκομεν,

521 5249 791 5324 operanti
817 5257 995 5322 est,et
1017 5249 1088 5310 iis
1109 5249 1291 5310 etiam
1325 5248 1387 5309 in
1413 5234 1636 5326 quibus
1655 5246 1812 5308 Deus
1833 5253 2115 5324 operatur
2147 5265 2163 5303 :

2266 5246 2465 5323 τρόποις
2515 5245 2605 5310 οἷς
2664 5243 2828 5320 μόνος
2887 5243 3035 5302 οἶδεν
3080 5247 3109 5302 6
3168 5234 3340 5303 ταυτα
3403 5245 3644 5326 ἐνεργῶν,
3691 5242 3757 5297 καὶ
3788 5234 3819 5289 οΞ

519 5352 856 5416 quanquam
879 5338 1012 5400 ﬁeri
1038 5357 1158 5402 non
1182 5346 1400 5419 potest,
1425 5345 1489 5401 ut
1511 5337 1704 5419 qualis
1726 5345 2071 5418 quantaque
2091 5331 2169 5396 sit

2266 5341 2472 5392 ιοιαῦτα
2537 5334 2905 5415 ἐνεργούμενοι
2939 5352 2955 5370 ⁰
3015 5335 3060 5392 εἰ
3090 5334 3179 5392 καὶ
3212 5335 3293 5412 μὴ
3347 5342 3454 5393 πᾶν
3495 5335 3687 5416 ἐφικτὸν
3729 5328 3816 5383 ὅσον

2267 2857 2367 2910 μοι
2434 2837 2527 2892 τὸν
2599 2835 2992 2910 κεκαθαρμένον
3057 2844 3174 2892 νοῦν
3233 2833 3598 2912 περιλάμπειν
3665 2836 3859 2910 καθάπερ

597 5545 662 5596 88
689 5548 822 5616 Act.
851 5561 938 5626 ιν,
971 5547 1188 5613 23-28.

3087 5619 3098 5632 ν
3135 5598 3191 5621 εδ
