4030 6212
493 331 512 391 l
528 325 642 392 327

507 474 1034 553 atqueuniversam
1074 480 1292 533 terram
1325 489 1395 533 ac
1428 471 1646 534 caelum
1695 473 1863 534 vanis
1919 473 2095 534 vestri

2181 495 2308 552 ιορος
2354 475 2638 550 γενήσεται
2677 497 2689 508 ·

483 563 869 628 blateratibus
920 579 1207 642 superare
1238 562 1539 643 Speratis‘?
1593 581 1727 624 nam
1779 582 1852 624 ne
1886 571 2119 624 constat

481 653 725 736 quidem
752 659 946 712 utrum
972 670 1074 711 vos
1094 651 1153 711 in
1179 659 1339 712 terra
1360 653 1709 722 versamini,
1749 662 1990 732 propter
2009 671 2115 713 ve-

479 745 584 806 stri
606 740 840 805 numeri
861 743 1236 820 tenuitatem,
1267 742 1364 822 qui
1386 761 1626 822 semper
1653 743 2025 821 decrescitis,
2061 750 2117 801 et

475 835 632 915 apud
668 849 877 894 omnes
910 839 1118 909 gentes
1159 832 1436 892 tiduciam
1471 832 1743 893 amittitis
1767 852 1782 907 ;
1809 842 1866 892 et
1894 832 1983 892 vix
2017 831 2112 892 hi-

472 922 752 986 rundinis
809 920 989 981 nidus
1021 937 1142 999 prie
1174 921 1412 982 caeteris
1444 921 1856 982 incolentibus
1903 921 2110 981 orbem

473 1011 826 1076 Christianis
847 1009 1198 1070 orthodoxis
1220 1010 1529 1071 videmini:
1552 1020 1651 1070 aut
1675 1009 1970 1088 triangulo
2001 1010 2078 1069 mi
2096 1043 2110 1053 -

475 1103 638 1164 nimo
675 1121 710 1164 a
739 1100 956 1162 tellure
985 1098 1045 1158 in
1071 1099 1348 1162 caelestes
1388 1099 1669 1177 regiones
1702 1101 2015 1180 producto,
2051 1107 2116 1158 ut

471 1191 1030 1254 mathematicorum
1058 1206 1224 1248 more
1257 1188 1729 1269 loquamur,pra.-
1754 1188 2112 1268 populorum

470 1280 855 1345 universitate
887 1278 1262 1339 conferendi:
1299 1297 1368 1340 ac
1390 1277 1572 1339 veluti
1600 1279 1650 1338 si
1687 1287 2118 1356 praesenstem-

471 1389 746 1454 pus,cum
772 1377 1026 1448 utroque
1050 1376 1387 1447 temporum
1412 1369 1852 1448 prmteritorum
1869 1385 2032 1447 aeque
2048 1384 2114 1427 ac

465 1463 799 1524 futurorum
824 1457 1220 1538 spatio,cujus
1244 1457 1420 1535 longa
1445 1457 1639 1519 series
1663 1458 1994 1536 ignoratur,
2030 1456 2112 1516 ita

466 1571 567 1615 vos
583 1569 715 1612 cum
731 1548 1009 1611 universa
1024 1565 1089 1608 re
1105 1555 1308 1608 creata
1345 1547 1806 1626 comparemini:
1834 1547 1920 1608 vel
1951 1554 2111 1624 gutta

466 1643 645 1704 unica
671 1657 807 1701 cum
833 1645 952 1698 tota
985 1653 1270 1716 aquarum
1300 1641 1512 1696 natura
1543 1636 1668 1707 ;64
1702 1637 1789 1698 vel
1823 1635 1872 1696 si
1909 1634 2111 1696 herbze

467 1731 704 1796 culmus
734 1745 868 1790 cum
903 1724 1182 1786 universa
1215 1731 1375 1786 terra
1399 1723 1744 1786 conferatur
1776 1744 1790 1783 :
1830 1723 1916 1785 vel
1942 1723 2108 1804 quid-

1897 327 2127 390 PETRI
2171 324 2442 390 SICULI.

3323 70 4003 179 iw:

3709 331 3853 398 13‘28

3247 476 3264 508 ι

2731 479 2771 505 _.
2865 473 2950 508 ’,μιν
3043 477 3056 492 ρ
3125 482 3146 491 ο
3247 476 3264 508 ι
3389 474 3438 494 ἢκ
3574 480 3586 497 ν
3661 482 3672 501 1

2738 497 2786 529 ,ο
2818 479 3007 549 aps-300;
3040 499 3187 545 υμων
3245 495 3486 532 ιιποοων
3543 500 3850 556 οιχητεταυ

2202 563 2381 640 ὥσπερ
2415 566 2474 618 τὸ
2510 564 2701 624 σκότος
2753 570 2821 638 τῇ
2879 567 2973 619 τοῦ
3026 563 3180 632 ἡλίου
3212 567 3474 642 παρουσία
3505 569 3851 640 μειούμενον,

2206 656 2300 708 Καὶ
2331 653 2381 708 τί
2424 650 2784 729 φιλονεικεῖτε
2833 654 2920 707 καὶ
2964 653 3143 709 οἴεσθε
3191 661 3365 708 πᾶσαν
3441 657 3544 720 τὴν
3605 662 3711 731 γῆν
3761 664 3850 711 ναι

2198 744 2288 796 τὸν
2323 742 2541 817 οὗρανὸν
2593 749 2744 812 νικ-ᾷν
2788 755 2910 803 ταῖς
2957 741 3367 819 ματαιολογίαις
3404 745 3554 816 ὑμῶν
3588 766 3604 814 ;
3641 749 3688 801 οἱ
3717 747 3853 817 μηΞέ

2197 831 2276 886 ὅτι
2322 831 2440 888 ἐστὲ
2471 830 2525 886 ἐν
2559 837 2626 906 τῇ
2655 837 2725 908 γῇ
2757 833 3094 910 ιρπιι·θό;.ιι;νοι⁷
3135 840 3202 908 τῇ
3255 832 3494 905 εὐτελείᾳ
3550 838 3708 892 τοῦτό
3765 860 3862 892 που

2196 922 2285 977 καὶ
2327 925 2395 997 τῇ
2441 922 2742 1000 βραχύτητι
2791 928 2895 976 τῶν
2928 925 2982 977 ἓν
3027 922 3162 998 αὐτῇ
3222 924 3513 980 οἰκούντων
3551 942 3565 957 ⁸
3617 927 3859 982 πάντοτε

2196 1007 2242 1063 δ’
2312 1009 2714 1084 ἐλαττούμενοι,
2804 1011 2892 1066 καὶ
2968 1012 3150 1077 πάσης
3215 1010 3514 1089 παῤῥησίας
3583 1015 3858 1092 ἁμέςογοι

2197 1099 2338 1176 παρὰ
2373 1105 2512 1155 ’πᾶσι
2559 1113 2678 1160 τοϊς
2726 1097 2927 1155 ἔθνεσιν
2988 1102 3325 1180 ὑπάρχοντες
3363 1119 3377 1133 ·
3439 1105 3528 1158 καὶ
3589 1103 3726 1176 μηδ’
3789 1108 3858 1167 ὡς

2202 1189 2386 1244 νοσσια
2418 1185 2695 1267 χελιδόνος
2743 1191 2874 1264 πρὸς
2902 1190 3023 1252 τοὺς
3057 1190 3110 1244 ἐν
3163 1196 3232 1267 γῇ
3271 1193 3553 1254 οἰκοῦντας
3588 1200 3853 1269 Χριστια-

2199 1279 2316 1338 νοὺς
2362 1276 2666 1355 ὀρθοδόξους
2716 1280 3120 1356 συγκρινόμενοι
3155 1297 3170 1311 ·
3323 1281 3609 1356 ἀκαριαῖον
3644 1285 3852 1358 τρυγώ-

2199 1389 2287 1422 νου
2332 1369 2621 1446 σχήματος
2669 1367 2773 1422 ἀπὸ
2819 1373 2922 1444 γῆς
2988 1370 3118 1445 πρὸς
3168 1370 3262 1431 τὰς
3309 1371 3579 1447 οὐρανίους
3654 1373 3852 1446 μοίρας

2197 1458 2454 1532 ἠγμένον,
2511 1459 2901 1530 μαθηματικῶς
2952 1459 3150 1530 εἰπεῖν,
3199 1460 3329 1536 πρὸς
3373 1459 3549 1516 πάντα
3594 1463 3659 1516 τα
3719 1461 3852 1527 ἔθνη

2194 1545 2608 1619 ἀπεικαζόμενοι
2646 1563 2660 1576 ⁶
2719 1545 2754 1614 ἢ
2813 1555 2904 1604 τοῦ
2948 1558 3034 1606 νῦν
3081 1550 3280 1626 χρόνον)
3311 1549 3379 1624 τῇ
3440 1548 3557 1606 καθ’
3606 1551 3844 1627 ἑκατερα

2195 1637 2298 1691 τῶν
2331 1635 2542 1714 χρόνων
2573 1635 2731 1712 ἄμφω
2763 1633 3058 1714 διαστάσει,
3103 1637 3171 1712 τῇ
3231 1635 3529 1704 ἀδηλότητι
3561 1645 3662 1704 τῆς
3714 1662 3850 1694 συν-

2194 1726 2378 1803 εχείας
2423 1725 2552 1796 πρὸς
2599 1730 2772 1780 πᾶσαν
2819 1725 2918 1792 τὴν
2969 1726 3122 1804 φύσιν
3167 1725 3716 1801 παραλαμϐανόμενοι
3759 1745 3773 1757 ·
3815 1728 3848 1795 ἦ

465 1820 608 1902 quid
640 1817 900 1897 denique
937 1813 1248 1875 minimmn
1280 1812 1440 1875 inter
1467 1814 1713 1875 minima
1741 1821 1853 1888 est,
1882 1825 2097 1894 etqua‘

2190 1813 2333 1888 ῥανῖς
2379 1813 2472 1883 μία
2545 1814 2676 1888 πρὸς
2750 1819 2925 1868 πᾶσαν
2967 1818 3072 1870 τῶν
3121 1813 3322 1870 ὑδάτων
3385 1817 3484 1881 τὴν
3528 1817 3685 1893 ἠρῦσιν
3724 1835 3740 1847 ·

464 1906 934 1984 libetindignum
956 1903 1424 1982 comparatione.
1441 1903 1774 1983 Lex,inquit
1790 1903 2101 1977 Dominus,

463 2001 535 2063 de
553 1997 706 2061 Sion
727 1995 1004 2073 exibit,“
1032 1993 1283 2054 Verbum
1305 1993 1546 2054 Domini
1569 1993 1643 2054 de
1655 1991 1995 2054 Jerusalem
2017 1991 2102 2067 89;

462 2107 580 2152 non
611 2093 808 2149 autem
869 2083 944 2144 de
1002 2082 1264 2144 Tibrica.
1298 2080 1466 2153 Quod
1501 2083 1551 2142 si
1585 2081 1842 2144 faustum
1879 2082 1991 2142 hoc
2046 2089 2106 2143 et

460 2179 750 2258 optimum
775 2173 986 2235 audire
1008 2191 1043 2233 a
1065 2171 1239 2233 nobis
1265 2171 1578 2232 consilium
1599 2190 1714 2232 non
1743 2171 2106 2250 fertis,pror-

459 2287 562 2330 sus
599 2267 724 2346 jam
785 2261 1100 2325 ostenditis
1161 2278 1266 2322 vos
1316 2279 1622 2322 sacrarum
1657 2262 2101 2340 Scripturarum

461 2357 690 2417 nullum
725 2370 898 2416 usum
952 2349 1198 2423 habere,
1255 2350 1370 2411 nisi
1422 2357 1716 2430 quatenus
1745 2351 1816 2410 ad
1849 2350 2098 2410 aliarum

459 2448 770 2510 hareseon
800 2441 1068 2503 velamen
1099 2439 1703 2520 prodest.Propterea
1736 2439 1806 2500 ad
1841 2440 2102 2500 veritatis

459 2535 662 2596 lumen
694 2531 849 2594 haud
883 2529 1186 2599 acceditis,
1226 2529 1367 2609 quia
1395 2547 1496 2589 vos
1531 2547 1891 2608 magnopere
1921 2529 2102 2601 pudet

459 2637 756 2685 nocturna
778 2626 971 2680 vestra
991 2635 1121 2698 quae
1144 2618 1309 2678 eliari
1335 2635 1453 2678 non
1479 2617 1623 2680 licet
1648 2636 1850 2697 opera,
1885 2618 2100 2679 diurna

456 2713 591 2774 luce
615 2711 917 2771 illustrare
943 2705 1259 2785 palamque
1286 2705 1504 2780 facere,
1526 2705 1631 2766 sed
1655 2705 1939 2767 adversus
1970 2717 2098 2767 sto-

455 2800 610 2862 lidos
644 2807 867 2861 tantum
896 2795 1324 2874 simplicesque
1366 2795 1641 2855 homines
1664 2795 1926 2872 gladium
1961 2814 2096 2856 ves-

453 2900 611 2953 trum
643 2888 821 2950 melle
850 2886 1071 2948 illitum
1099 2891 1473 2964 exserentes,
1507 2885 1709 2946 omnia
1740 2886 1798 2945 in
1831 2883 2097 2946 tenebris

455 2977 873 3062 profundaque
905 2982 1080 3036 nocte
1114 2972 1419 3053 peragitis.

2189 1900 2346 1986 [cod.
2382 1900 2419 1962 ΐ.
2459 1899 2576 1961 123
2607 1900 2691 1977 b.|
2725 1902 2928 1977 βοτάνη
2961 1903 3058 1977 μία
3091 1904 3223 1982 πρὸς
3283 1914 3382 1971 τὴν
3414 1906 3519 1982 γῆν
3560 1906 3794 1962 ἅπασαν
3828 1924 3843 1937 ⁸

2187 1991 2222 2058 ἢ
2254 1991 2280 2046 ὅ
2311 2014 2360 2048 τι
2390 1991 2452 2045 ἅν
2485 2012 2562 2055 τις
2593 1989 2727 2046 ἄλλο
2760 1991 2911 2048 εἴποι
2967 1999 3072 2048 τῶν
3124 1993 3427 2073 ἐλαχίστων
3459 1995 3843 2074 ἐλαχιστύταο

2185 2103 2300 2153 τον,
2351 2083 2438 2137 καὶ
2467 2078 2684 2144 ἀνάξιον
2730 2083 3056 2157 συγκρίσεως
3098 2099 3112 2112 ⁸
3151 2083 3326 2157 Νόμος
3363 2085 3483 2163 γὰρ²
3519 2089 3690 2163 qua},
3731 2096 3846 2144 Ku-

2187 2171 2297 2244 ρίου
2380 2169 2438 2225 ἐκ
2526 2170 2665 2225 Σιὼν
2724 2168 3081 2244 ἐξελεύσεταί,
3130 2175 3216 2228 καὶ
3288 2172 3449 2248 λόγος
3517 2176 3706 2248 Κυρίου
3791 2175 3845 2240 ἐξ

2189 2252 2565 2336 Ἰεροδσαλὴμ,
2629 2263 2706 2331 μὴ
2786 2262 2891 2316 ἀπὸ
2963 2260 3246 2334 Τιϐρικῆς.
3341 2263 3396 2319 Εἰ
3469 2261 3518 2316 δ’
3575 2267 3671 2321 οὒκ
3737 2265 3841 2319 ἆν-

2185 2351 2374 2428 έχεσθε
2406 2349 2598 2415 ταύτης
2631 2347 2850 2404 ἀκοῦσαι
2904 2355 3002 2416 τῆς
3037 2352 3210 2413 αἱσίας
3241 2353 3332 2407 χαί
3367 2349 3661 2417 καλλίστης
3694 2353 3806 2425 βου
3827 2389 3842 2400 ο

2184 2439 2282 2506 λῆς
2327 2440 2507 2511 ἡμῶν,
2556 2437 2768 2502 πάντως
2820 2439 3033 2494 αὒτόθεν
3085 2437 3347 2495 δείκνυται
3393 2439 3474 2496 ὅτι
3519 2447 3630 2496 τῶν
3671 2445 3840 2517 ἱερῶν

2183 2528 2356 2605 λόγων
2387 2527 2488 2592 τὴν
2535 2531 2732 2604 “iam;
2761 2525 2877 2583 καθ’
2913 2529 3108 2595 ἑαυτὴν
3137 2529 3233 2585 οὒκ
3276 2528 3455 2608 ἔχετε,
3495 2528 3632 2585 ma
3661 2533 3838 2604 μόνον

2181 2620 2311 2695 πρὸς
2355 2615 2678 2684 ἐπικάλυψιν
2725 2617 2914 2693 ἑτέρων
2980 2616 3083 2695 [an
3147 2637 3252 2697 pro
3323 2618 3620 2698 ὑμετέρων]
3671 2623 3831 2697 αἱρέ-

2182 2729 2318 2763 σεων
2355 2725 2369 2740 ·
2404 2705 2492 2760 καὶ
2535 2703 2619 2759 διὰ
2650 2715 2806 2763 τοῦτο
2837 2709 2932 2762 οὒκ
2989 2707 3212 2786 ἔρχεσθε
3270 2711 3402 2786 πρὸς
3460 2711 3521 2764 τὸ
3566 2713 3681 2786 φῶς
3727 2711 3833 2777 τῆς

2181 2796 2432 2862 ἀληθείας
2506 2793 2687 2870 ὥσπερ
2755 2797 3134 2874 αἰσχυνόμενοι
3202 2819 3285 2852 και
3356 2797 3694 2874 ἐρυθριῶντες
3763 2803 3826 2856 τὰ

2181 2887 2367 2947 νυκτὸς
2424 2882 2552 2960 ἔργα
2596 2890 2702 2938 τῶν
2733 2883 3106 2961 ὰῤῥητοποιῶν
3157 2893 3234 2959 τῷ
3294 2887 3393 2953 τῆς
3435 2887 3642 2962 ἠμέρας
3684 2911 3828 2966 φωτί

2178 2972 2571 3030 ἀνακαλύπτειν
2605 2973 2693 3027 καὶ
2726 2979 2854 3028 πᾶσι
2899 2971 3261 3048 δημοσιεύειν,
3294 2975 3430 3030 ἀλλὰ
3476 2977 3638 3050 μόνον
3683 2980 3827 3034 κατὰ

453 3061 562 3128 τῶν
620 3069 863 3137 ἀνοήτων
896 3065 984 3120 καὶ
1040 3063 1251 3142 ἀφελῶν
1284 3061 1573 3139 ἀνθρώπων
1605 3063 1700 3131 τὴν
1733 3063 2007 3143 μάχαιραν
2039 3063 2216 3140 μέλιτι
2258 3061 2625 3142 κεχρισμένην
2657 3063 2976 3142 προσφέρειν
3035 3062 3089 3120 ἐν
3122 3067 3300 3121 σκόνει
3329 3067 3417 3120 καὶ
3462 3065 3606 3121 νυκτὶ
3640 3067 3825 3142 βαθείᾳ

453 3162 627 3221 πάντα
671 3153 1139 3230 διαπραττόμενοι.

532 3244 858 3311 XVI[.Huc
876 3259 1066 3320 usque
1080 3241 1351 3302 oratione
1365 3239 1844 3320 perducta,aliud
1860 3257 2099 3321 quoque
2120 3257 2160 3307 c

449 3336 787 3419 disquirere
809 3329 1178 3403 conabor,ab
1204 3330 1279 3392 iis
1303 3348 1413 3392 ceu
1435 3329 1696 3392 validum
1725 3330 1971 3410 produci
2005 3349 2098 3392 so-

444 3428 642 3490 litum.
676 3423 1006 3502 Regnavit,
1037 3422 1224 3501 aiunt,
1251 3438 1416 3482 mors
1437 3419 1511 3482 ab
1537 3421 1778 3482 Adamo
1801 3437 1990 3498 usque
2017 3420 2097 3483 ad

445 3520 692 3599 Moysen
707 3512 947 3574 90.Item
979 3533 995 3572 :
1022 3521 1082 3572 ut
1104 3521 1292 3573 morte
1314 3529 1418 3571 sua
1443 3509 1783 3599 destrueret
1807 3511 1972 3599 illum
1993 3511 2093 3590 qui

449 3598 660 3670 mortis
677 3609 1027 3686 potestatem
1048 3600 1364 3666 tenebat,id
1385 3608 1472 3661 est
1487 3598 2092 3665 diabolum,Animad-

442 3690 1133 3772 verte,aiunt,quomodo
1157 3691 1480 3768 Apostolus
1501 3695 1853 3768 potestatem
1879 3689 2088 3750 mortis

443 3786 650 3848 haberi
683 3803 716 3845 a
744 3781 982 3844 diabolo
1015 3779 1190 3840 dicat.
1211 3777 1362 3848 Quid
1389 3797 1528 3856 ergo
1554 3795 1662 3838 nos
1683 3776 1752 3837 ad
1782 3777 1905 3838 hmc
1933 3777 2088 3839 dici-

444 3881 608 3938 mus?
641 3876 868 3952 Regum
906 3869 1188 3948 majestas
1221 3868 1433 3928 timore
1467 3876 1524 3927 et
1549 3867 1867 3927 clementia
1892 3868 2088 3928 ﬁrma-

441 3964 640 4027 tur.Et
661 3961 971 4041 improbos
995 3957 1236 4034 quidem
1261 3957 1624 4036 hostilesque
1639 3955 1892 4016 verbera
1913 3965 2087 4037 atque

441 4062 726 4127 terrores,
756 4051 946 4112 bonos
967 4057 1162 4108 autem
1190 4054 1247 4110 et
1274 4045 1499 4107 amicos
1528 4045 1732 4106 laetitia
1763 4053 1820 4105 et
1843 4044 1970 4105 laus
1995 4063 2087 4106 se-

439 4144 644 4222 quitur
680 4161 694 4202 :
731 4149 788 4202 et
820 4138 955 4199 illos
985 4138 1190 4217 utique
1218 4135 1454 4196 vincula
1508 4147 1568 4196 et
1598 4152 1874 4196 carceres
1905 4143 2085 4215 atque

439 4233 754 4295 carniﬁces
785 4229 878 4290 his
910 4225 1210 4308 praepositi
1234 4224 1538 4298 cohibent,
1559 4243 1766 4300 regum
1795 4223 1970 4303 jussu
1997 4224 2083 4285 eis

437 4322 711 4396 traditos;
737 4319 960 4382 amicos
984 4324 1180 4378 autem
1206 4315 1432 4394 optimo
1459 4315 1664 4394 quovis
1684 4313 1977 4375 beneficio
1992 4333 2086 4376 re-

437 4429 542 4490 ges
563 4414 1026 4490 prosequuntur:
1051 4405 1210 4484 quod
1235 4404 1283 4464 si
1307 4404 1491 4484 aliqui
1518 4403 1817 4464 interdum
1845 4422 2082 4483 parum-

438 4517 546 4580 per
577 4505 924 4570 errent,eos
955 4502 1205 4575 paterno
1243 4511 1449 4554 amore
1481 4491 1743 4554 breviter
1766 4491 2078 4572 castigant.
2125 4551 2127 4554 .

2265 3240 2376 3301 IZ'.
2425 3239 2680 3298 Ἐνταῦθα
2725 3237 2781 3296 δὲ
2823 3248 2916 3299 τοῦ
2986 3240 3148 3320 λόγον)
3207 3242 3523 3320 γενόμενος,
3582 3242 3825 3310 ἐξετάσαι

2184 3333 2502 3408 πειράσομαι
2564 3332 2650 3388 καὶ
2709 3331 2889 3410 ἕτερον
2932 3332 3061 3410 παρ’
3103 3335 3312 3407 αὐτοῖς,
3347 3335 3421 3394 ὡς
3473 3335 3695 3414 ἰσχυρὸν
3725 3335 3822 3392 λι-

2177 3423 2406 3498 γόμενον
2437 3443 2450 3458 ι
2551 3418 2915 3495 Ἐϐασίλευσε,
3007 3423 3190 3501 φησὶν,
3279 3425 3306 3478 6
3391 3423 3616 3486 θάνατος
3709 3425 3816 3481 ἀπὸ

2176 3508 2349 3584 Ἀδὰμ
2399 3509 2562 3589 μέχρι
2628 3511 2919 3576 Μωῦσέως.
2985 3513 3107 3584 Καὶ,
3171 3512 3266 3568 ’ίνα
3322 3510 3409 3568 διὰ
3450 3519 3546 3569 τοῦ
3591 3514 3817 3570 Θανάτου

2175 3601 2492 3676 καταργήσῃ
2536 3598 2628 3654 τόν
2685 3601 2877 3678 κράτος
2932 3600 3136 3678 ἔχοντα
3165 3608 3260 3656 τοὺ
3288 3601 3538 3675 θανάτου,
3577 3604 3813 3661 τουτέστι

2172 3691 2264 3744 τὸν
2295 3687 2566 3762 διάϐολον,
2603 3685 2733 3768 Ἴδε,
2771 3690 2924 3768 φησὶ,
2958 3692 3070 3754 πῶς
3123 3691 3186 3745 τὸ
3241 3690 3435 3767 κράτος
3467 3699 3558 3748 τοῦ
3589 3693 3811 3749 θανάτου

2170 3780 2262 3834 τὸν
2306 3774 2551 3834 διάϐολον
2607 3775 2751 3854 λέγει
2805 3777 2977 3858 ἔχειν.
3013 3780 3076 3836 Τί
3117 3778 3208 3834 οὖν
3250 3780 3418 3854 ἡμεῖς
3476 3782 3610 3858 πρὸς
3657 3789 3809 3838 τοῗιτο

2172 3867 2442 3944 ἐροῦμεν;
2500 3873 2608 3922 τῶν
2653 3866 2917 3942 βασιλέων
2960 3869 3020 3923 τὸ
3080 3866 3236 3930 κλέος
3301 3866 3451 3947 φόϐῳ
3506 3873 3596 3927 καὶ
3643 3873 3805 3949 πραΰ-

2169 3978 2290 4022 τητι
2351 3958 2662 4034 κρατύνεται
2697 3972 2710 3987 ⁸
2760 3959 2847 4014 καὶ
2892 3971 3012 4019 τοῖς
3074 3958 3175 4031 μὲν
3215 3959 3435 4037 φαύλοις
3467 3961 3557 4014 καὶ
3587 3961 3803 4038 ἐχθροῖς

2169 4048 2220 4101 αἱ
2263 4045 2471 4124 πληγαὶ
2512 4048 2601 4103 καὶ
2661 4048 2706 4102 οἱ
2763 4047 2923 4124 [ςοό.
2969 4047 3010 4110 Ῑ.
3047 4045 3187 4128 124]
3219 4045 3398 4127 φόϐοι,
3432 4061 3553 4112 τοῖς
3585 4049 3801 4126 ἀγαθοῖς

2166 4133 2221 4190 δὲ
2280 4137 2369 4192 καὶ
2425 4135 2597 4215 φίλοις
2641 4138 2674 4205 ἡ
2737 4137 2883 4217 χαρὰ
2923 4139 3014 4194 καὶ
3061 4139 3088 4194 6
3144 4137 3359 4201 ἔπαινος
3412 4136 3599 4194 ἕπεται
3635 4153 3650 4168 ⁸
3709 4141 3799 4194 καὶ

2165 4226 2285 4288 τοὺς
2341 4225 2438 4300 μὲν
2469 4223 2639 4300 δεσμὰ
2669 4229 2759 4283 καὶ
2817 4225 3048 4304 φυλακαὶ
3089 4229 3178 4284 καὶ
3236 4225 3423 4301 δήμιοι
3457 4228 3542 4284 ἐπὶ
3598 4229 3799 4291 τούτοις

2163 4318 2496 4378 καθεστῶτες
2555 4314 2887 4389 παιδεύουσι,
2945 4323 3011 4394 τῇ
3061 4323 3168 4373 τῶν
3210 4315 3478 4392 βασιλέων
3525 4317 3796 4394 προστάξει

2165 4403 2613 4481 παραδιδομένους
2652 4425 2666 4439 ·
2727 4407 2842 4470 τοὺς
2901 4403 2954 4461 δὲ
3015 4407 3197 4484 φίλους
3258 4408 3306 4462 οἱ
3361 4403 3618 4481 βασιλεῖς
3673 4413 3793 4462 πᾶσι

2162 4507 2284 4557 τοῖς
2347 4490 2472 4572 παρ’
2545 4494 2746 4552 ἑαυτῶν
2806 4494 3116 4560 καλλίστοις
3177 4496 3600 4574 θεραπεύωσιν·
3661 4495 3790 4551 ἔστιν

437 4589 590 4663 Quid
616 4595 675 4649 tu
699 4605 839 4649 vero
858 4585 1162 4647 existimas
1186 4585 1260 4646 de
1283 4583 1622 4646 adversario
1648 4583 1750 4644 illo
1781 4589 1838 4644 et
1861 4601 2076 4662 super-

2181 4582 2250 4638 ἲτε
2293 4585 2380 4639 καὶ
2451 4581 2504 4648 ἐξ
2576 4585 2748 4640 αὐτῶν
2802 4607 2952 4650 τινας
3023 4584 3423 4648 ὀλισθαίνοντας
3482 4584 3536 4640 ἐν
3596 4584 3786 4646 τούτοις

433 4679 533 4761 bo,
567 4678 668 4759 qui
691 4676 839 4738 nihil
865 4673 1066 4750 habet,
1093 4675 1367 4736 etomnia
1390 4692 1456 4735 se
1481 4672 1706 4734 habere
1730 4680 1893 4753 putat
1925 4691 1941 4747 ;
1974 4673 2074 4752 qui

2181 4671 2524 4751 ριλοστόργως
2611 4675 2742 4751 πρὸς
2809 4677 3002 4750 μικρὸν
3075 4672 3447 4732 παιδεύουσιν.
3531 4675 3653 4738 Πῶς
3706 4673 3781 4730 οὖν

433 4765 712 4831 mendaci
738 4763 1024 4846 jactantia
1053 4763 1139 4825 ait
1165 4764 1292 4826 haec
1325 4763 1439 4842 ipsi
1475 4780 1607 4824 esse
1643 4761 1885 4842 tradita,
1935 4780 2070 4823 cum

428 4877 642 4940 reapse
664 4875 739 4918 ne
753 4864 959 4918 contra
984 4872 1195 4934 porcos
1214 4852 1454 4934 quidem
1470 4852 1695 4932 absque
1710 4851 1813 4912 Dei
1829 4868 2073 4912 conces-

428 4950 599 5012 sione
625 4955 976 5028 potestatem
994 4943 1298 5004 habuerit?
1321 4945 1570 5004 Prorsus
1591 4941 1740 5003 nihil
1767 4949 1854 5002 est
1875 4940 2064 5020 aliud,

430 5056 604 5118 quam
620 5036 865 5100 rabidus
877 5031 1607 5116 quidamﬂﬁcarnil‘exqui
1622 5031 1931 5092 hominum
1948 5030 2070 5092 ani-

2158 4762 2304 4818 εἷναι
2360 4783 2442 4818 σοι
2495 4759 2647 4819 δοκεῖ
2690 4765 2717 4818 6
2748 4763 3113 4838 ἀντικείμενος
3143 4765 3229 4819 καὶ
3277 4765 3715 4842 ὑπεραιρόμενος,
3756 4765 3779 4817 6

2156 4849 2327 4927 μηδὲν
2372 4850 2518 4931 ἔχων
2550 4853 2638 4908 καὶ
2662 4853 2834 4908 πάντα
2865 4855 3108 4928 οἰόμενος
3141 4855 3420 4934 κατέχειν,
3456 4855 3543 4910 καὶ
3588 4851 3779 4930 ψευδῶς

2154 4939 2519 5020 φασμαλογῶν
2576 4943 2663 4998 καὶ
2716 4941 2910 5020 λέγων,
2975 4941 3054 4999 ὅτι
3111 4950 3286 5001 Ταῦτα
3358 4942 3477 5017 ἐμοὶ
3557 4941 3777 5018 παραδέ-

2153 5029 2355 5109 δονται,
2391 5034 2418 5087 6
2451 5028 2588 5106 μηδὲ
2618 5033 2754 5088 κατὰ
2785 5035 2988 5111 χοίρων
3015 5030 3252 5098 ἐξουσίαν
3285 5031 3454 5112 ἔχων,
3501 5031 3626 5088 ἄνευ
3659 5037 3776 5088 Θεοῦ

429 5146 557 5188 mas
589 5126 865 5188 mandato
894 5126 998 5186 Dei
1025 5123 1256 5184 vinctas
1290 5123 1479 5184 tenuit
1509 5121 1585 5182 ob
1605 5129 1914 5201 peccatum
1937 5139 2070 5200 pro-

2181 5122 2554 5201 υγχωρήσεως
2590 5143 2605 5196 ς
2640 5122 2853 5184 πάντως
2887 5123 2986 5200 γὰρ
3017 5125 3092 5187 ὡς
3147 5120 3412 5197 δυσμενής
3460 5144 3542 5185 τις
3602 5120 3776 5196 δήμιος

423 5215 736 5295 genitoris,
771 5232 966 5292 usque
998 5214 1069 5274 ad
1101 5212 1340 5274 Domini
1373 5210 1562 5274 nostri
1587 5229 1721 5272 cum
1755 5227 1934 5271 carne
1959 5209 2066 5270 ad-

2153 5212 2286 5286 ὲστι,
2325 5212 2419 5275 τὰς
2451 5213 2558 5268 τῶν
2589 5211 2882 5288 ἀνθρώπων
2941 5213 3124 5292 ψοχὰς
3183 5211 3473 5288 προστάξει
3527 5215 3621 5269 τοῦ
3660 5217 3775 5268 Θεοῦ

419 5312 689 5368 ventum.
722 5303 854 5383 Ipse
878 5305 1036 5365 enim
1055 5303 1212 5366 Deus
1235 5311 1441 5366 noster
1463 5310 1524 5363 ut
1548 5301 1719 5362 fortis
1742 5299 1937 5363 victor
1971 5299 2066 5360 in-

2181 5300 2401 5381 ,ατέχων
2459 5299 2545 5357 διὰ
2601 5302 2696 5367 τὴν
2753 5307 2848 5357 τοῦ
2899 5301 3240 5380 προπάτορος
3277 5302 3567 5379 ἁμαρτίαν,
3627 5301 3773 5378 μέχρι

422 5392 580 5458 ferni
594 5410 791 5455 arcam
809 5393 1105 5473 praedatus
1119 5395 1469 5467 est,vinctos
1485 5408 1728 5455 carcere
1743 5389 2062 5470 expedivit,

423 5485 580 5550 hanc
639 5485 768 5566 ipse
817 5484 970 5546 viam
1023 5486 1472 5548 resurrectione
1521 5501 1628 5546 sua
1672 5480 2060 5562 patelaciens,

501 5663 709 5731 8915a.
743 5679 809 5742 ll,
845 5661 904 5726 3.
989 5609 1252 5729 90Dom.
1287 5678 1347 5741 ν,
1384 5661 1480 5725 14.

2148 5393 2247 5458 τῆς
2293 5391 2348 5447 ἐν
2393 5391 2546 5469 σαρκὶ
2589 5390 2879 5468 παρουσίας
2912 5399 3004 5448 τοῦ
3036 5393 3224 5470 Κυρίου
3271 5392 3363 5448 καὶ
3423 5397 3562 5448 Θεοῦ
3611 5392 3768 5464 ἡμῶν.

2151 5482 2318 5547 Αὐτὸς
2348 5481 2450 5560 γὰρ
2509 5483 2538 5538 6
2585 5481 2714 5544 Θεὸς
2771 5481 2929 5556 ἡμῶν
2989 5482 3064 5546 ὡς
3123 5482 3380 5560 κραταιὸς
3435 5478 3658 5548 νικητὴς
3715 5476 3767 5533 τὰ
