4026 6226
228 363 383 430 1337
1236 368 1489 433 SERMO
1530 368 1588 431 II
1638 367 2041 433 ADVERSUS
2085 366 2570 432 MANICHAEOS.
3422 367 3579 435 1338
3650 396 3653 403 ’

220 518 443 601 ἀπιστίᾳ
511 518 780 599 ἀκόρέστω
844 520 948 587 ἔξει
999 521 1439 602 καταχρώμενοι,
1506 517 1707 602 οἵτινες
1759 517 1854 576 οὒιι

1959 516 2169 579 iaciter
2198 514 2601 595 dediti,l'uturi
2624 513 3066 596 jucunditatem
3098 531 3219 577 non
3249 530 3582 596 conseque-

219 599 551 676 ἐπιτέιὶξεσθε
580 615 682 679 τῆς
738 619 831 670 τοῦ
882 599 1192 685 μέλλοντος
1237 610 1591 690 γλυκύτητος.
1660 599 1719 668 Ὀ
1751 630 1862 665 πα-

1959 605 2120 671 mini.
2149 607 2297 669 Nam
2330 622 2593 685 praesens
2624 605 2909 669 saaculum
2940 613 3248 688 comparat
3276 604 3450 667 nobis
3479 605 3580 666 l'n-

220 699 333 778 ρὼν
389 701 490 777 γάρ
545 701 638 758 to")
693 698 989 775 μέλλοντος
1050 700 1326 778 πρόξενος,
1384 700 1701 778 διαμερίζων
1730 699 1863 756 ἐκεί-

1959 706 2174 768 turum,
2204 694 2473 757 tribuens
2519 693 2773 773 singulis
2829 695 2932 775 qui
2973 696 3089 757 vita
3116 702 3259 760 sunt
3286 694 3574 773 defuncti,

222 811 339 862 στῳ
392 799 499 848 τῶν
552 787 918 866 βεϐιωμένων,
980 788 1094 846 εἴτε
1179 790 1394 870 φαύλων
1452 790 1565 846 εἴτε
1622 788 1862 866 ἀγαθῶν,

1959 785 2239 848 malorum
2272 782 2688 864 bonorumque
2730 793 2970 847 actuum
3000 784 3575 848 remunerationem.

222 880 324 947 τὴν
368 877 721 936 ἀνταπόδοσιν
751 897 765 913 ·
813 878 974 937 πόθεν
1034 878 1088 934 δὲ
1139 882 1258 957 περὶ
1300 888 1391 938 τοῦ
1437 880 1538 943 ἓως
1570 878 1860 955 γνώσεσθες

1959 873 2258 938 Undenam
2274 890 2418 934 vero
2431 871 2714 936 dictionis
2725 872 2908 937 donec
2918 892 3159 938 sensum
3174 871 3582 953 cognocetis?

223 968 283 1026 ἐν
341 975 420 1041 τῷ
469 970 562 1026 τὸν
621 970 811 1038 Κύριον
862 968 1130 1045 εἰρηκέναι
1184 973 1303 1033 τοῖς
1361 969 1535 1046 ἁγίοις
1587 968 1864 1043 μαθηταῖς

1959 966 2181 1043 Nempe
2201 982 2271 1025 ex
2295 980 2365 1024 eo
2388 962 2551 1039 quod
2574 962 2868 1027 Dominus
2888 966 3110 1027 sanctis
3131 964 3443 1044 discipulis
3455 962 3581 1026 suis

225 1059 389 1119 αὐτοῦ
416 1077 433 1094 ⁶
498 1059 599 1116 Καὶ
666 1058 774 1115 idsi)
820 1058 931 1137 ὶγὼ
989 1056 1105 1132 μεθ’
1165 1059 1314 1134 ὑμῶν
1366 1059 1474 1134 εἰμι
1529 1058 1702 1122 πάσας
1768 1057 1863 1119 τὰς

1959 1054 2183 1117 dixerit:
2203 1053 2283 1116 Et
2301 1069 2432 1116 ecce
2451 1070 2557 1133 ego
2579 1054 2880 1117 vobiscum
2896 1072 3028 1117 sum
3049 1054 3324 1117 omnibus
3336 1051 3573 1129 diebus,

224 1147 458 1225 ἡμέρας,
510 1147 614 1209 ἕως
681 1148 779 1214 τῆς
855 1146 1159 1212 συντελείας
1232 1154 1328 1206 τοῦ
1393 1147 1607 1211 αὶῦνος.
1676 1145 1737 1205 Τί
1810 1145 1864 1203 δὲ

1959 1146 2135 1211 donec
2152 1142 2436 1207 montum
2460 1153 2905 1207 consummatur
2915 1142 3123 1217 ι.ουἰά
3140 1148 3313 1222 ergo?
3330 1149 3581 1223 postsae-

224 1235 382 1315 é'pz;
441 1237 576 1309 μετά
635 1235 735 1306 τὴν
792 1236 1096 1295 συντέλειαν
1153 1236 1247 1294 τοῦ
1301 1237 1512 1309 αἰῶνος,
1571 1237 1670 1293 οὒκ
1709 1235 1860 1293 ἔσται

1959 1232 2060 1297 :uli
2110 1231 2690 1295 consummationem
2749 1233 2909 1297 haud
2970 1233 3221 1297 ulterius
3264 1251 3400 1294 cum
3461 1230 3581 1292 illis

227 1324 352 1401 μετ’
382 1323 555 1381 αὐτῶν
586 1344 604 1405 ;
640 1325 728 1381 καὶ
756 1325 834 1389 τίς
866 1327 894 1381 ὸ
946 1323 1107 1403 λόγος
1143 1342 1160 1400 ;
1201 1325 1319 1382 καθ’
1349 1327 1485 1402 ὑμᾶς
1516 1326 1616 1403 γὰρ
1644 1325 1861 1389 πάντως

1959 1321 2109 1385 erit?
2138 1321 2288 1395 Quid
2321 1319 2624 1385 dicimus?
2652 1324 2805 1386 Nam
2834 1323 2898 1386 in
2930 1333 3130 1387 vestra
3160 1320 3405 1403 quidem
3432 1337 3578 1384 sen—

227 1415 337 1471 ἀπὸ
371 1414 488 1471 τότε
518 1413 657 1469 θέλει
689 1413 834 1470 εἶναι
869 1413 988 1489 μετ’
1033 1414 1228 1488 αὐτῶν,
1275 1415 1367 1471 καί
1408 1415 1470 1472 οὗ
1510 1424 1599 1474 νῦν
1630 1431 1646 1447 ⁸
1693 1416 1867 1480 καθὼς

1959 1411 2156 1485 tentia,
2191 1429 2260 1473 ex
2296 1410 2399 1472 illo
2428 1427 2679 1491 prorsus
2713 1419 2984 1491 tempore
3012 1430 3147 1476 cum
3183 1411 3274 1474 eis
3306 1429 3442 1475 esse
3481 1428 3583 1473 vo-

228 1501 440 1581 λέγετε,
474 1502 555 1561 ὅτι
585 1502 680 1561 τοῦ
710 1501 1002 1578 μέλλοντος
1033 1504 1121 1561 mi
1152 1505 1211 1561 οὗ
1247 1503 1342 1561 τοῦ
1383 1502 1642 1582 παρόντος
1676 1505 1866 1567 αἰῶνος

1959 1502 2051 1577 let,
2086 1518 2206 1563 non
2238 1501 2296 1561 in
2321 1501 2629 1581 praesenti;
2663 1502 2947 1580 quoniam
2980 1502 3180 1565 dicitis
3209 1518 3344 1565 eum
3378 1500 3580 1573 futuri,

228 1594 318 1650 καί
362 1592 565 1668 κόσμρυ
607 1590 727 1672 ἔχει
769 1593 870 1659 τὴν
927 1592 1163 1658 ἐξουσίαν
1197 1613 1211 1627 ·
1281 1591 1418 1650 ἀλλὰ
1462 1595 1550 1651 καὶ
1592 1592 1692 1659 ἕως
1747 1593 1869 1652 τότε

1959 1609 2068 1654 non
2092 1589 2405 1672 praesentis
2419 1590 2702 1653 saeculiac
2720 1590 3179 1667 mundi,habere
3202 1597 3581 1670 potestatem.

230 1683 320 1740 καὶ
348 1681 467 1743 ἀπὸ,
497 1682 620 1738 τότε
664 1682 811 1745 ἔσται
842 1682 898 1739 ἐν
943 1682 1151 1750 αὐτοῖς,
1206 1684 1294 1740 καὶ
1338 1681 1546 1741 ἔσονται
1590 1684 1682 1739 σὺν
1726 1682 1869 1757 αύτῷ

1959 1680 2112 1760 atqui
2165 1679 2437 1743 Christus
2488 1688 2547 1740 et
2599 1698 2789 1761 usque
2821 1681 2984 1743 adid
3018 1691 3253 1761 tempus
3282 1686 3335 1743 et
3369 1676 3584 1741 exinde

229 1773 312 1848 μὴ
354 1770 463 1848 ὅρῳ
502 1775 604 1828 τινὶ
646 1771 1029 1849 περατούμενοι
1063 1790 1077 1806 ·
1123 1774 1420 1849 γνώσονται
1458 1770 1513 1828 δὲ
1557 1781 1712 1833 τοῦτο
1767 1772 1862 1830 καί

1959 1787 2085 1831 cum
2121 1768 2266 1849 ipsis
2295 1767 2431 1839 erit,
2465 1777 2523 1830 et
2573 1769 2635 1830 hi
2692 1787 2826 1831 cum
2863 1788 2934 1832 eo
2966 1780 3154 1833 erunt.
3176 1769 3340 1831 nullo
3370 1766 3584 1829 termi-

231 1865 279 1921 οἱ
310 1875 431 1927 ταῖς
460 1860 683 1925 λοιπαῖς
714 1862 889 1939 ἁγίαις
918 1867 1157 1940 Γραφατς
1189 1862 1627 1942 ἐντυγχάνοντες,
1659 1860 1864 1924 πολλας

1959 1878 2029 1921 no
2077 1856 2339 1921 limitati.
2390 1855 2773 1936 Cognoscent
2826 1860 2941 1923 hoc
2981 1860 3160 1922 etiam
3192 1857 3293 1939 qui
3323 1857 3585 1935 reliquas

230 1952 321 2009 καὶ
363 1949 529 2015 ἄλλας
567 1951 855 2029 μαρτυρίας
884 1948 1130 2030 ἔχοντες,
1163 1952 1301 2008 κατά
1349 1954 1413 2008 τὸ
1463 1954 1517 2009 ἓν
1550 1957 1615 2028 τῇ
1661 1952 1867 2009 Ρενέσει

229 2040 547 2117 λεγόμενον,
579 2039 661 2095 ὅτι
693 2039 789 2097 οὒκ
817 2040 1136 2115 ἀνέστρεψεν
1166 2042 1194 2097 ὁ
1224 2040 1381 2110 κόραξ
1424 2040 1479 2096 ἐν
1520 2047 1587 2118 τῇ
1628 2040 1864 2117 κιϐωτῷ,

231 2129 334 2194 ἕως
419 2128 479 2187 οὗ
564 2128 822 2208 ἆξηράνθη
908 2131 969 2186 τὸ
1043 2128 1179 2207 ὕδωρ
1235 2130 1342 2186 ἀπὸ
1410 2132 1698 2209 προσώπου
1763 2135 1864 2197 τῆς

230 2224 332 2298 γῆς
365 2235 381 2252 ’
458 2218 630 2276 κ²ίτοι
688 2240 748 2296 γε
807 2216 925 2275 ’ὧδὲ
1003 2216 1095 2275 δτι
1173 2216 1432 2296 ἐξηράνθη
1488 2219 1809 2297 ἀνέστρεψεν
1845 2234 1860 2249 ο

229 2309 368 2367 καίο
432 2306 577 2369 "Em:
650 2308 781 2365 πότε
868 2307 978 2385 (Ἰ),
1066 2308 1246 2383 Κύριε,
1325 2308 1563 2384 ὶπιλήσῃ
1619 2331 1721 2383 μου
1791 2310 1865 2370 εἰς

230 2398 382 2461 τέλος
426 2395 591 2478 [cod.
654 2396 697 2457 ἶ.
748 2397 869 2459 43ὗ
925 2396 1012 2475 b.|
1050 2416 1066 2476 ;
1113 2401 1173 2457 οὖ
1214 2399 1317 2475 γὰρ
1360 2397 1414 2454 ἐν
1458 2401 1627 2471 τούτῳ
1669 2398 1867 2477 χρόνον

230 2487 510 2568 διορίζεται
545 2504 561 2522 ⁶
595 2488 683 2544 καὶ
711 2484 849 2547 ἀλλά
879 2486 1035 2566 μυρία
1067 2488 1332 2566 εὑρήσεις.

310 2668 374 2741 ς’
376 2666 393 2690 ’
433 2666 501 2725 ’⁷0
542 2664 598 2722 δέ
641 2688 733 2741 μοι
779 2664 866 2722 ἰπὶ
894 2672 1015 2724 νοῦν
1044 2664 1229 2741 ἦλθεν,
1275 2664 1405 2745 ὅπερ
1449 2668 1729 2731 αὖτόπτως
1772 2669 1870 2724 αὖ·

232 2770 353 2819 τοῖς
414 2754 676 2821 πολλάκις
722 2754 1130 2833 προσωμίλησα,
1191 2754 1355 2822 λέξων
1401 2756 1631 2837 ἔρχομαι
1668 2772 1683 2788 ⁸
1730 2756 1871 2835 ληρ-

231 2846 508 2921 ῳδοόντων
552 2849 726 2904 αὐτῶν
756 2845 1014 2909 πολλάκις
1045 2847 1138 2901 καί
1172 2845 1593 2925 φληναφούντων
1624 2847 1742 2924 περὶ
1770 2850 1870 2913 τῆς

233 2935 608 3013 Ἀειπαρθένου
635 2936 724 2992 καὶ
767 2934 1029 2991 Θεοτόκου
1073 2936 1298 3011 Μαρίας,
1361 2935 1548 3013 ἔλεγον
1591 2935 1698 3014 ἐγὼ
1740 2936 1870 3012 πρὸς

236 3026 425 3089 αύτούς
460 3040 475 3056 ⁹
550 3027 623 3082 Οὐ
680 3026 955 3100 θαυμάζω,
1001 3027 1046 3079 ὦ
1110 3024 1279 3097 οὗτοι,
1340 3026 1487 3099 ὓμων
1530 3027 1604 3089 είς
1674 3026 1870 3091 ταύτην

236 3115 698 3195 βλασφημούντων
739 3122 846 3170 τῶν
887 3118 987 3173 καὶ
1030 3116 1122 3171 τὸν
1166 3116 1287 3171 Υἱὸν
1330 3114 1493 3182 αὐτῆς
1559 3116 1651 3170 τὸν
1696 3114 1873 3190 ἀληθῇ

1950 1955 2184 2013 sanctas
2215 1944 2553 2025 Scripturas
2583 1948 3049 2023 consulent,alia
3076 1948 3199 2010 illic
3230 1947 3411 2008 multa
3444 1962 3586 2009 nan-
3668 1966 3677 1971 -

1950 2038 2245 2100 ciscentes
2299 2036 2687 2114 testimonia;
2737 2038 2901 2100 velut
2959 2037 3108 2100 illud
3143 2038 3203 2099 in
3234 2035 3455 2100 Genesi
3484 2032 3582 2096 ubi

1950 2145 2162 2190 corvus
2191 2126 2264 2188 ad
2295 2143 2493 2191 arcam
2523 2126 2749 2188 dicitur
2771 2145 2887 2189 non
2913 2126 3381 2199 rediisse,donec
3407 2139 3587 2204 aqua

1948 2220 2331 2280 siccarentur
2379 2215 2447 2277 in
2494 2223 2673 2277 terrae
2720 2216 3106 2296 superﬁcie-5;
3138 2230 3476 2294 quanquam
3509 2227 3585 2273 ne

1949 2313 2156 2384 postea
2184 2303 2427 2384 quidem
2453 2322 2631 2384 quam
2664 2322 2832 2384 aquae
2863 2304 3101 2366 siccata;
3130 2302 3352 2366 fuerint
3375 2300 3581 2364 rediit.

1949 2394 2020 2458 Et
2049 2393 2197 2457 illud
2228 2414 2242 2454 :
2284 2394 2618 2474 Usquequo,
2658 2395 2938 2466 Domina,
2970 2392 3337 2456 Oblivisceris
3372 2390 3490 2453 mei
3519 2390 3587 2452 in

1949 2486 2131 2565 ﬁnem
2161 2482 2239 2546 6?
2271 2502 2388 2545 non
2419 2484 2579 2544 enim
2616 2484 2725 2545 hac
2755 2483 3058 2545 locutione
3088 2492 3324 2563 tempus
3353 2478 3583 2544 deﬁnit.

1954 2576 2028 2637 Et
2056 2572 2316 2654 plurima
2344 2571 2460 2633 alia
2484 2579 2850 2652 comperies.

2033 2662 2134 2725 Vl.
2195 2660 2365 2723 Nunc
2417 2661 2572 2742 quod
2630 2663 2691 2722 in
2750 2669 3011 2724 mentem
3073 2660 3218 2725 mihi
3271 2658 3452 2734 venit,
3487 2657 3589 2738 qui

1954 2771 2112 2832 saepe
2144 2769 2349 2813 coram
2381 2769 2516 2812 cum
2548 2750 2668 2813 illis
2697 2770 2827 2813 sum
2860 2751 3216 2830 collocutus,
3251 2750 3454 2811 dicere
3484 2765 3588 2825 ag-

1954 2842 2223 2918 gredior.
2257 2839 2405 2902 Cum
2457 2840 2499 2902 ii
2546 2858 2705 2921 saepe
2735 2849 3100 2920 negarentur
3125 2858 3195 2902 ac
3226 2839 3594 2901 blaterarent

1956 2932 2031 2993 de
2060 2948 2303 3010 semper
2360 2928 2589 3007 virgine
2649 2929 2905 3011 Deipara
2964 2929 3173 3002 Maria,
3205 2928 3485 3009 equidem
3519 2926 3592 2988 iis

1955 3020 2274 3082 dicebam:
2329 3019 2426 3082 Nil
2487 3018 2696 3091 miror,
2746 3039 2847 3082 vos
2905 3020 2966 3081 in
3019 3018 3260 3080 Mariam
3293 3034 3425 3078 esse
3455 3015 3589 3080 bla-

1954 3110 2264 3190 sphemos,
2298 3108 2399 3189 qui
2451 3108 2602 3171 Filio
2660 3109 2791 3189 ejus
2840 3111 2963 3173 Deo
2995 3126 3135 3170 vero
3165 3106 3447 3169 audacter
3475 3106 3592 3166 im-

239 3206 369 3262 Θεὸν
425 3203 859 3282 ἀνεπαισχύντως
916 3206 1000 3260 καὶ
1058 3203 1293 3282 θρασέως
1358 3204 1534 3282 ἔργοις
1574 3203 1870 3281 ἐνυϐριζόν-

1959 3198 2370 3279 pudenterqne
2398 3197 2843 3270 conviciamini,
2885 3198 3083 3261 verbis
3121 3198 3264 3259 licet
3293 3195 3594 3257 honorare

240 3316 369 3373 των,
401 3294 445 3348 εἰ
490 3292 582 3349 καί
644 3291 828 3370 λόγοις
886 3299 1048 3369 τιμᾷν
1089 3294 1512 3373 σχηματίζεσθε,
1558 3293 1650 3350 τόν
1693 3293 1873 3359 πάσης

238 3380 395 3448 δόξης
450 3382 538 3439 καί
595 3384 760 3455 τιμῆς
816 3383 1181 3461 ὕπεραπείρως
1244 3384 1529 3461 ἀνώτερον.
1593 3387 1714 3445 Πῶς
1774 3383 1873 3459 γὰρ

239 3476 335 3530 οὒκ
369 3471 603 3548 ἱναργῶς
658 3469 858 3548 ὕϐρεως
902 3471 1066 3544 ἄξιον,
1126 3473 1190 3528 τὸ
1246 3472 1567 3548 ἀποστείεῐν
1627 3473 1719 3527 τὸν
1766 3471 1871 3529 Κύ-

239 3583 351 3639 ριον
393 3566 492 3626 τῆς
537 3559 691 3626 δόξης
735 3566 834 3627 τῆς
887 3558 1195 3626 δεσποτείας
1246 3562 1334 3617 καὶ
1398 3561 1711 3639 κυριότητος
1767 3561 1875 3616 τῶν

238 3652 398 3708 αὐτοῦ
439 3652 785 3729 ποιημάτων,
832 3649 899 3706 δι’
945 3653 1005 3708 οὗ
1058 3651 1124 3707 τὰ
1165 3651 1342 3710 πάντα
1382 3652 1627 3729 γέγονεν,
1687 3650 1775 3705 καὶ
1815 3650 1876 3704 οὗ

237 3742 405 3821 χωρὶς
436 3738 583 3799 οὖδὲν
637 3746 745 3796 τῶν
803 3738 967 3797 ὄντων
1016 3740 1281 3817 ἑγένετος
1332 3744 1388 3799 Ei
1431 3742 1532 3818 γάρ
1573 3738 1875 3805 πεισθείητε

238 3845 359 3895 ταῖς
439 3833 819 3907 εὒαγγελιιιαϊς
878 3831 966 3886 καὶ
1046 3830 1433 3891 ἀποστολικαϊς
1508 3828 1873 3905 παραινέσεσι,

239 3920 329 3979 καὶ
368 3920 459 3975 τὸν
512 3918 766 3996 ὑμέτερον
817 3917 1020 3997 αὒχένα
1070 3921 1162 3975 τὸν
1208 3921 1435 3994 ἀκαμπῆ
1466 3920 1552 3975 καὶ
1593 3917 1875 3994 ἀγέρωχον

237 4009 314 4082 τῷ
345 4016 572 4087 χρηστῷ
601 4015 742 4084 ζυγῷ
784 4008 1143 4082 ὑποκλίνοιτε,
1189 4009 1285 4065 τοῦ
1327 4006 1513 4065 εἰδέναι
1559 4007 1722 4081 μόνον
1775 4004 1875 4061 αὒ-

238 4100 330 4155 τὸν
388 4098 517 4153 Θεὸν
574 4099 667 4153 σὺν
719 4099 879 4172 Πατρὶ
948 4099 1038 4154 καὶ
1086 4098 1348 4171 Πνεύματι
1392 4099 1483 4154 τὸν
1539 4094 1707 4159 ὅντως
1750 4094 1877 4150 ὄντα

242 4187 392 4259 Θεὸν,
425 4184 573 4241 οὒδὲν
605 4187 666 4241 τὸ
696 4184 938 4243 κωλύσον
966 4188 1105 4259 ὑμας
1148 4188 1238 4242 καὶ
1287 4187 1482 4252 ταύτην
1540 4183 1876 4261 ὁμολογῆσαι

240 4276 310 4338 ὡς
355 4274 467 4330 ἔστι
526 4273 884 4347 δεδοξασμένη
945 4277 1033 4331 καὶ
1073 4275 1572 4353 ὑπερευλογημένη,
1607 4275 1668 4331 οὗ
1720 4274 1874 4350 Θεὸς,

240 4363 380 4421 ἀλλά
401 4364 564 4438 μόνον
586 4371 721 4423 Θεοῦ
738 4362 914 4431 ἥττων
938 4363 1102 4443 [cod.
1125 4366 1557 4442 ﬁttov},n&vtmv
1576 4362 1629 4420 δὲ
1652 4362 1881 4437 κτισμά-

239 4475 345 4509 των
373 4453 504 4529 ὒπερ
538 4472 556 4525 ;
591 4453 650 4507 Ei
673 4449 729 4506 δὲ
752 4453 829 4523 μὴ
855 4455 947 4509 τὸν
981 4455 1097 4510 Υίὸν
1128 4455 1290 4520 αὐτῆς
1319 4453 1495 4521 ἀληθῆ
1527 4454 1659 4509 Θεὸν
1684 4450 1879 4526 ὁμολο-

1956 3288 2275 3368 simuletis,
2309 3290 2408 3368 qui
2466 3288 2673 3350 omnia
2726 3288 2916 3368 gloria
2975 3296 3034 3351 et
3082 3287 3313 3348 honore
3361 3284 3593 3347 inﬁnite

1955 3377 2233 3457 superior
2261 3387 2378 3440 est.
2409 3376 2634 3449 Quidni
2695 3377 2857 3439 enim
2901 3376 3215 3439 manifesta
3247 3374 3468 3455 injuria
3517 3374 3596 3435 sit

1958 3467 2218 3548 spoliare
2264 3467 2583 3530 Dominum
2620 3467 2828 3546 gloriae
2858 3476 3155 3547 potestate
3183 3484 3254 3528 ac
3281 3464 3597 3525 dominatu

1958 3566 2364 3620 creaturarum
2398 3572 2669 3629 suarum,
2707 3574 2813 3634 per
2841 3558 2923 3615 7|
2979 3573 3156 3636 quem
3208 3553 3411 3615 omnia
3459 3559 3597 3613 sunt

1956 3647 2133 3723 facta,
2163 3655 2221 3707 et
2250 3646 2381 3707 sine
2412 3664 2529 3726 quo
2565 3644 2716 3707 nihil
2769 3662 2977 3707 eorum
3028 3663 3156 3724 qua:
3188 3649 3419 3704 exstant
3448 3658 3591 3721 pro-

1958 3737 2202 3799 ductum
2235 3735 2390 3798 fuit?
2427 3734 2489 3798 Si
2521 3734 2681 3796 enim
2725 3734 3095 3813 evangelicis
3125 3731 3596 3813 apostolicisque

1962 3825 2204 3887 monitis
2262 3824 2575 3905 pareretis,
2639 3823 3014 3905 rigidamque
3070 3832 3328 3884 vestram
3388 3838 3456 3883 ac
3486 3837 3594 3882 su-

1960 3914 2204 3997 perbam
2258 3914 2556 3976 cervicem
2615 3914 2788 3975 suavi
2840 3915 2989 3993 jugo
3038 3911 3485 3995 supponeretis,
3519 3909 3595 3973 ob

1959 4001 2449 4083 cognoscendum
2498 4001 2692 4064 solum
2755 4003 2949 4083 ipsum
3012 4003 3198 4065 Deum
3241 4018 3377 4061 cum
3424 3998 3598 4061 Patre

1962 4102 2020 4155 et
2050 4091 2302 4174 Spiritu,
2346 4110 2508 4163 eum,
2569 4090 2838 4172 inquam,
2899 4092 2999 4173 qui
3053 4108 3193 4152 vere
3245 4089 3406 4152 Deus
3462 4096 3591 4169 est;

1962 4181 2112 4244 nihil
2136 4183 2262 4262 jam
2322 4200 2427 4245 vos
2486 4181 2833 4263 impediret,
2888 4179 3212 4261 quominus
3239 4179 3395 4242 hanc
3440 4195 3596 4259 quo-

1960 4290 2079 4353 que
2130 4271 2595 4344 conﬁteremini,
2653 4270 2811 4350 quod
2866 4271 2941 4331 sit
3010 4270 3268 4348 gloriosa
3321 4278 3379 4330 et
3429 4286 3598 4333 sum-

1963 4379 2060 4423 me
2090 4360 2431 4435 benedicta,
2466 4361 2623 4423 baud
2681 4379 2827 4422 sane
2886 4359 3032 4433 Dea,
3069 4360 3174 4422 sed
3208 4360 3312 4420 uni
3345 4360 3469 4421 Deo
3512 4359 3603 4419 in-

1960 4451 2169 4526 ferior,
2224 4452 2391 4512 omni
2445 4457 2642 4513 autem
2695 4461 2985 4513 creatura)
3015 4450 3310 4530 superior.
3347 4447 3516 4521 Quod
3548 4447 3601 4509 si

240 4554 411 4619 γεϊτε,
439 4542 552 4603 πῶς
584 4543 683 4607 τὴν
714 4545 813 4609 τῆς
841 4543 1159 4619 σαρκώσεως
1193 4542 1353 4601 αὐτοῦ
1381 4542 1596 4620 Μητέρα
1625 4540 1872 4616 τιμάσοι-

1959 4538 2173 4601 Filium
2207 4540 2340 4620 ejus
2372 4556 2580 4602 verum
2615 4540 2803 4603 Deum
2849 4558 2970 4600 non
3026 4538 3420 4610 conﬁtemini,
3454 4556 3602 4618 quo-

237 4653 293 4687 τε
332 4649 348 4706 ;
380 4631 427 4685 οἱ
459 4630 559 4708 γὰρ
591 4629 670 4702 μὴ
702 4630 831 4685 Θεὸν
863 4630 1249 4709 ὁμολογοῦντες
1279 4631 1313 4700 ἢ
1336 4634 1742 4706 τιμ·ὖντες,πιῦς
1776 4630 1873 4687 ἄν·

237 4724 446 4799 θρωπον
477 4719 777 4792 τιμήσωσιν
812 4738 828 4798 ;
861 4719 976 4784 πῶς
1007 4718 1061 4775 δὲ
1092 4724 1189 4777 καὶ
1241 4723 1336 4786 τὰς
1394 4722 1594 4776 ἑαυτῶν
1637 4720 1874 4797 μητέρας

237 4808 364 4887 παρ’
408 4806 586 4864 ἄλλων
632 4807 1029 4882 ἀτιμαζομένκς
1067 4808 1223 4887 [cod.
1260 4809 1300 4869 ἰ.
1338 4807 1501 4886 136.Ι
1534 4807 1873 4883 διεῃδικεϊτε,

239 4902 325 4958 καὶ
368 4898 491 4961 τοὺς
533 4895 784 4974 ὑϐριστὰς
830 4898 1003 4954 αὒτῶν
1077 4900 1361 4978 ἀμύνεσθε,
1434 4900 1522 4954 καὶ
1580 4910 1876 4977 σωφρονεῖν

244 4989 399 5049 αὖτάς
443 4989 681 5060 παντοίῳ
739 4990 921 5063 τρόπῳ
956 4990 1297 5068 μηχανᾶσθε,
1344 4995 1436 5044 τοῦ
1480 4994 1612 5044 Θεοῦ
1664 4986 1719 5042 δὲ
1777 4987 1875 5055 τὴν

244 5076 478 5151 Μητέρα,
525 5078 622 5143 τὴν
653 5076 874 5156 ἀσχέτῳ
919 5080 1053 5155 φωτὶ
1111 5082 1209 5143 τῆς
1251 5079 1505 5143 θεότητος
1548 5077 1636 5133 καὶ
1691 5076 1878 5155 ψυχὴν

245 5167 328 5219 καὶ
389 5171 540 5236 σῶμα
614 5164 1041 5239 κεκαθαρμένην,
1088 5165 1183 5220 καί
1253 5164 1339 5222 διὰ
1398 5166 1553 5221 τοῦτο
1609 5165 1879 5235 ἀνέπαφον

244 5254 417 5319 πάσης
474 5255 658 5331 χειρὸς
701 5253 1033 5330 ἀνθρωπίνης
1088 5253 1413 5333 ὑπάρξασαν,
1458 5255 1559 5320 τὴν
1617 5251 1878 5331 ’Λειπάρ-

242 5346 386 5400 θενον
414 5340 509 5399 καί
553 5341 920 5418 ἀεισέϐαστον,
965 5343 1034 5411 ἢν
1089 5344 1261 5418 ἐαυτῷ
1316 5346 1345 5400 ὁ
1388 5343 1520 5407 Θεὸς
1558 5344 1630 5407 εἰς
1689 5364 1877 5399 κατοι-

316 5530 350 5580 4
376 5529 573 5593 Matth.
612 5545 740 5611 xm,
777 5534 868 5591 18.
956 5530 990 5581 5
1017 5530 1150 5592 Act.
1179 5545 1341 5608 xxw,
1375 5531 1476 5593 29.

1960 4629 2136 4690 modo
2172 4628 2372 4691 carnis
2410 4630 2542 4709 ejus
2577 4637 2826 4690 matrem
2864 4626 3286 4691 honorabitis?
3317 4629 3465 4689 Nam
3498 4626 3602 4704 qui

1957 4717 2146 4780 Deum
2207 4736 2319 4781 nec
2376 4718 2744 4780 conﬁtentur
2802 4736 2915 4779 nec
2966 4718 3284 4795 honorant,
3333 4714 3435 4795 qui
3468 4714 3601 4776 ﬁeri

1960 4816 2158 4887 potest
2206 4816 2268 4869 ut
2300 4807 2380 4882 ei,
2416 4826 2551 4888 qua;
2582 4808 2763 4869 homo
2795 4817 2911 4877 est,
2946 4808 3238 4867 honorem
3290 4801 3600 4864 tribuant?

1957 4898 2079 4959 Cur
2105 4905 2302 4959 autem
2352 4907 2573 4958 matres
2628 4896 2881 4977 quisque
2916 4903 3140 4956 vestras
3170 4911 3203 4952 a
3232 4891 3603 4972 quibuslibet

1958 4985 2258 5048 dedecore
2288 4986 2534 5047 allectas
2562 4984 2909 5053 defenditis,
2945 4993 3000 5045 et
3034 4999 3239 5044 earnm
3269 4980 3601 5043 offensores

1963 5074 2721 5154 ulciscimini,easdemqne
2750 5074 2996 5134 omnino
3030 5070 3279 5151 pudicas
3309 5087 3445 5131 esse
3463 5088 3604 5131 con-

1964 5165 2250 5240 tenditis;
2285 5164 2393 5226 Dei
2417 5172 2617 5226 aulem
2653 5162 2924 5235 Matrem,
2959 5162 3131 5240 cuius
3160 5158 3361 5220 anima
3389 5168 3448 5221 et
3472 5178 3603 5221 cor-

1965 5271 2074 5332 pus
2104 5252 2521 5332 copiosissima
2547 5251 2784 5312 deitatis
2816 5250 2912 5312 lux
2957 5248 3312 5332 puriﬁcavit,
3347 5248 3603 5330 ideoque

1961 5340 2229 5422 qualibet
2261 5341 2523 5403 humana
2556 5358 2733 5403 manu
2769 5341 2932 5422 tangi
2965 5359 3081 5402 non
3118 5342 3331 5420 potuit,
3364 5357 3605 5423 semper

1561 5529 1594 5580 θ
1625 5529 1830 5591 Matth.
1869 5547 1910 5610 ι,
1943 5530 2040 5591 eo.

318 5710 397 5792 (7;
432 5709 540 5775 Hic
571 5710 781 5773 Latine
809 5708 1018 5773 dicere
1049 5727 1167 5773 non
1196 5709 1495 5793 potuimus
1526 5709 1734 5788 donec,
1770 5726 1841 5771 ex
1874 5709 2082 5772 Graeco
2112 5708 2214 5773 ἕως
2244 5710 2395 5779 πότε,
