4026 6226
196 445 339 512 1341

1196 451 1448 517 SERMO
1493 454 1550 516 II
1611 453 2007 518 ADVERSUS
2051 455 2534 522 MANICHAEOS.

3392 451 3544 520 1342

179 593 226 650 εὶ
271 592 347 668 μὴ
390 591 452 650 ἐκ
491 591 589 661 τῆς
645 593 908 673 παρθένου
951 595 1048 664 τὴν
1097 597 1267 676 σάρκα
1299 596 1652 676 προσέλαϐεν,
1697 589 1814 658 ἥτις

1903 589 2012 651 tris
2035 592 2161 667 eius
2189 592 2241 654 7.
2277 591 2700 666 Quamobrem,
2754 590 2868 654 nisi
2915 607 3157 654 carnem
3195 609 3266 654 ex
3299 589 3546 670 Virgine

177 682 412 761 θυγάτηρ
457 683 523 750 ἦν
573 692 666 742 τοῦ
721 682 904 754 Δαϐἰδ,
947 687 1039 742 οῦκ
1071 685 1131 740 ἂν
1168 685 1326 744 Δαϐἱδ
1353 690 1466 745 υἱον
1499 689 1654 745 αὐτὸν
1686 684 1820 742 ixi-

180 769 359 830 λεσεν.
398 769 556 828 Δαϐὶδ
589 773 690 852 γὰρ
724 775 964 852 γηγενὴς
1014 775 1080 844 ἦν
1138 786 1231 836 τοῦ
1285 775 1552 855 Ἀϐραὰμ,
1599 777 1686 832 καὶ
1727 780 1821 830 τοῦ

181 860 352 936 Ἀδὰμ
391 861 684 940 ἀπόγονος,
715 865 807 920 οὒκ
869 865 1148 942 οὐρανόθεν
1191 867 1252 922 τὰ
1303 873 1461 941 σῶμα
1506 863 1762 945 ἐσχηκώς
1799 879 1814 893 ⁵

178 950 276 1007 xx'i
320 950 504 1026 πάλιν,
552 959 765 1028 Πνεῦμα
807 953 958 1032 ἅγιον
1029 954 1370 1014 ὶπελεύσεται
1433 955 1518 1012 ἐπὶ
1591 955 1676 1034 σὲ,
1721 951 1816 1011 καί

181 1037 399 1114 δύναμις
463 1033 716 1118 ’Υψίστου
760 1041 1058 1100 ἐπισκιάσει
1115 1065 1197 1100 σοι
1236 1061 1250 1076 ⁶
1287 1042 1354 1100 δι’
1389 1045 1418 1100 ’ὁ
1449 1045 1539 1101 καὶ
1582 1033 1818 1122 τὸίγεν-

181 1134 419 1202 νώμενον
477 1130 652 1209 ἅγιον,
727 1129 779 1197 ἐξ
823 1130 986 1198 αὖτῆς
1033 1131 1278 1200 δηλονότι
1324 1133 1680 1212 γεννώμενον,
1725 1132 1820 1189 οῦκ

181 1216 284 1284 ἤδη
318 1219 710 1296 γεγεννημένον
763 1221 851 1276 καὶ
893 1221 1206 1278 ὑπεισελθὸν
1251 1220 1591 1296 ἒπείσαιιτον,
1637 1220 1818 1298 ὥσπερ

181 1309 230 1363 oi
260 1306 566 1365 ἀπαίδευτοι
597 1309 907 1388 φάσγουσιν.

1903 683 2277 760 sumpsisset,
2309 701 2441 763 quae
2468 681 2708 746 Davidis
2753 681 2874 742 ﬁlia
2921 691 3070 753 erat,
3107 679 3371 760 profecto
3405 697 3540 742 eum

1905 767 2089 829 lilium
2122 769 2355 834 Davidis
2387 790 2504 832 non
2553 770 2992 851 appellavisset.
3029 770 3120 830 75
3168 769 3352 831 David
3381 767 3540 829 enim

1901 855 1977 918 de
2006 859 2194 938 stirpe
2245 859 2568 922 Abrahami
2619 869 2766 939 erat,
2818 861 2982 921 etde
3014 859 3229 940 Adami
3256 856 3539 940 posteris,

1903 955 2020 998 non
2053 947 2248 1002 autem
2307 941 2540 1003 caelitus
2589 938 2806 1020 corpus
2860 940 3134 1018 adeptus.
3191 938 3539 1000 Et'denuo:

1902 1026 2171 1108 Spiritus
2197 1038 2439 1094 sanctus
2466 1032 2841 1112 superveniet
2874 1031 2940 1091 in
2971 1036 3024 1092 te
3053 1037 3110 1091 et
3135 1030 3330 1090 virtus
3355 1025 3544 1089 Altis-

1899 1121 2044 1180 εἰηιί
2095 1119 2479 1184 obumbrabit
2531 1121 2644 1182 tibi
2689 1119 2768 1182 7'.
2817 1118 2957 1182 Ideo
2989 1127 3047 1179 et
3079 1116 3234 1198 quod
3270 1125 3546 1177 nascetur

1901 1218 2194 1279 sanctum,
2227 1229 2296 1273 ex
2330 1211 2458 1292 ipsa
2489 1213 2712 1274 scilicet
2742 1210 3034 1290 genitum,
3069 1227 3186 1268 non
3212 1208 3336 1287 jam
3369 1215 3545 1268 antea

1903 1299 2148 1375 factum,
2181 1309 2238 1362 et
2287 1319 2394 1381 per
2445 1299 2918 1383 suppositionem
2979 1297 3429 1377 subinductum,
3481 1304 3546 1356 ut

1905 1387 2072 1450 aiunt
2102 1389 2408 1453 tneruditi.

1988 1477 2085 1540 IX.
2123 1479 2512 1552 Quandonam
2555 1488 2752 1541 autem
2785 1479 2874 1540 vir
2895 1478 3090 1558 justus
3121 1476 3542 1556 desponsatam

1910 1588 2075 1632 suam
2097 1571 2394 1650 gravidam
2417 1571 2764 1646 videns,nisi
2792 1572 3206 1634 confirmatum
3229 1567 3283 1629 ei
3311 1566 3541 1642 fuisset,

1905 1658 2185 1738 aSpiritu
2232 1672 2439 1723 sancto
2496 1661 2555 1722 id
2610 1662 2915 1740 effectum,
2951 1677 3156 1735 passus
3216 1669 3375 1718 esset
3407 1672 3542 1716 cum

1904 1757 2139 1811 uterum
2177 1751 2402 1812 ferente
2454 1751 2565 1812 iter
2614 1750 2811 1812 facere
2866 1758 2923 1810 et
2949 1747 3242 1819 comitari,
3278 1753 3336 1807 et
3364 1741 3543 1804 simul

265 1482 356 1544 Θ’.
419 1483 554 1540 Πότε
615 1481 667 1540 δὲ
724 1487 811 1542 καὶ
869 1487 1004 1565 ἁνήρ
1084 1507 1165 1550 τις
1222 1485 1425 1551 δίκαιος
1480 1488 1582 1555 τὴν
1639 1487 1826 1545 ἑαυτοῦ

182 1578 410 1647 μνῆστιν
470 1576 604 1653 ὁρῶν
693 1572 1114 1652 ἑγκυμονοῦααν,
1186 1577 1230 1632 εἱ
1289 1576 1369 1650 μὴ
1456 1575 1825 1654 πληροφορίαν

182 1660 382 1726 δέξοιτο
428 1663 502 1728 ὡς
545 1663 607 1718 ἐκ
667 1663 973 1738 Πνεύματός
1031 1667 1176 1722 ἔστιν
1205 1665 1354 1743 ἁγίου
1387 1667 1446 1722 τὸ
1485 1665 1819 1741 τελούμενον,

180 1750 436 1828 ἀνέχεται
495 1757 562 1828 τῇ
623 1751 993 1830 ἐγκυμονούσῇ
1037 1752 1334 1811 συνοδεύειν
1391 1756 1480 1811 καὶ
1537 1771 1822 1832 συμπαρα-

180 1841 388 1920 μένειν,
433 1841 520 1896 καὶ
578 1843 1072 1921 συναπογρὰφεσθαι
1120 1841 1288 1922 [cod.
1326 1843 1367 1907 f,
1427 1843 1536 1906 137
1595 1841 1684 1923 1),]
1736 1844 1814 1899 xxi

1906 1838 2189 1912 describi,
2218 1849 2396 1922 atque
2425 1840 2741 1903 habitare?
2762 1839 3060 1922 quomodo
3087 1844 3288 1898 natum
3323 1833 3542 1897 Filium

179 1941 499 2002 συνοικεϊν;
574 1930 660 1984 καὶ
724 1931 816 1986 τὸν
880 1932 1140 2011 τεχθέντα
1193 1931 1361 1989 παῖδα
1430 1933 1677 2013 ἀφιεροῠν
1735 1931 1814 1986 καῖ

1908 1948 2262 1993 consecrare
2295 1939 2352 1992 et
2401 1932 2773 1993 sanctiﬁcare
2829 1948 2899 1991 ex
2950 1928 3101 2007 legis
3161 1923 3540 2013 praescripto,

177 2019 416 2096 ἁγιάζειν
486 2019 621 2074 κατὰ
677 2019 770 2075 τὸν
842 2022 1032 2100 νόμον,
1093 2023 1186 2078 τὸν
1241 2027 1347 2078 τῶν
1421 2011 1584 2101 ἁγίων
1652 2023 1814 2098 ὓπερ-

1905 2015 2192 2083 Sanctum
2226 2029 2565 2082 sanctorum
2592 2030 2651 2082 et
2695 2019 2876 2081 totius
2902 2017 3129 2080 ordinis
3152 2011 3542 2101 sacerdotalis

177 2107 332 2184 άγιον
376 2107 466 2163 καὶ
522 2108 703 2175 πάσης
747 2109 1022 2189 ἱεραρχίας
1081 2108 1304 2187 δοτῆρα,
1367 2110 1422 2165 ἰν
1471 2100 1690 2188 οὖρανῷ
1733 2110 1814 2166 καῖ

1904 2109 1963 2170 in
1989 2109 2138 2170 ccelo
2157 2109 2294 2171 etin
2321 2118 2478 2170 terra
2497 2107 2833 2170 auctorem?
2856 2119 2914 2169 et
2931 2105 3208 2168 eumdem
3236 2103 3372 2180 fuga
3392 2100 3560 2182 sub-5

175 2194 263 2252 ἐπὶ
307 2201 407 2273 γῆς
473 2194 834 2278 ὑπάρχοντα,
898 2200 991 2255 καί
1056 2197 1365 2278 φυγαδεύειν
1433 2200 1613 2279 αὐτὸν,
1672 2199 1814 2274 μᾶλ-

1903 2198 2147 2273 ducere,
2182 2199 2272 2260 vel
2305 2198 2500 2278 potius
2529 2198 2704 2259 simul
2750 2195 2990 2275 fugari?
3033 2194 3104 2256 Et
3132 2193 3206 2255 de
3238 2191 3372 2270 fuga
3402 2207 3539 2279 cum

172 2284 267 2342 λον
309 2284 365 2341 δὲ
422 2275 853 2363 φυγαδεύεσθαιξ
901 2288 988 2344 καὶ
1033 2275 1094 2345 ἐκ
1140 2275 1264 2356 ’τῆς
1305 2289 1480 2368 φυγῆς
1539 2275 1632 2344 σὺν
1675 2288 1814 2362 αὐτῷ

1903 2289 2112 2349 eodem
2147 2306 2219 2350 ac
2248 2275 2437 2351 matre
2463 2289 2592 2368 ejus
2616 2306 2684 2349 ex
2714 2286 2959 2366 Egypto
2992 2281 3234 2359 reverti,
3257 2290 3436 2360 atque
3463 2275 3536 2338 ad

174 2377 266 2431 xxi
309 2381 376 2449 τῇ
419 2376 584 2452 μητρὶ
616 2380 774 2434 αὐτοῦ
803 2376 856 2440 ἐξ
899 2377 1166 2455 Αἰγύπτου
1195 2378 1610 2458 ἐπανέρχεσθαι,
1646 2379 1731 2434 καὶ
1762 2378 1814 2433 ἐν

1903 2377 2032 2440 dies
2047 2378 2229 2440 festos
2247 2379 2710 2458 Hierosolymam
2727 2378 2917 2451 ipsum
2933 2391 3136 2436 secum
3151 2371 3264 2432 ded
3275 2374 3542 2458 ucere,et

172 2478 297 2528 ταῖς
342 2465 554 2540 ἑορταῖς
587 2465 760 2538 ἑαυτῷ
811 2479 1139 2543 συναγαγεῖν
1195 2469 1268 2530 εἰς
1312 2457 1682 2541 Ἰερουσαλὴμ,
1729 2469 1814 2523 καί

1903 2467 2025 2529 illic
2051 2486 2120 2528 eo
2144 2480 2494 2530 remanente
2515 2457 2742 2542 dolere,
2761 2467 2916 2528 haud
2945 2482 3088 2525 sane
3111 2464 3183 2522 de
3208 2457 3548 2522 errabundo

171 2553 496 2628 ἁπομὲνοντι
528 2550 827 2626 ὀδυνᾶσθαι,
864 2555 965 2633 οὔχ
1017 2555 1090 2619 ὣς
1141 2555 1460 2625 πλανηθέντι
1505 2557 1600 2613 οἶα
1644 2554 1812 2630 παιδὶ,

171 2643 250 2717 μὴ
296 2642 527 2721 γένοιτο,
587 2641 712 2698 ἁλλ’
754 2643 836 2698 ὃτι
883 2645 1143 2710 τοιαύτης
1190 2652 1363 2724 χαρᾶς
1409 2667 1464 2701 τε
1511 2647 1598 2702 καὶ
1659 2644 1813 2712 δόξης

173 2733 269 2789 κᾶν
317 2733 440 2811 πρός
480 2732 658 2810 βραχὺ
720 2732 1048 2811 ἓχωρίαθη;
1105 2734 1192 2789 καὶ
1252 2737 1280 2789 ὁ
1339 2741 1557 2792 τοιαῦτα
1622 2735 1814 2814 φρικτὰ

169 2823 260 2878 καὶ
315 2823 593 2894 θαυμαστὰ
635 2819 784 2899 ἰδὼν,
832 2821 963 2878 πότε
1035 2824 1135 2878 κᾶν
1196 2822 1443 2891 ἐννοῆσαι
1507 2825 1811 2898 συνουσίαν,

169 2911 206 2978 ἢ
255 2909 608 2984 ἐνθυμηθῆναι
669 2913 805 2966 κατὰ
848 2913 947 2978 τῆς
999 2910 1345 2989 ἁειπαρθένου
1396 2911 1723 2988 ἐτόλμησεν,
1785 2913 1812 2968 ὁ

171 3000 226 3056 ἐν
301 3014 422 3062 τοῖς
495 3010 584 3058 τοῦ
644 3002 776 3056 Θεοῦ
831 2999 1039 3063 δούλοις
1098 3001 1498 3060 εὒπειθέστατος
1553 3003 1814 3081 ὑπάρχων

1903 2567 1960 2617 ut
1995 2557 2498 2636 puero,absit,sed
2533 2558 2670 2636 quia
2702 2565 2862 2618 tanto
2893 2555 3104 2632 gaudio
3137 2561 3195 2612 et
3224 2548 3412 2629 gloria
3442 2545 3533 2606 vel

1899 2645 2062 2708 brevi
2086 2659 2354 2727 tempore
2376 2647 2616 2708 orbatus
2638 2643 2892 2708 fuiset?
2920 2645 3045 2707 Jam
3079 2641 3176 2722 qui
3204 2649 3322 2700 tam
3355 2653 3532 2698 reve-

1897 2737 2084 2798 renda
2113 2755 2182 2798 ac
2219 2737 2367 2798 mira
2397 2737 2662 2815 vidisset,
2691 2734 2993 2814 quomodo
3019 2733 3093 2793 de
3125 2729 3336 2810 copula
3363 2728 3532 2806 cogi-

1899 2825 2199 2892 tasset,vel
2232 2826 2556 2908 quidquam
2590 2826 2815 2906 agitare
2847 2824 3043 2885 animo
3073 2820 3360 2882 adversus
3379 2834 3534 2879 sem-

1898 2933 2005 2996 per
2035 2914 2344 2994 Virginem
2375 2934 2554 2978 ausus
2576 2914 2807 2992 fuisset,
2835 2931 2968 2974 cum
3000 2912 3130 2992 ipse
3151 2911 3306 2970 inter
3328 2923 3532 2996 servos

1900 2995 2550 3068 Deiobedieutissimus
2568 3013 2727 3068 esset
2749 2999 3061 3084 acjustus?
3093 2997 3197 3062 Vel
3230 2995 3530 3078 quomodo

171 3091 259 3145 xxi
303 3087 501 3150 δίκαιος
538 3111 552 3164 ;
598 3089 634 3155 ἣ
679 3091 808 3145 πότε
855 3092 880 3146 ὁ
927 3092 1056 3154 Θεὸς
1103 3092 1273 3168 Λόγος
1321 3091 1584 3170 ἠνέσχετο
1627 3092 1721 3147 ἵνα
1778 3093 1812 3159 ἡ

1903 3094 2052 3157 Deus
2081 3092 2338 3155 Verbum
2398 3113 2562 3156 suam
2622 3094 2949 3157 secundum
2984 3106 3222 3151 carnem
3255 3094 3528 3157 matrem,

171 3179 308 3234 κατὰ
344 3178 512 3254 σάρκα
550 3179 730 3254 μήτηρ
784 3182 969 3256 αὐτοῦ,
1003 3181 1088 3234 οιαὶ
1139 3178 1317 3234 ἄλλων
1375 3183 1587 3246 τιθηνὸς
1645 3182 1810 3258 γενή-

1903 3184 2145 3245 aliorum
2181 3203 2416 3264 quoque
2452 3184 2778 3246 liberorum
2815 3183 2942 3243 ﬁeri
2976 3177 3270 3242 nutricem
3307 3174 3530 3264 tolera-

168 3285 374 3341 σεται;
430 3267 464 3335 ἢ
511 3267 640 3322 πότε
685 3270 717 3334 ἡ
771 3269 996 3345 παναγία
1045 3269 1325 3347 Παρθένος,
1387 3271 1420 3336 ἡ
1482 3275 1666 3350 ψυχην
1728 3272 1814 3325 καὶ

1903 3273 2076 3364 visset
2098 3280 2126 3335 ‘?
2158 3275 2261 3335 Vel
2288 3263 2592 3351 quomodo
2623 3273 2886 3364 denique
2920 3265 3293 3364 sanctissima
3324 3263 3528 3364 Virgo,

171 3357 343 3431 σάρκα
414 3355 541 3432 ὺπέρ
612 3357 704 3418 τὰς
763 3356 1037 3433 οὖρανίους
1099 3356 1347 3431 δυνάμεις
1413 3359 1807 3436 κεκαθαρμένη,

1903 3363 2071 3441 cujus
2101 3363 2298 3422 anima
2330 3372 2389 3424 et
2435 3381 2572 3424 caro
2605 3363 2736 3444 plus
2768 3379 2942 3443 quam
2977 3360 3251 3421 caelestes
3283 3355 3533 3414 virtutes

171 3447 374 3526 φρίττω
419 3447 615 3518 εἰπεῖν,
665 3452 821 3503 τοῦτο
880 3445 1254 3515 καταδέξατος
1308 3445 1500 3504 πολλαὶ
1560 3449 1658 3526 γὰρ
1714 3471 1806 3524 γυ·

1903 3453 2202 3530 puriticata
2225 3451 3046 3532 fuerat,quomodo,inquam,
3067 3447 3126 3508 id
3146 3445 3303 3527 quod
3329 3444 3531 3532 dicere

170 3548 356 3598 ναῖκες
419 3533 542 3612 παρ’
608 3537 742 3606 ἡμῖν
773 3549 891 3597 τοῖς
927 3543 1268 3612 Χριστιανοϊς
1299 3537 1422 3612 εἰσι,
1457 3550 1572 3600 τοῖς
1607 3537 1810 3593 ἐπωνύ·

1903 3542 2112 3603 borreo
2137 3558 2306 3620 passa
2330 3531 2726 3602 esset?Multai
2743 3541 2902 3601 enim
2920 3548 3058 3599 sunt
3073 3535 3356 3596 mulieres
3370 3531 3526 3611 apud

168 3646 289 3698 μοις
335 3631 558 3694 Χριστοῦ
601 3627 690 3679 καὶ
733 3631 832 3690 τῆς
907 3625 1061 3700 ἁγίας
1128 3627 1343 3704 Μητρὸς
1406 3630 1564 3684 αὐτοῦ
1608 3625 1811 3692 δούλοις

166 3727 281 3778 τοῖς
327 3713 376 3779 ἐξ
423 3714 587 3780 αὐτῆς
635 3717 1074 3788 νομοθετηθεϊαιν
1109 3717 1237 3792 πρὸς
1294 3716 1508 3794 ἁγνείας
1539 3719 1626 3772 καὶ
1671 3738 1812 3793 παρ-

163 3803 336 3866 θενίας
447 3802 860 3882 ἀσφαλεστάτην
976 3804 1324 3881 συντήρησιν,
1406 3805 1610 3869 αἵτινες
1695 3805 1810 3866 ἑνὸς

165 3891 355 3956 παιδὸς
415 3893 644 3970 μητέρες
703 3895 1004 3969 γινόμεναι,
1055 3894 1236 3970 ἐτέρου
1288 3892 1473 3972 ἀνδρὸς
1527 3896 1812 3974 συνάφειαν

164 3981 224 4038 οὗ
255 3983 582 4059 προσίενται.
649 3984 750 4038 Καὶ
792 3985 920 4038 εἰσὶν
957 3981 1113 4038 ἄλλαι
1174 3983 1233 4038 αἶ
1280 3983 1553 4044 παντελῶς
1600 3985 1809 4040 ἀνέπα-

163 4094 253 4149 φοι
311 4071 650 4143 διαμένουσιν
718 4072 893 4136 πάσης
960 4070 1213 4148 ἀνδρικῆς
1281 4076 1562 4152 συναφείας
1608 4095 1662 4129 τε
1722 4079 1808 4129 καὶ

165 4161 306 4240 ἁφῆς
352 4163 437 4216 καὶ
483 4160 699 4235 ὁμιλίας
734 4177 747 4189 ⁸
788 4160 948 4238 [cod.
985 4185 1024 4223 t.
1062 4160 1206 4241 138]
1243 4163 1331 4218 καί
1363 4183 1462 4239 περ
1495 4165 1560 4218 τὰ
1592 4164 1688 4230 τῆς
1721 4165 1812 4218 τοῦ

167 4256 300 4304 Θεοῦ
343 4250 548 4326 μητρὸς
592 4251 724 4324 ὑπὲρ
776 4251 948 4306 πάντα
995 4251 1092 4306 εἶσὶ
1157 4254 1221 4308 τὰ
1266 4253 1428 4328 ὁρατὰ
1473 4252 1558 4306 καὶ
1601 4251 1669 4306 τὰ
1713 4251 1810 4306 ἀό-

1899 3649 2006 3691 nos
2025 3629 2422 3703 Christianos,
2449 3637 2547 3710 qui
2573 3638 2794 3691 sanctae
2816 3628 3015 3691 Matris
3041 3625 3174 3705 ejus
3196 3621 3398 3710 famuli
3424 3639 3532 3680 su-

1900 3738 2053 3792 mus,
2076 3729 2252 3799 atque
2274 3719 2347 3779 ab
2371 3709 2578 3779 eadem
2608 3719 2678 3778 ad
2707 3719 3016 3798 puritatem
3059 3709 3536 3799 virginitatisque

1895 3818 2116 3870 arctam
2139 3798 2464 3869 custodiam
2484 3807 2737 3868 instituti
2755 3807 3001 3884 fuimus,
3039 3805 3236 3864 multae
3249 3807 3408 3871 sunt,
3433 3798 3532 3858 in-

1894 3916 2224 3979 quam,quse
2240 3897 2358 3958 lilio
2375 3917 2488 3958 uno
2503 3894 3055 3976 suscepto.alterius
3071 3888 3532 3970 viriconjugium

1895 4007 2011 4049 non
2027 3988 2518 4050 admittunt.Sunt
2536 3985 2666 4048 aliae
2682 4005 2813 4068 quas
2833 3983 3390 4065 prorsusimmunes
3405 3995 3535 4058 per-

1896 4075 2342 4137 manentvirilis
2363 4077 2594 4156 copulae
2607 4084 2982 4138 etcontactus
3003 4083 3181 4153 atque
3201 4071 3528 4132 convictus.

1897 4167 2092 4226 Decus
2120 4165 2340 4246 alioqui
2389 4165 2658 4246 Deiparaa
2706 4164 2967 4226 visibilis
2999 4163 3198 4224 omnia
3231 4169 3290 4222 et
3318 4158 3531 4219 invisi-

1897 4255 2038 4315 bilia
2069 4256 2324 4329 excedit,
2363 4255 2484 4316 Deo
2529 4255 2655 4315 solo
2707 4262 2980 4332 excepto,
3035 4249 3410 4332 quantumvis
3442 4248 3532 4307 74

163 4359 320 4412 ρατα,
353 4337 497 4404 πλὴν
546 4339 712 4413 μόνου
772 4339 926 4417 Θεοῦ,
972 4338 1275 4416 ἐνδοξότερα
1322 4361 1376 4394 τε
1410 4344 1497 4395 καὶ
1553 4341 1807 4404 ἒξαισιώ-

1903 4343 2148 4421 gloriosa
2178 4353 2234 4405 et
2268 4343 2506 4405 eximia.
2539 4343 2655 4407 Sed
2713 4353 2770 4405 et
2799 4344 2906 4404 viri
2958 4341 3260 4402 innumeri
3310 4339 3532 4418 pariter

159 4448 287 4496 τερα
319 4447 329 4458 '
367 4427 454 4482 xxi
487 4426 546 4482 οὒ
577 4428 739 4500 μόνον
798 4441 1071 4504 γυναῖκες,
1123 4428 1260 4484 ἀλλὰ
1314 4431 1400 4484 καὶ
1447 4427 1627 4506 ἄνδρες
1657 4430 1809 4485 ἄπει-

1903 4434 2146 4512 virgines
2177 4433 2414 4494 fuerunt
2446 4443 2504 4496 et
2539 4441 2699 4497 sunt.
2736 4435 2797 4497 Si
2830 4450 2970 4508 ergo
3005 4429 3530 4506 vilesinutilesque

161 4537 240 4592 ροι
285 4522 515 4570 τοιοῦτοι
587 4515 840 4591 παρθένοι
908 4516 1159 4594 γεγόνασι
1217 4523 1302 4574 xxi
1376 4519 1501 4574 εἰσίν
1751 4520 1806 4575 Εἰ

1903 4519 2097 4580 lamuli
2124 4519 2468 4599 hujusmodi
2514 4518 2974 4583 charismatibus
3007 4519 3169 4599 digni
3205 4519 3524 4579 habentur.

160 4603 250 4660 οὖν
309 4605 357 4659 οἱ
402 4601 639 4664 ε-ὄτελεϊς
700 4607 788 4658 καὶ
838 4604 1056 4683 ἁχρεῐοι
1113 4604 1289 4661 δοῦλοι
1334 4608 1592 4663 τοιούτων
1645 4630 1804 4688 χαρι-

1903 4609 1992 4668 ῘΙΙει
2051 4587 2656 4691 ψιεθνρὴδτίεῐηδιυιη
2721 4587 3177 4688 divinorumque
3236 4609 3526 4667 bonorum

157 4693 380 4765 σμὰτων
452 4691 744 4764 ἀξιοῦνται,
803 4695 836 4760 ἡ
900 4695 1052 4770 πηγὴ
1127 4701 1234 4750 τῶν
1304 4699 1660 4774 χαρισμάτων
1721 4699 1805 4753 καὶ

1903 4698 2019 4759 :"ons
2047 4708 2158 4770 est,
2194 4699 2252 4760 in
2286 4699 2531 4760 nomine
2575 4699 2711 4761 Filii
2744 4699 2859 4778 sui,
2898 4699 3130 4760 Domini
3167 4696 3352 4758 nostri
3385 4696 3524 4758 Dei-

154 4783 307 4838 θείων
357 4780 568 4858 δωρεῶν
640 4783 915 4859 ὑπάρξασα
986 4784 1041 4838 ἐν
1114 4787 1190 4854 τῷ
1255 4788 1478 4858 ὀνόματι
1538 4795 1628 4844 τοῦ
1686 4789 1806 4843 ι’ίοῦ

1903 4805 2004 4867 pie
2052 4787 2195 4850 Jesu
2260 4789 2506 4859 Christi,
2569 4787 2668 4868 qui
2700 4807 2854 4848 unus
2889 4789 2964 4848 de
2997 4798 3204 4848 sancta
3233 4785 3528 4845 Trinitate

157 4875 345 4950 αὑτῆς,
414 4871 601 4946 Κυρίου
668 4873 722 4926 δὲ
779 4875 868 4928 καὶ
933 4879 1064 4928 Θεοῦ
1125 4874 1280 4947 ἡμῶν
1342 4874 1519 4940 Ἰησοῦ
1579 4883 1804 4955 Χριστοῦ

1903 4884 2005 4947 ast,
2038 4878 2338 4956 quomodo
2375 4895 2586 4956 expers
2641 4877 2818 4938 fuerit
2869 4886 2985 4936 tam
3033 4883 3272 4954 proprio
3319 4884 3376 4936 et
3409 4882 3523 4935 tam

158 4969 250 5017 τοῦ
309 4962 422 5024 ἐνὸς
483 4965 578 5026 τῆς
624 4961 774 5038 ἁγίας
819 4960 1062 5039 Τριάδος,
1133 4966 1246 5024 πῶς
1322 4962 1542 5041 ἄμοιρος
1601 4964 1800 5042 ὑπῆρξε

1903 4966 2172 5043 )eculiari
2198 4966 2575 5038 charismate,
2611 4967 2770 5048 quod
2823 4983 2950 5027 eam
2979 4966 3165 5025 solam
3193 4982 3296 5046 pro
3323 4964 3484 5042 digni
3505 5000 3521 5011 -

243 5153 270 5201 7
302 5151 444 5216 Luc.
481 5173 518 5226 ι,
555 5155 656 5228 31,
689 5154 790 5216 39.
879 5155 930 5203 Ί⁶
964 5152 1114 5215 ibid.
1149 5153 1249 5218 35.

242 5306 439 5393 (ὃλεη
463 5310 657 5393 adhuc
683 5329 897 5371 nowm
925 5310 1350 5393 piicuelibatus
1372 5310 1798 5393 laudationem.
1888 5321 2008 5393 tem
2075 5313 2494 5388 laudaverunt,
2529 5313 2719 5393 primo
2780 5310 3044 5393 quidem,
3087 5311 3145 5372 in
3198 5306 3522 5393 evangeliis

157 5386 485 5473 thuidein
513 5391 732 5473 nobilis
755 5386 1030 5473 laudator
1051 5392 1326 5470 apparuit
1348 5392 1624 5453 caelibum
1656 5393 1800 5453 mul-
1885 5391 2157 5473 Christus
2185 5386 2500 5473 Dominus,
2529 5386 2756 5454 deinde
2790 5386 3006 5473 Paulus
3034 5392 3093 5452 in
3127 5389 3426 5473 epistolis,
3464 5397 3528 5448 et

160 5478 355 5554 toruin
376 5469 770 5554 suitemporis
791 5469 1269 5554 Christianorum
1298 5491 1544 5554 magnus
1561 5492 1799 5554 quoque
1879 5471 2142 5534 Joannes
2175 5477 2232 5534 in
2268 5469 2660 5554 Apocalypsi?
2682 5472 2842 5535 Nihil
2875 5469 3524 5554 deinceps’eﬂ'ecerunt

154 5548 524 5634 cmsari_ensis
544 5548 904 5634 Eusebiusin
934 5571 1124 5633 nuper
1145 5553 1380 5634 detecto
1397 5548 1798 5634 Theophanize
1884 5561 1968 5614 tot
1999 5548 2682 5634 loculentissimisfquai
2740 5561 2999 5628 exstant,
3033 5548 3138 5632 pro
3189 5552 3519 5634 virginitate

151 5630 455 5707 aperelib.
493 5632 794 5702 "1213M.
832 5630 1256 5694 Nihilotamen
1287 5633 1486 5693 minus
1510 5630 1790 5694 hodierni
1873 5634 2112 5712 scriptis
2174 5634 2451 5697 Clemens
2499 5630 2826 5706 Romanus,
2883 5630 3158 5706 Basilius,
3192 5633 3519 5710 Gregorius

150 5720 507 5794 sparguntur
564 5712 940 5794 libelli,__qui
985 5713 1095 5792 pia:
1130 5714 1486 5793 virginitatis
1519 5713 1790 5775 instituto
1873 5713 2202 5794 Nysscnus,
2242 5715 2719 5794 Chrysosmmus,
2770 5713 3162 5793 Epiphanius,
3215 5712 3519 5790 Hierony-

148 5789 367 5874 acriter
387 5789 902 5874 detrahunt.Nibil
931 5789 1070 5874 ergo
1087 5789 1444 5855 valethonor
1459 5803 1792 5874 perpetuus
1878 5789 2030 5868 m'us,
2059 5789 2448 5874 Augustinus,
2487 5794 2778 5871 Isidorus,
2805 5789 3078 5871 aliique?

151 5869 468 5952 virginitati
492 5871 565 5934 ah
589 5873 846 5936 ecclesia
895 5869 1164 5936 habitus?
1203 5869 1791 5956 Frustra'virginita-
