4030 6212
247 268 407 341 i349

1251 271 1502 341 SERMO
1544 269 1632 339 III
1675 271 2075 340 ADVERSUS
2111 270 2598 343 MANICHA‘JOS.

3452 274 3605 346 1350

240 411 565 488 πιστεύομεν
606 414 668 469 τὸ
711 407 1111 487 παντοόόναμον
1173 413 1516 490 πρόσταγμα,
1579 413 1632 467 ἐν
1677 419 1744 488 τῇ
1788 419 1880 468 τοῦ

1983 422 2321 492 πωεθμιιιιη
2346 415 2748 496 omnipotens,
2773 418 2939 479 initio
2960 411 3202 497 quidem
3229 418 3433 478 mumli
3450 419 3607 480 abeo

245 501 451 575 ἀόσμου
495 501 694 579 γενέσει
752 508 844 557 τοῦ
886 500 977 558 ὑπ’
1025 501 1185 560 αὒτοῦ
1215 502 1514 564 κτισθέντος
1547 502 1821 578 εἶρηκότιις
1863 518 1876 530 ⁸

244 589 615 658 Βλαστησείτω
657 590 693 656 ἦ
739 596 810 668 γῆ
857 587 1025 669 [θοὰ.
1075 589 1120 653 f.
1180 589 1324 670 142]
1368 591 1598 667 βοτάνην
1657 594 1878 670 χόρτου,

241 691 470 756 σπεῖρον
529 679 740 755 σπέρμα
795 681 932 736 κατὰ
991 679 1142 757 γένος
1201 682 1288 736 καὶ
1360 679 1475 735 καθ’
1531 682 1827 753 ὁμοιότητα
1863 698 1878 712 ⁶

240 769 336 825 καὶ
379 768 536 825 εἰσέτι
591 771 677 826 καὶ
737 777 824 826 νῦν
869 776 946 843 τῷ
989 769 1112 842 θείῳ
1164 770 1450 825 ὑπείκουσα
1507 769 1881 846 προστάγματι

240 857 422 913 πάντα
479 857 542 914 τὰ
586 859 722 935 φυτὰ
777 857 1112 922 ὰνελλειπῶς
1170 857 1398 924 ἑτησίως
1429 856 1634 934 ἐκφέρει
1671 874 1684 888 ⁸
1720 857 1773 913 ἒν
1829 855 1884 913 δὲ

235 951 322 1018 τῷ
352 947 478 1020 ἱερῷ
504 945 698 1022 δείπνῳ
727 960 843 1012 τοῖς
872 947 1044 1024 ἁγίοις
1090 944 1418 1011 ἀποστόλοις
1471 946 1627 1024 ἄρτον
1672 946 1883 1012 ἀληθῶς

236 1035 342 1091 καὶ
369 1049 518 1093 οἶνον
551 1033 732 1099 δόντος
767 1038 853 1091 καὶ
903 1034 1173 1115 λέξαντος,
1225 1034 1426 1092 Λάϐετε
1471 1035 1669 1114 φάγετε
1703 1033 1885 1114 [τοῦτό

236 1125 362 1179 ἔστι
430 1125 492 1180 τὸ
551 1125 710 1199 σῶμά
767 1125 926 1206 μου],
1004 1126 1093 1182 καὶ
1152 1126 1301 1181 πίετε
1359 1125 1412 1189 ἐξ
1469 1124 1628 1182 αὒτοὺ
1667 1126 1881 1197 πάντες,

237 1213 402 1270 τοῦτό
463 1213 576 1270 ἐστι
619 1215 680 1270 τὸ
724 1227 861 1288 ατμα
901 1237 1026 1290 μου,
1090 1215 1151 1270 τὸ
1208 1219 1306 1280 τῆς
1350 1219 1542 1279 καινῆς
1601 1212 1881 1288 διαθήκης,

243 1303 314 1356 τὸ
368 1302 498 1378 ὅπερ
561 1304 708 1377 ὑμῶν
777 1304 873 1360 καῖ
941 1301 1156 1360 πολλῶν
1224 1302 1587 1382 ἐκχυνόμενον
1647 1303 1719 1367 εἷς
1788 1303 1884 1368 τὴν

239 1389 391 1466 ἐμὴν
420 1391 716 1466 ἀνάμνησιν
751 1407 766 1422 ⁸
815 1393 902 1449 καὶ
956 1399 1044 1449 νῦν
1098 1394 1185 1449 καὶ
1237 1392 1398 1448 εισὲτι
1440 1393 1500 1447 τὸ
1535 1393 1660 1447 αὐτὸ
1695 1389 1884 1462 διαφυ-

1965 501 2501 578 eomliti,dicentis:
2528 504 2836 568 Germinet
2870 515 3039 568 terra
3071 506 3315 568 herbam
3339 507 3489 585 feni,
3515 510 3610 585 [a-

1964 592 2212 653 cientem
2253 611 2448 655 semen
2487 595 2553 656 in
2597 613 2712 656 suo
2747 612 3248 675 unamquamque
3274 595 3497 674 genere
3536 615 3608 659 ac

1963 683 2159 759 specie
2193 680 2264 744 1‘.
2294 681 2364 743 Et
2395 702 2468 744 en
2503 702 2692 764 usque
2724 683 2902 744 hodie
2935 684 3132 745 divino
3171 693 3470 764 praecepto
3502 685 3611 748 ob-

1969 777 2314 848 temperans
2343 790 2522 834 omne
2556 790 2744 851 genus
2774 772 3048 852 stirpium
3092 773 3395 834 annuatim
3429 773 3605 835 inde-

1969 859 2240 922 ﬁcienter
2289 861 2585 942 producit.
2639 863 2704 924 In
2756 880 2926 924 sacra
2969 880 3111 925 vero
3161 880 3330 924 creua
3385 863 3606 924 sanctis

1968 949 2254 1033 apostolis
2288 968 2500 1033 panem
2545 969 2683 1012 vere
2713 950 3038 1033 vinumque
3085 970 3217 1013 cum
3269 951 3610 1033 exhibuerit

1968 1026 2672 1111 Dominus,'dixeritque:
2695 1026 2956 1106 Sumite,
2977 1033 3342 1094 manducate
3363 1032 3507 1108 (huc
3526 1043 3609 1094 est

1969 1133 2191 1197 corpus
2214 1127 2464 1196 meum);
2491 1128 2551 1182 et
2584 1118 2765 1182 bibite
2781 1139 2858 1182 ea:
2887 1138 2952 1183 eo
2980 1139 3206 1201 omnes,
3230 1121 3327 1183 hic
3348 1130 3436 1184 est
3461 1140 3608 1184 san-

1965 1208 2104 1286 guis
2133 1226 2302 1270 meus
2323 1211 2466 1272 novi
2500 1211 2867 1283 testamenti,
2897 1211 3056 1292 quod
3087 1228 3204 1291 pro
3229 1212 3396 1272 vobis
3422 1218 3612 1290 ειμι-ο

1966 1294 2180 1357 multis
2202 1298 2550 1376 cﬂ‘undetur
2563 1299 2630 1361 in
2643 1305 3061 1362 remissionem
3080 1301 3615 1380 peccatorumdtoc

1965 1385 2149 1463 facile
2169 1388 2236 1449 in
2255 1389 3178 1461 meamcommemorationem“;
3215 1408 3372 1450 nunc
3408 1390 3610 1451 adhuc

242 1477 500 1536 λαττεται
559 1481 879 1558 πρόσταγμα
912 1486 978 1557 τῇ
1032 1487 1137 1536 τῶν
1181 1482 1459 1557 ὁπηρετῶν
1490 1480 1751 1558 ἱερουργίᾳ
1795 1501 1888 1536 τε-

1983 1473 2132 1536 idem
2171 1476 2518 1538 observatur
2549 1478 2894 1539 mandatum
2927 1477 3266 1538 divinorum
3301 1477 3610 1539 ministro-

241 1565 617 1643 λειούμενονο
690 1573 892 1646 ὁρατῶς
949 1569 1049 1644 μὲν
1105 1576 1200 1625 τοῦ
1268 1565 1429 1645 ἄρτου
1513 1569 1888 1644 προκειμένου,

1983 1581 2105 1624 rum
2127 1582 2296 1627 sacro
2314 1565 2510 1627 ofﬁcio
2525 1575 3027 1640 consummatum;
3044 1565 3614 1641 visibililerquidem

240 1656 492 1733 ἀοράτως
537 1657 592 1714 δὲ
664 1666 756 1715 τοῦ
814 1661 1074 1734 παναιτίου
1117 1657 1499 1737 ἐπιφοιτῶντος
1556 1659 1888 1741 Πνεύμδιτος³

1983 1669 2130 1732 pane
2161 1655 2487 1735 proposito,
2516 1653 2896 1715 invisibiliter
2924 1664 3119 1716 autem
3152 1654 3613 1734 superveniente

239 1748 342 1802 καὶ
384 1748 450 1802 τὰ
499 1747 848 1824 προτιθέμενα
891 1747 1204 1825 ἀγιάζοντος
1241 1766 1256 1782 ⁸
1303 1747 1391 1803 καὶ
1448 1748 1544 1804 οὒκ
1599 1747 1886 1816 ἀντίτυπα,

1983 1742 2357 1804 sanctissimo
2404 1743 2653 1823 Spiritu,
2687 1753 2747 1803 et
2775 1743 2973 1805 oblata
3014 1744 3470 1814 sanctiﬁcante;
3504 1762 3617 1806 nec

236 1832 372 1891 ἀλλ’
420 1834 546 1892 αὑτὸ
587 1837 650 1892 τὸ
693 1837 955 1914 πανσίγιον
1008 1843 1165 1910 σῶμα
1196 1836 1375 1894 καὶτὸ
1419 1837 1594 1911 τίμιον
1629 1849 1768 1912 αἷμα
1800 1839 1888 1892 τοῦ

1983 1848 2122 1894 sane
2151 1831 2438 1913 antitypa,
2471 1832 2576 1895 sed
2611 1840 2878 1894 sanctum
2911 1831 3107 1913 ipsum
3141 1851 3358 1913 corpus
3387 1833 3616 1912 pret-io-

243 1925 441 2000 Κυρίου
469 1925 557 1980 καὶ
589 1930 722 1982 θεοῦ
778 1927 934 1999 ἡμῶν
993 1925 1380 1991 ἆποτελοῦντος
1442 1925 1490 2003 (1
1507 1922 1595 2004 ἓ),
1630 1923 1680 1990 ἐξ
1715 1928 1776 1982 οὗ
1802 1931 1888 1981 καὶ

1983 1937 2225 2000 sumque
2275 1921 2629 1999 sanguinem
2677 1921 2918 1982 Domini
2967 1939 3034 1981 ac
3090 1920 3194 1982 Dei
3247 1920 3437 1982 nostri
3487 1919 3616 1986 efﬁ-

233 2014 413 2087 ἡμεϊς
444 2016 492 2070 οἱ
547 2013 856 2087 ἁμαρτωλοὶ
913 2013 1265 2093 ἁγιαζόμεθα,
1327 2015 1400 2078 εἷς
1472 2013 1658 2094 ἄφεσιν
1709 2015 1888 2091 ἆμαρ-

1983 2008 2203 2084 ciente;
2237 2028 2309 2072 ex
2337 2029 2453 2091 quo
2489 2028 2598 2070 nos
2625 2029 2869 2090 quoque
2900 2018 3244 2090 peccatores
3272 2010 3618 2072 sanctiﬁca-

236 2102 378 2160 τιῶν
408 2100 936 2178 μεταλαμϐάνοντες.

335 2190 412 2251 Γ’.
447 2191 582 2269 ’Ἄγε
642 2191 696 2247 δὲ
755 2195 844 2248 καὶ
900 2193 998 2257 τὰς
1029 2193 1146 2268 περὶ
1177 2192 1361 2249 τούτου
1405 2193 1546 2269 ἱερὰς
1577 2192 1784 2272 ῥήσεις,
1819 2192 1892 2255 ὡς

239 2279 540 2338 διάκεινται
577 2281 631 2336 ἒν
661 2284 784 2344 ταῖς
833 2284 1004 2359 ἱεραῖς
1052 2294 1314 2344 πτνδκταῖς
1364 2282 1786 2360 ὑπογράψωμεν,
1820 2288 1896 2355 τῷ

241 2369 608 2444 malaue-cita)
663 2372 751 2427 καὶ
794 2370 1060 2443 ἆποικζλίρ
1104 2375 1202 2440 τῆς
1263 2371 1500 2448 φράσεως
1561 2374 1732 2428 αὑτῶν
1764 2370 1894 2448 πρὸς

245 2458 588 2523 ἀξιοπιστίαν
669 2469 765 2518 τοῦ
833 2460 1092 2537 παρόντος
1165 2460 1478 2534 ζητήματος
1552 2459 1891 2535 ἀρκούμενοι.

245 2548 348 2608 Τίς
378 2548 477 2625 γὰρ
510 2546 936 2626 ἀξιοπιστότερος
969 2555 1062 2605 τοῦ
1094 2555 1226 2604 Θεοῦ
1262 2566 1279 2623 ;
1339 2549 1414 2612 τίς
1444 2545 1499 2603 δὲ
1530 2554 1647 2622 μετ’
1683 2546 1896 2604 ἐκεῖνον

245 2636 461 2713 ἔτερος,
527 2636 668 2705 πλὴν
728 2640 834 2693 τῶν
892 2637 1168 2694 αὒτοπτῶν
1228 2636 1388 2693 αὖτοῦ
1441 2640 1542 2692 καὶ
1617 2637 1894 2714 ὅπηρετῶν

251 2723 418 2802 [cod.
460 2724 486 2786 Γ
537 2725 675 2788 142.
705 2723 818 2802 1).],
880 2732 984 2781 τῶν
1030 2724 1424 2802 εὖχγγελιστῶν
1462 2724 1607 2801 λέγω
1638 2727 1724 2781 καὶ
1754 2728 1895 2781 ἀποι-

246 2813 487 2887 στόλων,
521 2815 750 2893 ὑπάρχει
795 2814 1108 2892 πιστότερος
1143 2832 1159 2893 ;
1195 2812 1360 2876 ὅντως
1393 2812 1581 2877 οὖδείς·
1619 2816 1709 2870 καὶ
1752 2813 1894 2892 μάρ-

244 2925 350 2962 τυς
409 2904 496 2958 καὶ
538 2905 566 2958 ὁ
620 2901 782 2982 λόγος
839 2904 926 2959 καὶ
986 2905 1014 2959 ὁ
1073 2902 1185 2978 βίος
1217 2901 1389 2958 αὖτῶν
1431 2903 1518 2958 καὶ
1565 2903 1625 2958 τὰ
1655 2903 1897 2977 θαύματα

244 2990 475 3056 ἄὶηπτα
519 2992 659 3069 παρᾶ
715 2997 878 3047 πᾶσιν
923 2988 1240 3070 ὑπάρχοντα
1269 2992 1357 3046 καὶ
1403 2989 1760 3064 ἄνεπίληπτα,
1807 2994 1896 3047 καὶ

1979 2115 2134 2172 mur,
2169 2099 2310 2160 dum
2343 2099 2404 2159 in
2432 2099 2848 2160 remissionem
2880 2099 3188 2178 culparum
3221 2098 3536 2163 sumimus.

2058 2186 2158 2250 ΙΙΙ.
2189 2189 2403 2266 Agesis
2433 2187 2506 2248 de
2531 2188 2643 2249 hoc
2673 2204 2914 2268 quoque
2938 2186 3216 2266 dogmate
3237 2206 3435 2249 sacras
3457 2188 3619 2250 locu-

1979 2281 2194 2352 tiones,
2229 2285 2402 2356 prout
2448 2277 2508 2336 in
2540 2277 2729 2337 sacris
2777 2275 3184 2337 voluminibus
3206 2275 3431 2358 jaceat,
3466 2277 3621 2338 infra

1980 2365 2339 2438 scribamus,
2394 2364 2843 2441 simplicissimo
2887 2365 3149 2444 ipsarum
3198 2373 3258 2426 et
3310 2375 3619 2428 constante

1982 2455 2302 2516 verborum
2341 2463 2548 2516 tenore
2570 2453 2639 2514 ad
2678 2454 2992 2534 praesentis
3023 2456 3445 2516 controversiae
3473 2474 3618 2518 auc-

1977 2544 2228 2605 toralem
2261 2542 2671 2604 definitionem
2693 2543 2784 2604 79
2807 2542 3107 2626 cantanti.
3145 2541 3289 2615 Quis
3316 2545 3476 2607 enim
3497 2543 3619 2609 Deo

1981 2633 2096 2694 ﬁde
2123 2633 2359 2711 dignior
2377 2633 2407 2693 ‘1
2439 2629 2594 2704 Quid
2623 2640 2752 2710 post
2776 2650 2910 2692 eum
2936 2631 3114 2704 alius,
3146 2641 3364 2710 praeter
3392 2651 3494 2694 eos
3519 2633 3622 2713 qui

1981 2723 2036 2783 ei
2068 2720 2285 2783 oculati
2340 2727 2522 2781 testes
2571 2719 2919 2795 adfuerunt,
2973 2721 3371 2798 evangelistas
3401 2721 3532 2783 dico
3562 2727 3624 2785 et

1978 2809 2276 2890 apostolos
2327 2809 2616 2888 majorem
2672 2816 2936 2869 nostram
2993 2808 3269 2869 ﬁduciam
3316 2810 3622 2889 postulat?

1981 2901 2232 2962 Prorsus
2276 2915 2478 2961 nemo.
2516 2895 2710 2958 Testis
2744 2914 2944 2959 sermo
2975 2914 3182 2958 eorum
3218 2905 3275 2958 et
3305 2897 3421 2959 vita
3445 2899 3623 2959 item-

1978 3006 2095 3070 que
2149 2986 2457 3060 miracula,
2521 3003 2655 3066 qua}
2709 2983 2867 3066 apud
2917 3003 3129 3047 omnes
3174 2985 3422 3048 indubia
3460 2995 3622 3068 sunt,

240 3077 526 3136 δεικνύντα
583 3078 800 3145 δούλους
860 3087 950 3136 τοῦ
1010 3083 1142 3137 Θεοῦ
1187 3078 1469 3146 ἀληθινοὺς
1501 3081 1688 3144 αὖτοὺς
1718 3081 1888 3158 ὑπάρ-

1983 3077 2248 3158 nullique
2310 3073 2770 3155 reprehensioni
2824 3073 3107 3147 obnoxia,
3161 3092 3410 3156 quaeque
3465 3076 3628 3156 ipsos

241 3189 378 3249 χειν
434 3173 530 3226 καὶ
585 3169 877 3249 μάρτυρας,
928 3170 1022 3226 Διὸ
1085 3168 1180 3226 καί
1231 3176 1318 3225 νῦν
1387 3167 1560 3224 αὐτῶν
1631 3167 1898 3247 λεγόντων

238 3259 593 3333 ἀκούσωμεν,

333 3351 618 3426 Μαρτυρίαι
691 3353 794 3416 τῆς
865 3349 1006 3411 θείας

237 3434 460 3516 ῥηθέντι
492 3435 660 3515 λόγῳ,

333 3521 432 3581 Ἐκ
461 3534 554 3585 τοῦ
584 3526 719 3582 κατὰ
751 3527 1024 3583 Ματθαϊον
1061 3525 1406 3605 Εὖαγγελίου.

1087 3352 1303 3426 Γριφῆς
1363 3355 1749 3425 συνηγοροῦσαι
1821 3348 1898 3422 τῷ

334 3609 631 3680 Ἐποίησαν
675 3612 731 3670 δὲ
775 3616 822 3671 οἱ
883 3619 1142 3690 μαθηταὶ,
1190 3619 1263 3679 ὼς
1305 3611 1582 3678 συνέταξεν
1644 3616 1828 3678 αυτοῖς
1873 3615 1901 3670 ὁ

244 3702 488 3777 Ἰησοῦς,
523 3705 612 3760 καὶ
635 3705 934 3779 ἡτοίμασαν
965 3705 1026 3760 τὸ
1058 3704 1278 3783 Πάσχα,
1307 3727 1365 3763 κ.
1397 3725 1452 3762 τ.
1488 3701 1543 3762 λ.

1977 3183 2155 3228 veros
2190 3164 2295 3226 Dei
2329 3163 2588 3226 famulos
2621 3171 2927 3243 testesque
2957 3163 3142 3225 fuisse
3183 3165 3624 3228 demonstrant.

1978 3256 2137 3331 Ergo
2170 3256 2333 3334 ipsos
2358 3271 2516 3314 nunc
2548 3253 2869 3330 loquentes
2898 3253 3239 3318 audiamus.

2060 3344 2284 3405 Divitiae
2308 3341 2634 3421 Scriptura:
2663 3341 3028 3417 testimonia,
3057 3359 3188 3423 quae
3213 3344 3462 3406 recitato
3491 3362 3628 3408 ser-

1983 3433 2145 3494 moni
2180 3429 2610 3510 suffragantur.

2061 3520 2166 3582 Ea:
2194 3519 2516 3598 cvangelio
2545 3519 2878 3580 secundum
2913 3519 3289 3582 Matthteum.

2064 3607 2361 3670 Fecerunt
2409 3615 2607 3668 autem
2659 3605 2940 3686 discipuli
2974 3615 3153 3686 prout
3197 3608 3461 3688 jusserat
3510 3609 3630 3674 illis

1987 3701 2182 3772 Jesus,
2216 3705 2274 3757 et
2305 3705 2672 3774 paraverunt
2703 3696 2951 3772 Pascha,
2989 3704 3108 3762 etc.

339 3802 419 3865 In
447 3803 560 3866 hac
583 3806 815 3885 pagina
843 3803 962 3864 142
985 3804 1018 3866 b
1048 3804 1272 3867 desinit
1291 3803 1587 3883 abruptus
1615 3804 1836 3867 tertius
1849 3822 2068 3869 sermo.
2094 3817 2200 3863 seu
2231 3797 2586 3860 testimonia
2617 3796 2796 3860 illuni
2827 3799 3293 3882 conﬁrmantia,
3315 3820 3452 3881 quae
3473 3809 3632 3866 certe

254 3897 454 3974 petita
483 3893 740 3970 fuerunt
781 3899 913 3970 post
963 3893 1316 3956 Matthamm
1360 3909 1435 3954 v.1:
1465 3892 1670 3955 Marco
1719 3900 1772 3955 et
1823 3897 1984 3958 Luca
2023 3891 2340 3966 Pauloque
2388 3887 2493 3948 ubi
2523 3887 2598 3948 de
2643 3889 3026 3950 sanctissima
3082 3889 3486 3952 Eucharistia
3539 3895 3635 3954 lo-

258 3989 560 4063 quuntur.
594 3982 666 4044 In
697 3982 939 4044 amissis
967 3989 1167 4043 autem
1199 3981 1456 4062 reliquis
1484 3983 1679 4061 operis
1709 3979 2222 4062 quaternionibus
2245 3981 2557 4054 perierunt
2579 3984 2699 4038 tres
2729 3978 3089 4052 posteriores
3113 3976 3278 4054 libri,
3315 3997 3463 4059 quos
3483 3998 3635 4045 auc-

264 4080 371 4134 tor
395 4072 672 4150 promisit
703 4072 770 4133 in
800 4070 1056 4132 historia
1087 4088 1151 4151 p.
1187 4070 1399 4143 15-16,
1430 4086 1648 4148 nempe
1670 4073 1741 4131 de
1768 4080 2000 4135 sanctae
2029 4068 2229 4132 crucis
2259 4065 2448 4141 culta,
2483 4065 2558 4127 de
2593 4063 2818 4128 Veteris
2863 4065 3222 4130 Testamenti
3244 4071 3634 4146 auctoritate,

267 4165 332 4223 et
362 4158 434 4221 de
452 4159 860 4222 ecclesiastica
891 4158 1265 4223 hierarehia.
1295 4159 1508 4222 Atium
1538 4160 1740 4239 operis
1781 4161 2123 4240 pleniorem
2175 4155 2445 4217 codicem
2488 4159 2704 4234 optare
2734 4157 2932 4236 magis
2981 4173 3164 4235 quam
3194 4174 3448 4237 sperare
3477 4157 3634 4224 licet.

266 4247 404 4311 Sed
431 4253 753 4330 antequam
783 4249 858 4311 de
889 4249 996 4311 hoc
1024 4265 1204 4330 opere
1234 4249 1440 4310 dicere
1463 4248 1692 4322 desino,
1734 4267 1963 4328 nequeo
2011 4265 2134 4310 non
2191 4245 2414 4306 mirari
2464 4246 2647 4308 Joan.
2703 4243 3055 4325 Chriswph.
3121 4244 3402 4326 Vol/ium,
3437 4248 3546 4327 qui
3573 4250 3641 4310 in

264 4338 447 4420 prter.
486 4338 565 4400 ad
593 4339 810 4401 anecd.
845 4337 956 4401 Gr.
996 4347 1043 4399 t.
1079 4337 1170 4413 ll,
1210 4336 1460 4399 Petrum
1492 4343 1771 4400 nostrum
1803 4339 2090 4402 Siculum
2122 4335 2277 4414 facit
2311 4333 3080 4413 Constantinopolitanum,
3120 4342 3401 4397 sanctum
3436 4336 3642 4400 Thau-

269 4433 657 4507 maturgum,
691 4434 747 4489 et
779 4428 1162 4507 Argivorum
1194 4430 1563 4507 episcopum,
1598 4428 1780 4488 citato
1809 4426 2107 4490 Bollando
2142 4431 2185 4486 t.
2219 4421 2290 4483 II
2313 4421 2524 4498 Febr.,
2552 4440 2616 4504 ρ.
2651 4421 2772 4485 610
2799 4425 2968 4499 (cum
2992 4425 3180 4486 citare
3210 4423 3507 4488 e'cbuisset
3537 4434 3580 4490 t.
3615 4423 3645 4488 I

271 4517 456 4589 Maii,
483 4534 552 4596 ρ.
582 4516 755 4596 428).
786 4515 912 4579 Sed
942 4533 1165 4597 reapse
1194 4515 1352 4578 nihil
1383 4534 1691 4577 commune
1722 4516 1940 4578 habevt
1975 4516 2191 4577 Petrus
2221 4511 2482 4575 Siculus
2513 4521 2575 4575 et
2627 4513 2845 4575 Petrus
2887 4511 3186 4592 Argivus,
3218 4531 3341 4576 non
3373 4522 3639 4592 atatem,

271 4622 404 4670 non
428 4607 722 4687 patriam,
754 4622 881 4669 non
908 4604 1236 4680 miracula,
1273 4622 1398 4668 non
1427 4607 1572 4668 vitae
1595 4604 1858 4686 denique
1876 4604 2345 4687 professionem.

362 4738 414 4782 ¹⁵
439 4740 646 4807 Matth.
680 4757 844 4818 XXVI,
873 4741 978 4818 26,
1008 4741 1114 4803 27.

367 4873 500 4955 (12)
529 4874 960 4938 Animadverte
994 4874 1347 4956 praeclarum
1387 4874 1798 4940 testimonium
1829 4876 1906 4941 de
1934 4876 2314 4942 sanctissima
2343 4875 2739 4942 Eucharistia.

1693 5200 2246 5286 MONITUM.

375 5332 646 5400 Orationi
673 5333 948 5417 sequenti
980 5350 1049 5396 ea
1081 5338 1309 5395 tantum
1359 5329 1778 5411 prtemittenda
1821 5348 2139 5393 censemus
2182 5345 2315 5412 quae
2365 5329 2440 5392 de
2478 5347 2590 5392 ms.
2627 5329 2833 5395 Graeco
2883 5331 3115 5410 codice,
3174 5331 3372 5413 deque
3414 5340 3659 5399 auctore

287 5427 584 5490 versionis
609 5443 786 5506 quam
813 5422 1174 5488 Benedictus
1206 5421 1415 5485 Piazza
1441 5418 1654 5494 edidit;
1678 5419 1955 5482 adnotata
1971 5420 2354 5500 reperiuntur
2376 5419 2448 5481 ad
2480 5419 2703 5484 calcem
2740 5422 3125 5503 exemplaris,
3159 5421 3316 5502 quod
3340 5421 3403 5483 in
3433 5425 3655 5485 Panor-

291 5513 523 5578 mitana
551 5513 796 5594 Collegii
823 5515 965 5577 Soc.
997 5511 1142 5575 Jesu
1172 5509 1536 5572 bibliotheca
1565 5517 1928 5575 asservatur.
1961 5510 2116 5572 Sunt
2146 5515 2348 5571 autem
2378 5525 2512 5591 quae
2540 5518 2875 5590 sequuntur
2905 5530 2920 5573 :
2954 5509 3362 5576 Tss'nuomnu
3391 5527 3657 5575 EXSCRIP-

293 5621 463 5673 ‘roms
488 5620 566 5669 nr
594 5618 968 5669 manus
1001 5616 1020 5669 :
1051 5600 1404 5683 Requisitus
1432 5599 1513 5664 ab
1533 5597 1711 5665 Mm.
1745 5597 1894 5663 Rev.
1929 5601 2120 5664 Patre
2146 5597 2416 5663 Antonio
2442 5597 2650 5664 Maria
2677 5602 2888 5669 Portio
2907 5602 3040 5668 δυο.
3071 5604 3242 5682 Iesu,
3271 5601 3406 5684 Ego
3435 5600 3660 5678 infras-
