4026 6226
198 357 353 426 1365
433 312 438 315 ’

1058 362 1343 428 ORATIO
1386 360 1764 429 FUNEBRIS
1807 361 1891 425 IN
1934 357 2004 422 Β.
2055 355 2592 421 ATHANASIUM.

3416 346 3572 412 1366

270 507 441 566 Ἀλλὰ
493 506 826 588 διεγέρθητε,
889 508 1179 589 arteriasue,
1246 510 1501 580 κινήσατε
1558 509 1690 584 πρὸς
1734 507 1896 575 τὴνΑ
2004 562 2005 565 η

2004 507 2080 566 Αι
2113 499 2436 578 exsurgite,
2473 497 2750 589 festinate
2786 514 2800 555 :
2837 492 3036 589 ﬁliam
3072 495 3328 589 vestram
3363 509 3432 552 ac
3458 489 3570 552 Dei

187 597 470 677 πρεσϐείαν
529 601 630 666 τὴν
687 599 835 674 ὑμῶν
885 598 1169 678 Θυγατέρα,
1233 600 1321 656 καὶ
1384 599 1601 678 Μητέρα
1651 599 1783 655 Θεοῦ
1816 611 1830 627 ⁹

188 687 253 743 οὗ
313 690 412 767 γὰρ
457 688 760 768 παρόψεται
802 688 992 765 γονέας
1056 691 1493 754 Ααθικετεύοντας
1529 706 1545 722 ’
1605 691 1740 764 ὁμοῦ
1783 685 1836 743 δὲ

1919 593 2166 655 Mairem
2191 590 2262 652 ad
2289 585 2750 670 supplicandum
2776 603 2882 667 pro
2898 583 3073 646 nobis
3088 582 3570 662 excitatetneque

1919 688 2078 745 enim
2108 680 2418 760 genitores
2451 679 2847 758 deprecantes
2870 672 3215 755 despiciet):
3250 679 3426 752 atque
3453 689 3570 733 una

186 778 322 854 πρὸς
369 779 462 833 τὸν
521 778 718 844 ταύτης
774 779 920 851 Υἱὸν,
981 776 1076 833 καῖ
1112 780 1264 851 Θεὸν,
1300 781 1387 834 καὶ
1418 779 1698 858 ὑμέτερον,
1745 777 1838 833 τὸν
1924 772 2004 853 (in

1924 769 2338 853 (intercedite)
2370 767 2526 849 apud
2559 767 2740 846 hujus
2782 765 3028 838 Filium,
3076 781 3145 824 ac
3177 761 3391 858 Deum,
3425 778 3571 858 ves-

186 866 327 923 κατὰ
359 868 553 946 σάρκα³
605 867 899 945 ἀπόγονον,
945 869 1136 943 Ἳσμεν
1179 869 1280 946 γὰρ
1311 875 1380 931 ὼς
1431 867 1674 942 οὖδαμῶς
1708 873 1828 934 Mr,-

186 957 314 1034 τρὸς
358 956 454 1013 mi
502 957 854 1036 προπατόρων
908 957 1262 1036 ἐδικρούσηται
1296 957 1478 1026 δέησιν
1513 975 1527 989 ·
1564 956 1684 1014 ἀλλ’
1718 959 1834 1013 εἷσ-

190 1045 476 1101 ανούσεται
535 1049 632 1102 καὶ
691 1046 850 1103 σώσει
907 1048 1051 1123 ἡμας
1111 1046 1171 1103 ἐκ
1234 1054 1343 1104 τῶν
1399 1045 1835 1122 ἐπεμϐαινόντων

188 1135 330 1216 ἡμῖν
361 1135 565 1216 ὁρατῶν
593 1137 680 1191 καὶ
713 1135 957 1206 ἀοράτων
1014 1142 1220 1216 πικρῶς
1277 1135 1550 1212 δυσμενῶν
1581 1153 1596 1170 ⁶
1631 1135 1727 1194 καί
1774 1136 1834 1193 τὸ

189 1215 384 1271 λοιπὸν
426 1215 524 1283 τῆς
583 1216 854 1292 ἡμετέρας
906 1222 1076 1290 ζωῆς,
1117 1215 1376 1282 ίεῦσταθὲς
1434 1233 1522 1275 καὶ
1567 1217 1836 1296 εἰρηνικὸν

189 1305 282 1361 καὶ
325 1305 602 1386 ἀτάραχον
647 1304 958 1385 διατηρήσει
1017 1305 1269 1383 λείψανον
1303 1323 1320 1339 ⁸
1375 1305 1455 1365 ὅτι
1503 1309 1634 1372 Θεὸς
1678 1310 1835 1374 cuti);

189 1393 371 1461 ἐλέους
441 1398 530 1451 καὶ
591 1395 989 1476 φιλανθρωπίας
1061 1397 1229 1478 ἐστὶν,
1286 1397 1384 1454 καί
1443 1400 1586 1471 αὒτῷ
1640 1398 1834 1474 πρέπει

187 1489 338 1540 πᾶσα
369 1483 512 1560 δόξα,
557 1487 690 1560 τιμὴ
746 1487 842 1544 καί
899 1489 1287 1568 ττροτιίιύνησις³
1339 1487 1430 1543 σὺν
1487 1494 1564 1562 τῷ
1609 1487 1831 1569 ἆνάρχῳ

190 1574 353 1630 αὒτοῦ
407 1576 593 1656 Πιτρὶ,
644 1577 737 1631 σὺν
794 1583 872 1650 τῷ
924 1579 1168 1656 παναγῖῳ
1214 1579 1302 1634 καὶ
1333 1577 1514 1655 ἀγαθῷ
1547 1577 1640 1633 καί
1684 1586 1826 1649 ζωο-

1921 850 2204 941 trumque
2237 858 2568 920 secundum
2603 873 2846 918 carnem
2881 850 3342 935 nepotem.Non
3375 851 3561 928 enim,

1920 961 2088 1013 certo
2123 950 2182 1011 id
2215 948 2464 1022 scimus,
2521 945 2754 1028 Matris,
2797 961 3172 1021 avorumque
3218 959 3430 1023 preces
3461 959 3545 1003 re-

1919 1041 2126 1122 pellet,
2153 1038 2258 1100 sed
2299 1037 2596 1112 exaudiet,
2634 1054 2865 1116 nosque
2890 1033 3160 1095 tuebitur
3188 1031 3262 1094 ab
3292 1030 3566 1094 hostibus

1916 1128 2258 1191 visibilibus
2289 1135 2467 1209 atque
2498 1123 3038 1204 invisibilibus,qui
3062 1122 3289 1185 nefario
3313 1122 3448 1183 odio
3484 1123 3568 1182 in-

1917 1218 2085 1281 censi
2142 1215 2534 1280 acerbissime
2595 1215 2771 1276 nobis
2825 1212 3152 1288 insultant;
3184 1211 3470 1294 quodque
3502 1211 3565 1272 in

1919 1317 2227 1390 posterum
2289 1307 2592 1388 reliquum
2643 1313 2733 1367 est
2782 1304 2918 1368 vitae
2952 1311 3196 1380 nostrae,
3229 1302 3557 1375 incolume,

1919 1399 2330 1479 paciﬁcumet
2359 1415 2392 1458 a
2426 1394 2902 1478 perturbationis
2946 1412 3198 1456 vacuum
3234 1409 3560 1453 conserva—

1919 1486 2328 1561 bit.Quoniam
2385 1488 2512 1569 ipse
2571 1484 3004 1548 misericordiae
3054 1493 3114 1545 et
3171 1481 3561 1562 benignitatis

1915 1575 2077 1640 Deus
2107 1587 2220 1653 est,
2257 1586 2316 1639 et
2348 1579 2542 1658 ipsum
2579 1577 2757 1639 decet
2788 1575 2980 1653 gloria
3025 1573 3242 1649 omnis,
3277 1573 3474 1634 honor
3504 1579 3562 1632 et

188 1669 334 1738 ποιῷ
389 1665 547 1721 αὐτοῦ
603 1666 898 1746 [Ινεύματι³
947 1679 1038 1722 νὺν
1096 1666 1192 1724 καί
1253 1667 1356 1745 ἀεὶ,
1411 1669 1497 1724 καὶ
1557 1668 1628 1732 εἰς
1701 1669 1826 1733 τοὺς
1909 1667 2005 1730 adt

1918 1667 2206 1750 adoratio,
2241 1687 2374 1730 cum
2413 1676 2712 1729 coaeterno
2751 1666 2881 1745 ejus
2911 1664 3177 1739 Patre,et
3204 1681 3339 1726 cum
3374 1679 3556 1723 sanc-

184 1752 384 1816 αἰῶνας
416 1757 521 1809 τῶν
552 1754 757 1810 αἰώνων
814 1752 1014 1832 Ἀμήν,
1909 1758 2005 1820 iis!

1918 1758 2142 1820 tissimo
2175 1765 2232 1819 et
2264 1756 2422 1820 bono
2455 1767 2513 1819 et
2562 1757 2895 1818 vivificante
2927 1755 3057 1832 ejus
3103 1752 3354 1834 Spiritu,
3391 1769 3553 1813 nunc

1909 1859 1968 1914 et
1998 1871 2240 1935 semper
2270 1861 2328 1914 et
2360 1851 2422 1913 in
2446 1850 2663 1914 saecula
2696 1849 3082 1912 saeculorum.
3116 1848 3337 1909 Amen.

1053 2209 1437 2278 MONITUM
1477 2213 1572 2284 IN
1611 2213 1777 2281 ORA
1795 2215 2114 2282 ΤΙΟΝΕΜ
2154 2215 2679 2294 SEQUENTEM.

946 2407 1276 2488 (BOLLAND.
1313 2409 1470 2474 Acta
1499 2409 1894 2492 Sanctorum,
1925 2412 2194 2477 Januarii
2229 2422 2373 2479 tom.
2402 2414 2473 2492 ΙΙ,
2513 2433 2572 2496 p.
2615 2413 2808 2489 1195.;

264 2628 561 2734 Methone,
597 2629 934 2734 clarissima
973 2627 1404 2734 Messeniorum
1429 2633 1968 2734 _in_Peloponneso
1995 2639 2223 2715 civitas,
2267 2637 2565 2717 insignem
2609 2639 2917 2700 sanctitate
2960 2633 3308 2714 episcopum
3339 2631 3556 2693 steculo

181 2722 518 2829 Eh‘risti’ano
553 2741 711 2829 nono
742 2723 1129 2829 Athanasium
1168 2724 1393 2829 habuit.
1429 2725 1483 2829 ls
1517 2727 1751 2829 Satanae
1780 2731 1842 2792 in
1891 2731 2099 2795 Sicilia
2148 2741 2323 2795 natus
2356 2741 2550 2814 natus,
2585 2733 2780 2794 insula
2821 2749 2854 2792 a
2883 2727 3230 2807 Saracenis,
3266 2725 3556 2789 Michaele

178 2816 362 2923 Balbo
393 2818 757 2923 imperante,
775 2818 1286 2923 circ-iterhannum
1315 2817 1533 2882 Christi
1560 2823 1678 2923 827
1711 2838 2019 2910 occupata,
2055 2831 2113 2891 in
2146 2831 2626 2911 Peloponnesum
2661 2847 2794 2891 cum
2824 2823 3175 2908 parentibus
3205 2822 3558 2885 adolescens

181 2911 458 2992 profugit.
495 2914 582 2974 De
613 2930 683 2974 eo
714 2909 993 2976 Octavius
1022 2911 1339 2994 Cajetanus
1371 2925 1574 2979 noster
1609 2919 1669 2980 in
1699 2921 1835 2983 Idea
1865 2909 2065 3004 operis
2093 2923 2168 2984 de
2197 2909 2311 2986 SS.
2343 2922 2564 2986 Siciliae
2595 2923 2673 2985 629
2703 2921 2847 2985 Julii
2880 2921 2960 2982 ita
2992 2917 3202 2981 scribit
3235 2937 3250 2978 :
3290 2918 3547 2978 Catane:

175 3009 665 3111 commemoratio
698 3008 900 3111 cuncti
928 3007 1261 3111 Athanasii
1297 3010 1678 3111 {.‘atanensis,
1717 3016 2023 3079 Mcthones
2066 3019 2333 3098 episc0pt'
2375 3026 2428 3078 et
2472 3017 2857 3096 confessoris.
2904 3012 3253 3094 Cajetanum
3287 3010 3560 3092 sequitur

183 3101 514 3171 Ferrarius,
551 3117 664 3161 nec
693 3099 808 3160 alio
843 3099 943 3162 die
971 3101 1102 3180 ejus
1136 3101 1565 3170 meminerunt.
1600 3109 1708 3187 Agi
1743 3106 1978 3172 Catanae
2009 3109 2170 3172 illius
2205 3109 2461 3172 natalem
2497 3110 2692 3192 pridie
2722 3107 2977 3171 Kalend.
3019 3104 3334 3169 Februarii
3366 3103 3557 3181 signi-

187 3194 386 3298 ficavit
415 3192 590 3256 nobis
621 3194 1344 3298 Franciscus-Blanditius
1379 3207 1614 3278 noster;
1649 3201 1750 3282 qui
1786 3211 1843 3264 et
1872 3203 2033 3265 illius
2064 3202 2256 3262 Vitam
2308 3221 2340 3263 a
2387 3204 2563 3266 Petro
2616 3203 2818 3266 Siculo
2870 3200 3218 3279 Argivorum
3271 3197 3556 3278 episcopo

187 3288 497 3366 scriptam,
528 3304 562 3349 ο
597 3306 743 3354 mss.
778 3288 1088 3351 codicibus
1125 3290 1316 3370 magni
1339 3294 1685 3356 monasterii
1715 3295 1915 3358 Sancti
1947 3296 2264 3359 Salvatoris
2296 3297 2525 3360 ordinis
2556 3299 2759 3360 Sancti
2787 3295 2993 3361 Basilii
3025 3294 3328 3367 Messanae,
3351 3291 3559 3353 Latine

188 3398 317 3485 ause
340 3380 808 3485 v_ersam,.nollt‘i_s
841 3381 1611 3485 transmisitimonuitque
1642 3387 1801 3450 hunc
1839 3388 2008 3451 illum
2042 3389 2226 3452 videri
2261 3389 2501 3453 Petrum
2535 3392 2803 3456 Siculum
2851 3409 3008 3464 esse,
3046 3388 3144 3469 qui
3175 3407 3333 3449 anno
3370 3387 3409 3448 2
3439 3388 3556 3448 Ba-

189 3472 307 3536 silii
339 3472 693 3579 Macedonis,
727 3472 946 3537 Christi
991 3476 1134 3550 868,
1182 3475 1486 3579 Tibricam
1530 3480 1832 3543 Armeniae
1879 3483 2177 3546 civitatem
2233 3503 2337 3565 pro
2386 3486 2752 3566 captivorum
2820 3481 3261 3564 permutatione
3306 3481 3556 3559 legatus,

187 3585 519 3647 novemque
549 3568 725 3631 isthic
760 3588 1002 3632 menses
1038 3579 1332 3647 moratus,
1369 3573 1610 3655 scripsit
1641 3575 1716 3638 de
1772 3575 2256 3653 Manil-hmorum,
2294 3597 2441 3656 quos
2473 3577 2649 3638 isthic
2682 3577 2914 3649 didicit,
2962 3573 3268 3636 erroribus
3309 3572 3555 3648 librum,

188 3661 286 3740 qui
336 3679 370 3722 a
421 3660 696 3725 Matthazo
751 3664 989 3728 Radero
1018 3673 1223 3728 nostro
1259 3667 1460 3728 Latine
1507 3686 1741 3742 versus,
1793 3679 1984 3732 exstat
2018 3683 2058 3734 t.
2092 3670 2184 3733 IX.
2223 3669 2612 3735 Bibliotheca:
2674 3672 2799 3734 PP.
2857 3667 3134 3733 Meminit
3187 3667 3369 3747 hujus
3402 3664 3558 3729 Petri

186 3756 476 3820 Baronius
515 3758 587 3820 ad
643 3777 740 3821 an.
777 3758 915 3839 870,
953 3780 1120 3823 num.
1157 3760 1258 3827 62.
1313 3761 1479 3827 Hanc
1524 3761 1719 3826 Vitam
1755 3764 1815 3827 in
1847 3766 2065 3847 capita,
2103 3785 2268 3830 more
2299 3773 2525 3842 nostro,
2558 3765 2997 3830 distribuimus.

1000 4281 1259 4355 PETRl
1337 4282 1657 4374 SICULI,
1738 4282 2188 4359 ARGORUM
2263 4286 2699 4380 EPISCOPI,

641 4510 930 4576 ORATIO
973 4510 1352 4577 FUNEBBIS
1395 4511 1472 4577 IN
1519 4511 1584 4577 S.
1628 4513 2154 4593 ATHANASIUM,
2204 4517 2613 4582 METHONES
2659 4519 3110 4586 EPISCOPUM.

1023 4719 1373 4804 Interprete
1402 4723 1728 4787 Francisco
1760 4723 2080 4788 Blanditio
2127 4724 2446 4790 Sacielatz‘s
2475 4729 2644 4790 Jesu.

401 5085 541 5190 (itte.
576 5085 633 5190 Ι..
660 5121 731 5132 -
769 5086 1108 5190 Exordium
1140 5095 1198 5153 et
1233 5091 1601 5190 P-rop-OSHI'O:
1752 5183 1788 5190 η
1848 5102 1883 5153 Β
1907 5095 1976 5156 ad
2007 5104 2326 5174 utramque
2349 5104 2576 5175 partem
2601 5095 3556 5173 habeantmomentum,commu-

263 5173 438 5248 LQui
465 5177 844 5240 heroicarum
878 5179 1164 5240 virtutum
1191 5173 1520 5262 splendore
1543 5183 1725 5246 vitam
1751 5183 1829 5246 il-
1915 5195 2114 5248 tantur
2141 5173 2469 5248 secundum
2498 5189 2790 5249 utentium
2815 5186 3302 5267 propensionem,
3327 5203 3553 5266 eosque

181 5264 990 5371 lustrarunt‘suamﬁeseque
1012 5269 1085 5330 ab
1112 5272 1832 5348 omnifzeculentaJtumi-
1915 5277 1986 5338 ad
2023 5277 2114 5338 sui
2150 5276 2616 5338 delectationem
2655 5264 2998 5338 traducunt.
3031 5273 3128 5337 Sic
3163 5274 3321 5336 enim
3358 5264 3562 5337 incre-

179 5374 294 5436 que
320 5365 567 5436 repente
594 5364 911 5421 vitiositate
935 5372 1546 5445 secrevcrunt,atque
1569 5365 1641 5427 ad
1674 5364 1832 5426 divi-
1919 5378 2183 5428 mentum
2220 5367 2413 5447 capiet
2445 5367 2634 5429 virtus
2665 5385 2898 5444 eorum,
2927 5365 3029 5447 qui
3063 5384 3192 5427 eam
3227 5372 3560 5447 sectantur,

181 5462 320 5509 nun
347 5447 720 5525 ccelesteque
748 5450 893 5512 illud
924 5451 1222 5531 fastigium
1253 5454 1647 5536 sustulerunt,
1683 5474 1834 5516 con-
1920 5476 2068 5536 quos
2092 5457 2409 5518 admiratio
2436 5458 2868 5537 consequitur:
2896 5465 3072 5536 atque
3103 5453 3234 5536 ejus
3262 5455 3557 5516 luminum

177 5553 386 5616 gruum
420 5547 513 5600 est
538 5537 745 5600 beatos
771 5539 1070 5619 judicare,
1110 5543 1475 5626 laudumque
1505 5545 1822 5624 praeconiis
1904 5547 2259 5627 splendores
2291 5547 2667 5610 disseminati
2700 5565 2808 5628 per
2831 5546 3175 5609 auditorum
3210 5564 3390 5607 aures
3418 5563 3556 5606 cum

180 5640 248 5684 eo
272 5641 367 5684 nm
409 5629 824 5701 notare;siquid
848 5633 963 5688 aliu
986 5633 1002 5687 l
1028 5634 1819 5702 eoruminfsriortsordinis,
1909 5638 2099 5699 lanista
2124 5638 2581 5713 acclamatione,
2607 5636 2680 5697 ad
2715 5635 2987 5698 eamdem
3019 5635 3300 5696 virtutem
3335 5652 3554 5712 capes-

183 5734 310 5797 quae
330 5715 506 5798 vulgo
529 5717 1138 5788 bonaexistimantur:
1168 5743 1300 5806 quae
1318 5745 1456 5789 cum
1476 5726 1826 5790 facillimum
1910 5725 2159 5791 sendam
2192 5726 2508 5811 diligentes
2539 5747 2607 5790 ac
2639 5725 2844 5805 vigiles
2875 5726 3108 5789 animos
3141 5723 3554 5788 exstimulant:
