3994 6232
263 371 418 438 1373

1172 374 1455 439 ORATIO
1499 372 1886 441 FUNEBRIS
1927 373 2010 438 IN
2049 373 2120 438 Β.
2166 375 2708 443 ATHANASIUM.

3420 347 3438 354 ”
3461 357 3611 428 1374

252 502 549 594 vincebat,
581 520 696 585 qua
727 503 1046 594 exemplis,
1080 522 1194 585 qua
1216 504 1754 583 adhortationibus,
1774 524 1889 587 qua
1910 527 1946 565 Α
1971 515 2159 571 tutum
2192 510 2425 594 formis,
2450 511 2688 574 Petrum
2710 509 3086 587 interrogans
3108 500 3380 594 Christus
3407 498 3611 594 Domi-

252 595 431 656 etiam
465 593 702 655 idoneis
723 593 1441 674 objurgationibus,nunc
1470 597 1728 658 terrifica
1751 614 1891 658 ora-

254 684 415 746 tione
437 683 748 745 delineans
771 683 1080 745 horribilis
1095 684 1314 764 judicii
1343 685 1600 749 tribunal
1611 687 1890 758 ,severis-

248 773 458 835 simam
511 773 572 834 in
620 773 836 834 throno
897 773 1165 834 sedentis
1219 775 1446 836 Judicis
1521 776 1887 856 aequitatem,

245 861 670 925 acerbissimas
699 881 1008 944 pinnarum
1037 862 1475 926 dissolutiones
1505 865 1577 925 ab
1611 863 1890 928 omnibus

249 972 354 1034 pro
379 952 503 1015 suis
536 953 828 1034 cujusque
864 952 1096 1014 meritis
1126 953 1464 1030 exigentem
1508 975 1520 1013 :
1548 953 1709 1036 ipsas
1746 975 1890 1037 quo-

247 1061 361 1123 que
392 1042 702 1123 angelicas
725 1051 959 1104 mentes
985 1042 1170 1105 torvis
1197 1043 1669 1126 ardentibusque
1701 1045 1889 1108 oculis

247 1132 673 1211 descipientes,
701 1151 900 1213 neque
933 1134 1292 1194 miserantes
1333 1133 1522 1195 vicem
1575 1135 1887 1196 hominum

249 1221 489 1283 aeternis
537 1222 776 1301 ignibus
825 1223 1322 1304 mancipatorum,
1369 1242 1439 1286 eo
1470 1223 1610 1305 quia
1657 1232 1891 1306 tempus

251 1330 370 1372 non
409 1312 804 1392 pmnitentiaz,
837 1311 944 1374 sed
976 1313 1484 1377 remunerationis
1528 1314 1888 1379 advenisset.

250 1399 356 1463 His
387 1402 571 1481 igitur
595 1403 875 1485 alloquiis
903 1403 1246 1483 complures
1291 1402 1365 1464 ad
1397 1401 1616 1465 bonam
1661 1405 1889 1484 frugem

256 1491 542 1574 correxit,
576 1492 635 1554 in
666 1512 893 1574 suaque
941 1493 1136 1573 coegit
1179 1493 1355 1570 retia,
1389 1493 1593 1575 itaque
1623 1495 1694 1556 ad
1730 1513 1896 1556 men—

255 1599 382 1642 sam
435 1580 680 1658 Christi,
727 1583 825 1644 cui
876 1583 937 1644 in
993 1583 1182 1664 pretio
1234 1602 1302 1644 ac
1349 1583 1583 1646 deliciis
1619 1593 1707 1646 est
1735 1584 1894 1646 salus

258 1671 596 1748 hominum,
629 1672 809 1735 veluti
845 1673 1156 1755 opiparum
1191 1671 1504 1735 obsonium
1544 1675 1893 1736 transmisit.

257 1761 355 1824 Sic
382 1761 566 1841 igitur
593 1761 939 1824 attributum
991 1762 1106 1824 sibi
1159 1764 1446 1824 talentum
1486 1763 1672 1824 multo
1719 1765 1900 1845 pluri-

1975 618 2111 677 nus,
2160 600 2220 662 in
2272 621 2343 663 eo
2388 591 2797 682 praeoptavit'l,
2843 615 3098 678 eamque
3147 591 3609 682 aggrediendam

1974 709 2098 770 prce
2127 681 2703 772 reliquis’disci’pulo
2753 692 2845 752 sui
2898 681 3607 772 amantissimo,jamjam

1972 771 2326 843 Christianae
2377 783 2462 844 rei
2516 771 2833 862 imperium
2881 775 3239 865 capessenti,
3279 771 3610 865 proposuit.

2051 871 2148 933 42.
2177 869 2434 952 Operam
2460 875 2638 933 etiarn
2672 872 2849 933 dabat
2881 862 3247 934 Athanasius
3278 862 3611 925 secundum

1970 959 2285 1042 PrOphetae
2318 961 2680 1041 oraculum8,
2716 972 2778 1023 ut
2823 961 2884 1022 in
2917 957 3131 1020 divinis
3156 954 3468 1036 praeceptis
3491 969 3613 1013 non

1973 1052 2130 1132 quod
2146 1061 2303 1114 esset
2320 1051 2600 1127 satis,sed
2617 1069 2755 1115 vere
2779 1050 3029 1113 nimium
3043 1066 3111 1110 ac
3130 1062 3429 1107 summum
3463 1059 3614 1104 con-

1973 1141 2662 1223 cupisceretzideoquein
2677 1141 3009 1204 caelestium
3023 1136 3436 1200 mandatorum
3455 1142 3615 1196 terra

1975 1233 2303 1312 permansit
2325 1250 2534 1294 semen
2552 1233 2840 1314 ejus,sive
2863 1230 2921 1292 id
2946 1226 3239 1293 exstiterit
3255 1243 3453 1288 sermo
3470 1242 3615 1306 pras-

1975 1323 2238 1403 ceptoris
2261 1323 2317 1384 in
2341 1323 2875 1404 auditowmatque
2894 1319 3250 1383 intuentium
3263 1314 3615 1404 cordisagrﬁo

1977 1430 2086 1492 per
2113 1412 2489 1475 admirabilia
2514 1432 2696 1494 opera
2714 1403 3174 1484 disseminatus;
3207 1407 3330 1468 sive
3351 1404 3528 1466 etiam
3548 1403 3614 1483 ii,

1977 1503 2078 1582 qui
2123 1502 2196 1563 ab
2242 1522 2312 1564 eo
2345 1504 2512 1584 quasi
2565 1502 2866 1583 concepti,
2900 1501 2960 1562 in
2993 1502 3187 1563 lucem
3236 1496 3403 1571 editi,
3435 1502 3615 1574 atque

1977 1590 2216 1652 educati
2243 1591 2535 1671 genuinus
2559 1592 2912 1655 seminantis
2943 1608 3008 1652 se
3040 1589 3191 1651 tilios
3221 1587 3422 1666 reipsa
3457 1601 3616 1646 com-

1981 1681 2325 1760 probarent.
2361 1681 2623 1746 Omnino
2656 1681 2869 1761 gloria,
2896 1678 3282 1756 tnaximzeque
3314 1673 3530 1736 divitiae
3554 1673 3616 1733 in

1981 1769 2158 1832 demo
2175 1772 2328 1852 ejus,
2344 1770 2404 1832 in
2424 1768 3274 1852 Ecclesia,inquam,cumfejus
3292 1765 3430 1826 item
3447 1762 3619 1843 juSti-

253 1847 367 1942 ῥηε
393 1852 697 1942 νθάδυὲθηε
723 1852 1104 1927 Αῑῒηηθείυε,
1139 1851 1228 1942 ιξῐ·
1263 1852 1386 1942 ,ἰδίη
1436 1862 1711 1933 Spectata?
1742 1854 1892 1916 ﬁde-
1921 1885 1956 1934 Β
1983 1861 2061 1923 tia
2095 1864 2150 1924 in
2184 1847 2469 1923 aeternum
2505 1847 2854 1942 perseveret
2885 1881 2900 1924 :
2937 1879 3055 1920 non
3078 1873 3318 1930 vacuus,
3343 1853 3611 1942 inquam,

253 1939 459 2014 litatis,
499 1942 813 2002 multarum
851 1942 1086 2003 urbium
1137 1941 1402 2003 obtinuit
1443 1942 1842 2022 principatum
1875 1965 1889 2002 :

254 2030 342 2091 sic
373 2029 432 2090 in
463 2028 704 2092 Domini
733 2031 826 2091 sui
876 2031 1156 2108 gaudium
1212 2039 1302 2092 est
1343 2030 1648 2110 ingressus
1670 2035 1722 2107 5,
1758 2053 1890 2095 cum

254 2138 388 2182 sese
419 2139 662 2202 suaeque
703 2140 861 2183 cura;
910 2121 1265 2182 commissos
1320 2122 1468 2184 tilios
1509 2122 1894 2186 intaminatos

252 2222 434 2291 atque
464 2215 757 2272 innocuos
789 2211 1188 2274 exhibuisset.

333 2301 357 2362 1
383 2299 518 2362 |.Ea
535 2301 1082 2381 proptergloriosos
1097 2302 1358 2363 honores
1381 2321 1411 2363 a
1439 2301 1558 2365 Dco
1581 2310 1894 2364 estconse-

251 2398 448 2471 cutus,
484 2407 816 2471 omnesque
844 2392 1285 2472 suppeditatam
1317 2391 1433 2453 sibi
1472 2391 1766 2455 bonorum
1801 2392 1892 2452 af-

253 2480 557 2542 ﬂuentiam
575 2480 1000 2543 concelebrant
1019 2481 1608 2554 mortales,insolitos
1625 2483 1893 2545 utilitatis

253 2571 482 2632 fructus
515 2589 583 2632 ex
616 2589 734 2631 una
767 2571 898 2651 ejus
932 2572 1223 2633 memoria
1273 2573 1691 2653 decerpentes.
1727 2571 1893 2634 Sicut

255 2661 416 2723 enim
449 2659 731 2739 cogitatio
763 2670 819 2722 et
850 2661 1174 2722 coliocutio
1206 2681 1404 2723 rerum
1439 2682 1544 2724 sua
1569 2673 1774 2724 natura
1804 2681 1894 2723 ve-

257 2755 494 2813 titarum
519 2749 893 2812 auditoribus
914 2749 1159 2832 pariter,
1190 2752 1528 2832 pariterque
1552 2753 1897 2833 colloquen-

255 2840 687 2918 tibus,necnon
703 2842 874 2901 etiam
892 2841 1639 2920 cogitantibusidentidem
1669 2841 1892 2903 nocuit:

257 2931 346 2993 sic
380 2951 411 2993 e
445 2930 746 2992 contrario
801 2929 1091 2991 bonarum
1147 2949 1346 2994 rerum
1396 2934 1888 2993 commemoratio

259 3041 379 3083 non
433 3019 772 3081 mediocres
805 3018 1142 3081 conciliavit
1192 3021 1499 3085 utilitates.
1555 3024 1759 3099 Itaque
1791 3022 1864 3082 do

261 3130 428 3186 cens,
464 3119 520 3170 et
547 3109 769 3171 faciens
822 3110 906 3189 (at
949 3109 1216 3171 divinum
1263 3110 1460 3192 inquit
1500 3111 1887 3189 oraculumG),

1977 1941 2730 2032 gloriolzeinanistumoret
2753 1951 2918 2032 quasi
2940 1950 3438 2029 inﬂataaquarum
3455 1941 3618 2004 bulla

1976 2061 2108 2123 quze
2133 2042 2414 2103 ocissime
2440 2042 2736 2104 evanescit
2766 2062 2780 2104 :
2807 2059 2999 2120 neque
3032 2045 3208 2101 etiam
3235 2036 3351 2097 illae
3373 2033 3614 2108 divitiae,

1976 2151 2109 2212 quae
2123 2131 2180 2192 in
2197 2130 2438 2194 caeleste
2457 2150 2705 2210 regnum
2732 2127 3234 2193 contendentibus
3245 2126 3616 2188 reluctantur

1975 2233 2105 2291 qua
2129 2222 2247 2278 suis
2271 2224 2630 2278 amatoribus
2647 2233 2950 2277 soxcentas
2969 2218 3322 2291 calamitates
3344 2215 3615 2291 conciliat

1977 2285 2109 2370 qua;
2126 2294 2184 2354 in
2202 2293 2446 2374 laqueos
2467 2289 3359 2366 etinsidiasdiaboliimpellunt
3379 2285 3618 2368 eos,qui

1977 2382 2264 2444 effrenata
2285 2383 2538 2464 quadam
2573 2379 3387 2463 cupiditateinsaturabiliter
3410 2395 3474 2439 se
3498 2375 3618 2439 illis

1977 2471 2176 2533 volunt
2198 2473 2538 2554 manciqare
2565 2495 2578 2536 :
2601 2492 2717 2533 non
2733 2471 2972 2534 demum
2994 2469 3420 2533 illaiscelerum
3439 2485 3618 2546 expe-

1977 2562 2480 2629 ditasadminist'aa.
2501 2577 2628 2634 quae
2644 2563 2869 2620 abunde
2893 2561 3190 2619 materiam
3218 2559 3453 2616 illorum
3474 2572 3606 2627 sug-

1977 2662 2192 2731 gerunt
2216 2654 2516 2715 incendiis
2541 2675 2554 2717 :
2583 2653 2687 2715 sed
2717 2653 2841 2728 illa,
2867 2653 2967 2716 illa
2992 2651 3232 2735 quidem
3253 2648 3461 2728 gloria,
3487 2665 3619 2728 quae

1983 2743 2175 2804 beatis
2197 2743 2545 2822 angelorum
2568 2744 2871 2806 mentibus
2894 2762 3070 2825 pares
3096 2744 3391 2804 honorum
3414 2737 3618 2815 digni-

1983 2841 2102 2894 tate
2127 2842 2388 2912 przestat;
2407 2852 2540 2914 qua:
2569 2843 2657 2895 ter
2679 2843 2950 2895 sanctum
2979 2832 3166 2896 Deum
3205 2834 3362 2892 inter
3381 2835 3619 2890 sanctos

1972 2922 2288 3001 degentem
2304 2923 2474 2985 nobis
2489 2925 2870 3004 quantumvis
2888 2923 2948 2986 in
2976 2933 3136 2986 terra
3157 2925 3618 2993 vexatis,sancte

1975 3022 2173 3075 tamen
2204 3013 2645 3089 venerantibus,
2682 3014 2994 3089 conciliat;
3047 3031 3180 3093 quae
3228 3027 3492 3092 praesens
3525 3015 3615 3070 est

1977 3103 2187 3183 pignus
2201 3103 2458 3164 coelestis
2475 3103 2681 3183 gloriae
2698 3113 3064 3183 sanctorum;
3091 3119 3219 3183 que
3243 3107 3444 3161 nostra
3461 3115 3617 3158 mor-

251 3200 396 3263 fecit
426 3218 634 3260 omnes
681 3188 974 3261 docibiles
1023 3199 1155 3280 Dei,
1189 3188 1368 3281 atque
1411 3200 1788 3280 perspicaces
1820 3188 1952 3281 ad"
1981 3193 2184 3281 talium
2205 3188 3619 3274 praecordiaeocompletgandio,utindelaetitite

249 3289 717 3354 discernendum
753 3289 976 3351 bonum
1009 3309 1043 3350 a
1077 3267 1612 3364 malo,.lion'e;tu'rn
1645 3309 1678 3350 ει
1714 3292 1891 3372 turpi,
1913 3267 1953 3316 ο
1979 3267 2335 3343 immortalis
2358 3267 3214 3345 cumulusredunde't:Divitiae
3235 3281 3478 3342 demum
3502 3297 3620 3340 non

247 3381 377 3446 Non
393 3379 895 3462 quemadmodum
921 3380 1233 3442 Zamolxes
1258 3389 1315 3441 et
1343 3379 1703 3441 Anacharsis
1726 3381 1892 3456 olim,

250 3490 504 3557 quorum
521 3469 788 3552 quamvis
803 3469 1194 3532 barbarorum
1213 3470 1563 3550 sapientiam
1588 3471 1778 3534 Graeci
1801 3471 1901 3533 ad-

253 3565 539 3626 mirantes
565 3569 1004 3642 suspexerunt:
1035 3580 1228 3643 neque
1253 3562 1432 3621 etiam
1466 3568 1530 3621 ut
1550 3561 1704 3641 apud
1728 3562 1902 3642 Spar-

253 3652 794 3731 tiataslegumlator
811 3650 984 3732 Lycui
1002 3670 1133 3731 gus,
1155 3652 1596 3732 Mnesionapud
1621 3653 1895 3731 Argivos,

253 3743 408 3824 apud
445 3741 638 3822 Pylios
656 3740 892 3821 Nestor,
909 3743 1085 3820 Cujus
1109 3759 1448 3802 sermonem
1470 3741 1647 3802 melle
1661 3742 1898 3802 dulcio-

253 3853 380 3895 rem
407 3833 595 3895 edixit
616 3830 946 3907 Homerus;
983 3850 1100 3892 non
1127 3831 1369 3892 demum
1397 3831 1480 3892 uti
1512 3832 1709 3909 legum
1735 3851 1902 3892 sanc-

255 3929 418 3984 tores
448 3921 632 3983 Solon
688 3931 742 3982 et
793 3921 1092 3982 Clistenes
1123 3921 1276 4001 apud
1309 3921 1714 3982 Athenienses
1750 3940 1762 3982 :
1799 3923 1898 4002 qui

255 4031 398 4074 sane
430 4029 644 4072 omnes
679 4029 797 4072 non
823 4010 999 4072 modo
1022 4010 1291 4072 finitimis
1313 4010 1560 4074 erciae
1583 4010 1815 4092 populis
1839 4019 1900 4071 ut

253 4122 390 4165 suas
420 4101 763 4182 reciperent
795 4101 978 4179 leges,
999 4118 1324 4180 earumque
1355 4102 1700 4180 praescripto
1732 4101 1858 4162 vive
1885 4133 1896 4144 -

253 4201 411 4270 rent,
439 4200 909 4270 nonsuaserunt;
936 4190 1039 4252 sed
1064 4189 1273 4252 neillis
1293 4189 1734 4271 quidem,apud
1750 4209 1897 4272 quos

251 4281 417 4362 leges
448 4281 807 4354 tulerant,ut
829 4281 899 4341 ad
921 4281 1099 4341 linem
1131 4299 1318 4362 usque
1347 4283 1702 4344 retinerent.
1722 4282 1894 4343 Nunc

252 4373 510 4446 etenim,
539 4389 675 4431 cum
699 4370 940 4432 easdem
957 4370 1196 4431 illorum
1214 4371 1376 4448 leges
1395 4371 1897 4432 velleribuscoro-

253 4463 478 4533 narint,
497 4469 597 4521 aut
616 4467 922 4538 unguento
943 4464 1103 4522 velut
1121 4461 1476 4522 hirundines
1493 4461 1893 4540 perlinierint,

253 4569 632 4630 nequaquam
660 4568 760 4612 eas
781 4550 990 4611 audire
1016 4551 1340 4628 patiuntur.
1365 4549 1481 4612 Sed
1512 4569 1650 4613 vero
1676 4553 1896 4615 Christi

1981 3371 2209 3444 inanes,
2246 3391 2392 3452 quas
2423 3390 2533 3433 nec
2567 3373 2752 3448 fures,
2789 3391 2900 3434 nec
2926 3372 3188 3433 latrones
3219 3369 3537 3432 effodiunt.

2065 3520 2202 3584 CAP.
2240 3519 2310 3583 V.
2346 3553 2424 3564 —
2458 3520 2734 3584 Hernica:
2757 3521 3028 3584 virtutes.
3065 3553 3139 3564 —
3175 3518 3499 3581 .tlt'racula.

2072 3654 2162 3715 18.
2191 3654 2430 3728 Beatus,
2459 3661 2596 3714 etre
2619 3651 2858 3732 quidem
2905 3671 3041 3714 vera
3079 3658 3320 3714 sanctus
3353 3651 3623 3712 Athana-

1983 3747 2108 3807 sius
2141 3766 2155 3809 :
2185 3742 2404 3805 etenim
2437 3742 2506 3817 is,
2545 3761 2737 3822 neque
2771 3742 2828 3803 in
2863 3742 3118 3804 concilio
3159 3741 3476 3821 impiorum
3511 3760 3625 3803 un-

1983 3854 2158 3917 quam
2179 3841 2444 3895 versatus
2463 3839 2776 3912 est,neque
2793 3832 2850 3892 in
2869 3831 3287 3894 blaterantium
3311 3830 3621 3905 obscaena,

1985 3925 2253 4005 turpiave
2286 3923 2757 4004 perpetrantium
2803 3922 3089 3984 cathedra
3133 3920 3487 4004 consedit9;
3521 3921 3625 3982 sed

1984 4025 2260 4096 tanquam
2296 4011 2652 4074 immortalis
2702 4012 2882 4074 arbor
2933 4021 3061 4074 sata
3110 4031 3284 4074 secus
3330 4011 3621 4090 irriguum

1982 4101 2538 4170 ChristiSalvatoris
2561 4103 2976 4180 profluentem,
3005 4121 3184 4184 quem
3209 4102 3307 4164 hic
3330 4101 3402 4161 de
3422 4109 3626 4162 ventre

1980 4195 2039 4257 in
2059 4214 2125 4258 se
2140 4193 2509 4256 credentium
2532 4203 2943 4253 omanaturum
2963 4193 3266 4274 pollicitus
3289 4189 3621 4252 est.Nullus

1980 4287 2038 4348 in
2058 4305 2163 4347 ore
2178 4285 2307 4362 ejus
2324 4280 3064 4357 dolusinveniebatur,sed
3082 4282 3209 4344 sola
3230 4281 3332 4344 Dei
3359 4279 3623 4361 eloquia,

1982 4379 2038 4436 in
2073 4373 2289 4456 quibus
2320 4371 2766 4434 sanctissimum
2818 4371 2929 4434 sibi
2963 4371 3262 4452 quoddam
3297 4368 3620 4450 hospitium

1975 4461 2521 4527 secreveral.Visus
2544 4462 2721 4522 etiam
2750 4474 2837 4523 est
2865 4462 3066 4522 terille
3115 4458 3620 4532 felicissimus,si-

1980 4564 2077 4616 cut
2116 4573 2285 4614 mons
2304 4552 2592 4633 Sion,qui
2616 4551 2845 4613 habitat
2878 4552 2937 4612 itt
2962 4570 3109 4612 nova
3134 4548 3624 4618 Jerusalem.non

250 4641 511 4712 Domini,
563 4643 806 4721 ejusque
855 4640 1307 4720 perpessionum
1367 4643 1526 4720 leges
1557 4661 1661 4702 suo
1695 4645 1897 4703 terens
1922 4635 2141 4706 Denim
2174 4641 2654 4705 commovebitur
2685 4642 2742 4701 in
2777 4653 3070 4703 aeternum
3099 4639 3176 4713 ¹⁰;
3198 4639 3528 4714 oculosque
3552 4635 3624 4698 ad

252 4731 445 4813 gregi,
476 4730 665 4792 effusa
709 4731 1032 4792 admodum
1077 4749 1210 4792 cum
1239 4731 1441 4791 laetitia
1474 4732 1814 4812 complecti,
1840 4741 1898 4791 et

255 4822 471 4882 iltzesas
521 4820 592 4880 ad
640 4820 819 4880 finem
873 4837 1060 4899 usque
1095 4820 1221 4880 vitze
1271 4821 1574 4882 custodire
1607 4822 1897 4902 persuasit

255 4918 466 4972 noster
494 4909 884 4971 Athanasius.
911 4907 1014 4970 Vir
1039 4910 1198 4971 enim
1234 4929 1370 4972 vere
1407 4911 1638 4991 beatus,
1675 4911 1896 4991 quippe

256 5001 356 5081 qui
385 5017 502 5060 non
528 4999 764 5075 rudem,
801 5007 860 5060 et
891 4998 1014 5060 Deo
1047 4999 1272 5061 servire
1305 5002 1894 5079 aggredentium,sed

259 5088 590 5167 perfectum
644 5089 724 5149 ibi
777 5101 1224 5168 comparaverat
1267 5090 1536 5150 divinum
1567 5091 1838 5151 timorem
1879 5113 1892 5154 :

257 5181 478 5240 etenim
497 5177 1148 5241 vehementiCliristutn
1175 5199 1379 5240 amore
1395 5181 1894 5260 prosequebatur.

257 5268 441 5347 Cujus
464 5271 706 5349 propria
740 5270 824 5331 rei
853 5283 1015 5342 nota,
1045 5269 1334 5350 nobisque
1365 5271 1479 5333 fide
1511 5271 1752 5349 dignum
1771 5281 1896 5331 esto

252 5359 1228 5438 argumentum,diligentissimain
1243 5361 1516 5440 proprios
1529 5378 1740 5439 greges
1760 5360 1902 5437 vigi-

253 5447 439 5511 lantia
462 5468 528 5511 ac
554 5450 950 5531 providentia,
979 5470 1156 5530 quam
1202 5469 1378 5512 unam
1404 5468 1527 5531 prae
1560 5452 1759 5511 multis
1781 5453 1898 5512 vir-

331 5660 363 5708 5
394 5659 596 5720 Matth.
630 5676 765 5732 xxv,
799 5659 897 5723 9|.

252 5753 454 5817 cxxrv,
495 5740 552 5817 l,

985 5658 1018 5710 6
1037 5658 1211 5725 Joan.
1251 5676 1332 5734 vr,
1367 5657 1466 5723 45.

1556 5659 1584 5708 7
1615 5659 1783 5722 .loan.
1816 5674 1936 5736 xxr,
1973 5658 2073 5718 90.

1978 4737 2166 4796 Deum
2212 4732 2471 4794 attolens
2507 4752 2622 4792 non
2661 4731 2892 4792 tardum
2929 4730 3067 4791 inde
3098 4729 3287 4792 sensit
3315 4727 3623 4790 auxilium.

1979 4823 2500 4904 Quapropterquze
2525 4822 2763 4900 gaudia,
2781 4820 3285 4900 atqnehodiernre
3304 4815 3629 4878 lucislaeti-

1981 4916 2076 4975 tite
2110 4922 2543 4994 proponuntur,
2573 4911 2783 4972 iisdem
2821 4929 2936 4970 non
2962 4909 3031 4970 ad
3055 4908 3232 4969 breve
3247 4905 3626 4985 tempus,s«-d

1981 5003 2396 5064 immortaliter
2444 5002 2541 5061 hic
2611 5000 2892 5079 frequens
2957 4998 3291 5058 auditorum
3340 5013 3628 5056 numerus

1980 5091 2368 5154 oblectetur:
2420 5090 2646 5168 quippe
2686 5107 2815 5168 qure
2856 5107 2989 5149 cum
3041 5088 3276 5147 animos
3327 5084 3627 5164 voluptate

1980 5183 2232 5264 quadam
2272 5180 2652 5260 perfundant,
2685 5178 2756 5238 ad
2803 5177 3171 5237 divinitatem
3207 5193 3275 5237 ex
3317 5173 3626 5264 Athanasii

1982 5263 2310 5333 imitatione
2358 5268 2698 5330 sustollant.
2771 5265 2852 5327 Eo
2907 5267 3048 5341 quia
3095 5264 3271 5327 etiam
3330 5265 3380 5325 is
3433 5263 3632 5324 adhuc

1986 5359 2362 5423 mortalitatis
2425 5359 2666 5439 pulvere
2717 5355 3035 5430 obductus,
3090 5355 3161 5415 ad
3218 5355 3334 5416 hoc
3402 5353 3634 5414 virtutis

1985 5451 2312 5531 fastigium,
2369 5460 2649 5529 tanquam
2701 5463 2978 5527 procera,
3032 5453 3382 5526 conlataque
3422 5442 3625 5518 arbor,

2173 5657 2205 5708 8
2233 5654 2388 5720 Psal.
2421 5670 2538 5736 cxi,
2581 5656 2631 5716 l.
2737 5653 2769 5704 9
2798 5651 2957 5718 Psal.
2991 5671 3029 5734 ι,
3064 5653 3088 5713 l
3120 5668 3292 5742 seqq.
3382 5648 3437 5698 ¹ο
3464 5646 3622 5712 Psal.
