3994 6232
391 344 504 429 13η
510 350 546 416 5
1588 351 1820 427 PETRI
1866 350 2236 417 AcRGORilM
2283 349 2633 415 EPlSCOPI‘
3615 342 3777 409 1376

385 483 677 564 pervenit,
702 483 776 549 ad
808 502 911 549 eos
931 481 1294 566 respiciens,
1328 483 1431 564 qui
1463 483 1589 549 Deo
1629 484 1862 547 fuerant
1892 503 2029 564 gra.
2054 492 2092 543 Α
2117 483 2221 548 illi.
2240 486 2561 548 convivens
2591 483 2863 564 ejusdem
2897 483 3419 564 contemplatione
3434 482 3794 544 frueretur.

388 573 548 650 tiosi,
582 582 755 655 atque
779 593 986 638 eorum
1015 575 1148 638 vita:
1180 575 1489 656 exemplis,
1526 575 1697 652 quasi
1731 576 1864 637 luce
1891 566 2032 657 qua-
2116 573 2261 638 Elite
2289 586 2467 656 atque
2497 575 2698 639 Elisaai
2726 574 3049 638 asceticam
3072 574 3410 657 duramque
3433 573 3578 633 vitae
3598 571 3798 632 ratio-

387 679 527 727 nam
559 664 677 725 sibi
702 664 852 729 viam
883 663 1219 744 gradiendo
1252 665 1591 729 constravit.

474 752 584 817 id.
618 751 761 826 Quis
802 753 961 816 enim
995 755 1304 817 Athanasii
1348 755 1834 834 hospitalitatem,
1895 754 2035 816 fidei

389 842 1062 924 quoqueinimitabilem
1092 845 1407 926 puritatem
1441 845 1750 919 intuendo,
1786 844 1901 907 sibi
1928 863 2035 925 pa-

391 932 715 996 triarcham
744 933 1147 997 Abrahamnm
1181 935 1383 997 vilere
1419 954 1535 996 non
1562 937 1835 997 videatur
1854 934 1885 995 ?
1906 933 2041 1015 quis

390 1032 764 1085 constantem
798 1023 928 1106 ejus
959 1025 1362 1100 tolerantiam,
1398 1033 1579 1106 atque
1608 1025 1669 1087 in
1700 1024 1886 1087 rebus
1904 1042 2039 1085 om-

388 1110 593 1188 nibus,
625 1132 771 1195 quas
800 1114 1135 1178 destinarat
1164 1114 1342 1188 Deus,
1370 1114 1747 1178 tractabilem
1782 1114 2038 1176 facilita-

393 1209 514 1273 tem
544 1202 958 1278 considerans,
982 1205 1235 1266 alterum
1273 1202 1540 1267 Isaacum
1573 1204 1763 1265 oculis
1787 1222 2039 1267 cernere

388 1291 506 1353 sibi
540 1311 659 1357 non
685 1293 1055 1375 persndeat?
1098 1294 1241 1367 Quis
1269 1294 1330 1356 in
1361 1294 1630 1373 adversis
1656 1293 1891 1357 casibus
1913 1296 2041 1371 ejus

389 1381 576 1445 animi
611 1382 1081 1464 magnitudinem
1119 1403 1186 1446 ac
1218 1383 1610 1456 soliditatem,
1648 1384 2036 1446 mornmitem

389 1471 525 1534 sine
555 1473 691 1535 fuco
710 1485 771 1535 et
793 1471 1045 1536 fallaciis
1074 1474 1467 1551 integritatem
1502 1472 2039 1541 attendens.Jacob

390 1562 510 1625 sibi
533 1563 659 1645 jam
693 1564 906 1627 adesse
941 1584 1058 1626 non
1090 1565 1425 1647 opinetur?
1454 1565 1601 1638 Quis
1627 1565 1687 1628 in
1710 1566 2039 1629 Athanasio

2118 683 2284 736 nem,
2319 667 2514 729 zelum
2551 685 2816 747 quoque,
2842 666 2946 729 sed
2977 684 3096 726 non
3132 666 3304 746 ignes
3342 664 3794 743 exspirantem,

2119 764 2210 817 est
2256 755 2544 829 imitatus,
2579 774 2774 837 neque
2806 756 2985 817 etiam
3024 755 3299 817 ﬂammas
3343 754 3421 816 de
3467 752 3799 831 superiore

2123 843 2253 907 loco
2299 838 2633 923 deducens,
2686 846 3031 925 impiosque
3085 846 3438 908 caelestibus
3479 841 3800 904 incendiis

2121 934 2482 997 comburens
2516 955 2531 999 :
2571 953 2767 1017 neque
2799 934 3109 1015 injuriosis
3138 933 3540 997 contumeliis
3581 933 3801 994 convi-

2120 1025 2347 1088 ciantes
2379 1025 2676 1088 exhibens
2708 1026 2952 1107 epulum
2984 1025 3129 1087 feris
3158 1024 3580 1105 sanguinariis
3633 1023 3798 1103 (nan

2120 1116 2298 1177 etiam
2334 1116 2456 1178 haec
2487 1117 2734 1195 antiqua
2764 1115 3266 1195 illaexposcebat
3288 1124 3457 1189 astas,
3494 1117 3627 1178 Deo
3660 1112 3800 1173 vnl-

2123 1205 2370 1267 neribns
2417 1206 2696 1267 curandis
2743 1206 3047 1269 severiora
3095 1205 3376 1269 remedia
3407 1204 3800 1279 adhibente),

2122 1294 2227 1357 sed
2259 1295 2561 1375 gravibus,
2594 1314 2728 1377 quin
2757 1295 2935 1358 talem
2963 1296 3269 1358 decebant
3301 1294 3805 1367 doctorem,allo-

2124 1385 2529 1465 quiis,divinae
2561 1386 2868 1467 sapientiae
2896 1386 3023 1448 sale
3046 1385 3603 1464 conditis,vita3que
3634 1383 3805 1444 inno-

2123 1477 2234 1537 xia:
2262 1477 2569 1549 consonis,
2621 1476 2965 1556 complures
3013 1477 3393 1539 facinorosos
3440 1474 3525 1535 ad
3578 1473 3801 1535 bonam

2125 1566 2354 1645 frugem
2373 1567 2680 1645 corrigens
2706 1586 2719 1630 :
2743 1566 2905 1627 novit
2922 1567 3083 1628 enim
3110 1586 3281 1627 more
3300 1565 3538 1629 Christi
3560 1563 3802 1625 Domini

388 1650 637 1734 Iosephi
671 1662 1156 1735 temperantiam,
1192 1655 1538 1718 modesiiam
1573 1665 1635 1717 et
1683 1654 2037 1734 injuriarum
2128 1655 2442 1734 pacificare
2472 1673 2579 1718 eos
2607 1657 2708 1737 qui
2744 1666 2883 1717 sunt
2914 1657 3175 1732 Spiritus
3206 1656 3407 1717 filii“.
3447 1654 3592 1718 Fuit
3623 1653 3799 1713 etiam

392 1742 796 1815 tolerantiam,
823 1762 859 1803 a
881 1744 1162 1806 fratribus
1193 1744 1327 1805 odio
1353 1764 1418 1807 se
1452 1743 2041 1826 prosequentibusac
2125 1744 2233 1821 vir,
2268 1743 2505 1807 beatum
2540 1746 2845 1808 Danielem
2872 1745 3198 1825 secutus“,
3230 1745 3609 1825 spiritalium
3638 1742 3799 1804 desi-

392 1831 858 1915 divendentibus
890 1835 1137 1915 gratiam
1172 1834 1328 1896 inire
1360 1834 1680 1911 studentis,
1729 1846 1866 1897 ante
1892 1853 2039 1896 ocu—
2069 1852 2102 1902 Β
2126 1828 2459 1909 deriornm,
2494 1835 2748 1897 viriliter
2776 1835 3424 1915 corporeisillecebris
3456 1833 3793 1907 obsistens,

392 1913 483 1984 los
525 1920 747 1986 habere
780 1913 910 1986 non
953 1932 1281 1988 censeret?
1309 1925 1452 1998 Quis
1486 1926 1616 2006 ejus
1657 1924 1904 1989 minime
1930 1924 2040 1988 ab-
2126 1933 2185 1986 et
2215 1924 2339 1987 sola
2365 1925 2567 1987 divina
2595 1913 3014 2005 deperiens,in
3037 1927 3253 2007 quibus
3270 1926 3467 1988 Deum
3499 1923 3797 1985 manifes-

385 2012 642 2089 jectum,
689 2014 797 2076 sed
847 2032 982 2077 vere
1034 2033 1389 2093 generosum
1433 2017 1698 2077 animum
1731 2017 1791 2077 in
1823 2033 2041 2078 occur-

395 2102 657 2163 santium
690 2122 1093 2165 mrumnnrum
1113 2104 1449 2185 repentinis
1483 2105 1772 2167 melestiis
1807 2105 2041 2186 patien-

392 2191 487 2252 dis
535 2192 941 2275 perpendens,
991 2195 1364 2256 invictissimi
1401 2193 1536 2257 Jobi
1590 2195 1905 2275 imaginem
1961 2193 2038 2256 ob

391 2282 602 2353 oculos
631 2283 743 2346 sibi
777 2283 1082 2346 obversari
1117 2303 1235 2346 non
1267 2286 1497 2347 diceret
1525 2285 1553 2347 Σ)
1600 2285 1811 2365 Moysis
1857 2284 2039 2345 etiam

2126 2013 2751 2079 tiusinveniretddem
2776 2034 3015 2097 quoque
3035 2017 3213 2078 trium
3239 2015 3537 2094 exemplo
3569 2013 3801 2074 adoles»

2126 2115 2370 2166 centum
2420 2106 2573 2185 apud
2624 2105 2985 2187 Babylonem
3032 2121 3470 2186 corporearnrn
3529 2106 3801 2166 ﬂammas

2126 2198 2512 2274 voluptatum,
2542 2195 2722 2257 veluti
2751 2196 3123 2275 sopitasjam
3159 2194 3395 2256 favillas
3418 2193 3797 2273 despiciens,

2122 2293 2182 2348 et
2208 2285 2836 2349 subindereviviscens
2856 2284 3205 2347 incendium
3225 2283 3530 2347 desubito
3545 2283 3798 2349 concul-

393 2374 1179 2454 etAaronplacabilitatem,
1214 2392 1412 2438 mores
1435 2376 1589 2436 citra
1619 2375 2043 2456 reprehensio-
2123 2376 2299 2445 cavit,
2355 2394 2430 2436 ne
2478 2396 2593 2456 qua
2649 2379 2885 2438 ratione
2913 2375 3027 2437 sibi
3080 2375 3139 2437 in
3196 2376 3385 2436 corde
3441 2372 3801 2455 hujusmodi

397 2479 534 2525 nem
572 2463 764 2537 mites,
800 2464 1184 2547 divinumque
1211 2483 1417 2527 eorum
1451 2464 2037 2546 contemplationem,
2124 2464 2430 2542 imagines
2484 2465 2955 2529 immoraremur
2982 2516 2995 2539 ,
3050 2466 3453 2542 ipsorumque
3520 2463 3806 2526 lethifera

396 2552 683 2615 mortales
713 2555 1047 2634 rapientem
1082 2554 1397 2628 sublimes,
1432 2553 2040 2617 imitabatnrJustam
2131 2554 2767 2635 contagiosaqueidola
2783 2553 3805 2617 venerariAthanasiusvideretnr.

395 2660 641 2723 quoque
658 2644 933 2707 :l’hinees
973 2643 1440 2723 indignationem
1477 2644 1889 2715 retentabatur,
1927 2661 2046 2704 non
2219 2645 2495 2717 ιϐ.ουοά
2521 2646 2570 2706 si
2594 2642 3603 2726 sanctissimiilliusloannis(qno
3626 2662 3807 2704 nemo

395 2729 592 2795 ferreo
646 2734 902 2814 ptgione
951 2734 1146 2813 legum
1200 2734 1527 2796 violatores
1575 2734 2046 2804 confodientem,

395 2821 501 2884 sed
554 2841 712 2885 nunc
762 2824 993 2903 aSperis
1053 2831 1112 2886 et
1169 2823 1396 2886 severis
1449 2823 1839 2899 mulcentem,
1893 2840 2051 2884 nunc

399 2912 686 2976 mollibus
717 2922 778 2976 et
802 2914 1040 2976 blandis
1079 2913 1358 2994 alloquiis
1407 2924 1786 2976 coercentem
1809 2963 1822 2987 ,
1853 2914 2053 2975 scele-

398 3020 530 3064 rum
566 3022 800 3077 cursus,
839 3012 897 3064 et
927 3004 1252 3083 injuriosos
1283 3004 1342 3065 in
1375 3002 1547 3066 obvia
1579 3022 1829 3085 quaeque
1860 3004 2053 3082 impeo

402 3100 520 3153 tus.
552 3093 774 3153 Verum
811 3093 973 3154 enim
1021 3112 1154 3155 vero
1190 3112 1326 3154 eum
1370 3112 1436 3154 se
1475 3093 1772 3174 praestitit,
1807 3092 1909 3172 qui
1944 3110 2053 3156 nec

2133 2733 2293 2796 inter
2323 2745 2490 2796 natos
2512 2734 2833 2797 mulierum
2866 2735 3127 2796 surrexit
3152 2733 3367 2813 major,
3393 2737 3501 2815 qui
3536 2734 3804 2814 primum

2135 2823 2335 2887 vivens
2375 2827 2532 2904 apud
2567 2825 2751 2905 vivos,
2800 2824 3021 2886 deinde
3054 2832 3324 2885 mortuus
3354 2822 3526 2903 apud
3573 2823 3805 2885 inferos

2136 2912 3805 2995 vernsChristipredromnspraecucurrit,quivenienteu

2138 3003 2505 3066 Salvatorem
2558 3013 2616 3066 et
2667 3004 3055 3067 liberatorem
3096 3003 3306 3071 edixit.
3340 3012 3403 3064 et
3438 3005 3499 3064 in
3537 3005 3807 3067 Iordane

2136 3095 2312 3153 abluit
2332 3095 2633 3165 i‘lum,qui
2658 3094 3570 3165 peccatorumnostrornmlabes
3588 3095 3807 3150 ibidem

401 3180 818 3278 dehiscentem
855 3192 1073 3244 terram
1109 3182 1373 3244 t-ﬂlceret
1397 3182 1678 3263 sepulcra
1706 3182 2050 3263 eornm,qni
2068 3227 2111 3278 ο
2136 3184 2803 3265 demersii)expressam
2828 3185 3175 3266 imaginem,
3195 3185 3517 3264 vivamque
3543 3184 3807 3264 efﬁgiem

401 3268 464 3332 in
496 3281 948 3333 sacrosanctum
982 3273 1383 3334 sacerdotium
1432 3272 1716 3334 audacter
1765 3272 2047 3354 petulan-
2072 3268 2445 3336 'desideres
2487 3274 2742 3348 intueri;
2778 3274 2884 3337 tibi
2931 3292 3142 3356 ponas,
3197 3291 3427 3355 quaiso,
3474 3273 3565 3335 ob
3600 3275 3811 3337 oculos

399 3361 1123 3440 terqueper'superbiam
1159 3360 1608 3433 eilerebentnr;
1654 3381 1766 3424 nec
1794 3363 2050 3424 ﬂammis
2134 3363 3809 3447 ﬂuxarnmterrenorumquererumdespicicntiammibi

396 3450 785 3512 addiceretur
807 3449 965 3531 quod
987 3450 1413 3531 impinslegum
1437 3452 1685 3513 violator
1701 3452 2047 3527 abstulerat;
2133 3453 2547 3526 sobrietatem,
2585 3454 2828 3518 uberem
2864 3454 3109 3517 dicendi
3142 3453 3808 3529 libertatem,mentem

400 3540 822 3620 hujuscemodi
857 3540 1016 3601 enim
1053 3542 1323 3621 prodigia
1354 3541 1409 3602 id
1442 3544 1634 3603 aetatis
1664 3560 1728 3604 ex
1744 3541 2047 3623 poscebat.
2135 3543 2888 3620 nullisperturbationibus
2905 3545 3255 3619 obnoxiam;
3281 3543 3684 3624 quomodoin
3700 3545 3813 3625 pri-

397 3629 517 3692 Sed
573 3648 713 3692 vero
760 3629 1070 3691 hominem
1105 3631 1428 3711 quemdam
1461 3632 1683 3695 similia
1711 3640 2046 3713 patrantem
2135 3643 2320 3696 metes
2342 3653 2409 3697 ac
2441 3635 2717 3714 dynastas
2749 3635 3021 3698 invectus
3044 3653 3151 3696 eos
3178 3634 3614 3712 redargueret,
3640 3636 3803 3715 quod

396 3719 761 3787 Athanasius
799 3737 1044 3782 suarum
1078 3739 1325 3800 precum
1358 3723 1410 3784 vi
1464 3722 1918 3784 insensibilibns
1947 3740 2049 3783 so-
2132 3734 2528 3787 sacrosancta:
2545 3723 2830 3801 Deileges
2845 3722 3195 3802 posthabita:
3204 3724 3330 3804 jam
3359 3723 3812 3786 submoveret»

398 3808 522 3872 lum
557 3811 809 3872 viduavit
853 3810 1329 3891 capillamentis,
1363 3830 1495 3892 qua)
1537 3812 1778 3892 quidem
1810 3812 2050 3892 corpori
2137 3823 2252 3888 tur,
2278 3823 2460 3894 atque
2500 3814 2675 3876 etiam
2709 3815 3242 3876 conculcarentur.
3276 3813 3593 3875 Attendas
3627 3816 3808 3877 etiam

398 3918 469 3962 ex
499 3899 912 3980 superﬂuitate
943 3900 1373 3973 adnascuntnr,
1412 3920 1610 3983 neque
1663 3920 1798 3962 cum
1835 3902 2054 3964 adsunt
2134 3903 2581 3966 adhortationes
2599 3902 2669 3965 ad
2691 3903 3195 3985 pmuitentiam,et
3217 3904 3602 3965 indicantem
3622 3904 3809 3984 digito

396 3990 470 4052 ad
496 3984 777 4052 humanae
807 3990 1086 4054 essentiaa
1116 3990 1347 4053 faciunt
1379 3990 1900 4065 constitutionem,
1938 4011 2049 4053 ne-
2135 3994 2440 4056 Christum
2474 3995 2549 4054 ab
2573 3993 2674 4055 illo
2696 3984 3089 4074 baptizatum,
3115 3992 3333 4055 iterum
3360 4002 3701 4055 ventorum
3734 3994 3809 4056 ad

400 4098 518 4163 que
549 4079 742 4143 ablata
769 4089 1028 4144 nocent:
1083 4081 1189 4142 sed
1220 4099 1356 4141 cum
1406 4081 1710 4156 piaculare
1744 4081 1911 4143 nefas
1943 4100 2052 4143 au-
2134 4102 2346 4146 omnes
2383 4083 2771 4163 judicandos,
2805 4100 2875 4144 ac
2930 4101 3035 4160 pro
3064 4082 3190 4145 suis
3219 4083 3522 4163 cujusque
3569 4085 3811 4147 meritis

400 4174 614 4238 daculo
646 4193 719 4237 ac
747 4174 1069 4237 temerario
1098 4174 1291 4236 solum
1322 4175 1612 4255 indicent,
1640 4180 1712 4237 ait
1751 4175 2055 4255 pmuiten-
2134 4172 2455 4251 condignas
2476 4175 2633 4235 vices
2648 4173 3259 4253 repensurumﬂuod
3280 4173 3333 4235 si
3362 4174 3806 4236 011τί8ιίάὶεεί-

398 4263 540 4327 dum
566 4264 831 4343 adigunt,
862 4272 919 4325 et
951 4265 1023 4325 ad
1062 4264 1272 4327 nefarii
1296 4266 1544 4326 sceleris
1577 4266 1795 4343 fugam,
1834 4272 1892 4326 et
1923 4259 2051 4325 vitii
2136 4263 2415 4342 pulcrum
2431 4263 2738 4341 vestigium
2754 4263 2994 4344 aliquod
3011 4263 3809 4343 expetatquisadinvenire,

401 4354 845 4416 succrescentis
876 4362 1181 4416 tonsuram
1199 4401 1215 4418 .
2138 4362 2337 4432 pergat
2358 4353 2430 4427 is,
2457 4370 2525 4414 ac
2548 4354 2923 4433 speculetur;
2944 4351 3361 4432 spectabitque
3383 4354 3445 4412 in
3469 4354 3812 4415 Athanasio

486 4442 969 4505 liiJmitandam
996 4444 1171 4506 etiam
1210 4445 1737 4525 suscepitDavidis
1762 4445 2059 4507 iustorum
2137 4441 3813 4523 totiusvitaa'aspernationem,utChristumlucrifaciens

396 4538 577 4610 atque
607 4530 959 4607 injuriarum
996 4532 1476 4615 perpessionem,
1509 4545 1565 4596 et
1598 4535 1876 4596 eximiam
1905 4553 2048 4609 erga
2072 4577 2114 4628 ο
2134 4532 2465 4594 inveniret:
2497 4531 2791 4594 intentam
2816 4552 3057 4614 quoque
3081 4533 3139 4593 in
3160 4531 3470 4610 Evangelii
3498 4534 3811 4610 pradica-

397 4620 587 4683 Deum
622 4623 901 4701 pietatem
930 4642 945 4679 :
981 4639 1095 4702 qua
1126 4622 1204 4685 de
1227 4641 1408 4685 causa
1440 4643 1556 4685 non
1583 4625 1760 4687 modo
1784 4625 1844 4685 in
1870 4644 2046 4686 caco-
2073 4620 2107 4628 ⁷
2132 4622 2294 4687 tione
2309 4621 3243 4703 sollicitudinem,inturbulentis
3259 4640 3502 4684 rerume
3519 4623 3812 4685 velitibus

397 4710 703 4783 daemonas
727 4710 1012 4785 rccinuit,
1047 4712 1150 4773 sed
1196 4712 1255 4773 iu
1298 4732 1423 4788 eas,
1456 4733 1612 4794 quin,
1658 4714 2045 4792 iisdemisug-
2130 4712 2312 4773 animi
2349 4711 2858 4788 magnitudinem,
2892 4712 3354 4773 familiaritatem
3386 4728 3529 4771 cum
3554 4713 3807 4775 Christo

394 4799 770 4880 gerentibus,
827 4801 1294 4864 exstininlantur
1345 4806 1652 4883 magisque
1698 4803 2045 4884 eﬂerantur,
2133 4804 2437 4864 memoria:
2462 4801 2758 4864 beneficio
2787 4802 3117 4879 assiduam;
3144 4812 3203 4863 ut
3234 4801 3379 4863 inde
3409 4801 3586 4863 nullo
3620 4805 3805 4864 modo

326 4936 333 4941 -
397 4891 579 4955 animi
638 4890 1148 4973 perturbationes.
1213 4897 1408 4973 Atque
1460 4894 1671 4954 horum
1715 4892 2046 4954 facinorum
2131 4891 2395 4954 abstrahi
2425 4902 2652 4972 posset,
2682 4893 2772 4954 vel
2797 4890 3388 4972 avocari:spectabit
3412 4891 3608 4952 etiam
3638 4892 3807 4954 illum

398 4988 584 5044 testes
615 4990 752 5042 sunt
785 4980 1158 5060 complures,
1211 5000 1471 5061 quorum
1522 4983 1765 5063 quidem
1798 4984 2047 5063 aliquot,
2130 4981 3599 5063 Christicrucemtotovitretemporebajnlantem,
3643 4983 3811 5045 Chrio

398 5072 537 5133 dum
568 5073 765 5135 adhuc
798 5071 1233 5151 superviveret.
1272 5072 1522 5144 curavit,
1566 5074 1858 5153 boumque
1891 5073 2048 5135 vale~
2131 5083 2341 5153 stoque
2362 5071 2856 5146 famulantem,ac
2882 5072 3131 5150 vestigia
3154 5078 3544 5150 sequentem,
3567 5072 3811 5154 reliqua

402 5163 596 5223 tudini
639 5161 903 5225 restituit
947 5161 1313 5226 Athanasius
1358 5183 1371 5225 ε
1427 5162 1655 5244 aliquot
1703 5164 1905 5237 etiam,
1960 5168 2057 5242 qui
2143 5161 3807 5243 veroomniaexistimantemretrimentaetquisquilias.

394 5251 630 5319 ardenti
657 5269 789 5312 cum
830 5251 947 5312 fide
974 5269 1041 5313 ac
1069 5251 1146 5312 de
1170 5253 1402 5313 siderio
1432 5254 1897 5315 accesseruntavl
1924 5254 2056 5333 ejus
2140 5252 3809 5335 ApostolorumigitnrvitamimitatnsAthauasius,adeo

396 5339 768 5420 sepulcrum,
807 5359 944 5401 cum
972 5340 1095 5421 jam
1119 5341 1191 5403 ad
1221 5342 1547 5415 Christum,
1583 5361 1759 5424 quem
1797 5343 2046 5406 deside-
2138 5362 2207 5405 ex
2233 5360 2440 5404 eorum
2472 5344 2784 5424 architypo
2817 5344 3003 5406 vivam
3036 5342 3365 5415 imaginem
3398 5342 3461 5402 in
3489 5342 3705 5425 seipse
3738 5345 3806 5405 ad

400 5438 656 5501 raverat,
686 5430 1188 5508 transmigrasset,
1209 5440 1451 5513 propter
1466 5451 1642 5512 quem
1665 5442 2053 5512 exoptaverat
2135 5432 2420 5495 amussim
2458 5432 2708 5507 eﬂinxit,
2733 5442 2800 5496 ut
2829 5434 2879 5494 si
2910 5433 3046 5514 quis
3068 5432 3290 5494 intueri
3318 5430 3501 5494 veilet
3522 5433 3806 5511 singulo-

396 5518 708 5599 corporeis
734 5518 987 5579 vinculis
1017 5520 1264 5592 exsolvi,
1299 5522 1385 5583 uti
1410 5520 1660 5584 liberius
1687 5541 1753 5585 ac
1784 5524 2049 5587 sanctius
2135 5541 2264 5585 rum
2290 5523 2689 5600 characteres,
2719 5524 3008 5587 attentius
3051 5522 3455 5603 dispiciendo,
3488 5521 3651 5584 nihil
3688 5524 3807 5586 fere

478 5697 523 5754 tt
560 5696 768 5775 Matth.
805 5714 859 5760 ν.
946 5695 998 5739 ¹²
1033 5698 1182 5762 Dan.
1219 5715 1299 5795 ix,
1332 5696 1441 5773 23.
