3994 6232
452 265 606 348 1379

1245 267 1476 343 PETRI
1527 260 1914 340 ARGORUM
1955 264 2240 337 ORATIO
2285 272 2368 337 IN
2415 270 2480 336 B.
2531 271 3090 339 ATHANASIUM.‘

3673 277 3794 344 1380

447 431 512 485 ut
543 420 931 502 perspicuum
966 416 1323 500 symbolum,
1345 415 1801 497 reliquitDeum
1835 412 2093 474 amanti-
2119 423 2154 470 Α
2183 411 2356 475 nobis
2387 431 2520 474 eum
2558 409 2930 474 imitantibus
2959 413 3186 474 fructus
3236 412 3408 474 affert
3464 411 3794 489 uberrimos,

449 511 586 576 bus.
609 510 960 593 Atqueideo
983 526 1324 591 quanquam
1353 514 1513 568 esset
1538 505 1844 587 proximus
1866 503 2105 565 occasui
2185 515 2364 593 atque
2411 502 2610 564 calore
2664 502 3058 593 tentationum
3108 503 3507 564 mstuantibus
3559 504 3795 565 umbram

449 605 615 680 vitae,
643 590 1241 683 janjamqueanimm
1271 597 1542 678 corporis
1587 595 1934 666 discidium,
1969 611 2104 674 qum
2182 592 2637 656 saluberrimam
2703 590 2968 683 exhibet.
3023 591 3396 673 Quapropter
3481 594 3796 655 memoriam

449 701 664 756 natura
693 688 921 770 optime
951 687 1413 768 conglutinarat,
1449 684 1866 766 opperiretur;
1901 693 2098 744 tamen

452 801 545 858 ea,
578 798 711 861 quae
744 779 1032 842 eﬂ'ecerat
1080 778 1258 840 vitam
1294 795 1478 856 agens
1509 772 1934 856 episcopalem,
1970 781 2098 834 tan-

448 890 630 951 quam
651 867 880 932 advena
901 877 958 930 et
983 867 1363 948 peregrinus,
1388 866 1449 927 in
1476 863 1829 935 memoriam
1847 881 2095 951 revoca-

452 950 560 1024 vit.
586 959 793 1040 Itaque
813 977 950 1022 cum
980 960 1049 1020 in
1063 957 1278 1033 Deum,
1305 965 1427 1018 tum
1450 956 1509 1017 in
1541 955 1818 1018 homines
1835 950 2098 1014 charita-

452 1059 571 1113 tem
604 1047 946 1112 arctissimo
976 1047 1216 1110 virtutis
1243 1046 1477 1108 vinculo
1500 1044 1794 1123 colligavit
1827 1043 2096 1106 Athana-

452 1141 604 1216 sius,
634 1140 734 1221 qui
766 1157 886 1200 non
915 1137 1110 1201 solum
1141 1146 1309 1200 recte
1340 1135 1528 1212 factis,
1547 1133 1651 1196 sed
1669 1133 1740 1196 ad
1765 1141 2096 1195 extremum

456 1248 646 1313 usque
679 1227 948 1291 habitum
985 1227 1161 1290 etiam
1197 1227 1394 1288 verbis
1425 1244 1496 1287 ea
1516 1224 1687 1286 nobis
1717 1222 1963 1300 reliquit
1991 1224 2099 1283 vir-

457 1331 651 1385 tutum
698 1318 997 1399 exempla,
1032 1317 1105 1380 ad
1139 1336 1272 1398 quae
1320 1315 1528 1378 oculos
1567 1313 1926 1390 attollentes,
1964 1322 2096 1373 tan—

453 1430 631 1495 quam
667 1409 743 1472 ad
791 1408 996 1472 stellas
1028 1407 1170 1470 dum
1205 1425 1313 1488 per
1343 1405 1726 1485 caliginosum
1769 1412 2002 1465 noctem
2036 1402 2097 1462 in

449 1503 590 1564 vitae
620 1500 796 1580 hujus
829 1499 1036 1580 pelago
1074 1495 1502 1560 miserabiliter
1537 1496 1856 1575 jactamur,
1889 1511 2100 1554 omnes

452 1595 585 1674 ejus
613 1591 982 1654 decumanos
1017 1590 1256 1663 ﬂuctus,
1289 1586 1648 1666 obortasque
1695 1591 2098 1674 tempestates,

452 1672 512 1744 et
537 1701 573 1744 a
605 1679 941 1743 communis
974 1679 1299 1760 infestique
1331 1677 1520 1739 hostis
1552 1672 1787 1737 insidiis
1819 1673 2102 1734 excitatas

452 1770 749 1852 procellas
771 1768 1074 1832 eludendo
1105 1765 1574 1844 enavigabimus.
1611 1773 1669 1825 et
1696 1761 1770 1826 ad
1801 1761 2093 1844 tranquil-
2121 1788 2159 1838 Β

452 1861 578 1923 lum
611 1859 829 1923 Christi
858 1859 1028 1937 regni
1062 1866 1297 1939 portum
1328 1853 1781 1937 applicabimus,
1806 1853 2098 1915 habentes

339 1989 348 1999 .
452 1969 560 2033 pro
594 1948 876 2028 magistro
907 1948 1332 2021 Athanasium;
1367 1952 1466 2027 qui
1496 1943 1664 2026 quasi
1698 1943 2097 2025 peritissimus

449 2039 820 2121 gubernator
847 2039 1075 2100 clavum
1103 2045 1313 2100 tenens
1343 2037 1415 2098 ad
1452 2033 1693 2116 puppim
1726 2034 2098 2106 sedeat,nos-

450 2139 600 2192 tram
657 2128 934 2191 fiduciam
987 2127 1229 2202 excitet,
1281 2135 1340 2189 et
1387 2127 1458 2188 ad
1515 2144 1584 2186 ea
1632 2125 1897 2196 domum,
1935 2122 2094 2185 unde

451 2229 659 2284 nostra
697 2218 920 2300 pendet
949 2218 1137 2300 salus,
1168 2218 1401 2279 animos
1434 2215 1622 2277 tollat.

770 2334 909 2397 CAP.
942 2329 1070 2395 VII.
1107 2367 1175 2376 —
1226 2331 1408 2406 Mors,
1451 2331 1772 2395 miracula.

535 2434 646 2497 19.
680 2430 846 2495 Hanc
869 2432 1050 2512 igitur
1073 2430 1210 2493 filiis
1232 2431 1356 2493 suis
1385 2430 1742 2507 relinquens
1774 2429 2095 2492 heredita-

451 2530 571 2587 tem
605 2522 1018 2585 sanctissimus
1048 2521 1435 2596 Athanasius,
1475 2522 1776 2602 protensis
1806 2520 2097 2600 speciosis

452 2613 728 2695 pedibus,
751 2621 810 2674 et
827 2612 1101 2674 innocuis
1115 2610 1465 2692 compositis
1481 2629 1570 2672 ma
1581 2610 2096 2692 nibus,oculisque

452 2702 713 2783 graviter
740 2721 810 2764 ac
835 2702 1115 2781 religiose
1157 2702 1228 2764 ad
1261 2702 1476 2764 coelum
1509 2699 1782 2774 sublatis,
1809 2709 1987 2783 atque
2017 2701 2094 2762 ita

452 2802 790 2857 extremum
824 2793 1090 2855 locutus:
1119 2795 1182 2855 In
1208 2811 1416 2854 manus
1440 2801 1588 2868 tuas,
1615 2791 1890 2864 Domine,
1927 2810 2096 2852 com-

451 2883 670 2947 mcndo
701 2882 977 2964 spiritum
1013 2903 1233 2957 meum,
1271 2882 1566 2962 iucundus
1598 2891 1656 2944 et
1697 2883 1864 2945 valde
1893 2881 2100 2943 hilaris

450 2974 714 3036 animam
731 2973 804 3036 ab
826 2973 1056 3052 angelis
1071 2973 1321 3053 jamjam
1341 2973 1757 3034 adducendam
1784 2971 2096 3034 exhalavit.

449 3060 644 3126 Homo
665 3063 951 3125 nimirum
972 3063 1206 3126 dierum
1233 3063 1492 3145 Spiritus
1514 3063 1705 3125 sancti
1732 3062 2102 3145 pleuus,ple-

2180 684 2337 765 apud
2398 701 2506 744 nos
2559 682 2960 743 immortalem
3022 691 3410 758 consecutus,
3475 683 3799 746 inexstincta

2179 774 2356 837 etiam
2389 772 2578 854 gloria
2612 771 2965 853 perfruitur.

2260 911 2374 973 20.
2399 905 2664 989 Reliquit
2694 926 2834 970 vero
2867 906 3042 970 nobis
3072 925 3187 970 una
3216 926 3353 970 cum
3377 915 3477 972 ter
3498 907 3667 970 beato
3687 927 3798 971 oor-

2183 998 2882 1082 poresepulcrum,quod
2900 998 3077 1061 veluti
3101 997 3384 1071 ,erennis
3399 999 3539 1059 fons
3569 1003 3798 1060 curatio-

2181 1109 2322 1152 num
2347 1088 2506 1151 rivos
2519 1088 2796 1150 omnibus
2817 1107 2952 1150 cum
2979 1088 3097 1150 fide
3111 1088 3548 1149 accedentibus
3573 1088 3797 1148 ubertim

2180 1179 2457 1242 effundit.
2491 1177 2971 1250 Quamobremiu
2998 1197 3068 1239 eo
3098 1177 3801 1256 inspicereexistimemus

2181 1269 2567 1332 Athanasium
2605 1269 2826 1349 ipsum,
2862 1286 3039 1348 quem
3072 1268 3281 1329 dolore
3312 1268 3642 1346 pariter,ac
3660 1266 3798 1327 desi-

2181 1359 2351 1421 derio
2366 1356 2912 1439 incomparabiliad
2933 1357 3076 1419 illud
3091 1360 3460 1420 accedentes
3475 1355 3801 1437 complecta-

2184 1450 2498 1523 mur,sicut
2519 1450 2756 1511 Patrem
2779 1455 3231 1522 venerantes,et
3257 1465 3373 1530 qua
3400 1465 3516 1528 par
3537 1456 3625 1507 est
3641 1446 3799 1526 pieta-

2183 1547 2239 1600 te
2273 1549 2746 1618 prosequentes;
2781 1537 2935 1598 sicut
2977 1535 3598 1599 benemerentissimo
3619 1536 3801 1614 gratias

2182 1637 2424 1707 agentes
2445 1626 2841 1702 immortales;
2862 1627 3021 1688 sicut
3044 1627 3279 1688 medico
3297 1646 3436 1688 cum
3461 1627 3646 1687 animi
3666 1627 3803 1703 aegri-

2185 1716 2422 1778 tudines
2454 1726 2577 1778 tum
2610 1714 2880 1795 corporis
2911 1724 3307 1796 exponentes,
3338 1726 3528 1797 atque
3557 1715 3626 1776 ad
3657 1715 3800 1793 hujus

2183 1807 2617 1869 medicamenta
2656 1803 3032 1868 festinantes.
3056 1805 3380 1868 Enimvero
3405 1807 3531 1867 huc
3552 1806 3621 1866 ad
3645 1805 3798 1866 Atha-

2180 1897 2330 1960 nasii
2371 1897 2713 1977 sepulcrum
2759 1895 3139 1959 invisendum
3193 1897 3447 1957 veniunt
3500 1898 3676 1958 etiam
3721 1899 3798 1978 qui

2179 1987 2466 2067 longioris
2486 1984 2983 2068 peregrinationis
3013 1987 3126 2047 iter
3142 1985 3502 2059 instituunt,
3537 1985 3636 2047 ubi
3659 2005 3798 2065 pros-

2181 2097 2390 2160 perum
2444 2077 2585 2139 item
2634 2076 2890 2138 reditum
2949 2075 3342 2157 beneprecati
3381 2075 3633 2138 domum
3664 2095 3796 2137 suam

2178 2175 2588 2230 revertuntur.
2645 2165 2926 2228 Mulieres
2981 2185 3220 2247 quoque
3251 2185 3418 2228 nunc
3467 2166 3640 2242 viris,
3675 2186 3799 2228 nunc

2179 2257 2318 2321 ﬁliis
2350 2275 2615 2338 prtesens
2639 2255 3170 2332 medicamentum,
3213 2265 3272 2318 et
3304 2259 3527 2318 mortis
3561 2257 3798 2337 prolatio-

2177 2366 2313 2410 nem
2347 2345 2744 2428 precabundaa
2769 2347 3092 2426 impetrant
3122 2365 3136 2406 :
3181 2345 3282 2426 qui
3311 2345 3515 2426 rigida
3536 2345 3798 2426 potentio-

2177 2439 2261 2500 ris
2294 2455 2507 2498 manus
2536 2436 2849 2517 tyrannide
2880 2436 3327 2516 opprimuntur,
3376 2451 3694 2518 patronum
3723 2436 3798 2495 in-

2178 2536 2388 2590 vocant
2419 2526 2844 2590 Athanasium:
2877 2525 3094 2607 quibus
3119 2544 3229 2606 per
3248 2525 3616 2587 calumniam
3641 2524 3799 2586 aliena

2179 2617 2446 2680 facinora
2475 2617 2875 2692 ascribuntur,
2910 2626 3093 2696 atque
3121 2617 3345 2696 injuste
3393 2616 3472 2676 ad
3507 2616 3692 2676 forum
3719 2632 3795 2674 ra-

2184 2709 2451 2789 piuntur,
2484 2720 2797 2768 strenuum
2835 2715 3305 2786 popugnatorem
3339 2703 3793 2766 sentiuntAlha—

2181 2799 2438 2860 nasium.
2497 2796 2792 2876 Denique,
2845 2813 2905 2856 ut
2956 2796 3297 2856 summatim
3345 2795 3579 2870 dicam,
3624 2812 3796 2855 omnes

2180 2886 2589 2960 Athanasium,
2617 2891 2816 2947 omnia
2847 2884 3088 2956 factum,
3117 2887 3371 2966 ejusque
3403 2884 3688 2946 auxilium
3718 2886 3798 2942 im-

2183 2977 2486 3058 plorantes
2517 2983 2785 3036 votorum
2833 2975 2958 3054 jam
3006 2985 3313 3055 compotes
3348 2974 3582 3048 effecti,
3627 2993 3689 3036 ac
3714 2977 3794 3034 la:-

2184 3076 2376 3130 tantes
2404 3074 2814 3128 revertuntur.
2842 3064 3010 3127 Hunc
3041 3065 3265 3127 etenim
3297 3063 3796 3146 experimurquasi

450 3151 722 3213 nusitem
740 3151 957 3214 divina;
973 3152 1399 3214 munificentiae
1419 3151 1615 3228 donis,
1631 3171 1764 3215 cum
1784 3153 2089 3215 cmlestem
2109 3156 2150 3208 ο
2173 3157 2425 3220 alteram
2459 3155 2684 3230 Siloen,
2717 3155 2922 3217 omnia
2951 3155 3125 3217 nobis
3170 3155 3691 3236 perturbationum
3721 3156 3794 3215 in-

452 3241 729 3303 laborum
745 3242 1296 3305 remunerationem
1334 3242 1561 3323 liquido
1589 3241 1958 3323 perspiceret
1972 3243 2097 3323 jam

447 3331 797 3413 affuturam,
829 3332 1047 3410 effecit,
1088 3340 1154 3394 ut
1185 3331 1516 3410 sapientem
1543 3331 1739 3406 decet,
1765 3340 1830 3394 ut
1852 3332 2100 3394 minime

446 3440 515 3485 se
541 3422 861 3504 pmniteret
890 3423 1022 3485 vita;
1051 3431 1359 3498 anteactae,
1392 3422 1497 3485 sed
1536 3423 1735 3503 potius
1767 3423 2095 3485 laataretur.

447 3513 750 3577 Maturum
775 3512 1032 3576 dixisses
1045 3513 1411 3576 frumentum
1434 3511 1494 3574 in
1511 3511 1852 3575 cmlestibus
1868 3513 2102 3576 horreis

454 3601 943 3680 condendum,ab
957 3603 1118 3665 omni
1141 3603 1524 3667 collectarum
1547 3605 1780 3683 frugum
1803 3602 1944 3665 vitio
1957 3602 2103 3666 alie-

447 3709 592 3756 num
620 3692 1111 3774 etincorruptum
1142 3713 1156 3754 :
1181 3701 1359 3775 atque
1379 3693 1514 3757 ideo
1535 3693 1596 3754 in
1621 3693 1876 3756 concilio
1891 3693 2092 3774 justo-

2183 3247 2396 3310 cendia
2443 3245 2947 3326 exstingueniem,
3007 3245 3404 3324 omniumque
3456 3245 3702 3318 animos,
3751 3251 3795 3304 et

2181 3353 2435 3418 corpora
2465 3334 2916 3415 irrigationibus
2962 3342 3414 3414 unguentorum
3450 3335 3793 3415 fragrantiam

2182 3425 2550 3508 spirantibus
2581 3433 2981 3489 recreantem.
3014 3427 3210 3507 Atque
3253 3426 3481 3487 horum
3517 3424 3795 3487 beneficio-

2182 3536 2313 3579 rum
2347 3535 2457 3578 nos
2486 3535 2724 3598 quoque
2775 3515 3096 3597 participes
3126 3515 3257 3577 ﬁeri
3291 3524 3674 3596 exaptamus;
3705 3515 3792 3576 bo-

2183 3625 2398 3670 norum
2431 3606 2695 3668 omnium
2722 3605 2976 3681 auctori,
2994 3616 3054 3669 et
3084 3605 3145 3666 in
3167 3605 3397 3668 sanctis
3424 3607 3556 3668 suis
3577 3606 3792 3685 glorioso

2181 3697 2401 3778 gratias
2450 3705 2694 3777 agentes
2736 3695 2909 3758 Deo:
2960 3714 3095 3758 eum
3145 3695 3309 3757 enim
3387 3695 3570 3760 decet
3633 3698 3793 3757 omnis

395 3805 400 3810 ‘
443 3799 580 3844 rum
613 3783 790 3846 vitam
823 3784 964 3846 vivit
993 3784 1421 3866 immortalem,
1454 3784 1706 3866 ejusque
1739 3801 1973 3847 merces
2005 3795 2094 3848 est
2174 3787 2387 3866 gloria,
2427 3786 2638 3855 honor,
2678 3785 3007 3864 veneratio,
3059 3784 3320 3861 Patrem,
3359 3797 3426 3849 et
3479 3787 3708 3860 Filium,
3747 3791 3792 3845 et

446 3871 636 3936 multa
658 3872 839 3936 nimis
859 3874 1023 3957 apud
1062 3873 1415 3937 altissimum
1442 3873 1657 3939 Deum.
1683 3875 1888 3938 Floret
1911 3875 2094 3954 igitur
2173 3876 2460 3958 Spiritum
2492 3884 2993 3954 sanctum,nunc,
3015 3885 3074 3939 et
3093 3893 3365 3958 semper,
3389 3887 3456 3942 et
3477 3879 3541 3941 in
3561 3875 3789 3942 omnium

444 3971 505 4026 ut
522 3963 744 4046 palma,
763 3973 946 4048 utque
970 3965 1189 4031 cedrus
1212 3964 1963 4047 augeturetampliﬁcatur,
1988 3966 2090 4048 qui
2173 3967 2527 4031 saeculorum
2561 3967 2985 4033 aeternitatem.
3015 3967 3236 4031 Amen.
