4032 6218
309 374 2426 387 _________________________
3614 387 3627 391 -

1568 507 1838 565 ΔΝΜ)
1883 508 2341 567 INCEB'I‘o.

941 701 2946 908 BARTHOLOMEUS,

1256 1013 1891 1103 EDESSENUS
1991 1015 2633 1116 MONACHUS.

1793 1418 2099 1485 NOTITIA

1375 1601 1569 1679 (Cave,
1617 1601 1866 1664 Dissert.
1914 1608 2128 1682 prim,
2181 1621 2312 1685 pag.
2365 1604 2526 1683 168.)

342 1953 835 2031 Bartholomaaus,
869 1960 1068 2033 gente,
1105 1952 1166 2014 ni
1189 1952 1383 2023 fallor,
1420 1953 1625 2030 Syrus,
1660 1952 1831 2030 civis,
1866 1962 2030 2015 certe
2064 1953 2419 2032 monachus,
2454 1951 2816 2015 Edessemus
2846 1973 2864 2030 ;
2893 1951 3037 2034 quin
3072 1973 3190 2015 non
3223 1972 3361 2016 raro
3395 1973 3461 2017 se
3484 1955 3633 2017 sime

256 2045 500 2126 pliciter
530 2043 900 2107 Edessenum
936 2050 1104 2106 vecat
1130 2063 1146 2115 ;
1178 2042 1370 2104 aetatis
1396 2042 1722 2103 admodum
1758 2043 2004 2105 incertae
2021 2043 2300 2125 scriptor,
2336 2045 2506 2123 cujus
2530 2062 2604 2104 ne
2634 2044 2934 2105 levissima
2960 2044 3396 2123 quidem;quod
3421 2046 3630 2125 sciam,

251 2134 515 2198 habetur
546 2141 788 2206 mentio,
820 2135 1113 2214 cujusque
1141 2132 1203 2194 in
1234 2142 1357 2194 toto
1392 2152 1501 2194 suo
1550 2133 1746 2212 Opere
1795 2153 1906 2195 nec
1948 2134 2100 2213 vola,
2153 2152 2263 2195 nec
2295 2133 2644 2213 vestigium;
2691 2133 2780 2195 vir
2826 2153 2943 2194 non
2994 2134 3354 2213 inelegantis
3386 2136 3633 2215 ingenii,

255 2244 380 2287 non
411 2224 868 2287 contemnenda
897 2222 1278 2297 eruditionis,
1324 2222 1655 2302 iasoriptis
1686 2232 1743 2284 et
1770 2222 1983 2286 ritihus
2004 2222 2446 2304 Chaldaeorum,
2496 2222 2781 2302 Arabum,
2826 2222 3463 2286 Muhammedanorum
3496 2246 3634 2289 ver-

250 2316 615 2378 satissimus.
647 2315 902 2392 Scripsit
938 2314 1253 2376 Elenchen
1273 2331 1377 2375 seu
1410 2313 1878 2375 coniutationem
1928 2313 2213 2392 Agareui,
2248 2331 2368 2394 qua
2400 2332 2515 2373 non
2549 2314 2681 2374 sine
2726 2331 2937 2392 magno
2990 2314 3215 2392 ingenii
3265 2315 3541 2379 acumine
3571 2327 3635 2384 et

256 2405 526 2467 mordaci
557 2405 707 2480 sale,
746 2404 1024 2467 Alcorani
1058 2403 1314 2485 ineptias
1345 2412 1404 2465 et
1433 2403 1874 2467 Muhammedis
1905 2412 2125 2479 ortum,
2175 2404 2376 2481 vitam,
2434 2420 2652 2476 mores,
2691 2403 2840 2465 ritus
2890 2413 2946 2463 et
2991 2402 3286 2485 dogmata,
3331 2406 3637 2485 eleganter

253 2501 521 2576 exponit.
552 2493 717 2573 Opus
749 2495 861 2556 hoc
891 2494 1161 2576 ἀκέφαλον
1192 2492 1291 2556 Gr.
1315 2493 1439 2555 Lat.
1479 2493 1695 2554 extulit
1722 2492 1927 2573 Steph.
1964 2496 2048 2556 Le
2082 2492 2359 2566 Moinius,
2389 2501 2447 2553 et
2472 2493 2628 2554 inter
2669 2495 2847 2555 Varia
2874 2511 2983 2555 sua
3010 2494 3198 2556 Sacra
3230 2498 3419 2557 locum
3439 2498 3632 2574 dedit,

252 2585 445 2665 Lugd.
479 2587 681 2650 Batav.
718 2584 895 2660 1685,
934 2603 993 2664 p.
1028 2583 1188 2665 302;
1225 2583 1631 2646 subnectitur.
1668 2584 1815 2645 ibid.
1852 2603 1912 2663 p.
1966 2581 2107 2660 4‘29,
2165 2592 2450 2645 tractatus
2500 2584 2651 2645 alter
2695 2582 2794 2646 Gr.
2830 2581 2957 2645 Lat.
2992 2582 3219 2646 Contra
3250 2584 3632 2650 Multamme-

251 2676 393 2750 den,
428 2694 501 2737 an
530 2675 803 2756 ejusdem
836 2674 1123 2749 auctoris,
1161 2692 1279 2735 non
1312 2673 1523 2753 liquet.
1578 2672 1730 2735 Sunt
1774 2692 1909 2753 quae
1941 2673 1996 2732 id
2048 2672 2303 2734 suadere
2358 2673 2675 2735 videantur
2723 2673 2988 2734 materia:
3036 2675 3316 2748 afﬁnitas,
3371 2677 3635 2740 auctoris

250 2766 589 2846 ingenium,
621 2773 895 2828 accurata
927 2782 1127 2827 rerum
1170 2763 1803 2827 Muhammedanarum
1844 2762 2077 2843 peritia.
2112 2764 2237 2825 Nec
2269 2763 2488 2824 desunt
2538 2782 2671 2843 qua:
2720 2781 3029 2824 assensum
3085 2764 3261 2843 plane
3295 2766 3632 2845 retrahunt,

251 2858 555 2938 praecipue
585 2856 740 2917 haud
771 2856 915 2917 levis
946 2855 1004 2915 in
1042 2862 1299 2931 utroque
1330 2854 1755 2935 discrepantia.
1791 2852 2263 2915 Bartholoxnmus
2296 2853 2356 2914 in
2389 2853 2784 2915 recensendis
2810 2851 3246 2915 Muhammedis
3272 2857 3555 2918 uxoribus
3577 2863 3635 2920 et

248 2947 485 3023 liberis,
519 2966 653 3009 cum
687 2964 1003 3026 anonymo,
1040 2963 1151 3006 nec
1182 2944 1550 3024 nomiuibus,
1586 2962 1697 3005 nec
1734 2962 2012 3017 numero,
2049 2942 2350 3005 convenit.
2402 2942 2691 3006 Monacho
2743 2941 3128 3018 Nestoriano,
3178 2945 3461 3024 primario
3507 2945 3633 3009 Mu-

246 3037 587 3099 bammedis
618 3037 677 3098 in
710 3035 1027 3098 condendo
1060 3035 1355 3096 Alcorano
1389 3034 1715 3112 ἐργοδιώκτῃ
1752 3052 1971 3095 nomen
2007 3032 2169 3114 apud
2203 3034 2711 3095 Bartholomaeum
2759 3042 2851 3096 est
2889 3031 3229 3114 Pachuras,
3263 3040 3419 3115 apud
3474 3054 3632 3099 ano-

249 3146 497 3210 nymum
532 3128 749 3203 Baira,
783 3135 846 3188 ut
874 3126 989 3188 alia
1008 3126 1135 3207 jam
1163 3125 1416 3187 mittam.
1445 3122 1519 3188 Ut
1555 3132 1618 3186 ut
1647 3125 1746 3201 sit,
1779 3131 2100 3205 utrumque
2129 3141 2280 3204 opus
2316 3123 2695 3203 jucunditate
2732 3131 2790 3184 et
2840 3122 3094 3185 utilitate
3124 3141 3234 3185 sua
3275 3142 3341 3186 se
3381 3143 3634 3206 magno-

248 3236 405 3301 pere
433 3218 811 3280 commendat
834 3220 881 3279 '.

334 3390 360 3415 "
393 3388 564 3451 Conf.
593 3389 831 3452 Fabric.
866 3385 1166 3451 Biblioth.
1205 3386 1395 3449 Gram.
1434 3387 1531 3450 ed.
1566 3384 1775 3448 Harles
1809 3390 1851 3445 t.
1886 3383 2041 3459 Vill,
2077 3401 2137 3463 p.
2169 3382 2251 3447 86
2288 3390 2410 3445 not.
2444 3401 2601 3460 mm;
2648 3392 2691 3449 t.
2748 3383 2871 3448 LX.
2915 3402 2973 3464 p.
3009 3384 3170 3461 586;
3224 3392 3283 3448 et
3313 3384 3503 3448 Calai.
3536 3382 3633 3447 bi-

248 3469 468 3532 blioth.
499 3469 784 3533 Leidens.
812 3489 872 3551 p.
905 3468 1047 3543 340,
1083 3486 1144 3529 n.
1176 3467 1279 3532 21.

1177 3760 1556 3828 ΜΟΝΙΤΠΜ
1603 3757 1695 3822 ΙΝ
1732 3757 2205 3837 8ΕΟΗΕΝΤΙΑ
2256 3757 2705 3825 OPUSCULA.

1092 3942 1418 4025 (Lanam,
1480 3940 1670 4005 Varia
1720 3955 1919 4014 sacra,
1981 3936 2439 4021 Proiegomena,
2501 3956 2562 4022 p.
2620 3939 2746 4020 l7.)

330 4307 481 4369 Cum
515 4322 585 4368 ex
616 4304 811 4386 legato
840 4303 1264 4381 Warneriano,
1289 4303 1363 4367 ad
1388 4302 1835 4383 Scaligeranum
1868 4319 2208 4384 pergerem,
2242 4309 2302 4364 et
2332 4299 2661 4364 desultoria
2691 4303 2948 4380 quadam
2990 4302 3265 4381 libidine,
3299 4302 3477 4369 modo
3500 4305 3626 4386 illo,

246 4395 429 4459 modo
462 4396 575 4459 isto
606 4395 812 4459 oculos
846 4414 1010 4458 meos
1042 4413 1378 4477 pascerem,
1410 4404 1469 4456 et
1498 4394 1806 4475 utriusque
1837 4411 1983 4473 opes
2015 4393 2287 4467 mirarer,
2322 4409 2390 4453 ac
2423 4392 2828 4474 explorarem,
2861 4394 3043 4457 incidi
3067 4396 3127 4457 in
3158 4393 3634 4478 Disputationem

244 4484 649 4549 Bartbolonzei
683 4486 998 4559 Edesseni,
1017 4486 1313 4568 sequioris
1331 4486 1461 4559 aevi,
1488 4484 1546 4545 ni
1579 4483 1781 4559 fallor,
1814 4483 2118 4559 monachi,
2139 4490 2348 4545 contra
2379 4484 2739 4547 Saracenos.
2775 4480 2941 4566 Opus
2962 4485 3293 4567 Scaligero,
3314 4485 3630 4569 Vulcania,

248 4575 474 4642 Ilursio
508 4584 738 4654 notum,
766 4576 1128 4658 illorumque
1163 4576 1356 4639 doctis
1387 4574 1664 4638 manibus
1700 4572 1803 4635 diu
1843 4574 2046 4636 tritum
2082 4591 2150 4634 ac
2200 4581 2524 4647 versatum,
2581 4573 2685 4636 sed
2735 4575 2855 4638 huc
2907 4594 3102 4658 usquo
3144 4576 3461 4655 ineditum,
3520 4596 3635 4642 nec

248 4667 579 4730 Latinitate
609 4665 1103 4731 donatum.‘Cum
1136 4685 1274 4729 vero
1306 4666 1469 4728 illius
1501 4665 1682 4727 lectio
1716 4683 1836 4725 non
1868 4663 2080 4726 leviter
2108 4667 2373 4725 animum
2421 4662 2711 4739 alliceret,
2761 4682 2833 4728 ac
2884 4665 2943 4727 in
2990 4666 3093 4729 illo
3126 4668 3310 4730 multa
3340 4685 3629 4731 occurre-

245 4767 409 4835 rent,
447 4757 524 4821 de
555 4757 912 4833 lahumete,
950 4757 1026 4819 de
1075 4754 1540 4831 Mahumetanis,
1583 4755 1659 4817 de
1699 4753 1995 4834 religione
2042 4752 2640 4828 Muhamedanorum,
2692 4754 2768 4816 de
2816 4755 2996 4818 variis
3040 4755 3194 4837 apud
3228 4755 3363 4818 illos
3388 4755 3628 4836 ritibus,

244 4856 416 4930 grata
446 4866 515 4911 ac
538 4847 828 4929 jucunda,
866 4866 999 4930 quae
1028 4866 1060 4909 a
1090 4846 1419 4910 lectoribus
1452 4847 1607 4908 sicut
1638 4862 1750 4907 nec
1780 4862 1814 4906 a
1845 4861 1964 4920 me,
1996 4862 2117 4905 non
2147 4848 2279 4905 sine
2310 4846 2567 4924 quadam
2592 4844 2891 4925 voluptate
2920 4844 3036 4925 legi
3057 4863 3232 4927 posse
3250 4844 3628 4927 videbantur,

244 4945 448 5003 statim
486 4938 563 5000 de
595 4956 779 5020 opere
810 4956 947 5000 cum
980 4936 1114 4999 aliis
1137 4936 1259 5018 jam
1291 4936 1513 5019 paratis
1541 4934 1829 4998 sociando
1864 4933 2138 5015 cogitavi,
2178 4932 2517 4995 versionem
2569 4933 2877 4998 adornavi.
2922 4934 2996 4997 Al
3028 4936 3252 4998 calcem
3284 4952 3425 4998 vero
3455 4934 3633 5001 istius

243 5030 481 5095 codicis
513 5047 656 5090 mss.
692 5027 1109 5091 Bartbolomaei
1139 5027 1455 5101 Edesseni,
1491 5026 1764 5108 quaedam
1795 5023 1996 5086 addita
2028 5022 2408 5102 legebantur,
2436 5040 2569 5104 quae
2599 5024 3002 5087 Mahumetem
3029 5025 3222 5106 ipsum
3255 5024 3628 5107 spectabant.

242 5120 392 5196 Quae
420 5137 557 5181 cum
588 5119 883 5201 superiori
906 5117 1316 5199 disputationi,
1350 5116 1605 5181 concilio
1637 5118 1895 5198 quodam
1927 5114 2126 5179 addita
2154 5112 2436 5194 fuissent,
2490 5130 2560 5175 ea
2602 5114 2664 5176 in
2696 5114 2959 5178 editione
2990 5124 3194 5179 nostra
3225 5115 3526 5180 noluimus
3552 5116 3630 5183 de

246 5211 527 5277 siderari.
