3994 6232
498 262 649 334 138⁸7

1688 258 2263 324 BARTHOLOMEI
2304 257 2674 326 EDESSENI

3756 253 3883 319 1388

493 417 631 478 nos,
656 397 858 462 nullus
899 411 1163 477 unquam
1208 394 1356 459 vidit
1390 394 1583 459 Deum
1616 412 1793 477 quem
1827 412 1937 457 nos
1967 390 2140 457 Chri-

2226 393 2471 471 πώποτε,
2536 394 2655 453 οὔτε
2704 408 2824 459 τοῖς
2872 393 3157 473 ἀγγὲλοις,
3208 392 3338 449 οὔτε
3384 405 3514 457 τοῖς
3578 392 3881 467 προφήταις.

492 489 672 553 stiani
692 488 968 560 colimus,
993 502 1193 566 neque
1209 483 1458 565 angelis,
1484 503 1683 566 neque
1702 483 2145 567 prophetis,ne-

493 598 611 662 que
631 577 740 641 ulli
778 574 1091 639 hominum
1123 576 1281 637 visus
1312 583 1424 657 est,
1454 593 1652 656 neque
1681 572 1985 647 multoties
2009 588 2139 631 ma-

491 668 793 732 nifestavit
837 665 1107 746 seipsum
1160 665 1440 747 cuiquam
1495 664 1731 728 mortali
1780 671 1841 725 et
1883 671 2140 724 terrena

491 765 804 835 creatum;
835 756 992 820 sicut
1018 762 1082 818 tu
1111 755 1316 837 inepte
1346 754 1567 817 asseris
1612 753 1799 817 Deum
1836 751 2138 814 multoties

490 848 785 912 salutasse
814 854 879 911 et
913 845 1114 909 adhuc
1143 844 1400 925 singulis
1427 843 1646 907 diebus
1673 844 1902 907 salvare
1920 839 2141 922 jubere

493 947 663 1003 tuum
686 934 1195 1001 Mahumelem.Si
1220 953 1357 997 vero
1377 934 1596 997 asseris
1613 942 1670 995 te
1691 935 1880 997 Deum
1904 929 2143 992 novisse

492 1026 1227 1103 ministerioMahumetis,
1250 1025 1523 1107 sequitur
1534 1023 1689 1105 quod
1713 1023 1816 1083 ille
1835 1022 1911 1083 sit
1930 1020 2049 1083 dux
2079 1025 2140 1081 et

490 1124 943 1183 consummator
970 1117 1105 1178 vita:
1137 1124 1273 1191 tum;
1310 1116 1453 1176 hinc
1485 1114 1652 1176 illum
1681 1130 1856 1175 vocas
1893 1109 2145 1191 prophe-

492 1216 613 1271 tam
644 1215 704 1271 et
750 1206 1088 1289 apostolum
1135 1204 1268 1268 Dei.
1301 1202 1595 1268 Omnibus
1625 1220 1766 1265 vero
1819 1209 2023 1263 notum
2040 1206 2149 1289 gest

494 1287 903 1363 Mahumetem
958 1314 1071 1359 nec
1115 1294 1467 1377 prophetam
1512 1311 1627 1355 nec
1673 1290 2004 1373 apostolum
2038 1287 2147 1350 Dei

491 1406 655 1464 esse,
675 1386 784 1451 sed
804 1386 976 1448 illum
1000 1394 1232 1449 tantum
1254 1384 1438 1447 fuisse
1460 1383 1767 1445 alumnum
1799 1379 2142 1459 Abutalepi,

492 1486 554 1542 et
582 1494 821 1541 servum
850 1473 1103 1556 Cadizae,
1144 1474 1318 1553 cujus
1369 1473 1636 1536 camelos
1667 1469 1911 1551 regebat
1941 1478 2001 1531 et
2031 1469 2145 1530 du-

491 1566 667 1633 cebat
692 1568 1051 1630 Damascum
1077 1572 1360 1626 oneratos
1401 1562 1579 1625 variis
1611 1560 1936 1634 mercibus,
1985 1565 2042 1619 et
2070 1558 2144 1620 ad

494 1658 650 1723 alios
678 1656 858 1720 etiam
909 1653 1166 1736 popiilos
1201 1652 1277 1715 de
1325 1652 1457 1715 loco
1498 1652 1558 1714 in
1596 1652 1795 1713 locum
1833 1646 2142 1731 pergebat,

2230 481 2349 539 οὔτὲ
2436 486 2536 541 τινὶ
2623 491 2731 541 τῶν
2832 484 3137 561 ἀνθρώπων
3223 484 3436 562 ὡράθη,
3549 480 3681 537 οὔτε
3754 478 3881 533 πάὶιν

2224 570 2558 652 ἐφανέρωσεν
2616 573 2644 628 ὸ
2738 575 2868 635 Θεὸς
2944 574 3132 630 ἑαυτὸν
3188 578 3378 652 χοϊκῷ
3450 594 3599 649 τινι,
3696 570 3772 630 ὣς
3838 591 3879 622 τι

2222 659 2476 740 φλυαρεῖς
2506 662 2682 740 λέγων
2713 662 2794 719 ὅτι
2850 662 2968 719 καθ’
3022 662 3259 730 ἑκάστην
3300 666 3329 718 ὸ
3373 663 3519 725 Sed;
3566 660 3881 738 ὶχαιρὲτιζεν

2224 752 2315 807 καὶ
2345 754 2639 832 χαιρετίζει
2674 753 2995 833 Μουχάμετ.
3034 753 3137 811 Καί
3185 755 3230 809 εἰ
3278 752 3381 828 μὶν
3433 752 3663 830 λέγεις,
3698 749 3777 803 ὅτι
3817 751 3881 802 τὲ*

2224 844 2354 897 Θεὸν
2397 844 2461 898 εκ
2507 851 2601 901 τοῦ
2649 843 2951 922 Μουχάμετ
3006 843 3317 923 γινώσκεις,
3364 842 3575 901 λοιπὸν
3636 838 3881 893 κάκεῖνος

2223 928 2367 987 ἐστιν
2395 933 2422 987 ὁ
2453 931 2705 1011 ἀρχηγὸς
2735 937 2834 998 τῆς
2866 932 3009 1003 ζωῆς
3052 954 3172 1013 σου,
3217 934 3306 989 καὶ
3353 931 3442 988 διὰ
3508 936 3688 987 τοῦτο
3715 925 3884 987 καλεῖς

2224 1020 2386 1077 αὐτὸν
2417 1023 2702 1101 προφήτην
2733 1022 2821 1078 καὶ
2871 1021 3173 1079 ἀπόστολον
3234 1024 3393 1084 Θεοῦ.
3428 1027 3585 1077 Πᾶσι
3638 1017 3881 1096 γνώριμω

2228 1108 2328 1184 ἔνι,
2364 1110 2445 1166 ὅτι
2478 1112 2505 1167 ὃ
2550 1111 2852 1191 Μουχᾶμετ
2881 1110 3002 1168 οὕτε
3046 1114 3356 1192 προφήτης,
3415 1110 3551 1169 οὔτε
3600 1106 3885 1167 ἀπόστολῦξ

2231 1207 2362 1257 Θεοῦ
2391 1202 2651 1280 ὑπάρχει,
2687 1201 2731 1257 εἱ
2763 1202 2841 1276 μὴ
2868 1202 3198 1278 ἀναθρεπτὸς
3226 1202 3323 1260 τοῦ
3350 1198 3786 1274 Ἀπουταλεπί,
3816 1206 3885 1252 ui

2229 1291 2529 1368 μισθᾶργως
2558 1290 2657 1357 τῆς
2708 1290 2938 1361 Χατίζας
2970 1292 3045 1355 εἷς
3094 1293 3157 1348 τὰ
3203 1289 3484 1367 καμήλια,
3539 1291 3582 1345 ἃ

2231 1381 2305 1442 εἷς
2337 1382 2648 1455 Δαμασκὸν,
2696 1380 2783 1435 καὶ
2813 1381 2887 1443 εἰς
2930 1379 3139 1460 ἑτέρους
3189 1382 3390 1445 τόπους
3446 1377 3887 1459 πεφορτωμέκξι

2228 1477 2635 1548 πραγματειῶν,
2672 1468 3044 1544 μεταϐιϐάζων
3073 1480 3238 1530 ταῦτα
3278 1471 3337 1528 ἔκ
3367 1470 3555 1527 τόπου
3591 1471 3674 1533 εἰς
3720 1469 3885 1535 τόπον,

2229 1560 2317 1615 καὶ
2359 1559 2874 1638 πραγματευόμενος
2912 1560 3016 1617 ὑπὸ
3044 1566 3143 1627 τῆς
3193 1560 3453 1638 ῥηθεὶσης
3485 1560 3696 1635 κυρίας
3729 1562 3885 1617 αὐτοὶ.

2232 1649 2331 1705 Καὶ
2374 1651 2435 1706 τὸ
2498 1648 2788 1727 Κουράνιόν
2847 1671 2942 1706 σου
2999 1664 3264 1728 μαρτυρεῖ
3340 1652 3466 1727 περὶ
3553 1648 3758 1719 αὗτοῦ,
3825 1646 3883 1700 ὃς

494 1745 736 1828 negotia
765 1761 983 1823 gerens
1012 1750 1073 1805 et
1102 1740 1530 1804 administrans
1561 1740 1862 1822 przedictaa
1891 1756 2013 1828 suae
2044 1738 2140 1799 do-

2226 1738 2514 1816 τριάκοντα
2570 1736 2661 1795 δύο
2706 1738 2939 1817 χρόνους
2990 1739 3218 1803 ἄπιστος
3285 1739 3581 1819 ὑπῆρχεν,
3648 1740 3747 1793 καὶ
3810 1741 3885 1794 τίς

494 1827 697 1900 minas.
734 1835 815 1898 Et
842 1832 1180 1896 Alcoranus
1228 1839 1364 1893 tuus
1410 1829 1486 1892 de
1517 1829 1623 1892 illo
1652 1836 1923 1903 testatur,
1957 1827 2143 1888 nimi-

490 1943 627 1989 rum
658 1923 851 2007 spatio
873 1921 1120 2001 triginta
1137 1920 1393 1982 duorum
1423 1937 1714 1982 annarum
1747 1918 1917 1980 illum
1931 1917 2145 1978 vixisse

492 2016 629 2079 sine
653 2013 797 2080 ﬁde.
828 2014 1124 2078 Memorat
1154 2010 1381 2092 quippe
1412 2009 1583 2071 illum
1616 2008 1957 2089 implevisse
1988 2023 2140 2083 qua-

492 2106 763 2187 draginta
777 2109 1009 2183 septem
1032 2119 1247 2174 annos,
1264 2100 1456 2181 spatio
1480 2098 1823 2181 quindecim
1842 2114 2139 2159 annorum

494 2196 668 2259 illum
706 2191 1169 2274 religiosissime
1198 2190 1440 2264 vixisse,
1474 2188 1582 2251 sed
1614 2188 1867 2251 aliorum
1902 2187 2145 2266 triginta

492 2284 755 2350 duorum
805 2281 1119 2346 intervallo
1171 2287 1299 2342 toto
1330 2279 1501 2341 illum
1536 2279 1778 2359 vixisse,
1830 2278 1961 2339 sine
1991 2279 2137 2353 Deo,

492 2376 628 2438 sine
658 2374 819 2455 lege;
847 2371 1059 2454 impie,
1100 2378 1158 2433 et
1212 2369 1492 2451 pessimis
1533 2366 1911 2448 dogmatibus
1944 2366 2139 2429 obno-

490 2465 688 2528 xium.
720 2461 883 2536 Quin
914 2470 974 2523 et
1003 2461 1136 2543 ipse
1180 2459 1347 2521 duxit
1390 2458 1599 2522 decem
1642 2476 1883 2539 uxores,
1915 2466 1972 2519 et
2004 2475 2143 2518 sex-

493 2554 695 2618 decim
729 2551 1101 2615 concubinas
1131 2550 1416 2631 captivas.
1439 2548 1597 2626 Jam,
1649 2566 1872 2629 quaeso,
1907 2546 2146 2608 declara

492 2642 732 2726 quando
748 2642 886 2705 illas
904 2639 1208 2719 habuerit,
1237 2658 1310 2701 an
1335 2649 1613 2721 tempore
1642 2657 1765 2701 suae
1793 2637 2141 2718 impietatis,

489 2752 567 2797 an
607 2751 748 2797 vero
774 2751 913 2794 cum
943 2730 1135 2793 Deum
1177 2729 1379 2792 colere
1428 2730 1606 2809 cmpit
1637 2740 1697 2790 et
1743 2728 2021 2807 religiose
2046 2726 2142 2787 vi-

489 2842 657 2889 vere.
690 2822 757 2888 Si
806 2820 1099 2884 memoria
1142 2819 1433 2901 suppetit,
1487 2817 1737 2881 ostende
1767 2816 1990 2898 aliquid
2022 2835 2141 2897 quo

488 2914 606 2977 hoc
636 2911 826 2996 possit
852 2908 1256 2991 comprobari.
1292 2906 1554 2988 Insuper
1581 2907 1887 2971 Mahumet
1903 2925 1973 2996 ex
2007 2924 2143 2985 pec-

487 3008 621 3067 cato
643 2995 714 3064 et
743 3000 976 3064 semine
1005 2999 1266 3061 humano
1316 2997 1602 3058 formatus
1635 3004 1748 3071 est,
1779 3006 1839 3057 et
1884 2995 1985 3057 ille
2012 2996 2140 3077 ipse

2226 1828 2368 1899 ζωῆς
2414 1826 2575 1886 αὐτοῦ
2625 1828 2789 1894 οὔσης
2836 1830 3050 1909 χρόνων
3098 1829 3514 1905 τεσσαράκοντα
3571 1827 3747 1905 ἑπτὰ,
3792 1825 3884 1883 εἰς

2224 1918 2348 1982 τοὺς
2406 1917 2566 1974 πέντε
2601 1918 2689 1973 καὶ
2719 1915 2847 1975 δέκα
2876 1919 3103 1998 χρόνους
3137 1920 3388 1998 δπῆρχεν
3438 1916 3757 1991 θεοσεϐὴς,
3786 1917 3882 1974 τοὺς

2224 2005 2279 2062 δὲ
2322 2004 2608 2087 τριάκοντα
2638 2004 2727 2063 δύο
2759 2008 2900 2082 μήτε
2961 2010 3092 2064 Θεὸν
3152 2009 3461 2084 γινώσκων,
3537 2008 3700 2081 μήτε
3747 2005 3883 2078 νόμον

2224 2095 2394 2177 ἔχων,
2442 2095 2580 2152 ἀλλὰ
2608 2094 2809 2164 ἀσεϐὴς
2852 2096 2949 2153 καί
2989 2095 3277 2163 κακόδοξος
3309 2099 3611 2177 ὑπῆρχεν.
3670 2100 3774 2155 Καὶ
3800 2094 3882 2151 Za-

2223 2184 2332 2243 ϐὼν
2380 2199 2639 2263 γυναῖκας
2693 2185 2844 2265 δέκα,
2905 2189 2991 2243 καὶ
3025 2185 3264 2249 σκλάϐας
3325 2187 3453 2262 ις’,
3508 2188 3662 2243 πότε
3711 2188 3879 2247 sats;

2224 2274 2438 2355 ἒλτϐεν,
2470 2274 2643 2341 δεῖξόν
2675 2298 2791 2351 μοι.
2819 2278 2965 2333 Μετὰ
2996 2278 3056 2333 τὸ
3086 2276 3436 2357 οεοσεὸἧσαι,
3467 2277 3513 2345 ἢ
3550 2279 3668 2354 πρὸ
3698 2276 3879 2343 τούτους

2225 2367 2497 2433 ὑπόδειΞόν
2542 2390 2633 2444 μοι
2691 2368 2791 2435 τὴν
2834 2370 2954 2447 περὶ
2997 2370 3184 2426 τούτου
3232 2369 3506 2444 δήλωσιν,
3564 2369 3670 2426 ἐὰν
3725 2368 3878 2432 οἶδας,

2232 2459 2327 2516 Καὶ
2359 2458 2521 2515 πάλιν
2579 2458 2609 2513 ὁ
2668 2460 2969 2538 Μουχᾶμετ
3020 2460 3125 2515 ἀπὸ
3169 2459 3436 2537 ἀμαρτέας
3484 2461 3588 2516 καὶ

2226 2569 2318 2613 τος
2350 2547 2675 2627 ἀνθρωπίνου
2704 2547 2868 2609 ἔστιν.
2920 2550 3018 2607 Καὶ
3059 2551 3217 2614 αὖτὸς
3254 2548 3539 2629 ἥμαρτεν,
3581 2551 3679 2606 καὶ
3718 2549 3881 2605 ἔσπει-

2229 2658 2337 2715 ρεν.
2374 2642 2495 2701 Πῶς
2524 2636 2616 2692 οὖν
2650 2638 2805 2694 αὑτὸν
2835 2635 3033 2716 λέγεις,
3065 2638 3145 2694 ὃτι
3189 2636 3421 2717 ἀδελφός
3469 2637 3604 2695 ἔστι
3640 2645 3743 2695 τοῦ
3774 2645 3883 2713 ιρι-

2227 2728 2377 2801 στοῦ;
2412 2724 2493 2782 ’ὃτι
2527 2726 2585 2781 σε)
2614 2728 2779 2800 μόνον
2808 2726 3129 2801 ἁμαρτωλός
3159 2725 3329 2799 ἐστιν,
3353 2726 3507 2783 ἀλλὰ
3545 2729 3647 2783 καὶ
3680 2725 3756 2782 δι’
3786 2725 3885 2781 ὅλοι.

2224 2818 2417 2895 ἔχθρὸς
2451 2817 2547 2872 τοῦ
2575 2822 2732 2895 Θεοῦ,
2764 2817 2942 2879 καθὼς
2973 2816 3283 2893 γινώσκεις,
3312 2816 3401 2872 ὃτι
3428 2818 3550 2892 πρὸ
3582 2819 3693 2874 τοῦ
3719 2820 3889 2873 θεοσε-

2222 2905 2409 2979 ϐἧσαι,
2456 2905 2545 2966 καὶ
2588 2904 2856 2986 κλέπτης,
2889 2907 2975 2961 καὶ
3018 2910 3342 2981 νυκτοπόρος
3375 2906 3654 2987 ὑπῆρχεν
3690 2908 3782 2963 καὶ
3805 2906 3892 2982 λῃ-

2224 2997 2380 3075 στὴς,
2413 2998 2503 3053 καὶ
2545 2994 2631 3051 ἐπὶ
2672 2996 2769 3060 τὰς
2814 2997 3096 3075 στρωμνὰς
3139 2993 3375 3059 πολλοὺς
3421 3002 3542 3051 τῶν
3603 2995 3887 3075 ἀνθρώπων

491 3064 763 3175 peccavit
819 3100 881 3153 et
933 3089 1147 3152 liberis
1210 3086 1599 3167 procreandis
1642 3064 1885 3168 operam
1930 3064 2136 3168 dedit;

2224 3084 2528 3166 ἐφόνευσεν.
2576 3084 2677 3143 Καί
2717 3091 2884 3141 ταῦτα
2942 3082 3029 3141 διὰ
3075 3098 3365 3163 γυναῖκας,
3402 3086 3503 3141 καί
3558 3084 3643 3142 δι’
3676 3064 3888 3163 ἄκρατοι

488 3172 790 3265 quomodo
826 3197 969 3260 ergo
1018 3176 1170 3240 dicis
1200 3176 1369 3239 illum
1401 3176 1585 3239 fuisse
1613 3176 1858 3239 fratrem
1890 3176 2137 3252 Christi;

2224 3175 2361 3252 μίξιν
2402 3172 2709 3265 ἐξωνήσατο
2738 3172 3409 3265 βοτάνιαλσδμϐαλλόμενα
3444 3181 3637 3233 ταῦτα
3670 3178 3751 3239 εἰς
3782 3197 3889 3250 πορ-

488 3262 629 3334 cum
659 3288 783 3334 non
813 3268 1009 3332 solum
1034 3266 1213 3329 fuerit
1234 3274 1535 3348 peccator,
1562 3265 1667 3329 sed
1691 3265 2138 3328 infensissimus

2224 3265 2363 3322 νείαν
2393 3264 2655 3344 ἄσχετον,
2687 3265 2761 3328 ὡς
2810 3265 2889 3340 μὴ
2938 3262 3079 3328 ὃλως
3108 3265 3266 3341 κόρον
3298 3263 3451 3344 ἔχων
3488 3265 3607 3332 τῆς
3636 3268 3885 3329 τοιαύτης

482 3359 595 3425 Dei
627 3361 816 3424 hostis
843 3365 906 3421 ut
928 3358 1060 3439 ipse
1082 3357 1361 3437 agnoscis
1381 3364 1443 3420 et
1460 3355 1769 3419 conﬁteris
1804 3377 1818 3416 :
1855 3374 1991 3418 nam
2024 3375 2133 3418 σηε-

2224 3354 2521 3432 ἒπιὼμὶας,
2557 3354 2718 3430 ὅνπερ
2746 3350 2816 3409 δι’
2850 3353 2975 3411 ὃλου
3006 3350 3125 3429 μεθ⁹
3168 3354 3359 3412 ἑαυτοῦ
3392 3354 3567 3433 εἶχε,
3600 3356 3884 3436 χρώμενος

488 3458 729 3533 tequam
762 3448 943 3511 vitam
974 3446 1320 3527 religiosam
1344 3445 1835 3526 amplecteretur;
1868 3454 1999 3508 erat
2017 3446 2133 3521 fur,

2224 3452 2296 3520 τῷ
2323 3443 2555 3533 τοιούτῳ,
2579 3442 2668 3533 ξπ(
2696 3449 2764 3520 τῇ
2792 3444 2953 3502 αὑτοῦ
2986 3442 3227 3521 ἐργασίᾳ.

483 3530 661 3617 latro,
716 3548 1047 3602 nocturnus
1075 3537 1301 3599 viarum
1350 3536 1623 3598 insessor
1651 3536 1753 3616 qui
1787 3536 2265 3617 quamplurimas
2320 3534 2385 3595 in
2440 3531 2694 3594 insidias
2741 3549 2892 3613 quos
2940 3538 3239 3594 struxerat
3288 3530 3592 3613 delapsos
3634 3534 3887 3597 violenta

486 3637 681 3693 morte
711 3626 985 3710 peremit.
1018 3628 1321 3689 Praeterea
1356 3632 1599 3705 propter
1630 3643 1874 3701 uxores,
1910 3633 1971 3687 et
2002 3626 2399 3706 impotentem
2458 3621 3082 3702 intemperantemque
3114 3623 3334 3710 coitum
3388 3620 3634 3684 herbas
3666 3622 3887 3684 solebat

488 3737 693 3785 emere
712 3708 937 3800 quibus
968 3733 1247 3778 venerem
1281 3722 1340 3777 et
1367 3714 1681 3777 libidinem
1716 3715 2008 3777 eﬂ‘renem
2064 3714 2447 3785 conciliaret;
2503 3712 2653 3774 adeo
2685 3718 2747 3772 ut
2781 3729 3084 3791 nunquam
3134 3709 3381 3773 satiatus
3434 3712 3785 3775 recederet
3823 3708 3883 3772 ab

484 3811 620 3875 istls
646 3808 842 3891 pravis
870 3805 1214 3885 desideriis,
1238 3803 1458 3886 quibus
1488 3822 1596 3884 per
1622 3811 1811 3867 totum
1837 3805 1975 3866 vitae
2003 3804 2371 3869 curriculum
2416 3801 2531 3865 fuit
2559 3800 2879 3882 obnoxius,
2923 3819 3065 3863 usus
3109 3801 3236 3863 istis
3278 3801 3568 3864 moribus
3600 3811 3885 3882 tanquam

489 3898 779 3967 exercitio
809 3915 925 3979 quo
956 3894 1073 3959 sibi
1096 3895 1333 3958 lucrum
1371 3902 1430 3957 et
1459 3903 1747 3975 quaestum
1780 3904 2183 3976 compararet.

569 3989 769 4064 Quare
799 4004 942 4065 ergo
975 3986 1329 4066 prophetam
1352 3993 1411 4047 et
1429 3986 1761 4067 apostolum
1781 3986 1893 4049 Dei
1915 3986 2139 4048 vocatis

2302 3985 2502 4042 Λοιπὸν
2544 3980 2628 4038 διὰ
2659 3983 2709 4038 τί
2752 3982 2913 4039 αυτὸν
2942 3982 3221 4062 προφήτην
3252 3980 3345 4038 καί
3392 3980 3734 4040 ἀπόστολον
3770 3982 3888 4041 Θὲσῦ

488 4079 664 4145 illum
691 4076 795 4159 qui
824 4074 937 4139 fuit
955 4073 1435 4154 impurissimus,
1473 4078 1635 4136 omni
1660 4072 1978 4137 criminum
2002 4075 2137 4137 labe

2224 4073 2408 4141 καλεῖς
2468 4072 2663 4151 λάγνον
2715 4074 2869 4148 ὂντα,
2926 4074 3015 4129 καί
3082 4074 3323 4129 τοιοῦτον
3379 4076 3754 4154 παμμίαρον,
3814 4078 3888 4129 ui

488 4162 1429 4244 contaminatus,latro,injustus,
1452 4162 2015 4243 homicida,raptor.
2030 4163 2135 4225 Dic

2224 4164 2454 4243 λῃστὴν,
2496 4162 2586 4219 καί
2628 4160 2835 4236 ἄδικον,
2884 4163 2975 4220 καί
3022 4161 3210 4241 οονέα,
3244 4162 3335 4218 καί
3364 4159 3647 4240 ἅρπαγας

488 4257 664 4337 mihi,
688 4273 900 4338 quaso,
924 4252 1073 4331 quid
1096 4252 1393 4331 signiﬁcet
1415 4251 1731 4335 prophetia
1751 4260 1810 4314 et
1833 4253 2136 4331 apostola-

2224 4278 2338 4332 μοι,
2423 4254 2474 4309 τί
2554 4252 2907 4331 ἑρμηνεύεται
2968 4252 3290 4332 προφητεία,
3363 4252 3457 4307 καί
3532 4251 3876 4315 ἀπόστολος.

491 4313 917 4409 difﬁdis};
934 4313 1042 4406 ὶὶι
1072 4313 1136 4404 et
1149 4313 1359 4406 "13....
1380 4313 1573 4420 3.5.5.,
1623 4313 1712 4404 πθ
1735 4313 1849 4404 ac.
1873 4313 2137 4423 'prorsus

2224 4313 2380 4403 δῖδεν
2426 4344 2454 4399 ὸ
2500 4313 2784 4423 adigam
2830 4343 2891 4399 οὗ
2920 4313 3229 4419 γινωσκεις,
3260 4313 3304 4396 ἐξ
3349 4340 3430 4417 μὴ
3460 4338 3750 4421 διδαχθῇ(

486 4436 793 4516 ignorare,
829 4432 945 4495 nisi
996 4433 1112 4495 hoc
1156 4451 1192 4494 a
1220 4419 1562 4495 Christiano
1606 4431 1773 4514 prius
1820 4419 2134 4497 didiceris.

2224 4438 2557 4511 Χριστιανοῦ,
2615 4419 2681 4485 Ὠ
2755 4431 3129 4510 ἀνερυθρίαστε
3196 4429 3289 4487 καί
3355 4419 3757 4510 ἀναισχύντεὶ
3828 4434 3882 4485 σὺ

466 4525 541 4599 ,0
579 4522 901 4604 impudens
955 4530 1013 4584 et
1060 4522 1504 4586 inverecunde!
1564 4531 1624 4585 tu
1670 4521 1975 4585 conﬁteris
2006 4521 2135 4584 Mu-

2224 4521 2540 4600 όμολογεῐς,
2584 4520 2667 4577 ὃτι
2729 4524 2756 4577 ὀ
2816 4522 3115 4600 Μουχάμετ
3156 4520 3445 4596 τριάκοντα
3502 4519 3603 4578 δύο

483 4613 871 4679 hammedem
901 4611 1092 4694 spatio
1120 4612 1379 4693 triginta
1404 4613 1660 4675 duorum
1691 4630 1989 4674 annorum
2023 4630 2135 4674 nec

2224 4614 2357 4688 μήτε
2388 4611 2695 4691 προφήτης,
2731 4610 2871 4686 μήτε
2903 4609 3256 4690 προφητεύων
3299 4607 3394 4688 ἦν,
3448 4609 3604 4684 μήτε
3634 4610 3875 4667 ἆπόστο·

483 4706 678 4769 fuisse
695 4703 1073 4785 prophetam,
1092 4720 1205 4765 nec
1221 4701 1759 4784 prophetizautem,
1786 4720 1897 4764 nec
1910 4711 2140 4782 aposto-

2228 4699 2343 4773 λος,
2378 4700 2518 4774 μήτε
2548 4696 2836 4773 διδάσκων,
2870 4698 3007 4773 μήτε
3046 4694 3324 4778 Θεοσεϐὴς,
3356 4698 3499 4772 μήτε
3551 4700 3871 4778 εὐχόμενος,

483 4802 758 4870 lum,nec
771 4793 1229 4867 docentem,nec
1243 4790 1353 4854 Dei
1369 4790 1687 4866 cultorem,
1718 4810 1829 4853 nec
1844 4802 2136 4869 orantem,

483 4902 600 4948 nec
648 4888 1113 4964 cognoscentem
1148 4882 1366 4956 Deum,
1415 4878 1523 4941 sed
1575 4888 1710 4960 post
1756 4880 2024 4958 elapsum
2058 4881 2137 4942 is-

483 4980 679 5036 torum
700 4988 1000 5035 annorum
1025 4969 1421 5046 curriculum,
1448 4969 1791 5046 cognitione
1809 4970 2005 5030 divina
2027 4969 2135 5030 im-

482 5059 695 5123 butum
745 5060 955 5123 fuisse.
1002 5057 1121 5123 Sed
1181 5058 1231 5121 si
1278 5058 1391 5121 ista
1442 5057 1644 5119 omnia
1687 5076 1938 5136 negares
1964 5056 2133 5139 quasi

483 5167 621 5231 qua;
643 5168 765 5212 non
807 5148 1178 5229 contigerint
1224 5150 1337 5211 isto
1375 5147 1619 5227 triginta
1647 5148 1903 5209 duorum
1937 5165 2134 5208 anno-

482 5254 616 5301 rum
641 5239 859 5318 spatio,
889 5257 1074 5319 quare
1100 5238 1309 5301 eadem
1350 5238 1583 5299 ratione
1608 5255 1715 5316 ego
1759 5236 2133 5300 Christianus

483 5344 606 5389 non
619 5344 901 5406 negarem
913 5346 1135 5405 eaquae
1152 5326 1558 5391 Muhammedi
1578 5326 1901 5406 contigisse
1913 5331 2133 5388 asseris

484 5414 835 5497 quindecim
866 5416 995 5479 illis
1022 5419 1198 5480 annis
1223 5426 1359 5499 post
1382 5417 1792 5497 trigintaduos
1821 5435 2133 5497 annospo-

2226 4792 2365 4864 μήτε
2395 4789 2672 4867 γινώσκων
2733 4790 2888 4863 Θεὸν,
2943 4787 3083 4845 ἀλλά
3113 4788 3251 4863 μετά
3292 4797 3463 4847 ταῦτα
3510 4790 3655 4845 Θεὸν

2224 4900 2390 4958 ρισεν,
2422 4877 2576 4935 ³Αλλ’
2627 4876 2813 4943 ἐπειδὴ
2859 4881 2923 4933 εκ
2964 4880 3169 4935 τούτων
3209 4876 3334 4941 ὅλος
3363 4875 3593 4954 ἔξαρνος
3624 4880 3872 4957 γένηται,

2221 4971 2295 5033 ὡς
2329 4969 2405 5045 μή
2436 4968 2737 5048 γεγονότων
2790 4967 2851 5026 ἐκ
2892 4978 2985 5028 τοῦ
3046 4969 3342 5048 Μουχᾶμετ
3373 4968 3520 5025 κατὰ
3562 4970 3699 5034 τοὺς
3728 4972 3872 5049 τριτο

2214 5084 2378 5121 κοντα
2436 5060 2527 5118 δύο
2583 5062 2813 5142 χρόνους
2847 5078 2864 5094 ⁸
2912 5068 3028 5125 πῶς
3089 5062 3243 5139 κάγὼ
3304 5062 3333 5116 ό
3391 5066 3737 5139 Χριστιανὸς
3796 5066 3871 5119 ch

2217 5153 2475 5231 ἀρνοῦμαι
2521 5153 2587 5207 τὰ
2631 5153 2768 5227 μετὰ
2815 5153 2981 5207 ταῦτα
3026 5154 3208 5230 αὐτοῦ,
3255 5149 3425 5228 ἤγουν
3466 5152 3539 5208 τά
3594 5159 3713 5209 τῶν
3760 5176 3873 5209 ςεν-

2215 5240 2495 5299 τεκαίδεκα
2527 5242 2742 5321 χρόνων
2779 5260 2795 5317 ;
2847 5241 3059 5319 πρῶτον
3110 5240 3373 5319 γνώρισόν
3429 5264 3527 5316 μοι
3563 5243 3738 5317 τέως,
3775 5248 3871 5299 τίκ

2216 5332 2500 5411 ἐγνωρισεν
2533 5332 2689 5408 Θεὸν,
2746 5331 2837 5386 καί
2878 5330 2935 5388 ἐν
2979 5332 3119 5405 ποίῳ
3169 5329 3351 5407 τρόπῲ
3383 5343 3398 5361 ⁸
3452 5332 3498 5386 εἱ
3534 5333 3645 5406 μὶν
3675 5332 3867 5410 λέγεις,

2213 5422 2295 5477 ὃτι
2339 5420 2367 5477 ό
2400 5422 2531 5483 Θεὸς
2572 5418 2939 5500 [ἀπέστειλεν]
2994 5422 3087 5477 τὸν
3137 5418 3337 5498 ἃγγλον
3380 5422 3552 5478 abte-3
3618 5425 3757 5497 πρὸς
3789 5428 3869 5480 κὶα

479 5504 698 5575 storius
710 5505 956 5608 elapsls?
976 5507 1087 5565 Sed
1108 5509 1537 5608 primo,quaeso,
1563 5507 1707 5565 doce
1728 5522 1820 5565 me
1840 5506 2130 5580 quomodo

2224 5512 2336 5608 τὸν,
2362 5510 2448 5608 καί
2477 5507 2707 5608 ἐδίδαξεν
2737 5510 2896 5567 αὐτὸν
2928 5510 3050 5588 περί
3094 5512 3448 5591 Θεογνωσίας,
3481 5508 3693 5570 λοιπὸν
3727 5515 3759 5570 ό
3788 5516 3871 5588 ἑγ-

481 5595 762 5678 sognovit
798 5597 1020 5672 Deum,
1058 5603 1119 5661 et
1158 5596 1224 5659 in
1274 5615 1401 5675 qua
1433 5597 1669 5667 forma?
1698 5595 1763 5664 Si
1792 5598 1953 5663 enim
1978 5596 2130 5663 dicis

2224 5598 2368 5681 γελός
2397 5598 2543 5659 ἐστιν
2572 5597 3045 5666 ἀπόστολοςνθεοῦ
3093 5601 3228 5681 πρὸς
3261 5599 3428 5661 αὺτὸν
3461 5608 3556 5662 καί
3586 5606 3689 5664 τὸν
3725 5604 3871 5667 λαόν.
