4032 6218
235 365 393 433 1389

1474 364 1962 431 CONFUTATIO
2001 367 2372 433 AGARENI.

3432 362 3611 437 i390

234 500 339 559 Καὶ
370 502 525 564 οὗτος
554 498 745 558 λοιπὸν
798 498 833 568 ἦ
883 499 1147 575 ψεύστης,
1177 501 1267 557 καί
1323 500 1599 561 ἆπατεών.
1650 499 1894 571 Ἐπειδὴ.

1983 507 2146 566 )eum
2173 503 2249 564 ad
2278 502 2452 564 illum
2489 500 2728 563 misisse
2759 501 3035 580 angelum
3066 520 3263 580 suum,
3306 503 3413 581 qui
3440 503 3609 567 illum

230 592 321 647 καὶ
363 592 521 647 αὐτὸν
565 590 847 669 προφήτην
890 588 1105 669 καλεῖς,
1152 588 1325 655 δεῖξόν
1394 612 1486 664 μοι
1534 592 1584 647 τί
1626 590 1870 671 ἐπροφή-

231 701 440 755 τευσεν,
486 680 576 737 καὶ
618 682 674 735 ἓν
714 680 854 753 ποίῳ
893 678 1041 757 λόγῳ
1082 687 1261 759 τοῦτο,
1314 680 1402 737 καὶ
1450 679 1501 735 τί
1541 679 1782 762 κελεύει,
1840 682 1877 751 ἢ

230 772 284 827 τί
312 782 551 839 σημεῖον
590 770 681 825 ναὶ
720 768 878 847 τέρας
920 770 1241 837 πεποίηκεν.
1289 770 1469 825 Πάντα
1515 770 1618 847 γὰρ
1644 771 1712 827 τὰ
1739 772 1874 847 ὑμέ-

232 880 363 939 τερα
403 856 583 935 βιϐλία
611 858 873 937 ἀνέγνων,
924 859 1017 915 καὶ
1062 859 1258 937 ἔγνων.
1290 856 1418 915 Ἐὰν
1468 858 1535 926 ἦν
1567 862 1876 941 προφήτης,

231 949 307 1011 ὣς
339 946 549 1026 λέγετε,
596 946 682 1006 διὰ
716 948 768 1004 τί
821 946 1117 1023 μέλλοντος
1172 960 1363 1005 πεσεῐν
1423 947 1483 1005 ἐκ
1526 956 1620 1006 106
1648 949 1872 1028 ἀλόγου,

234 1036 298 1095 οὗ
338 1037 596 1110 ἇκάθητο,
650 1038 739 1095 καὶ
796 1038 1112 1117 σχισθέντος
1150 1039 1245 1094 106
1283 1037 1501 1117 τοίχους
1551 1040 1733 1114 αὺτοῦ,
1780 1042 1875 1096 καί

234 1128 363 1191 τοὺς
393 1127 540 1183 κάτω
570 1128 660 1185 καὶ
706 1125 817 1183 ἄνω
858 1124 1076 1190 ὀδόντας
1121 1128 1277 1184 αὐτοῦ
1334 1126 1632 1202 μέλλοντας
1689 1142 1878 1185 πεσεῖν

236 1216 327 1271 καὶ
383 1214 679 1283 θλασθῆναι
738 1215 847 1272 ἀπὸ
897 1222 992 1271 τοῦ
1047 1219 1290 1273 τοιούτου
1332 1217 1777 1291 προσκόμματος,
1821 1219 1880 1273 ού

237 1305 659 1385 προεφήτευσεν,
723 1304 760 1373 ἢ
804 1305 1099 1383 προέγνω,
1164 1308 1263 1363 Καὶ
1320 1305 1505 1383 πάλιν,
1569 1305 1686 1363 ἐπεὶ
1742 1328 1881 1385 προ-

241 1396 423 1474 φήτης
478 1393 568 1469 ἧν,
615 1393 831 1471 μέλλων
874 1395 1105 1469 συνάψαι
1150 1396 1287 1469 μετὰ
1348 1404 1443 1453 τοῦ
1501 1393 1718 1475 Καϐλρὰ
1775 1397 1882 1452 πό-

243 1483 435 1563 λεμον,
480 1490 595 1546 πῶς
641 1487 736 1544 οὒκ
776 1482 938 1562 ἔγνω,
971 1481 1059 1539 ὅτι
1091 1482 1315 1558 ἔμελλεν
1345 1482 1471 1560 παρ’
1516 1488 1675 1543 αὐτοῦ
1721 1508 1883 1552 νικηο

241 1576 425 1652 θῆναι,
469 1574 626 1635 αὐτὸς
681 1574 770 1630 καὶ
826 1574 893 1629 τὰ
948 1571 1050 1629 ὅλα
1104 1573 1265 1630 αὐτοῦ
1294 1578 1534 1650 φουσατᾶ
1574 1574 1761 1647 ;ἀλλὰ
1798 1578 1885 1631 καὶ

245 1664 407 1726 αύτὸς
457 1662 639 1741 φυγὼν
686 1659 913 1729 διεσώθη
961 1661 1017 1719 ἐν
1056 1666 1137 1734 τῷ
1179 1661 1448 1741 σπηλαίῳ,
1494 1664 1679 1737 μείνας
1739 1677 1885 1741 τρεῖς

243 1751 455 1828 ἡμέρας
484 1752 573 1808 καὶ
600 1764 748 1831 τρεῖς
801 1750 1016 1821 νύκτας,
1082 1753 1168 1808 καὶ
1223 1750 1393 1815 οὕτως
1444 1750 1599 1826 μόλις
1633 1752 1879 1821 διεσώθη.

251 1842 352 1899 Καὶ
378 1840 446 1897 σὺ
472 1841 583 1897 ἀπὸ
622 1840 829 1908 πολλῆς
888 1862 984 1896 σου
1019 1842 1281 1921 αἰσχύνης
1313 1840 1512 1919 λέγεις,
1546 1840 1628 1898 ὅτι
1659 1842 1886 1921 ἅγγελος

242 1931 384 2005 μετὰ
426 1929 697 2008 ἀράχνης,
742 1928 843 1997 τὴν
886 1930 1042 2007 θύραν
1097 1938 1190 1988 τοῦ
1243 1929 1511 1996 σπηλαίου
1565 1932 1882 2005 ἓσκέπασεν,

246 2019 346 2075 καί
375 2016 527 2075 εἶδον
556 2020 604 2074 οἱ
647 2016 1028 2098 ψηλαφῶντες,
1078 2021 1167 2075 καὶ
1210 2019 1396 2098 εἶπον,
1447 2020 1525 2095 μὴ
1556 2020 1699 2077 εἶναι
1731 2022 1785 2077 ἐν
1814 2028 1892 2096 τῷ

242 2106 499 2183 σπηλαίῳ
526 2108 665 2183 τινὰ,
713 2107 797 2163 διὰ
827 2109 889 2165 τὸ
920 2107 1066 2164 εἶναι
1097 2107 1199 2175 τήν
1230 2106 1507 2187 ἀράχνην,
1544 2111 1644 2167 Καὶ
1687 2118 1801 2175 πῶς
1834 2112 1893 2170 ού

244 2199 665 2278 προεφήτευσεν,
728 2200 802 2260 ὡς
846 2200 906 2256 0-3
958 2195 1192 2269 ζήσεταί
1235 2221 1316 2260 τις
1360 2200 1421 2255 ἑκ
1459 2204 1567 2255 τῶν
1623 2202 1893 2280 τεσσάρων

1959 592 2636 671 doceretetcognitione
2660 590 2768 652 Dei
2802 590 3128 669 imbueret,
3157 593 3429 673 sequithr
3450 593 3615 672 quod

1959 683 2210 761 angelus
2239 683 2372 762 ipse
2403 691 2529 743 erat
2557 680 2862 762 apostolus
2894 683 3002 745 Dei
3033 681 3105 743 ad
3139 684 3425 764 p0pulum
3452 692 3512 746 et
3540 683 3615 747 ad

1960 771 2407 845 Mahumedem,
2442 789 2512 833 ac
2547 770 2803 852 proinde
2827 770 3280 835 Mubammedes
3310 772 3419 835 fuit
3450 791 3618 835 men-
3722 828 3727 837 ,

1963 859 2075 922 dax
2130 869 2188 922 et
2240 858 2554 921 seductor.
2591 857 2662 920 Et
2708 859 2996 939 quoniam
3048 860 3213 923 illum
3256 861 3616 943 prophetam

1959 962 2160 1020 vocas.
2189 947 2446 1011 ostende
2495 947 2645 1009 mihi
2698 947 2843 1028 quid
2890 949 2967 1009 sit
2998 948 3372 1025 vaticinatus,
3406 966 3528 1030 quo
3560 958 3619 1010 et

1962 1038 2121 1118 quali
2156 1054 2449 1099 sermone
2478 1036 2727 1098 oracula
2758 1055 2865 1098 sua
2896 1036 3072 1113 fudit,
3105 1038 3245 1120 quid
3276 1038 3616 1119 imperavit,

1962 1137 2022 1189 et
2051 1145 2169 1207 quo
2200 1128 2371 1204 signo
2403 1133 2465 1187 et
2496 1126 2786 1188 miraculo
2811 1144 2877 1188 se
2909 1127 3374 1193 commendavit.
3394 1126 3621 1192 Omnes

1966 1217 2125 1278 enim
2159 1216 2346 1277 libros
2379 1224 2513 1277 tuos
2542 1214 2680 1278 novi
2713 1223 2773 1278 et
2805 1216 3019 1279 evolvi.
3058 1216 3122 1279 Si
3153 1218 3262 1279 fuit
3299 1219 3616 1300 propheta,

1965 1314 2030 1367 ut
2048 1306 2273 1381 dicitis,
2299 1323 2435 1367 cum
2461 1323 2530 1367 ex
2554 1323 2706 1386 equo
2731 1323 2981 1368 casurus
3008 1315 3137 1369 erat
3162 1308 3260 1369 cui
3291 1307 3618 1381 insidebat,

1967 1404 2027 1459 et
2056 1395 2299 1458 effracto
2317 1396 2632 1476 scissoque
2651 1396 2842 1458 latere
2873 1416 3009 1459 cum
3032 1397 3245 1460 dentes
3273 1398 3621 1477 superiores

1967 1493 2027 1547 et
2056 1484 2374 1547 inferiores
2406 1485 2505 1545 tali
2539 1503 2679 1547 casu
2712 1496 2775 1547 et
2822 1486 2999 1548 ruina
3030 1494 3234 1548 essent
3262 1487 3623 1549 conterendi

1970 1585 2028 1638 et
2058 1577 2281 1649 casuri,
2316 1592 2502 1655 quare
2531 1576 2646 1637 hoc
2685 1594 2805 1637 non
2838 1575 3113 1657 praevidit
3161 1584 3221 1637 et
3263 1576 3623 1639 vaticinatus

1971 1672 2085 1728 est.
2121 1663 2344 1726 Iterum
2399 1665 2448 1725 si
2492 1665 2783 1745 propheta
2835 1666 2969 1740 fuit,
3006 1683 3141 1727 cum
3186 1664 3413 1726 bellum
3464 1673 3626 1727 esset

1972 1756 2228 1817 initurus
2257 1772 2394 1816 cum
2436 1753 2729 1828 Chabara,
2760 1760 2819 1815 et
2855 1754 2929 1815 ab
2979 1759 3095 1815 isto
3143 1754 3539 1817 debellandus
3567 1762 3628 1815 et

1974 1844 2401 1925 proﬂigandus,
2438 1849 2761 1924 omniaque
2791 1843 2953 1905 illius
2987 1851 3185 1905 castra
3215 1851 3420 1904 essent
3447 1861 3629 1924 expu-

1973 1935 2232 2013 gnanda,
2283 1951 2471 2013 quare
2512 1935 2626 2000 hoc
2660 1950 2779 1995 non
2822 1933 3117 2014 przevidit.
3152 1934 3277 1995 Imo
3328 1934 3521 1995 victus
3568 1941 3630 1995 et

1972 2022 2211 2103 fugiens
2239 2023 2297 2082 in
2331 2038 2647 2085 cavernam
2681 2041 2747 2084 se
2798 2021 3135 2103 recepitubi
3187 2040 3295 2102 per
3333 2031 3458 2084 tres
3489 2022 3623 2085 dies

1977 2121 2037 2175 et
2067 2123 2189 2173 tres
2221 2119 2431 2173 noctes
2462 2112 2706 2173 latitans
2747 2111 2845 2172 vix
2897 2111 3137 2173 tandem
3171 2111 3367 2171 salvus
3417 2110 3626 2176 evasit.

1977 2201 2051 2263 Et
2082 2210 2141 2261 tu
2170 2218 2275 2280 pro
2303 2210 2401 2263 tuo
2433 2219 2669 2261 summo
2712 2201 2942 2280 pudore
2970 2217 3175 2261 narras
3198 2198 3358 2280 quod
3380 2200 3628 2279 angelus

245 2292 459 2366 τεχνῶν
508 2290 691 2361 αὐτοῦ,
738 2289 827 2343 καὶ
871 2287 966 2343 ούκ
1010 2290 1165 2344 εἶπεν
1202 2295 1280 2362 τῷ
1324 2288 1439 2363 λαῷ
1491 2288 1557 2346 τὰ
1610 2290 1738 2368 περὶ
1793 2296 1893 2359 τῆς

1983 2308 2045 2352 os
2078 2307 2351 2351 cavernae
2381 2289 2665 2351 velaverit
2699 2291 2873 2369 longa
2922 2307 3157 2351 aranea;
3202 2288 3336 2350 tela
3372 2294 3624 2366 textura,

244 2381 422 2455 φυγῆς
454 2376 616 2434 αὐτοῦ
643 2377 734 2434 καὶ
765 2389 887 2439 τοῖς
919 2377 1113 2441 ἵπποις
1152 2398 1167 2452 ;

1983 2398 2154 2460 quam
2188 2396 2325 2440 cum
2358 2378 2921 2440 animadvertissent
2950 2379 3053 2459 qui
3092 2377 3262 2439 illum
3310 2376 3632 2456 diligenter

244 2468 621 2551 quaebant,
653 2469 932 2534 dixerunt
962 2471 1269 2533 neminem
1295 2469 1357 2531 in
1381 2470 1671 2551 spelunca
1698 2470 1953 2550 latitare,
1985 2493 2121 2536 cum
2142 2492 2210 2534 os
2236 2472 2540 2553 speluncae
2564 2472 2897 2535 obduceret
2921 2480 3125 2536 aranei
3156 2474 3291 2538 tela.
3318 2475 3630 2549 Quomodo

250 2577 376 2621 non
405 2567 498 2621 est
526 2559 898 2636 vaticinatus,
927 2559 1158 2622 nullum
1193 2578 1271 2623 ex
1302 2568 1561 2639 quatuor
1584 2561 1729 2623 filiis
1761 2563 1887 2626 suis
1933 2564 2038 2628 diu
2087 2562 2245 2625 vitali
2297 2580 2442 2625 aura
2493 2564 2837 2637 fruiturum,
2892 2570 2953 2626 et
2995 2566 3215 2646 populo
3244 2572 3304 2627 et
3332 2563 3632 2648 equitibus

252 2666 378 2712 non
405 2648 759 2727 significavit
787 2668 920 2730 quae
950 2648 1303 2730 spectabant
1332 2649 1495 2712 illius
1522 2650 1772 2730 fugam?

342 2740 443 2797 Καὶ
473 2745 590 2803 πῶς
623 2738 718 2796 οὐκ
748 2740 929 2812 εἶπεν,
962 2738 1045 2796 ὅτι
1075 2741 1124 2797 οἱ
1158 2747 1505 2817 Κωρασιῶται
1535 2742 1671 2816 μετὰ
1711 2744 1894 2820 καιρὸν

2061 2740 2374 2814 Quomodo
2410 2758 2528 2801 non
2586 2740 2859 2821 praedixit
2910 2740 3069 2822 quod
3103 2741 3470 2805 Chorasiotm
3501 2751 3636 2825 post

254 2828 546 2908 μέλλουσιν
579 2830 734 2887 αὐτὸν
764 2826 924 2897 δῆσαι
968 2829 1022 2885 ἐν
1066 2835 1135 2905 τῇ
1186 2830 1314 2907 οὐρᾷ
1358 2834 1457 2896 τῆς
1490 2831 1894 2906 μεμεθυσμένης

1983 2831 2221 2911 aliquod
2251 2829 2538 2911 temporis
2569 2830 2980 2911 intervallum,
3004 2831 3172 2894 illum
3192 2833 3423 2896 vincire
3446 2832 3637 2896 debe-

256 2917 536 2997 καμήλου,
615 2920 703 2974 καὶ
772 2925 958 2975 τοῦτον
1016 2924 1198 2982 κακῶς
1276 2917 1542 2995 διαρρῆξαι
1595 2920 1696 2987 τὴν
1754 2920 1894 2991 ζωὴν

1983 2931 2113 2983 rent
2134 2920 2205 2981 ad
2228 2918 2480 2981 caudam
2505 2919 2816 2982 inebriataa
2837 2920 2972 2981 vino
3002 2922 3311 3002 myrrhato
3349 2923 3627 2999 camelaa;

257 3012 476 3081 (16106;
524 3011 620 3064 Καὶ
678 3010 773 3066 οὐκ
829 3006 939 3084 ἐγὼ
994 3013 1157 3063 ταῦτα
1218 3006 1431 3063 οἴκοθεν
1486 3006 1650 3087 λέγω,
1700 3007 1820 3064 ἀλλ’
1852 3011 1894 3065 οἱ

1983 3019 2039 3073 et
2061 3009 2222 3071 illius
2250 3009 2432 3070 vitam
2466 3018 2524 3070 et
2553 3008 2741 3071 latera
2773 3011 3042 3090 pessime
3074 3010 3374 3091 disrumpi
3422 3020 3483 3073 et
3514 3010 3636 3073 dif-

259 3095 524 3156 Χαλδαῖοι
582 3098 701 3173 περὶ
750 3096 940 3154 τούτου
995 3102 1370 3174 μαρτυροῦσιν,
1403 3097 1451 3152 οἱ
1492 3100 1894 3178 παρατυχόντες

263 3187 381 3201 ,γ
535 3183 1183 3201 ....-..,.
1406 3185 1458 3201 λ.
1732 3184 1886 3201 ..ςυ

1983 3098 2507 3201 ῐτξηείὰεὺοςρΕι
2526 3099 2640 3160 hoc
2666 3117 2784 3201 non
2814 3101 3231 3201 domesticam
3261 3100 3505 3201 prppria
3540 3108 3635 3162 te-

260 3187 470 3244 ὶκεῐσε.
535 3189 633 3244 Καὶ
687 3187 853 3262 ἡμεῖς
924 3183 981 3241 δὲ
1040 3184 1187 3242 αὐτοὶ
1257 3185 1659 3261 μεμαθέκαμεν.
1732 3184 1894 3243 Ἀλλὰ

1986 3189 2267 3252 stimonio
2298 3189 2569 3263 aliirmo;
2613 3190 2719 3251 sed
2754 3188 2867 3270 ipsi
2899 3188 3161 3253 Chaldaei
3189 3190 3292 3271 qui
3316 3190 3639 3261 illicferant

259 3277 352 3333 καὶ
397 3287 707 3355 μαρτυρεῖς,
741 3275 813 3341 ὡς
846 3272 1194 3350 ὲψευδόμεθα.
1232 3276 1290 3332 El
1340 3273 1392 3330 δὲ
1440 3275 1539 3349 μὴ,
1594 3274 1766 3341 δεῖξόν
1808 3298 1894 3352 μοι

1986 3280 2103 3341 hoc
2131 3280 2205 3341 de
2238 3277 2343 3339 illo
2366 3277 2790 3355 testificantur,
2811 3286 2871 3341 et
2892 3297 2999 3341 nos
3020 3280 3139 3360 ipsi
3163 3278 3637 3343 didicimus.Sed

259 3366 365 3433 τὴν
407 3364 737 3444 προφητείαν
792 3364 976 3438 αὐτοῦ,
1026 3366 1116 3421 καὶ
1177 3374 1281 3423 ποῦ
1336 3364 1480 3421 ἐστιν
1524 3364 1894 3443 γεγραμμένη¹

1987 3386 2225 3431 asseres
2250 3386 2357 3430 nos
2381 3367 2625 3430 mentiri
2652 3386 2665 3431 :
2697 3370 2805 3431 sed
2832 3369 2883 3429 si
2909 3388 3029 3431 non
3050 3386 3193 3431 vera
3223 3369 3504 3447 dicimus,
3533 3387 3638 3432 0s—

260 3454 397 3512 αύτὸ
423 3455 525 3534 γὰρ
579 3455 641 3510 τὸ
699 3454 988 3529 Κουρσίνιόν
1033 3476 1128 3511 σου
1173 3453 1432 3532 ἀνέγνων.
1468 3457 1587 3533 Ούχ
1642 3456 1791 3531 εὖρον
1851 3453 1894 3509 ἐκ

1990 3458 2173 3521 tende
2188 3457 2367 3519 nobis
2384 3457 2549 3517 illius
2572 3458 3046 3537 prophetiam,et
3070 3458 3166 3519 dic
3189 3457 3365 3520 nobis
3385 3457 3489 3519 ubi
3518 3458 3641 3519 sint

261 3546 413 3618 αύτῷ
464 3543 984 3622 καταγεγραμμένην
1047 3544 1375 3622 προφητείαν
1436 3548 1528 3599 τοῦ
1582 3544 1894 3622 Μουχάμετ,

1992 3547 2216 3628 scripta
2244 3547 2385 3608 illus
2409 3546 2709 3608 vaticinia.
2745 3545 2939 3608 Tuum
2986 3546 3145 3608 enim
3172 3544 3469 3609 Coranum
3494 3546 3637 3627 legi,

262 3636 312 3691 εί
345 3633 426 3708 μὴ
481 3634 601 3710 περὶ
656 3639 749 3691 106
807 3630 977 3708 Ἀδὰμ
1023 3633 1217 3712 μικράν
1246 3654 1365 3689 τινα
1413 3631 1656 3707 ὁμιλίαν,
1689 3635 1778 3689 καὶ
1806 3633 1894 3699 τῆς

1992 3646 2052 3700 et
2072 3637 2294 3698 nullam
2328 3636 2391 3697 in
2415 3636 2519 3698 illo
2543 3634 2752 3697 inveni
2774 3634 3218 3699 Muhammedis
3237 3634 3637 3716 prophetiam,

263 3724 434 3795 Εὔας,
490 3723 580 3778 καὶ
648 3730 743 3779 106
828 3722 962 3795 Σὴθ,
1024 3724 1113 3778 καὶ
1182 3728 1275 3779 106
1332 3719 1599 3801 Ἀϐραὰμ,
1658 3723 1746 3778 καὶ
1816 3728 1894 3777 τοί

1993 3727 2097 3788 sed
2130 3734 2359 3789 tantum
2396 3726 2609 3787 breves
2633 3726 2922 3801 quasdam
2950 3724 3228 3787 homtlias
3248 3732 3307 3786 et
3328 3742 3642 3788 sermones

265 3812 477 3891 Ἰσαὰκ,
524 3811 615 3868 καὶ
668 3810 763 3867 τοῦ
819 3810 1032 3886 Ἰακὼϐ,
1095 3821 1187 3870 τοῦ
1260 3818 1403 3885 Νῶε,
1459 3820 1554 3869 106
1612 3812 1755 3890 Λὼτ,
1814 3817 1894 3868 τοί

1993 3817 2070 3878 de
2082 3816 2419 3892 Adam0,de
2432 3814 2658 3889 Eva,de
2676 3814 2928 3891 Seth,de
2946 3814 3398 3891 Abrahamo,de
3411 3813 3638 3896 Isaaco,

266 3900 449 3975 Ἰωνᾶ,
481 3902 576 3955 106
620 3899 905 3975 Μωυσέως,
940 3908 1034 3958 τοῦ
1086 3901 1321 3981 Ἀαρὼν,
1374 3901 1557 3968 Ἰησοῦ
1598 3911 1692 3960 τοῦ
1734 3900 1894 3967 Ναυῆι

1996 3906 2072 3969 de
2092 3906 2335 3987 Iacobo,
2364 3906 2439 3967 de
2466 3906 2615 3979 Noe,
2662 3906 2738 3968 de
2768 3908 2899 3979 Lot,
2928 3905 3003 3967 de
3030 3904 3207 3977 Jona,
3234 3905 3310 3967 de
3343 3906 3529 3982 Mosa,
3564 3904 3642 3967 de

263 3992 366 4048 106
420 3988 796 4065 Σολομῶντος,
832 3996 926 4046 τοῦ
956 3990 1181 4071 Ἰωσὴφ,
1214 3998 1307 4048 τοῦ
1338 3991 1544 4070 Ἐνὼχ,
1578 3997 1673 4047 τοῦ
1700 3987 1894 4065 Ἠλίου,

1996 3996 2301 4071 Aaron,de
2319 3995 2349 4060 J
2358 4013 2462 4057 esu
2477 3994 2606 4056 tilio
2619 3993 2890 4069 Nave,de
2912 3990 3638 4075 Salomone,deJosepho,

265 4078 366 4137 τοῦ
412 4076 699 4153 Ἰεζεκιὴλ,
730 4088 822 4138 τοῦ
852 4081 1145 4159 Ζαχαρίου,
1190 4090 1284 4140 106
1327 4077 1575 4137 Ἰωάννου
1614 4085 1708 4136 τοῦ
1768 4086 1894 4157 [lpo-

1998 4085 2073 4147 de
2091 4084 2359 4161 Enocho,
2388 4086 2462 4147 de
2484 4084 2632 4161 Elia,
2660 4084 2736 4146 de
2768 4083 3106 4159 Ezechiele,
3132 4083 3209 4147 de
3236 4081 3540 4160 Zacharia,
3567 4084 3643 4146 de

267 4167 492 4245 δρόμου,
538 4175 633 4227 τοῦ
690 4168 870 4236 Ἰησοῦ
926 4176 1178 4248 Χριστοῦ,
1210 4172 1311 4237 τῆς
1353 4170 1507 4248 ἁγίας
1555 4170 1784 4249 Μαρίας,
1816 4168 1894 4237 τῆι

1994 4172 2228 4238 Joanne
2248 4178 2650 4250 Praecursore,
2666 4172 2785 4236 deJ
2792 4192 2897 4236 esu
2919 4173 3271 4249 Christo,de
3288 4184 3496 4236 sancta
3510 4173 3642 4237 Ma-

265 4258 427 4337 ἆγίας
455 4256 659 4325 "Aw-qq
718 4258 815 4326 τῆς
861 4261 1068 4337 μητρὸς
1100 4262 1286 4333 αύτῆς,
1348 4265 1441 4316 τοῦ
1489 4259 1763 4334 Ἰωακείμ,
1807 4261 1914 4314 τῶν

266 4348 439 4426 ἁγίων
492 4347 834 4423 ἀποστόλων,
894 4348 1177 4428 ἔξαιρέτως
1238 4349 1481 4424 Σίμωνος
1567 4350 1767 4427 Πέτρου
1820 4354 1917 4406 τοῦ

264 4438 410 4497 κατᾶ
468 4438 565 4506 τὴν
626 4440 729 4508 σὴν
781 4437 1027 4517 γλῶτταν
1061 4446 1297 4515 Σεμεοῦν
1326 4444 1503 4518 Σαφᾶ.
1540 4438 1703 4517 Εὗρον
1736 4438 1824 4495 οὖν
1855 4439 1915 4494 τὸ

1997 4265 2113 4339 ria,
2138 4266 2213 4327 de
2239 4273 2447 4327 sancta
2466 4266 2642 4327 Anna
2684 4264 2847 4326 illius
2872 4278 3085 4343 matre,
3110 4263 3188 4325 de
3209 4263 3540 4341 Joachimo,
3566 4263 3644 4325 de

2000 4356 2218 4411 sanctis
2234 4354 2534 4426 apostolis,
2556 4353 2846 4425 pracipue
2860 4354 2929 4410 de
2948 4350 3184 4410 Simone
3198 4351 3387 4419 Petro,
3412 4350 3645 4424 qutun-

1999 4454 2113 4513 gua
2136 4444 2237 4496 tua
2265 4435 2488 4497 dicitur
2508 4434 2753 4498 Simeon
2778 4434 2997 4516 Sapha.
3034 4434 3242 4497 Inveni
3265 4433 3441 4496 etiam
3476 4443 3646 4497 tuum

269 4527 564 4607 Κουράνιόν
593 4549 688 4585 σου
717 4511 996 4596 ἀληθεύειν
1025 4511 1517 4605 καὶ-ψευδόμενον.
1566 4511 1670 4588 Καὶ
1721 4530 1756 4595 ἡ
1817 4527 1894 4604 μὲι

1983 4511 2302 4587 'Coranum
2336 4544 2473 4587 vera
2508 4534 2566 4587 et
2591 4526 2739 4587 falsa
2772 4511 3003 4587 dic-ere.
3034 4522 3267 4587 Veritas
3286 4528 3422 4588 orta
3449 4532 3542 4585 est
3572 4541 3647 4585 ex

267 4615 523 4695 ἀλήθεια,
570 4617 677 4675 ἀπὸ
717 4623 818 4685 τῆς
870 4616 1212 4682 διδασκαλίας
1246 4618 1340 4676 106
1396 4624 1621 4698 Παχυρᾶ
1651 4618 1785 4696 πρὸς
1827 4617 1920 4673 τὸν

269 4706 596 4787 Πουχᾶμετ.
685 4708 757 4765 Τὸ
832 4707 889 4764 δὲ
968 4706 1157 4785 ψεῦδος
1219 4708 1325 4770 ἀπὸ
1394 4712 1494 4775 τῆς
1552 4711 1759 4786 γραφῆς
1829 4717 1921 4766 106

271 4794 543 4870 ’OOpdv'q.
589 4794 687 4854 Ἐκ
725 4798 930 4855 τούτων
990 4799 1080 4855 οὖν
1134 4799 1498 4876 γινώσκομεν,
1544 4797 1625 4853 ὅτι
1676 4798 1709 4865 ἡ
1740 4797 1917 4877 γραφή

270 4907 374 4943 σου
429 4888 526 4944 064
582 4885 825 4967 ἐπέμφθη
871 4886 934 4944 ἐκ
978 4894 1073 4945 τοῦ
1116 4888 1359 4967 ούρανοῦ,
1405 4885 1493 4943 διὰ
1523 4886 1586 4943 τὸ
1631 4886 1761 4944 ποτὲ
1819 4887 1919 4961 μὲν

269 4974 579 5050 ἀληθεύειν,
613 4977 746 5032 ποτὲ
805 4974 861 5032 δὲ
918 4975 1222 5053 ψεύδεσθαι.
1286 4978 1385 5036 Καὶ
1432 4977 1538 5034 ἀπὸ
1566 4978 1767 5033 τούτων
1811 4982 1919 5033 τών

269 5064 520 5140 σημείων
572 5063 1075 5145 πληροφορούμεθα,
1144 5067 1224 5123 ὃτι
1306 5064 1426 5123 οὔτε
1498 5068 1780 5146 προφήτης
1850 5068 1918 5136 ἦν

269 5156 394 5213 οὔτε
445 5154 768 5218 ἀπόστολος,
814 5154 1019 5222 (Ἀλλος
1078 5156 1218 5213 ἐστὶν
1249 5156 1575 5235 ἀπόστολος,
1610 5160 1700 5214 καὶ
1751 5155 1916 5220 ἄλλος

266 5246 587 5325 προφήτης.
647 5251 768 5310 Πῶς
828 5256 950 5324 γοῦν
1015 5246 1159 5303 ἐστιν
1227 5248 1257 5303 ὁ
1315 5248 1408 5308 σὸς
1472 5247 1771 5325 Μσυχάμετ
1830 5248 1917 5302 καὶ

265 5335 587 5414 προφήτης,
612 5336 701 5393 καὶ
739 5335 1040 5400 ἀπόστολος
1072 5356 1088 5416 ;
1124 5335 1294 5394 ’Ὅταν
1332 5335 1441 5392 ἀπὸ
1474 5333 1791 5400 Βαϐυλῶνός
1834 5357 1916 5399 τις

266 5424 496 5504 ἔρχεται
564 5426 698 5501 πρὸς
785 5427 876 5482 τὸν
950 5426 1254 5486 Σουλτανὸν
1336 5427 1408 5488 ὡς
1466 5425 1915 5506 γραμματοφόρον

266 5516 435 5575 αὖτὸν
462 5514 800 5594 καλέσουσιν,
859 5516 896 5583 ἢ
938 5516 1222 5597 προφήτην
1254 5533 1272 5593 ;
1329 5515 1462 5573 ’Ὅτε
1511 5514 1566 5573 δὲ
1595 5516 1803 5572 ἶσταταὶ
1835 5537 1917 5579 τις

266 5604 329 5663 δν
360 5604 517 5681 μέσῳ
548 5604 722 5686 ὄχλου
784 5605 1009 5683 πολλοῦ,
1041 5609 1133 5663 καὶ
1186 5606 1509 5687 προφητεύει
1557 5607 1644 5664 καὶ
1692 5604 1918 5663 δεικνύει

271 5708 490 5774 σημεῖα
537 5698 630 5759 καὶ
682 5695 904 5777 τάρατα,
963 5698 1013 5755 τί
1069 5696 1347 5778 ἑροῦμενς
1403 5694 1512 5755 Ἵδε
1569 5696 1670 5765 τὴν
1701 5717 1919 5777 προφη-

2003 4614 2468 4695 doctrinaqnam
2490 4614 2812 4677 Muhamed
2826 4614 3039 4676 habuit
3054 4611 3649 4687 aPachura,menda-

2001 4704 2163 4767 cium
2183 4721 2323 4765 vero
2349 4714 2407 4766 et
2422 4703 2650 4765 falsitas
2673 4703 2848 4764 ﬂuxit
2869 4721 2941 4764 ex
2963 4702 3206 4782 scriptis
3222 4700 3527 4765 Othmani.
3560 4700 3648 4762 Ex

2004 4793 2224 4876 quibus
2252 4793 2672 4872 cognoscimus
2688 4792 2913 4854 librum
2936 4799 3101 4853 tuum
3120 4809 3192 4853 ex
3214 4791 3368 4853 caalo
3391 4791 3645 4852 missum

2004 4903 2125 4946 non
2143 4884 2349 4958 fuisse,
2374 4882 2516 4960 quia
2532 4882 2855 4962 aliquando
2868 4881 3182 4943 veritatem
3212 4879 3438 4960 profert
3464 4888 3524 4941 et
3542 4878 3650 4941 ali-

2002 4974 2239 5055 quando
2264 4972 2598 5035 mendacia.
2632 4970 2705 5033 Et
2735 4972 2845 5032 ista
2873 4978 3229 5050 argumenta
3256 4985 3367 5030 nos
3398 4986 3649 5051 prorsus

2004 5064 2423 5145 persuadentM
2432 5060 2849 5123 ubammedem
2864 5057 3650 5141 necapostolum;necfuisse

2001 5154 2381 5233 prephetam.
2408 5152 2577 5213 Alius
2604 5161 2695 5213 est
2716 5152 2876 5213 enim
2903 5148 3392 5232 propheta,alius
3413 5157 3653 5230 aposto-

2002 5243 2117 5307 lus.
2142 5242 2451 5317 Quomodo
2473 5261 2611 5321 ergo
2632 5239 3160 5303 tuusliuhammed
3182 5245 3344 5301 esset
3359 5238 3652 5319 propheta

2002 5346 2064 5396 et
2084 5334 2411 5414 apostolus.
2436 5331 2581 5394 Cum
2604 5330 2820 5411 aliquis
2837 5329 3141 5411 Babylone
3165 5327 3328 5391 venit
3348 5327 3426 5391 ad
3449 5326 3653 5390 Sulta-

2003 5441 2145 5485 num
2170 5442 2303 5485 cum
2336 5422 2580 5498 litteris,
2607 5440 2682 5483 an
2708 5420 2879 5482 illum
2913 5418 3295 5481 tabellarium
3328 5424 3545 5480 vocant
3572 5433 3651 5479 an

2006 5512 2384 5593 prophetam?
2415 5510 2558 5573 Cum
2598 5528 2740 5572 vero
2769 5509 2989 5590 aliquis
3016 5515 3133 5571 stat
3176 5504 3401 5569 alicubi
3439 5521 3655 5581 magna

2003 5602 2315 5667 hominum
2350 5600 2757 5663 circumdatus
2789 5609 3051 5671 caterva,
3083 5604 3143 5660 et
3171 5596 3555 5690 vaticinatur,
3593 5597 3655 5690 et

2004 5696 2175 5775 signa
2203 5700 2263 5757 et
2307 5691 2599 5756 miracula
2643 5696 2842 5773 patrat
2886 5696 2951 5755 et
2982 5684 3273 5764 ostendit,
3306 5683 3452 5766 quid
3495 5680 3652 5745 disi-
