3994 6232
223 361 376 428 1393
1454 360 1824 429 CONFU'I‘A'.

1913 361 1944 427 ἰ)
1983 361 2356 427 AGARENI.
3189 389 3194 394 ο
3426 359 3584 428 1394

215 501 303 555 καὶ
347 502 374 556 6
417 499 718 574 καθήμενος
761 497 942 556 ἐπάνω
975 501 1134 558 αὒτὸῦ
1171 520 1187 575 ;
1243 503 1341 560 Καὶ
1372 502 1508 576 μετὰ
1532 507 1696 558 ταῦτα
1726 499 1824 556 ὅτα

1913 497 2148 572 .solem,
2186 497 2411 569 lunam,
2445 492 2670 568 sidera,
2722 511 2836 557 nec
2864 493 2972 560 ulli
3009 495 3283 559 homines
3331 495 3586 562 fuissent

213 591 262 644 οἱ
293 587 513 666 ἄγγελοι
548 589 705 663 ἦσαν,
752 587 849 646 καῖ
894 591 922 645 ὸ
963 591 1207 666 οὖρανὸς,
1256 593 1344 648 καὶ
1403 593 1437 660 ἡ
1497 596 1592 669 γῆ,
1649 589 1745 648 καὶ
1805 610 1824 644 c

1934 603 2195 667 unquam
2227 586 2522 651 exstituri.
2563 585 3025 662 Scelestissime,
3059 585 3197 666 quis
3229 592 3322 650 est
3357 585 3582 668 impius

215 676 504 752 ἄνθρωποι,
553 680 640 736 καὶ
703 679 876 735 πάντα
921 680 984 736 τὰ
1028 679 1082 734 ἐν
1124 685 1192 755 τῇ
1246 686 1341 760 γῇ,
1386 682 1692 756 ὑμνοῦντες,
1754 700 1820 734 κα

1934 682 1994 738 et
2021 676 2256 754 atbeus,
2292 691 2400 752 ego
2435 693 2508 736 an
2551 676 2656 737 tu?
2704 673 2818 738 Ubi
2867 683 2995 737 erat
3024 674 3408 740 Mubammed
3441 695 3577 742 cum

212 763 616 845 δοξολογοῦντες
643 768 736 824 τὸν
767 767 852 824 ἐπὶ
871 769 1066 846 ¹θρόνου
1099 770 1422 843 καθήμενον,

1934 774 2063 829 erat
2090 763 2304 826 solium
2338 771 2398 825 et
2428 764 2683 826 thronus
2711 763 2844 846 Dei,
2879 772 2938 826 et
2986 763 3144 828 Deus
3173 766 3263 830 illi
3305 765 3580 834 insidens

213 862 434 917 etcum
469 863 641 918 erant
668 856 885 937 angeli,
919 863 978 919 et
1008 856 1251 931 caelum,
1284 867 1342 920 et
1373 866 1552 932 terra,
1589 864 1650 919 et
1708 857 2011 934 homines,
2075 862 2135 918 et
2192 871 2402 916 omnes
2461 863 2757 918 creatura;
2813 862 3134 919 terrestres
3181 856 3462 925 laudibus
3518 865 3580 922 et

209 942 446 1025 hymnis
475 953 906 1027 prosequentes
937 946 1244 1008 sedentem
1277 965 1458 1030 super
1483 949 1811 1010 thromum.

289 1037 486 1092 Λοιπὸν
531 1038 655 1113 γοῦν
685 1037 816 1110 ἀρνῇ
847 1037 946 1104 τὴν
989 1036 1208 1114 ἀγάπην
1256 1045 1350 1096 τοῦ
1383 1046 1538 1113 Θεοῦ,
1575 1038 1643 1107 ἢν
1687 1038 1848 1118 εἶχεν

205 1125 338 1202 πρὸς
383 1126 475 1181 τὸν
516 1123 715 1205 Ἀδὰμ,
772 1126 828 1190 ὃς
883 1124 1111 1182 ἔπλασεν
1155 1131 1336 1202 αῦτὸν,
1401 1133 1495 1185 καὶ
1555 1129 1621 1184 τὰ
1686 1127 1848 1184 τέκνα

206 1216 386 1287 αὐτοῦ,
429 1217 520 1271 καὶ
589 1217 678 1272 τὸν
756 1212 1024 1296 Ἀϐραὰμ,
1086 1217 1176 1274 καὶ
1217 1219 1310 1274 τὸν
1354 1215 1562 1294 Ἰσαὰκ,
1607 1219 1694 1273 καὶ
1750 1219 1845 1274 τὸν

208 1301 421 1376 Ἰακὼϐ,
470 1305 557 1360 καὶ
607 1304 730 1367 τοὺς
774 1305 1116 1382 προπάτορας
1177 1307 1354 1387 ἡμῶν,
1411 1312 1550 1378 Νῶε,
1585 1311 1840 1386 Μωυσῆν,

203 1390 416 1459 Ἰησοῦν
457 1394 552 1448 τὸν
595 1398 767 1468 Ναυῆ,
826 1395 921 1450 τὸν
955 1393 1138 1468 Δαόὶδ,
1171 1397 1264 1451 τὸν
1294 1396 1576 1472 Σολομὼν,
1610 1397 1702 1452 τὸν
1733 1404 1841 1452 Ζα-

203 1481 423 1559 χαρξαν,
477 1482 570 1538 τὸν
628 1481 932 1560 Πρόδρομον
989 1482 1267 1558 Ἰωάννην,
1329 1485 1420 1550 οὓς
1480 1487 1568 1541 καὶ
1603 1485 1664 1542 τὸ
1712 1494 1842 1542 Κου-

202 1570 388 1643 ράνιόν
447 1591 543 1628 σοι)
598 1577 878 1647 μαρτῦρεῖ,
939 1571 1170 1628 ἐπαινῶν
1234 1574 1321 1629 καὶ
1368 1576 1457 1630 τὸν
1517 1573 1690 1651 Λόγον
1749 1581 1840 1631 τοῦ

203 1666 337 1718 Θεοῦ
379 1658 588 1725 Ἰησοῦν
636 1659 884 1736 Χριστόν.
937 1661 1043 1717 Κατ
1097 1660 1244 1736 λέγει
1293 1664 1364 1727 εἷς
1423 1665 1485 1720 τὸ
1551 1662 1840 1740 Κουράνιόν

201 1770 294 1804 σου
329 1765 346 1780 ⁶
405 1747 658 1815 Ἐξῆλθεν
699 1748 761 1808 ἐκ
806 1756 938 1805 Θεοῦ
982 1752 1070 1806 καὶ
1110 1750 1252 1808 ἔστιν
1302 1753 1475 1829 Λόγος
1536 1757 1718 1831 αῦτοῦ,
1749 1755 1837 1810 καὶ

199 1836 560 1915 συνάναρχος.
621 1833 788 1893 Ἀλλὰ
845 1835 1014 1902 δεῖξαι
1073 1837 1213 1917 ἔχω,
1267 1838 1348 1897 ὅτι
1411 1839 1598 1917 ψευδὲς
1655 1842 1722 1908 ἧν
1773 1843 1837 1898 τὸ

202 1925 490 2000 Κουράνιόν
520 1946 614 1983 σου
643 1926 704 1981 τὸ
747 1923 994 2006 διδαχθέν
1039 1929 1183 2005 παρὰ
1239 1932 1332 1986 τοῦ
1363 1928 1627 2003 Ὀθμᾶνη.
1677 1930 1835 2008 Λέγει

2011 1036 2111 1100 Sic
2133 1035 2318 1099 debes
2337 1054 2552 1116 negare
2565 1035 2950 1098 dilectionem
2973 1034 3082 1099 Dei
3102 1037 3574 1123 ergaAdamum,

1928 1145 2106 1207 quem
2138 1126 2410 1189 formavit
2431 1133 2490 1188 et
2524 1126 2684 1189 illius
2713 1124 2963 1202 liberos,
2981 1135 3042 1189 et
3065 1125 3498 1204 Abrahamum,
3519 1137 3579 1192 et

1926 1214 2215 1292 Isaacum,
2251 1224 2310 1278 et
2356 1216 2669 1293 Jacobum,
2721 1222 2781 1276 et
2809 1232 3021 1278 omnes
3068 1223 3267 1297 patres
3296 1226 3575 1282 anteces-

1925 1322 2092 1367 sores
2124 1313 2384 1380 nostros,
2414 1303 2626 1382 Neam,
2661 1305 2892 1381 Mosen,
2924 1307 3128 1368 Jesum
3169 1306 3360 1369 tilium
3387 1305 3571 1385 Nave,

1925 1393 2236 1468 Davidem,
2262 1393 2670 1468 Salomonem,
2701 1393 3072 1470 Zachariam,
3093 1393 3388 1459 Joannem
3413 1398 3571 1460 Pras-

1925 1500 2255 1558 cursorem,
2289 1501 2440 1564 quos
2488 1491 2780 1546 memorat
2825 1483 3166 1546 Alcoranus
3210 1491 3372 1566 tuus,
3405 1485 3572 1548 cele-

1925 1571 2104 1632 brans
2133 1579 2193 1633 et
2222 1573 2417 1647 ipsum
2452 1571 2559 1634 Dei
2594 1571 2853 1635 Verbum
2883 1575 3091 1635 Jesum
3113 1573 3568 1640 Christum.Sed

1923 1660 2142 1722 dicitur
2172 1661 2249 1723 de
2278 1660 2509 1723 Corano
2544 1669 2646 1724 tuo
2679 1683 2694 1726 :
2745 1662 2941 1725 Exivit
2967 1680 3003 1724 a
3029 1665 3156 1725 Deo
3189 1671 3249 1725 et
3286 1671 3376 1726 est
3404 1663 3569 1726 illius

1920 1748 2207 1825 Verbum,
2254 1750 2411 1812 sicut
2440 1751 2544 1812 ille
2574 1756 2706 1813 sine
2755 1751 3052 1833 principio
3098 1751 3415 1818 exsistens.
3446 1751 3566 1817 Os-

1921 1839 2158 1900 tendam
2206 1857 2344 1901 vero
2390 1839 2604 1902 falsum
2654 1856 2786 1902 esse
2835 1838 3130 1902 Coranum
3175 1848 3343 1904 tuum
3384 1859 3565 1923 quem

1916 1928 2161 1990 tradidit
2191 1937 2250 1991 et
2281 1928 2484 1991 docuit
2528 1927 2880 1992 Othmanes.
2915 1928 3074 1992 Dicit
3122 1947 3267 2010 ergo
3296 1931 3564 1995 Coranus

197 2020 324 2089 γοῦν
366 2014 428 2068 τὸ
463 2013 748 2089 Κουρανιόν
780 2037 870 2070 σου
902 2021 975 2080 εἰς
1019 2016 1118 2084 τὴν
1167 2017 1346 2098 ἀρχήν
1393 2022 1492 2087 τῆς
1537 2018 1824 2096 τραπέζης,

1919 2025 2052 2078 tuus
2075 2016 2137 2078 in
2171 2018 2469 2098 principio
2499 2019 2802 2080 sermonis
2819 2019 2896 2082 de
2917 2037 3149 2101 mensa,
3175 2019 3336 2101 quod
3362 2020 3564 2082 omnia

196 2101 280 2158 ὅτι
338 2103 398 2158 τὸ
440 2102 639 2180 ἀγαθὸν
681 2105 768 2160 καὶ
813 2107 874 2160 τὸ
917 2107 1151 2184 πονηρὸν
1217 2107 1278 2163 ἐκ
1353 2114 1487 2165 Θεοῦ
1543 2107 1656 2165 ἐστι
1713 2121 1832 2174 τοῖς

193 2191 513 2266 ἀνθρώποις,
589 2191 727 2270 ἅπερ
799 2193 1072 2274 ἔρχονται.
1140 2197 1311 2252 Εἶσὲτι
1368 2199 1567 2261 παντὸς
1636 2199 1832 2276 ἀγαθοῦ

193 2282 284 2337 καὶ
304 2291 544 2358 πονηροῦ
566 2283 658 2336 τὸν
681 2284 811 2338 Θεὸν
833 2297 1013 2348 ποιεῖς
1045 2284 1246 2364 αἴτιον,
1280 2287 1399 2350 τοὺς
1431 2285 1484 2342 δέ
1517 2308 1576 2364 γε
1601 2285 1826 2363 λῃστὰς,

193 2371 287 2427 καί
319 2371 438 2434 τοὺς
471 2373 805 2447 φαρμακοῦς,
841 2375 926 2428 διαὶ
957 2387 1164 2452 φονεῖς,
1198 2378 1284 2431 καὶ
1335 2377 1456 2438 τοῦς
1485 2382 1636 2448 κακῷ
1665 2377 1830 2432 Θανάο

190 2481 270 2532 τῳ
299 2457 658 2524 τελευτῶντας
680 2459 874 2533 οὕτως,
907 2464 1089 2542 φησὶν,
1125 2466 1152 2519 6
1186 2466 1316 2526 Θεὸς
1343 2463 1830 2542 ἔγραψεν.’Λνόητε

190 2550 280 2605 καὶ
323 2546 484 2625 βραδυ
528 2556 596 2624 τῃ
646 2548 852 2626 καρδίᾳ,
901 2553 1014 2606 επεὶ
1057 2553 1118 2608 τὸ
1166 2554 1452 2631 Κουράνιον
1506 2576 1599 2610 σου
1657 2555 1828 2632 Λόγον

191 2638 326 2694 Θεοῦ
371 2636 572 2714 λέγεις,
611 2645 728 2700 πῶς
772 2641 800 2695 6
833 2641 1002 2717 Λόγος
1038 2650 1130 2700 τοῦ
1161 2649 1292 2702 Θεοῦ
1322 2642 1594 2718 ψεύδεται,
1629 2643 1723 2700 καί
1769 2645 1830 2700 τὸ

187 2728 426 2805 πονηρὸν
465 2728 550 2783 καὶ
594 2729 656 2784 τὸ
699 2727 897 2803 ἀγαθὸν
927 2729 988 2785 ἐκ
1019 2737 1152 2787 Θεοῦ
1180 2730 1322 2788 ἐστιν
1357 2749 1373 2805 ;
1407 2735 1463 2789 ἒν
1491 2732 1668 2811 ἡμέρᾳ
1711 2731 1826 2810 κρί-

187 2837 324 2877 σεως
360 2821 475 2876 πῶς
506 2816 601 2873 οῦκ
629 2816 926 2895 ἀφώρισται
957 2832 1075 2881 τοῖς
1107 2817 1337 2885 δικαίοις
1369 2825 1456 2878 καὶ
1485 2836 1604 2887 τοῖς
1647 2823 1827 2899 ἁμαρ-

187 2905 412 2974 τωλοῖςς
441 2904 456 2928 ⁷
462 2903 611 2961 Αλλὰ
631 2919 748 2968 τοῖς
777 2906 876 2980 μὲν
906 2905 1130 2972 δικαίοις
1163 2911 1190 2965 6
1211 2909 1557 2987 παράδεισος,
1589 2911 1679 2967 καὶ
1707 2923 1825 2975 τοῖς

187 2992 535 3072 ἁμαρτωλοῖς
566 2996 601 3062 ἡ
644 2993 890 3060 κόλασις.
923 2998 1028 3054 Τοῦ
1076 2996 1244 3056 καλοῦ
1285 3000 1372 3055 καὶ
1416 3007 1510 3057 τοῦ
1551 3009 1720 3060 κακοῦ
1761 3002 1822 3056 ὲκ

188 3093 323 3141 Θεου
351 3082 526 3155 ὄντος,
560 3090 676 3149 πῶς
721 3083 1048 3164 ἑξεχὼρίσθη
1091 3089 1118 3144 ὁ
1153 3087 1325 3162 Ἀδὰμ
1355 3096 1445 3148 τοῦ
1479 3088 1819 3169 παραδείσω.

188 3179 312 3238 Πῶς
343 3171 586 3238 ἐξέπεσεν
617 3175 644 3228 6
675 3171 920 3240 διάϐολος
953 3176 1116 3232 εἰπών
1147 3193 1163 3209 ⁸
1201 3179 1363 3246 Θήσω
1390 3180 1482 3234 τὸν
1512 3179 1694 3252 θρόνον
1723 3200 1824 3254 μου

183 3264 369 3319 ὶπάνω
412 3262 518 3318 τῶν
554 3261 788 3342 νεφελῶν
833 3270 924 3320 τοῦ
967 3268 1210 3340 οῦρανοῦ,
1255 3268 1342 3323 καὶ
1386 3267 1576 3342 ἔσομαι
1637 3267 1822 3342 ὅμοιος

1914 2123 2048 2186 quae
2077 2106 2421 2170 hominibus
2464 2107 2818 2185 contingunt
2855 2106 3015 2169 bona
3048 2107 3139 2170 vel
3187 2107 3343 2170 mala
3369 2125 3407 2170 a
3428 2110 3554 2172 Deo

1913 2196 2270 2276 procedunt.
2303 2196 2366 2260 Si
2394 2213 2536 2276 ergo
2558 2199 2746 2258 Deum
2770 2197 2917 2258 facis
2948 2197 3144 2258 omnis
3168 2195 3311 2259 boni
3341 2204 3401 2259 et
3421 2198 3562 2260 mali

1912 2294 2240 2357 auctorem,
2270 2285 2560 2365 latrones,
2587 2287 2911 2361 veneﬁcos,
2940 2285 3563 2360 homicidas,violenta

1915 2380 2106 2435 morte
2155 2383 2477 2454 pereuntes
2529 2378 2688 2438 Deus
2742 2375 2894 2438 tales
2945 2375 3181 2440 futuros
3227 2375 3472 2458 scripsit
3501 2385 3562 2440 et

1913 2463 2349 2526 determinavit.
2386 2466 2699 2546 Inepte,et
2726 2466 2910 2528 corde
2930 2465 3267 2548 spirituque
3299 2466 3489 2543 tarde,
3508 2467 3561 2530 si

1913 2553 2210 2615 Coranum
2245 2552 2512 2616 Verbum
2545 2557 2655 2618 Dei
2703 2573 2838 2618 esse
2891 2555 3225 2632 existimas,
3257 2555 3560 2636 quomodo

1914 2642 2178 2703 Vorbum
2210 2642 2318 2704 Dei
2350 2650 2548 2722 potest
2579 2643 2725 2707 falsa
2756 2645 3168 2725 pronuntiare,
3185 2646 3307 2706 etsi
3331 2643 3556 2708 bonum

1914 2739 1973 2792 et
2002 2732 2222 2794 malum
2249 2750 2284 2794 a
2314 2731 2436 2794 Deo
2469 2740 2579 2808 est,
2616 2735 2676 2795 in
2707 2734 2788 2795 dii
2816 2733 3031 2812 judicii
3060 2734 3365 2815 quomodo
3387 2751 3560 2816 sepa-

1910 2829 2036 2882 rata
2068 2830 2129 2884 et
2179 2821 2464 2885 distincta
2501 2824 2916 2886 conceduntur
2956 2825 3140 2905 justis
3169 2832 3231 2888 et
3263 2823 3506 2905 injustis
3535 2829 3554 2886 t

1910 2908 2024 2974 Sed
2051 2911 2248 2991 justos
2297 2912 2630 2993 paradisus,
2684 2921 3030 2994 peccatores
3072 2931 3216 2976 vero
3261 2913 3558 2994 supplicia

1910 3009 2175 3064 manent.
2209 3000 2376 3062 Bono
2428 3019 2496 3064 ac
2541 3002 2697 3065 malo
2729 3020 2900 3084 mque
2951 3021 2987 3066 a
3034 3005 3158 3066 Deo
3190 3001 3549 3077 orientibus,

1906 3108 2090 3163 quare
2115 3089 2384 3154 Adamus
2438 3090 2715 3172 paradiso
2778 3093 2986 3173 pulsus
3043 3099 3108 3154 et
3137 3091 3369 3173 ejectus
3397 3091 3556 3154 fuit?

1908 3181 2104 3252 Quare
2132 3179 2352 3242 cecidit
2382 3188 2441 3242 et
2469 3183 2589 3244 ruit
2621 3181 2896 3244 diabolus
2938 3182 3191 3246 dicens:
3233 3179 3552 3244 Collocabo

1906 3268 2187 3330 thronum
2222 3288 2420 3332 meum
2451 3288 2634 3351 super
2673 3270 2866 3334 nubes
2895 3271 3057 3349 cmli,
3092 3277 3153 3334 et
3197 3289 3304 3332 ero
3336 3269 3554 3332 similis

183 3359 264 3425 τῷ
292 3351 532 3426 ἰ’ψίστῷ
562 3367 577 3382 ⁸
625 3354 670 3408 εἰ
710 3354 770 3410 τὸ
820 3353 1015 3431 ἀγαθὸν
1071 3364 1160 3410 καί
1218 3358 1280 3411 τὸ
1337 3357 1572 3435 πονηρόν
1602 3356 1662 3413 bc
1692 3363 1824 3413 Θεοῦ

1913 3357 2240 3419 Altissimo.
2297 3357 2360 3420 Si
2420 3361 2639 3422 malum
2693 3367 2752 3422 et
2805 3361 3028 3422 bonum
3087 3359 3310 3422 habent
3361 3359 3551 3422 Deum

183 3444 321 3514 ἑστι,
370 3446 485 3505 πῶς
528 3440 811 3498 ἀπώλοντο
868 3441 1107 3518 Σόδομα,
1169 3446 1257 3500 καὶ
1331 3445 1570 3524 Γόμορρα
1632 3447 1818 3510 αῦτοῖς

1913 3455 2226 3519 auctorem,
2256 3464 2444 3523 quare
2478 3448 2762 3527 operibus
2809 3449 2933 3511 suis
2983 3457 3224 3509 vastatas
3256 3455 3402 3510 sunt
3429 3446 3551 3510 So-

182 3531 384 3606 ἶργοις,
433 3532 518 3586 καὶ
549 3534 605 3587 ὲν
645 3533 716 3600 τῆ
769 3533 996 3610 ἃμαρτῖᾳ
1041 3535 1266 3609 absim;
1315 3525 1544 3609 Ὀμοὲως
1603 3537 1690 3592 καὶ
1734 3535 1820 3592 ἐπὶ

181 3625 275 3676 τοῦ
317 3617 692 3690 κατακλυσμοῦ
748 3628 841 3677 τοῦ
899 3624 1041 3694 Νῶε,
1078 3625 1192 3686 πῶς
1236 3626 1261 3678 6
1297 3625 1497 3697 κόσμος
1541 3623 1817 3700 ἆπώλετο;

185 3706 291 3764 Καὶ
340 3715 458 3772 πῶς
498 3706 869 3783 ἐῦδομήκοντα
911 3708 1000 3766 δύο
1048 3709 1230 3790 φυλῶν
1274 3711 1438 3779 οὔσης
1487 3719 1586 3779 της
1631 3720 1819 3792 γενεᾶς

179 3802 288 3853 τῶν
335 3795 788 3872 Μουσουλμανῶν,
843 3798 879 3866 ἡ
937 3801 1032 3872 μία
1091 3799 1265 3876 ἔστὶν,
1327 3803 1401 3866 ὡς
1461 3801 1666 3881 λέγετε,
1729 3811 1823 3861 τοῦ

179 3883 548 3963 παραδείσου;
608 3890 697 3943 καὶ
754 3890 806 3943 αἱ
875 3885 1034 3944 ἄλλαι
1117 3895 1224 3946 τῶν
1283 3889 1600 3972 κολάσεωνς
1668 3884 1821 3969 Ὀρᾷς

179 3973 262 4030 ὅτι
295 3974 402 4031 ἀπὸ
431 3975 537 4032 τῶν
569 3974 748 4053 λόγων
777 3975 1030 4052 ψεύδεσαι
1063 3997 1080 4054 ;
1115 3982 1211 4038 Καὶ
1249 3978 1390 4054 οὔτε,
1422 3980 1496 4045 ὡς
1530 3982 1590 4036 σὺ
1621 3981 1819 4060 λέγεις,

177 4063 321 4119 ἔστιν
351 4066 446 4121 τοῦ
491 4071 626 4122 Θεοῦ
652 4066 716 4121 τὸ
751 4067 1038 4144 Κουρένιόν
1089 4087 1206 4142 σου,
1240 4070 1360 4126 οὔτε
1404 4069 1465 4126 ἐκ
1507 4081 1601 4130 τοῦ
1656 4076 1818 4150 οὖρα-

177 4157 270 4207 νοῦ
325 4149 617 4227 κατῆλθεν,
663 4155 736 4216 ὡς
796 4151 1013 4229 ληροῖς.
1077 4158 1173 4214 Καὶ
1245 4159 1347 4234 γὰρ
1405 4153 1587 4214 ἄδικον
1640 4171 1820 4223 ποιεῖς

177 4241 270 4294 τὸν
331 4241 464 4296 Θεὸν
508 4239 707 4316 λέγων,
769 4242 852 4298 ὅτι
903 4245 964 4300 τὸ
1015 4244 1217 4321 ἀγαθὰν
1249 4245 1345 4302 καὶ
1387 4247 1448 4302 τὸ
1492 4249 1728 4324 πονηρὸν
1760 4249 1822 4306 ἐκ

180 4333 313 4384 Θεοῦ
355 4327 523 4391 ἐστιν,
565 4321 624 4386 Ὀ
666 4327 722 4384 δὲ
766 4331 897 4396 Θεὸς
929 4335 1093 4410 κρίνει
1127 4336 1190 4390 τὸ
1231 4335 1454 4414 ἀγαθὸν,
1501 4338 1589 4393 καὶ
1621 4339 1682 4394 τὸ
1711 4360 1816 4395 πο-

178 4416 364 4494 me»,
397 4417 486 4472 καὶ
544 4416 862 4474 ἀποδίδωσιν
920 4421 1130 4498 ἑκάστῳ
1187 4425 1327 4480 κατὰ
1374 4425 1440 4480 τὰ
1486 4425 1616 4504 ἔργα
1659 4428 1819 4485 αὐτοῦ

177 4503 360 4570 ἀξίως.

259 4593 444 4685 Λέγεις
465 4612 480 4627 ⁸
513 4593 710 4659 Ὅστις
737 4595 798 4652 οῦ
829 4596 1011 4654 πλύνει
1042 4599 1142 4667 τὴν
1173 4599 1428 4680 καθέδραν
1455 4613 1569 4685 τοῦ,
1603 4605 1729 4663 εἶτα
1759 4607 1818 4663 τὸ

1904 3543 2079 3596 doma
2121 3542 2181 3596 et
2203 3535 2560 3616 Gomorrha,
2595 3544 2654 3598 et
2682 3537 2744 3598 in
2777 3546 3023 3618 peccato
3054 3555 3164 3599 suo
3196 3535 3556 3616 perierunt?

1903 3623 2322 3688 Similitertem
2334 3625 2576 3704 poribus
2595 3626 2801 3689 diluvii
2825 3627 3168 3708 Noe,quare
3186 3625 3361 3708 periit
3382 3643 3553 3688 mun-

1904 3715 2057 3778 dus?
2105 3717 2180 3778 Et
2209 3733 2394 3797 quare
2447 3717 2825 3797 septuaginta
2872 3717 3126 3779 duarum
3178 3715 3441 3780 tribuum
3494 3725 3555 3778 et

1901 3803 2262 3867 familiarum
2294 3805 2699 3884 generationis
2730 3807 3196 3883 Musulmanicae,
3231 3805 3409 3868 unica
3424 3814 3551 3869 tan-

1903 3903 2050 3968 tum,
2087 3903 2149 3956 ut
2196 3896 2486 3970 asseritis,
2542 3897 2880 3976 paradisum
2931 3904 3362 3978 consequetur,
3420 3896 3554 3959 alia

1901 4002 2041 4046 vero
2079 3985 2273 4064 pmnis
2321 3993 2380 4047 et
2425 3985 2737 4066 suppliciis
2767 3984 3323 4066 adjudicabnntur?
3369 3985 3553 4048 Vides

1904 4073 2210 4154 quomodo
2246 4073 2577 4152 mentiaris,
2612 4083 2672 4137 et
2702 4074 2996 4139 Coranum
3029 4083 3192 4137 tuum
3224 4091 3338 4137 nec
3364 4091 3400 4135 a
3427 4072 3552 4136 Deo

1904 4163 2168 4242 origines
2200 4164 2446 4239 habere,
2483 4182 2595 4226 nec
2624 4182 2658 4224 e
2687 4165 2847 4227 cmlo
2878 4163 3288 4244 descendisse,
3305 4170 3370 4225 ut
3393 4161 3552 4225 deli-

1901 4270 2004 4314 rus
2051 4253 2296 4317 asseris.
2330 4253 2478 4314 Nam
2536 4254 2722 4315 Deum
2778 4255 2972 4334 ipsum
3012 4253 3304 4334 injustum
3351 4251 3552 4331 ﬁngis,

1903 4341 2112 4404 dicens
2137 4343 2358 4404 bonum
2398 4348 2462 4406 et
2493 4343 2713 4405 malum
2740 4361 2774 4405 a
2803 4347 2928 4407 Deo
2962 4343 3258 4423 originem
3293 4339 3548 4406 habere.

1901 4432 2017 4494 Sed
2063 4430 2294 4511 judicat
2335 4431 2556 4494 bonum
2604 4439 2663 4494 et
2712 4431 2958 4508 malum,
3011 4443 3071 4496 et
3118 4431 3554 4496 convenienter

1901 4519 2100 4582 reddit
2128 4521 2452 4602 unicuique
2483 4521 2816 4584 secundum
2840 4539 3024 4603 opera
3052 4541 3184 4586 sua.

1983 4609 2144 4672 Dicis
2175 4630 2189 4672 :
2223 4609 2333 4683 Qui
2366 4630 2486 4673 non
2518 4611 2672 4672 lavat
2699 4629 2905 4687 anum,
2934 4619 2995 4674 et
3025 4619 3232 4694 postea
3252 4629 3321 4673 os
3345 4626 3548 4688 suum,

173 4679 350 4757 στόμα
413 4704 530 4759 του,
599 4685 674 4747 εἰς
739 4685 1057 4763 παράδεισον
1119 4691 1215 4746 οῦκ
1270 4679 1572 4772 εἰσέρχεται
1642 4694 1816 4758 καθὼς

1913 4717 2025 4764 non
2057 4679 2516 4780 potestvingredi
2553 4679 3002 4781 paradisum'mt
3025 4679 3236 4763 statuit
3256 4707 3316 4763 et
3339 4679 3552 4762 censet

171 4770 524 4846 διαλαμϐάνει
583 4775 647 4830 τὸ
694 4776 983 4852 Κουράνιόν
1041 4801 1156 4842 σου.
1202 4783 1298 4839 Καὶ
1341 4770 1484 4849 αὖθις
1532 4806 1689 4862 φησι,
1736 4783 1817 4841 ὅτι

174 4863 204 4918 ὸ
236 4863 459 4941 τρώγων
515 4863 752 4944 χοίρειον
813 4870 998 4945 κρέας,
1042 4873 1136 4928 οῦκ
1185 4871 1490 4952 εἰσέρχεται
1531 4875 1604 4934 εἰς
1637 4873 1816 4950 παρά·-

173 4949 347 5009 δεισον
405 4952 485 5009 ὅτι
559 4955 828 5028 μιαίνεται
894 4960 922 5013 ὁ
979 4949 1455 5037 παράδεισοςοήτοῦ
1511 4970 1668 5025 Θεοῦ.
1719 4964 1815 5022 Καὶ

173 5040 360 5116 πάλιν,
414 5042 441 5098 ὃ
472 5042 685 5109 μέλλων
715 5043 906 5102 λαϐεῖν
968 5061 1226 5128 γυναῖκα,
1257 5049 1485 5107 ἐνώπιον
1513 5050 1640 5109 δέκα
1672 5074 1813 5130 μαρ-

174 5131 342 5206 τύρων
398 5129 612 5189 ὶαϐἐτω
650 5134 840 5207 αὐτὴν,
899 5135 992 5192 ’ἕνα
1049 5137 1228 5196 δικαία
1267 5143 1406 5196 ἐστὶν
1439 5141 1574 5210 αὕτη
1605 5144 1640 5210 ἡ
1670 5129 1813 5220 πρᾶ-

175 5217 280 5284 ξις,
336 5225 457 5284 Πῶς
543 5220 670 5279 δέκα
760 5227 1052 5302 μαρτυρίας
1123 5226 1208 5284 διὰ
1289 5243 1520 5306 γυναῖκα
1602 5217 1810 5305 ζητεῖς,

171 5310 260 5364 καὶ
289 5307 374 5364 διὰ
404 5311 497 5365 τὸν
527 5313 810 5390 προφήτην
841 5336 936 5371 σου
983 5313 1196 5397 οὖδέντ,
1228 5321 1322 5376 τὸν
1363 5323 1696 5400 συντυχόντα
1738 5329 1814 5396 τῷ

173 5404 287 5469 Θεῷ
329 5401 505 5472 στόμα
540 5403 670 5476 πρὸς
704 5404 877 5478 στόμα
909 5424 924 5480 ;
960 5408 1188 5487 Λοιπὸν,
1220 5409 1339 5465 οὔτε
1371 5411 1462 5466 τὸν
1494 5413 1626 5467 Θεὸν
1655 5413 1814 5488 γινώ-

175 5509 350 5559 σκετε,
396 5487 514 5545 οὔτε
578 5493 884 5570 προφήτην,
931 5495 1049 5551 οὔτε
1098 5497 1427 5579 ἀπόστολον,
1459 5499 1576 5556 οὔτε
1608 5515 1814 5575 σημεῖα

182 5577 390 5656 οἴδατε,
435 5579 554 5635 οὔτε
593 5579 809 5658 τέρατα.
855 5583 986 5642 Οὔτε
1037 5587 1100 5642 τὸ
1156 5577 1442 5665 Κουράνιοίν
1483 5591 1630 5663 ὑμῶν
1672 5593 1815 5648 ἔστιν

169 5666 337 5746 Λόγος
378 5671 471 5724 τοῦ
516 5675 672 5743 Θεοῦ,
721 5669 803 5728 ὅτι
860 5676 992 5732 Θεὸν
1053 5675 1112 5734 οῦ
1171 5678 1489 5756 γινώσκετε.
1535 5679 1659 5738 Ὅτι
1713 5683 1811 5762 οῦγ

1903 4798 2043 4852 tuus
2063 4789 2434 4863 Alcoranus;
2457 4797 2517 4852 et
2534 4808 2744 4853 rursus
2773 4791 2989 4853 asserit
3007 4809 3146 4853 eum
3177 4790 3282 4872 qui
3304 4803 3550 4852 carnem

1900 4878 2136 4941 suillam
2165 4880 2446 4956 comedit,
2483 4899 2604 4942 non
2634 4880 2992 4957 adepturum
3028 4877 3412 4942 beatudinem
3444 4893 3550 4956 pa-

1899 4969 2110 5039 radisi,
2145 4969 2284 5048 quia
2330 4977 2470 5032 tunc
2503 4969 2820 5050 paradisus
2853 4969 2962 5034 Dei
3009 4967 3550 5031 contaminaretur.

1899 5057 1968 5118 Et
1995 5076 2207 5120 rursus
2249 5057 2400 5122 dicis
2452 5059 2610 5140 quod
2661 5059 2768 5138 qui
2821 5076 3070 5121 uxorem
3124 5058 3202 5120 sit
3233 5057 3548 5134 ducturus,

1897 5147 2078 5209 debet
2105 5147 2266 5209 illam
2300 5148 2523 5210 dueere
2538 5148 2939 5230 praesentibus
2951 5149 3163 5211 decem
3180 5146 3457 5223 testibus,
3483 5155 3552 5210 nt

1901 5244 2086 5298 totum
2111 5236 2267 5298 istud
2291 5238 2598 5317 negotium
2630 5238 2964 5318 legitimum
2999 5237 3316 5301 habeatur.
3349 5237 3552 5312 Quare

1895 5343 2039 5386 vero
2059 5324 2268 5388 decem
2299 5325 2641 5389 testimonia
2661 5327 2734 5389 ad
2760 5345 3007 5392 uxorem
3033 5327 3250 5392 marito
3274 5325 3552 5409 legitime

1897 5414 2298 5495 copulandum
2329 5416 2612 5497 requiris,
2635 5416 2864 5480 nullum
2885 5434 3026 5480 vero
3055 5416 3129 5480 ad
3157 5416 3544 5480 asserendam

1898 5502 2248 5582 dignitatem
2285 5505 2592 5584 prophetae
2623 5505 2732 5588 tui,
2768 5507 2870 5588 qui
2901 5525 3005 5569 ore
3049 5507 3122 5569 ad
3157 5524 3225 5569 os
3249 5523 3385 5569 cum
3421 5505 3546 5568 Deo

1901 5601 1990 5654 est
2020 5593 2351 5656 collocutus
2377 5597 2695 5667 Caeterum,
2731 5615 2926 5678 neque
2957 5596 3144 5659 Deum
3191 5595 3406 5669 nostis,
3435 5613 3548 5657 nec

1901 5683 2280 5764 prophetam,
2315 5702 2429 5748 nec
2460 5685 2822 5772 apostolum,
2856 5705 2969 5750 nec
3000 5686 3169 5770 signa
3201 5685 3548 5762 nostis,nec
