  <div class='ocr_page' id='page_1' title='image "/cluster/home/n/w/nwhite01/storage/ocr_20150623/104/hvd.32044073502163/717.png"; bbox 0 0 3994 6232; ppageno 0'>
   <div class='ocr_carea' id='block_1_1' title="bbox 487 297 736 366">
    <p class='ocr_par' dir='ltr' id='par_1_1' title="bbox 487 297 736 366">
     <span class='ocr_line' id='line_1_1' title="bbox 487 297 736 366; baseline 0 -1"><span class='ocrx_word' id='word_1_1' title='bbox 487 297 676 366; x_wconf 80' lang='grc'><strong>1395·</strong></span> <span class='ocrx_word' id='word_1_2' title='bbox 733 313 736 316; x_wconf 82' lang='grc'><em>’</em></span> 
     </span>
    </p>
   </div>
   <div class='ocr_carea' id='block_1_2' title="bbox 1683 304 2670 375">
    <p class='ocr_par' dir='ltr' id='par_1_2' title="bbox 1683 304 2670 375">
     <span class='ocr_line' id='line_1_2' title="bbox 1683 304 2670 375; baseline 0.005 -8"><span class='ocrx_word' id='word_1_3' title='bbox 1683 304 2258 370; x_wconf 69' lang='lat' dir='ltr'><strong>BARTHOLOMEI</strong></span> <span class='ocrx_word' id='word_1_4' title='bbox 2299 307 2638 375; x_wconf 83' lang='lat' dir='ltr'><strong>EDESSEN</strong></span> <span class='ocrx_word' id='word_1_5' title='bbox 2642 309 2670 372; x_wconf 89' lang='grc' dir='ltr'><strong>Ι</strong></span> 
     </span>
    </p>
   </div>
   <div class='ocr_carea' id='block_1_3' title="bbox 480 436 2145 526">
    <p class='ocr_par' dir='ltr' id='par_1_3' title="bbox 480 436 2131 526">
     <span class='ocr_line' id='line_1_3' title="bbox 480 436 2131 526; baseline 0.001 -28"><span class='ocrx_word' id='word_1_6' title='bbox 480 436 798 526; x_wconf 75' lang='lat' dir='ltr'><strong>miracula,</strong></span> <span class='ocrx_word' id='word_1_7' title='bbox 832 453 1029 519; x_wconf 89' lang='lat' dir='ltr'><strong>neque</strong></span> <span class='ocrx_word' id='word_1_8' title='bbox 1058 436 1325 500; x_wconf 85' lang='lat' dir='ltr'><strong>Coranus</strong></span> <span class='ocrx_word' id='word_1_9' title='bbox 1354 443 1555 500; x_wconf 89' lang='lat' dir='ltr'><strong>vester</strong></span> <span class='ocrx_word' id='word_1_10' title='bbox 1583 446 1675 500; x_wconf 89' lang='lat' dir='ltr'><strong>est</strong></span> <span class='ocrx_word' id='word_1_11' title='bbox 1702 440 1968 503; x_wconf 84' lang='lat' dir='ltr'><strong>Verbum</strong></span> <span class='ocrx_word' id='word_1_12' title='bbox 1999 440 2131 503; x_wconf 89' lang='lat' dir='ltr'><strong>Dei.</strong></span> 
     </span>
    </p>
   </div>
   <div class='ocr_carea' id='block_1_4' title="bbox 2228 436 3788 526">
    <p class='ocr_par' dir='ltr' id='par_1_4' title="bbox 2228 444 3788 526">
     <span class='ocr_line' id='line_1_4' title="bbox 2228 444 3788 526; baseline 0.004 -28"><span class='ocrx_word' id='word_1_13' title='bbox 2228 445 2369 522; x_wconf 79' lang='grc' dir='ltr'>εὗρον</span> <span class='ocrx_word' id='word_1_14' title='bbox 2413 444 2468 500; x_wconf 78' lang='grc' dir='ltr'>ἐν</span> <span class='ocrx_word' id='word_1_15' title='bbox 2524 449 2602 518; x_wconf 82' lang='grc' dir='ltr'>τῷ</span> <span class='ocrx_word' id='word_1_16' title='bbox 2662 447 2934 526; x_wconf 79' lang='grc' dir='ltr'>Κουρανίῳ</span> <span class='ocrx_word' id='word_1_17' title='bbox 2989 468 3085 504; x_wconf 89' lang='grc' dir='ltr'><strong>σου</strong></span> <span class='ocrx_word' id='word_1_18' title='bbox 3133 444 3303 521; x_wconf 75' lang='grc' dir='ltr'>ὄνομα</span> <span class='ocrx_word' id='word_1_19' title='bbox 3349 453 3446 504; x_wconf 78' lang='grc' dir='ltr'>τοῦ</span> <span class='ocrx_word' id='word_1_20' title='bbox 3487 445 3686 526; x_wconf 76' lang='grc' dir='ltr'>δρῶντος</span> <span class='ocrx_word' id='word_1_21' title='bbox 3727 455 3788 505; x_wconf 75' lang='lat' dir='ltr'><strong>nl</strong></span> 
     </span>
    </p>
   </div>
   <div class='ocr_carea' id='block_1_5' title="bbox 476 525 2139 603">
    <p class='ocr_par' dir='ltr' id='par_1_5' title="bbox 476 525 2139 603">
     <span class='ocr_line' id='line_1_5' title="bbox 476 525 2139 603; baseline 0.002 -12"><span class='ocrx_word' id='word_1_22' title='bbox 476 525 550 591; x_wconf 87' lang='lat' dir='ltr'><strong>Et</strong></span> <span class='ocrx_word' id='word_1_23' title='bbox 577 543 790 591; x_wconf 88' lang='lat' dir='ltr'><strong>revera</strong></span> <span class='ocrx_word' id='word_1_24' title='bbox 821 526 1018 590; x_wconf 90' lang='lat' dir='ltr'><strong>Deum</strong></span> <span class='ocrx_word' id='word_1_25' title='bbox 1043 544 1164 589; x_wconf 89' lang='lat' dir='ltr'><strong>non</strong></span> <span class='ocrx_word' id='word_1_26' title='bbox 1185 526 1396 603; x_wconf 91' lang='lat' dir='ltr'><strong>nostis,</strong></span> <span class='ocrx_word' id='word_1_27' title='bbox 1414 545 1549 590; x_wconf 91' lang='lat' dir='ltr'><strong>nam</strong></span> <span class='ocrx_word' id='word_1_28' title='bbox 1584 529 1643 590; x_wconf 92' lang='lat' dir='ltr'><strong>in</strong></span> <span class='ocrx_word' id='word_1_29' title='bbox 1674 530 1914 592; x_wconf 88' lang='lat' dir='ltr'><strong>Corano</strong></span> <span class='ocrx_word' id='word_1_30' title='bbox 1942 540 2139 594; x_wconf 90' lang='lat' dir='ltr'><strong>vestro</strong></span> 
     </span>
    </p>
   </div>
   <div class='ocr_carea' id='block_1_6' title="bbox 485 616 2139 700">
    <p class='ocr_par' dir='ltr' id='par_1_6' title="bbox 485 616 2139 700">
     <span class='ocr_line' id='line_1_6' title="bbox 485 616 2139 700; baseline 0.002 -21"><span class='ocrx_word' id='word_1_31' title='bbox 485 635 612 679; x_wconf 89' lang='lat' dir='ltr'><strong>non</strong></span> <span class='ocrx_word' id='word_1_32' title='bbox 634 616 833 679; x_wconf 80' lang='lat' dir='ltr'><strong>inveni</strong></span> <span class='ocrx_word' id='word_1_33' title='bbox 857 633 1077 678; x_wconf 87' lang='lat' dir='ltr'><strong>nomen</strong></span> <span class='ocrx_word' id='word_1_34' title='bbox 1106 619 1414 692; x_wconf 70' lang='lat' dir='ltr'><strong>creatoris,</strong></span> <span class='ocrx_word' id='word_1_35' title='bbox 1430 618 1769 700; x_wconf 76' lang='lat' dir='ltr'><strong>rationalis,</strong></span> <span class='ocrx_word' id='word_1_36' title='bbox 1802 628 1862 681; x_wconf 92' lang='lat' dir='ltr'><strong>et</strong></span> <span class='ocrx_word' id='word_1_37' title='bbox 1887 621 2139 682; x_wconf 86' lang='lat' dir='ltr'><strong>immor-</strong></span> 
     </span>
    </p>
   </div>
   <div class='ocr_carea' id='block_1_7' title="bbox 482 704 2142 788">
    <p class='ocr_par' dir='ltr' id='par_1_7' title="bbox 482 704 2142 788">
     <span class='ocr_line' id='line_1_7' title="bbox 482 704 2142 788; baseline 0.003 -20"><span class='ocrx_word' id='word_1_38' title='bbox 482 707 626 768; x_wconf 80' lang='lat' dir='ltr'><strong>talis</strong></span> <span class='ocrx_word' id='word_1_39' title='bbox 675 704 808 786; x_wconf 86' lang='lat' dir='ltr'><strong>Dei,</strong></span> <span class='ocrx_word' id='word_1_40' title='bbox 843 704 951 767; x_wconf 85' lang='lat' dir='ltr'><strong>sed</strong></span> <span class='ocrx_word' id='word_1_41' title='bbox 1001 713 1234 768; x_wconf 89' lang='lat' dir='ltr'><strong>tantum</strong></span> <span class='ocrx_word' id='word_1_42' title='bbox 1283 725 1503 770; x_wconf 83' lang='lat' dir='ltr'><strong>nomen</strong></span> <span class='ocrx_word' id='word_1_43' title='bbox 1555 707 1665 770; x_wconf 91' lang='lat' dir='ltr'><strong>Dei</strong></span> <span class='ocrx_word' id='word_1_44' title='bbox 1704 727 1884 788; x_wconf 85' lang='lat' dir='ltr'><strong>quem</strong></span> <span class='ocrx_word' id='word_1_45' title='bbox 1912 710 2142 774; x_wconf 79' lang='lat' dir='ltr'><strong>Arabes</strong></span> 
     </span>
    </p>
   </div>
   <div class='ocr_carea' id='block_1_8' title="bbox 483 794 2141 872">
    <p class='ocr_par' dir='ltr' id='par_1_8' title="bbox 483 794 2141 872">
     <span class='ocr_line' id='line_1_8' title="bbox 483 794 2141 872; baseline 0.002 -12"><span class='ocrx_word' id='word_1_46' title='bbox 483 794 766 860; x_wconf 81' lang='lat' dir='ltr'><strong>colebant</strong></span> <span class='ocrx_word' id='word_1_47' title='bbox 793 803 934 857; x_wconf 89' lang='lat' dir='ltr'><strong>ante</strong></span> <span class='ocrx_word' id='word_1_48' title='bbox 981 795 1304 859; x_wconf 89' lang='lat' dir='ltr'><strong>adventum</strong></span> <span class='ocrx_word' id='word_1_49' title='bbox 1359 797 1823 872; x_wconf 81' lang='lat' dir='ltr'><strong>Muhammedis,</strong></span> <span class='ocrx_word' id='word_1_50' title='bbox 1858 800 2141 863; x_wconf 87' lang='lat' dir='ltr'><strong>nimirum</strong></span> 
     </span>
    </p>
   </div>
   <div class='ocr_carea' id='block_1_9' title="bbox 484 885 2145 968">
    <p class='ocr_par' dir='ltr' id='par_1_9' title="bbox 484 885 2145 968">
     <span class='ocr_line' id='line_1_9' title="bbox 484 885 2145 968; baseline 0.001 -19"><span class='ocrx_word' id='word_1_51' title='bbox 484 885 898 968; x_wconf 85' lang='lat' dir='ltr'><strong>phosphorum</strong></span> <span class='ocrx_word' id='word_1_52' title='bbox 949 903 1058 948; x_wconf 90' lang='lat' dir='ltr'><strong>seu</strong></span> <span class='ocrx_word' id='word_1_53' title='bbox 1107 895 1334 950; x_wconf 89' lang='lat' dir='ltr'><strong>astrum</strong></span> <span class='ocrx_word' id='word_1_54' title='bbox 1369 891 1763 953; x_wconf 84' lang='lat' dir='ltr'><strong>matutinum.</strong></span> <span class='ocrx_word' id='word_1_55' title='bbox 1797 888 1927 952; x_wconf 88' lang='lat' dir='ltr'><strong>Non</strong></span> <span class='ocrx_word' id='word_1_56' title='bbox 1958 889 2145 952; x_wconf 88' lang='lat' dir='ltr'><strong>babes</strong></span> 
     </span>
    </p>
   </div>
   <div class='ocr_carea' id='block_1_10' title="bbox 486 975 2147 1059">
    <p class='ocr_par' dir='ltr' id='par_1_10' title="bbox 486 975 2147 1059">
     <span class='ocr_line' id='line_1_10' title="bbox 486 975 2147 1059; baseline 0.002 -21"><span class='ocrx_word' id='word_1_57' title='bbox 486 975 870 1058; x_wconf 70' lang='lat' dir='ltr'><strong>prophetam,</strong></span> <span class='ocrx_word' id='word_1_58' title='bbox 906 993 1044 1038; x_wconf 90' lang='lat' dir='ltr'><strong>nam</strong></span> <span class='ocrx_word' id='word_1_59' title='bbox 1077 976 1234 1039; x_wconf 86' lang='lat' dir='ltr'><strong>nihil</strong></span> <span class='ocrx_word' id='word_1_60' title='bbox 1279 977 1595 1040; x_wconf 86' lang='lat' dir='ltr'><strong>ostendisti</strong></span> <span class='ocrx_word' id='word_1_61' title='bbox 1647 979 1808 1059; x_wconf 88' lang='lat' dir='ltr'><strong>quod</strong></span> <span class='ocrx_word' id='word_1_62' title='bbox 1840 987 2147 1057; x_wconf 86' lang='lat' dir='ltr'><strong>spectaret</strong></span> 
     </span>
    </p>
   </div>
   <div class='ocr_carea' id='block_1_11' title="bbox 486 1065 2144 1148">
    <p class='ocr_par' dir='ltr' id='par_1_11' title="bbox 486 1065 2144 1148">
     <span class='ocr_line' id='line_1_11' title="bbox 486 1065 2144 1148; baseline 0.002 -21"><span class='ocrx_word' id='word_1_63' title='bbox 486 1065 650 1128; x_wconf 88' lang='lat' dir='ltr'><strong>illius</strong></span> <span class='ocrx_word' id='word_1_64' title='bbox 680 1065 1084 1146; x_wconf 83' lang='lat' dir='ltr'><strong>prophetiam,</strong></span> <span class='ocrx_word' id='word_1_65' title='bbox 1118 1073 1177 1126; x_wconf 93' lang='lat' dir='ltr'><strong>et</strong></span> <span class='ocrx_word' id='word_1_66' title='bbox 1226 1065 1334 1128; x_wconf 93' lang='lat' dir='ltr'><strong>ubi</strong></span> <span class='ocrx_word' id='word_1_67' title='bbox 1372 1068 1596 1147; x_wconf 88' lang='lat' dir='ltr'><strong>scripta</strong></span> <span class='ocrx_word' id='word_1_68' title='bbox 1625 1067 1950 1148; x_wconf 82' lang='lat' dir='ltr'><strong>legeretur,</strong></span> <span class='ocrx_word' id='word_1_69' title='bbox 1985 1069 2144 1131; x_wconf 86' lang='lat' dir='ltr'><strong>sicut</strong></span> 
     </span>
    </p>
   </div>
   <div class='ocr_carea' id='block_1_12' title="bbox 486 1153 2142 1238">
    <p class='ocr_par' dir='ltr' id='par_1_12' title="bbox 486 1153 2142 1238">
     <span class='ocr_line' id='line_1_12' title="bbox 486 1153 2142 1238; baseline 0.001 -21"><span class='ocrx_word' id='word_1_70' title='bbox 486 1171 601 1218; x_wconf 87' lang='lat' dir='ltr'><strong>nos</strong></span> <span class='ocrx_word' id='word_1_71' title='bbox 651 1153 946 1216; x_wconf 81' lang='lat' dir='ltr'><strong>habemus</strong></span> <span class='ocrx_word' id='word_1_72' title='bbox 994 1154 1279 1216; x_wconf 81' lang='lat' dir='ltr'><strong>vaticinia</strong></span> <span class='ocrx_word' id='word_1_73' title='bbox 1331 1156 1756 1237; x_wconf 87' lang='lat' dir='ltr'><strong>prophetarum</strong></span> <span class='ocrx_word' id='word_1_74' title='bbox 1811 1159 1870 1218; x_wconf 91' lang='lat' dir='ltr'><strong>in</strong></span> <span class='ocrx_word' id='word_1_75' title='bbox 1922 1157 2142 1238; x_wconf 86' lang='lat' dir='ltr'><strong>quibus</strong></span> 
     </span>
    </p>
   </div>
   <div class='ocr_carea' id='block_1_13' title="bbox 491 1246 2145 1329">
    <p class='ocr_par' dir='ltr' id='par_1_13' title="bbox 491 1246 2145 1329">
     <span class='ocr_line' id='line_1_13' title="bbox 491 1246 2145 1329; baseline 0.001 -21"><span class='ocrx_word' id='word_1_76' title='bbox 491 1247 792 1328; x_wconf 77' lang='lat' dir='ltr'><strong>pmterita</strong></span> <span class='ocrx_word' id='word_1_77' title='bbox 823 1254 880 1309; x_wconf 90' lang='lat' dir='ltr'><strong>et</strong></span> <span class='ocrx_word' id='word_1_78' title='bbox 914 1246 1114 1309; x_wconf 82' lang='lat' dir='ltr'><strong>iutura</strong></span> <span class='ocrx_word' id='word_1_79' title='bbox 1160 1255 1428 1321; x_wconf 89' lang='lat' dir='ltr'><strong>narrant,</strong></span> <span class='ocrx_word' id='word_1_80' title='bbox 1474 1257 1791 1329; x_wconf 88' lang='lat' dir='ltr'><strong>antequam</strong></span> <span class='ocrx_word' id='word_1_81' title='bbox 1853 1249 2145 1312; x_wconf 81' lang='lat' dir='ltr'><strong>vidissent</strong></span> 
     </span>
    </p>
   </div>
   <div class='ocr_carea' id='block_1_14' title="bbox 489 1335 2140 1418">
    <p class='ocr_par' dir='ltr' id='par_1_14' title="bbox 489 1335 2140 1418">
     <span class='ocr_line' id='line_1_14' title="bbox 489 1335 2140 1418; baseline 0.001 -20"><span class='ocrx_word' id='word_1_82' title='bbox 489 1353 642 1417; x_wconf 89' lang='lat' dir='ltr'><strong>opus</strong></span> <span class='ocrx_word' id='word_1_83' title='bbox 669 1335 913 1413; x_wconf 85' lang='lat' dir='ltr'><strong>aliquod</strong></span> <span class='ocrx_word' id='word_1_84' title='bbox 943 1336 1171 1412; x_wconf 85' lang='lat' dir='ltr'><strong>fusum,</strong></span> <span class='ocrx_word' id='word_1_85' title='bbox 1206 1336 1298 1399; x_wconf 86' lang='lat' dir='ltr'><strong>vel</strong></span> <span class='ocrx_word' id='word_1_86' title='bbox 1329 1338 1616 1418; x_wconf 88' lang='lat' dir='ltr'><strong>scriptum</strong></span> <span class='ocrx_word' id='word_1_87' title='bbox 1649 1338 1810 1400; x_wconf 88' lang='lat' dir='ltr'><strong>unde</strong></span> <span class='ocrx_word' id='word_1_88' title='bbox 1855 1338 1958 1400; x_wconf 89' lang='lat' dir='ltr'><strong>illa</strong></span> <span class='ocrx_word' id='word_1_89' title='bbox 1988 1339 2140 1400; x_wconf 88' lang='lat' dir='ltr'><strong>hau-</strong></span> 
     </span>
    </p>
   </div>
   <div class='ocr_carea' id='block_1_15' title="bbox 485 1423 2143 1508">
    <p class='ocr_par' dir='ltr' id='par_1_15' title="bbox 485 1423 2143 1508">
     <span class='ocr_line' id='line_1_15' title="bbox 485 1423 2143 1508; baseline 0 -19"><span class='ocrx_word' id='word_1_90' title='bbox 485 1424 616 1489; x_wconf 88' lang='lat' dir='ltr'><strong>rire</strong></span> <span class='ocrx_word' id='word_1_91' title='bbox 646 1434 918 1506; x_wconf 84' lang='lat' dir='ltr'><strong>possent.</strong></span> <span class='ocrx_word' id='word_1_92' title='bbox 954 1423 1074 1488; x_wconf 92' lang='lat' dir='ltr'><strong>Sed</strong></span> <span class='ocrx_word' id='word_1_93' title='bbox 1107 1443 1220 1488; x_wconf 89' lang='lat' dir='ltr'><strong>nec</strong></span> <span class='ocrx_word' id='word_1_94' title='bbox 1250 1426 1558 1506; x_wconf 88' lang='lat' dir='ltr'><strong>apostolus</strong></span> <span class='ocrx_word' id='word_1_95' title='bbox 1583 1445 1695 1489; x_wconf 88' lang='lat' dir='ltr'><strong>nec</strong></span> <span class='ocrx_word' id='word_1_96' title='bbox 1719 1428 2010 1508; x_wconf 88' lang='lat' dir='ltr'><strong>propheta</strong></span> <span class='ocrx_word' id='word_1_97' title='bbox 2031 1427 2143 1489; x_wconf 83' lang='lat' dir='ltr'><strong>fuit</strong></span> 
     </span>
    </p>
   </div>
   <div class='ocr_carea' id='block_1_16' title="bbox 486 1513 2140 1579">
    <p class='ocr_par' dir='ltr' id='par_1_16' title="bbox 486 1513 2140 1579">
     <span class='ocr_line' id='line_1_16' title="bbox 486 1513 2140 1579; baseline -0.001 -1"><span class='ocrx_word' id='word_1_98' title='bbox 486 1514 894 1579; x_wconf 86' lang='lat' dir='ltr'><strong>Muhammed.</strong></span> <span class='ocrx_word' id='word_1_99' title='bbox 931 1515 1082 1579; x_wconf 89' lang='lat' dir='ltr'><strong>Nam</strong></span> <span class='ocrx_word' id='word_1_100' title='bbox 1115 1533 1236 1576; x_wconf 90' lang='lat' dir='ltr'><strong>non</strong></span> <span class='ocrx_word' id='word_1_101' title='bbox 1269 1513 1446 1577; x_wconf 91' lang='lat' dir='ltr'><strong>nobis</strong></span> <span class='ocrx_word' id='word_1_102' title='bbox 1476 1523 1712 1578; x_wconf 86' lang='lat' dir='ltr'><strong>constat</strong></span> <span class='ocrx_word' id='word_1_103' title='bbox 1742 1517 1908 1578; x_wconf 87' lang='lat' dir='ltr'><strong>illum</strong></span> <span class='ocrx_word' id='word_1_104' title='bbox 1932 1535 2140 1578; x_wconf 89' lang='lat' dir='ltr'><strong>ascen-</strong></span> 
     </span>
    </p>
   </div>
   <div class='ocr_carea' id='block_1_17' title="bbox 489 1603 2139 1686">
    <p class='ocr_par' dir='ltr' id='par_1_17' title="bbox 489 1603 2139 1686">
     <span class='ocr_line' id='line_1_17' title="bbox 489 1603 2139 1686; baseline 0 -19"><span class='ocrx_word' id='word_1_105' title='bbox 489 1603 656 1667; x_wconf 87' lang='lat' dir='ltr'><strong>disse</strong></span> <span class='ocrx_word' id='word_1_106' title='bbox 677 1603 747 1665; x_wconf 86' lang='lat' dir='ltr'><strong>in</strong></span> <span class='ocrx_word' id='word_1_107' title='bbox 777 1604 961 1667; x_wconf 77' lang='lat' dir='ltr'><strong>ccelos</strong></span> <span class='ocrx_word' id='word_1_108' title='bbox 987 1603 1083 1665; x_wconf 90' lang='lat' dir='ltr'><strong>vel</strong></span> <span class='ocrx_word' id='word_1_109' title='bbox 1129 1603 1544 1668; x_wconf 88' lang='lat' dir='ltr'><strong>descendisse.</strong></span> <span class='ocrx_word' id='word_1_110' title='bbox 1580 1604 1844 1667; x_wconf 87' lang='lat' dir='ltr'><strong>Testaris</strong></span> <span class='ocrx_word' id='word_1_111' title='bbox 1893 1604 2139 1686; x_wconf 89' lang='lat' dir='ltr'><strong>quidem</strong></span> 
     </span>
    </p>
   </div>
   <div class='ocr_carea' id='block_1_18' title="bbox 489 1690 2143 1772">
    <p class='ocr_par' dir='ltr' id='par_1_18' title="bbox 489 1690 2143 1772">
     <span class='ocr_line' id='line_1_18' title="bbox 489 1690 2143 1772; baseline 0.001 -18"><span class='ocrx_word' id='word_1_112' title='bbox 489 1691 769 1772; x_wconf 83' lang='lat' dir='ltr'><strong>angelum</strong></span> <span class='ocrx_word' id='word_1_113' title='bbox 800 1694 910 1756; x_wconf 87' lang='lat' dir='ltr'><strong>Dei</strong></span> <span class='ocrx_word' id='word_1_114' title='bbox 936 1690 1174 1755; x_wconf 88' lang='lat' dir='ltr'><strong>venisse</strong></span> <span class='ocrx_word' id='word_1_115' title='bbox 1202 1693 1276 1754; x_wconf 90' lang='lat' dir='ltr'><strong>ad</strong></span> <span class='ocrx_word' id='word_1_116' title='bbox 1307 1693 1809 1772; x_wconf 86' lang='lat' dir='ltr'><strong>Muhammedem,</strong></span> <span class='ocrx_word' id='word_1_117' title='bbox 1844 1703 1904 1757; x_wconf 91' lang='lat' dir='ltr'><strong>et</strong></span> <span class='ocrx_word' id='word_1_118' title='bbox 1933 1697 2020 1757; x_wconf 92' lang='lat' dir='ltr'><strong>sic</strong></span> <span class='ocrx_word' id='word_1_119' title='bbox 2049 1713 2143 1756; x_wconf 87' lang='lat' dir='ltr'><strong>se-</strong></span> 
     </span>
    </p>
   </div>
   <div class='ocr_carea' id='block_1_19' title="bbox 2221 530 3789 613">
    <p class='ocr_par' dir='ltr' id='par_1_19' title="bbox 2221 530 3789 613">
     <span class='ocr_line' id='line_1_19' title="bbox 2221 530 3789 613; baseline 0.004 -25"><span class='ocrx_word' id='word_1_120' title='bbox 2221 530 2439 591; x_wconf 80' lang='grc' dir='ltr'>λοθικοὺ</span> <span class='ocrx_word' id='word_1_121' title='bbox 2482 538 2635 608; x_wconf 79' lang='grc' dir='ltr'>Θεοῦ,</span> <span class='ocrx_word' id='word_1_122' title='bbox 2682 537 2770 593; x_wconf 82' lang='grc' dir='ltr'>καὶ</span> <span class='ocrx_word' id='word_1_123' title='bbox 2830 535 3114 613; x_wconf 81' lang='grc' dir='ltr'>ἀθανάτου,</span> <span class='ocrx_word' id='word_1_124' title='bbox 3162 540 3207 594; x_wconf 80' lang='grc' dir='ltr'>εἰ</span> <span class='ocrx_word' id='word_1_125' title='bbox 3251 539 3326 613; x_wconf 67' lang='grc' dir='ltr'><strong>μὴ</strong></span> <span class='ocrx_word' id='word_1_126' title='bbox 3373 537 3543 612; x_wconf 81' lang='grc' dir='ltr'>ὄνομα</span> <span class='ocrx_word' id='word_1_127' title='bbox 3582 545 3709 611; x_wconf 75' lang='grc' dir='ltr'>Θεοῦ,</span> <span class='ocrx_word' id='word_1_128' title='bbox 3751 542 3789 594; x_wconf 67' lang='grc' dir='ltr'>ἂν</span> 
     </span>
    </p>
   </div>
   <div class='ocr_carea' id='block_1_20' title="bbox 2223 621 3790 708">
    <p class='ocr_par' dir='ltr' id='par_1_20' title="bbox 2223 621 3790 708">
     <span class='ocr_line' id='line_1_20' title="bbox 2223 621 3790 708; baseline 0.003 -31"><span class='ocrx_word' id='word_1_129' title='bbox 2223 624 2270 677; x_wconf 76' lang='grc' dir='ltr'>οἱ</span> <span class='ocrx_word' id='word_1_130' title='bbox 2301 621 2560 700; x_wconf 75' lang='grc' dir='ltr'>’Ἃῤῥαϐες</span> <span class='ocrx_word' id='word_1_131' title='bbox 2611 626 2714 702; x_wconf 78' lang='grc' dir='ltr'><strong>πρὸ</strong></span> <span class='ocrx_word' id='word_1_132' title='bbox 2768 635 2863 685; x_wconf 81' lang='grc' dir='ltr'>τοῦ</span> <span class='ocrx_word' id='word_1_133' title='bbox 2912 628 3213 705; x_wconf 80' lang='grc' dir='ltr'>Μουχᾶμετ</span> <span class='ocrx_word' id='word_1_134' title='bbox 3255 627 3591 708; x_wconf 77' lang='grc' dir='ltr'>ἐπίστευσαν,</span> <span class='ocrx_word' id='word_1_135' title='bbox 3618 629 3668 689; x_wconf 81' lang='grc' dir='ltr'>ὃς</span> <span class='ocrx_word' id='word_1_136' title='bbox 3691 632 3790 684; x_wconf 66' lang='grc' dir='ltr'>ἔστιν</span> 
     </span>
    </p>
   </div>
   <div class='ocr_carea' id='block_1_21' title="bbox 2225 709 3793 796">
    <p class='ocr_par' dir='ltr' id='par_1_21' title="bbox 2225 709 3793 796">
     <span class='ocr_line' id='line_1_21' title="bbox 2225 709 3793 796; baseline 0.004 -30"><span class='ocrx_word' id='word_1_137' title='bbox 2225 713 2253 766; x_wconf 98' lang='lat'><strong>6</strong></span> <span class='ocrx_word' id='word_1_138' title='bbox 2312 709 2584 790; x_wconf 70' lang='grc' dir='ltr'>ἑωσφόρος</span> <span class='ocrx_word' id='word_1_139' title='bbox 2647 713 2840 792; x_wconf 74' lang='grc' dir='ltr'>ἃστῆρ.</span> <span class='ocrx_word' id='word_1_140' title='bbox 2904 719 3012 774; x_wconf 82' lang='grc' dir='ltr'><strong>Οὐκ</strong></span> <span class='ocrx_word' id='word_1_141' title='bbox 3072 715 3224 796; x_wconf 81' lang='grc' dir='ltr'>ἔχεις</span> <span class='ocrx_word' id='word_1_142' title='bbox 3279 719 3586 796; x_wconf 71' lang='grc' dir='ltr'>προφήτην,</span> <span class='ocrx_word' id='word_1_143' title='bbox 3634 717 3700 773; x_wconf 80' lang='grc' dir='ltr'>ὅτι</span> <span class='ocrx_word' id='word_1_144' title='bbox 3730 719 3793 773; x_wconf 69' lang='grc' dir='ltr'><strong>οὐκ</strong></span> 
     </span>
    </p>
   </div>
   <div class='ocr_carea' id='block_1_22' title="bbox 2224 797 3789 885">
    <p class='ocr_par' dir='ltr' id='par_1_22' title="bbox 2224 797 3789 885">
     <span class='ocr_line' id='line_1_22' title="bbox 2224 797 3789 885; baseline 0.004 -29"><span class='ocrx_word' id='word_1_145' title='bbox 2224 797 2421 866; x_wconf 81' lang='grc' dir='ltr'>ἔδειξάς</span> <span class='ocrx_word' id='word_1_146' title='bbox 2468 825 2558 876; x_wconf 82' lang='grc' dir='ltr'>μοι</span> <span class='ocrx_word' id='word_1_147' title='bbox 2621 803 2749 882; x_wconf 81' lang='grc' dir='ltr'>περῖ</span> <span class='ocrx_word' id='word_1_148' title='bbox 2805 807 2906 872; x_wconf 79' lang='grc' dir='ltr'>τῆς</span> <span class='ocrx_word' id='word_1_149' title='bbox 2949 809 3278 885; x_wconf 70' lang='grc' dir='ltr'><strong>προφητείας</strong></span> <span class='ocrx_word' id='word_1_150' title='bbox 3312 810 3475 866; x_wconf 71' lang='grc' dir='ltr'>αὐτοῦ</span> <span class='ocrx_word' id='word_1_151' title='bbox 3500 815 3595 865; x_wconf 77' lang='grc' dir='ltr'><strong>ποῦ</strong></span> <span class='ocrx_word' id='word_1_152' title='bbox 3618 805 3789 884; x_wconf 58' lang='grc' dir='ltr'>ἐγράφη</span> 
     </span>
    </p>
   </div>
   <div class='ocr_carea' id='block_1_23' title="bbox 2223 889 3792 976">
    <p class='ocr_par' dir='ltr' id='par_1_23' title="bbox 2223 889 3792 976">
     <span class='ocr_line' id='line_1_23' title="bbox 2223 889 3792 976; baseline 0.005 -30"><span class='ocrx_word' id='word_1_153' title='bbox 2223 890 2400 953; x_wconf 85' lang='grc' dir='ltr'>καθὼς</span> <span class='ocrx_word' id='word_1_154' title='bbox 2445 889 2650 970; x_wconf 79' lang='grc' dir='ltr'>ἔχομεν</span> <span class='ocrx_word' id='word_1_155' title='bbox 2689 895 2851 968; x_wconf 66' lang='grc' dir='ltr'>ἡμεῖς</span> <span class='ocrx_word' id='word_1_156' title='bbox 2884 895 2978 958; x_wconf 86' lang='grc' dir='ltr'><strong>τάς</strong></span> <span class='ocrx_word' id='word_1_157' title='bbox 3009 897 3114 952; x_wconf 79' lang='grc' dir='ltr'><strong>τῶν</strong></span> <span class='ocrx_word' id='word_1_158' title='bbox 3164 900 3460 976; x_wconf 70' lang='grc' dir='ltr'>προφητῶν</span> <span class='ocrx_word' id='word_1_159' title='bbox 3512 897 3792 973; x_wconf 47' lang='lat' dir='ltr'><strong>«pecunias,</strong></span> 
     </span>
    </p>
   </div>
   <div class='ocr_carea' id='block_1_24' title="bbox 2223 978 3793 1064">
    <p class='ocr_par' dir='ltr' id='par_1_24' title="bbox 2223 978 3793 1064">
     <span class='ocr_line' id='line_1_24' title="bbox 2223 978 3793 1064; baseline 0.004 -30"><span class='ocrx_word' id='word_1_160' title='bbox 2223 978 2280 1034; x_wconf 79' lang='grc' dir='ltr'>ἐν</span> <span class='ocrx_word' id='word_1_161' title='bbox 2324 981 2417 1045; x_wconf 79' lang='grc' dir='ltr'>α’ίς</span> <span class='ocrx_word' id='word_1_162' title='bbox 2448 986 2610 1038; x_wconf 82' lang='grc' dir='ltr'>εἷπον</span> <span class='ocrx_word' id='word_1_163' title='bbox 2660 985 2779 1061; x_wconf 84' lang='grc' dir='ltr'>περὶ</span> <span class='ocrx_word' id='word_1_164' title='bbox 2823 989 2929 1041; x_wconf 82' lang='grc' dir='ltr'><strong>τῶν</strong></span> <span class='ocrx_word' id='word_1_165' title='bbox 2985 985 3420 1064; x_wconf 75' lang='grc' dir='ltr'><strong>προγεγονότων,</strong></span> <span class='ocrx_word' id='word_1_166' title='bbox 3466 985 3675 1042; x_wconf 74' lang='grc' dir='ltr'>καὶτῶν</span> <span class='ocrx_word' id='word_1_167' title='bbox 3708 983 3793 1058; x_wconf 71' lang='lat' dir='ltr'><strong>ud-</strong></span> 
     </span>
    </p>
   </div>
   <div class='ocr_carea' id='block_1_25' title="bbox 2224 1066 3791 1154">
    <p class='ocr_par' dir='ltr' id='par_1_25' title="bbox 2224 1066 3791 1154">
     <span class='ocr_line' id='line_1_25' title="bbox 2224 1066 3791 1154; baseline 0.003 -30"><span class='ocrx_word' id='word_1_168' title='bbox 2224 1066 2429 1125; x_wconf 88' lang='grc' dir='ltr'>λόντων</span> <span class='ocrx_word' id='word_1_169' title='bbox 2470 1073 2574 1148; x_wconf 82' lang='grc' dir='ltr'>πρὸ</span> <span class='ocrx_word' id='word_1_170' title='bbox 2617 1079 2710 1129; x_wconf 85' lang='grc' dir='ltr'>τοῦ</span> <span class='ocrx_word' id='word_1_171' title='bbox 2760 1071 2896 1130; x_wconf 82' lang='grc' dir='ltr'>ἰδεῖν</span> <span class='ocrx_word' id='word_1_172' title='bbox 2938 1073 3252 1154; x_wconf 72' lang='grc' dir='ltr'>χρυσοχόου</span> <span class='ocrx_word' id='word_1_173' title='bbox 3288 1075 3473 1152; x_wconf 75' lang='grc' dir='ltr'>ἔργον,</span> <span class='ocrx_word' id='word_1_174' title='bbox 3510 1073 3544 1141; x_wconf 76' lang='grc' dir='ltr'><strong>ἢ</strong></span> <span class='ocrx_word' id='word_1_175' title='bbox 3597 1096 3791 1149; x_wconf 69' lang='grc' dir='ltr'>γραμμτο</span> 
     </span>
    </p>
   </div>
   <div class='ocr_carea' id='block_1_26' title="bbox 2225 1156 3789 1241">
    <p class='ocr_par' dir='ltr' id='par_1_26' title="bbox 2225 1156 3789 1241">
     <span class='ocr_line' id='line_1_26' title="bbox 2225 1156 3789 1241; baseline 0.003 -27"><span class='ocrx_word' id='word_1_176' title='bbox 2225 1158 2395 1220; x_wconf 82' lang='grc' dir='ltr'>τικόν,</span> <span class='ocrx_word' id='word_1_177' title='bbox 2450 1156 2603 1216; x_wconf 82' lang='grc' dir='ltr'>Ἀλλ’</span> <span class='ocrx_word' id='word_1_178' title='bbox 2652 1159 2770 1219; x_wconf 75' lang='grc' dir='ltr'>οὐδὲ</span> <span class='ocrx_word' id='word_1_179' title='bbox 2813 1162 3115 1225; x_wconf 80' lang='grc' dir='ltr'>ἀπόστολος</span> <span class='ocrx_word' id='word_1_180' title='bbox 3175 1165 3267 1238; x_wconf 80' lang='grc' dir='ltr'>ἦν,</span> <span class='ocrx_word' id='word_1_181' title='bbox 3322 1163 3448 1220; x_wconf 79' lang='grc' dir='ltr'>οὔτε</span> <span class='ocrx_word' id='word_1_182' title='bbox 3499 1163 3789 1241; x_wconf 65' lang='grc' dir='ltr'>προφήτηςὸ</span> 
     </span>
    </p>
   </div>
   <div class='ocr_carea' id='block_1_27' title="bbox 2224 1249 3788 1329">
    <p class='ocr_par' dir='ltr' id='par_1_27' title="bbox 2224 1249 3788 1329">
     <span class='ocr_line' id='line_1_27' title="bbox 2224 1249 3788 1329; baseline 0.001 -25"><span class='ocrx_word' id='word_1_183' title='bbox 2224 1249 2547 1328; x_wconf 68' lang='grc' dir='ltr'>Μουχάιλετ,</span> <span class='ocrx_word' id='word_1_184' title='bbox 2604 1250 2686 1308; x_wconf 78' lang='grc' dir='ltr'>ὅτι</span> <span class='ocrx_word' id='word_1_185' title='bbox 2730 1255 2825 1310; x_wconf 74' lang='grc' dir='ltr'><strong>οὐκ</strong></span> <span class='ocrx_word' id='word_1_186' title='bbox 2880 1252 3102 1329; x_wconf 79' lang='grc' dir='ltr'>οἴδαμεν</span> <span class='ocrx_word' id='word_1_187' title='bbox 3129 1255 3288 1311; x_wconf 70' lang='grc' dir='ltr'>αὐτὸν</span> <span class='ocrx_word' id='word_1_188' title='bbox 3316 1250 3584 1310; x_wconf 75' lang='grc' dir='ltr'>ἀναϐάντα</span> <span class='ocrx_word' id='word_1_189' title='bbox 3609 1254 3672 1313; x_wconf 80' lang='grc' dir='ltr'><strong>εἰς</strong></span> <span class='ocrx_word' id='word_1_190' title='bbox 3705 1251 3788 1313; x_wconf 69' lang='grc' dir='ltr'>τὼς</span> 
     </span>
    </p>
   </div>
   <div class='ocr_carea' id='block_1_28' title="bbox 2225 1340 3788 1421">
    <p class='ocr_par' dir='ltr' id='par_1_28' title="bbox 2225 1340 3788 1421">
     <span class='ocr_line' id='line_1_28' title="bbox 2225 1340 3788 1421; baseline 0.004 -27"><span class='ocrx_word' id='word_1_191' title='bbox 2225 1340 2499 1415; x_wconf 75' lang='grc' dir='ltr'>οὐρανοὺς,</span> <span class='ocrx_word' id='word_1_192' title='bbox 2547 1340 2582 1409; x_wconf 75' lang='grc' dir='ltr'>ἢ</span> <span class='ocrx_word' id='word_1_193' title='bbox 2618 1340 2948 1406; x_wconf 69' lang='grc' dir='ltr'>καταϐάντα,</span> <span class='ocrx_word' id='word_1_194' title='bbox 2995 1350 3438 1421; x_wconf 72' lang='grc' dir='ltr'>Συμμαρτυρεϊς,</span> <span class='ocrx_word' id='word_1_195' title='bbox 3489 1341 3566 1397; x_wconf 81' lang='grc' dir='ltr'><strong>ότι</strong></span> <span class='ocrx_word' id='word_1_196' title='bbox 3620 1340 3788 1418; x_wconf 63' lang='grc' dir='ltr'>ἄπελθε</span> 
     </span>
    </p>
   </div>
   <div class='ocr_carea' id='block_1_29' title="bbox 2229 1427 3786 1511">
    <p class='ocr_par' dir='ltr' id='par_1_29' title="bbox 2229 1427 3786 1511">
     <span class='ocr_line' id='line_1_29' title="bbox 2229 1427 3786 1511; baseline -0.001 -27"><span class='ocrx_word' id='word_1_197' title='bbox 2229 1427 2416 1505; x_wconf 83' lang='grc' dir='ltr'>Κυρίου</span> <span class='ocrx_word' id='word_1_198' title='bbox 2482 1428 2701 1510; x_wconf 79' lang='grc' dir='ltr'>ἔρχεται</span> <span class='ocrx_word' id='word_1_199' title='bbox 2760 1434 2835 1496; x_wconf 83' lang='grc' dir='ltr'><strong>εἰς</strong></span> <span class='ocrx_word' id='word_1_200' title='bbox 2899 1433 2989 1488; x_wconf 87' lang='grc' dir='ltr'><strong>τόν</strong></span> <span class='ocrx_word' id='word_1_201' title='bbox 3051 1427 3374 1511; x_wconf 64' lang='grc' dir='ltr'>Μουχάιίετ.</span> <span class='ocrx_word' id='word_1_202' title='bbox 3433 1431 3530 1489; x_wconf 74' lang='grc' dir='ltr'>Καὶ</span> <span class='ocrx_word' id='word_1_203' title='bbox 3579 1429 3786 1485; x_wconf 73' lang='grc' dir='ltr'>λοιπὸνὸ</span> 
     </span>
    </p>
   </div>
   <div class='ocr_carea' id='block_1_30' title="bbox 2221 1513 3787 1600">
    <p class='ocr_par' dir='ltr' id='par_1_30' title="bbox 2221 1513 3787 1600">
     <span class='ocr_line' id='line_1_30' title="bbox 2221 1513 3787 1600; baseline -0.003 -24"><span class='ocrx_word' id='word_1_204' title='bbox 2221 1513 2451 1593; x_wconf 72' lang='grc' dir='ltr'>ἅγγελος</span> <span class='ocrx_word' id='word_1_205' title='bbox 2481 1521 2628 1576; x_wconf 70' lang='grc' dir='ltr'>ἔστιν</span> <span class='ocrx_word' id='word_1_206' title='bbox 2655 1520 2980 1596; x_wconf 82' lang='grc' dir='ltr'>ἀπόστολος,</span> <span class='ocrx_word' id='word_1_207' title='bbox 3018 1524 3107 1578; x_wconf 78' lang='grc' dir='ltr'><strong>καὶ</strong></span> <span class='ocrx_word' id='word_1_208' title='bbox 3138 1525 3163 1578; x_wconf 73' lang='grc' dir='ltr'>ὃ</span> <span class='ocrx_word' id='word_1_209' title='bbox 3200 1521 3499 1600; x_wconf 73' lang='grc' dir='ltr'>Μουχάμετ</span> <span class='ocrx_word' id='word_1_210' title='bbox 3527 1517 3678 1582; x_wconf 70' lang='grc' dir='ltr'>οὐδὲν,</span> <span class='ocrx_word' id='word_1_211' title='bbox 3701 1517 3787 1575; x_wconf 62' lang='grc' dir='ltr'><strong>ὥῖέ</strong></span> 
     </span>
    </p>
   </div>
   <div class='ocr_carea' id='block_1_31' title="bbox 2223 1607 3788 1683">
    <p class='ocr_par' dir='ltr' id='par_1_31' title="bbox 2223 1607 3788 1683">
     <span class='ocr_line' id='line_1_31' title="bbox 2223 1607 3788 1683; baseline 0.002 -24"><span class='ocrx_word' id='word_1_212' title='bbox 2223 1618 2432 1679; x_wconf 81' lang='grc' dir='ltr'>σημεῖα</span> <span class='ocrx_word' id='word_1_213' title='bbox 2480 1610 2568 1664; x_wconf 81' lang='grc' dir='ltr'>καὶ</span> <span class='ocrx_word' id='word_1_214' title='bbox 2619 1609 2816 1683; x_wconf 83' lang='grc' dir='ltr'>τέρατα</span> <span class='ocrx_word' id='word_1_215' title='bbox 2850 1609 3035 1668; x_wconf 75' lang='grc' dir='ltr'>οἴδατε</span> <span class='ocrx_word' id='word_1_216' title='bbox 3081 1609 3134 1676; x_wconf 77' lang='grc' dir='ltr'><strong>ἐξ</strong></span> <span class='ocrx_word' id='word_1_217' title='bbox 3167 1612 3348 1673; x_wconf 66' lang='grc' dir='ltr'>αὑτοῦ,</span> <span class='ocrx_word' id='word_1_218' title='bbox 3384 1610 3508 1667; x_wconf 80' lang='grc' dir='ltr'>’Ὁτι</span> <span class='ocrx_word' id='word_1_219' title='bbox 3535 1607 3664 1664; x_wconf 69' lang='grc' dir='ltr'>οὐδὲν</span> <span class='ocrx_word' id='word_1_220' title='bbox 3685 1611 3788 1683; x_wconf 62' lang='grc' dir='ltr'>εὖρον</span> 
     </span>
    </p>
   </div>
   <div class='ocr_carea' id='block_1_32' title="bbox 2223 1695 3732 1775">
    <p class='ocr_par' dir='ltr' id='par_1_32' title="bbox 2223 1695 3732 1775">
     <span class='ocr_line' id='line_1_32' title="bbox 2223 1695 3732 1775; baseline 0.001 -25"><span class='ocrx_word' id='word_1_221' title='bbox 2223 1695 2383 1751; x_wconf 73' lang='grc' dir='ltr'>αὖτὸν</span> <span class='ocrx_word' id='word_1_222' title='bbox 2413 1699 2586 1774; x_wconf 87' lang='grc' dir='ltr'>Λόγον</span> <span class='ocrx_word' id='word_1_223' title='bbox 2618 1707 2773 1774; x_wconf 81' lang='grc' dir='ltr'>Θεοῦ,</span> <span class='ocrx_word' id='word_1_224' title='bbox 2809 1702 2853 1756; x_wconf 81' lang='grc' dir='ltr'><strong>εἰ</strong></span> <span class='ocrx_word' id='word_1_225' title='bbox 2883 1701 2961 1774; x_wconf 80' lang='grc' dir='ltr'><strong>μὴ</strong></span> <span class='ocrx_word' id='word_1_226' title='bbox 2993 1698 3209 1757; x_wconf 84' lang='grc' dir='ltr'>πλαστά</span> <span class='ocrx_word' id='word_1_227' title='bbox 3236 1700 3326 1755; x_wconf 79' lang='grc' dir='ltr'>καὶ</span> <span class='ocrx_word' id='word_1_228' title='bbox 3357 1696 3564 1775; x_wconf 78' lang='grc' dir='ltr'>βέὅηλα</span> <span class='ocrx_word' id='word_1_229' title='bbox 3591 1695 3732 1772; x_wconf 75' lang='grc' dir='ltr'>λόγια.</span> 
     </span>
    </p>
   </div>
   <div class='ocr_carea' id='block_1_33' title="bbox 494 1781 3788 1868">
    <p class='ocr_par' dir='ltr' id='par_1_33' title="bbox 494 1781 3788 1868">
     <span class='ocr_line' id='line_1_33' title="bbox 494 1781 3788 1868; baseline -0 -25"><span class='ocrx_word' id='word_1_230' title='bbox 494 1791 786 1863; x_wconf 87' lang='lat' dir='ltr'><strong>queretur</strong></span> <span class='ocrx_word' id='word_1_231' title='bbox 815 1781 1095 1860; x_wconf 91' lang='lat' dir='ltr'><strong>angelum</strong></span> <span class='ocrx_word' id='word_1_232' title='bbox 1127 1781 1310 1843; x_wconf 80' lang='lat' dir='ltr'><strong>fuisse</strong></span> <span class='ocrx_word' id='word_1_233' title='bbox 1333 1783 1691 1864; x_wconf 90' lang='lat' dir='ltr'><strong>apostolum,</strong></span> <span class='ocrx_word' id='word_1_234' title='bbox 1723 1803 1844 1846; x_wconf 90' lang='lat' dir='ltr'><strong>non</strong></span> <span class='ocrx_word' id='word_1_235' title='bbox 1879 1803 2015 1846; x_wconf 88' lang='lat' dir='ltr'><strong>vero</strong></span> <span class='ocrx_word' id='word_1_236' title='bbox 2046 1783 2531 1847; x_wconf 86' lang='lat' dir='ltr'><strong>Muhammedem</strong></span> <span class='ocrx_word' id='word_1_237' title='bbox 2584 1786 2807 1868; x_wconf 90' lang='lat' dir='ltr'><strong>ipsum.</strong></span> <span class='ocrx_word' id='word_1_238' title='bbox 2842 1787 2965 1850; x_wconf 89' lang='lat' dir='ltr'><strong>Nec</strong></span> <span class='ocrx_word' id='word_1_239' title='bbox 2995 1789 3163 1867; x_wconf 87' lang='lat' dir='ltr'><strong>signa</strong></span> <span class='ocrx_word' id='word_1_240' title='bbox 3195 1805 3308 1849; x_wconf 93' lang='lat' dir='ltr'><strong>nec</strong></span> <span class='ocrx_word' id='word_1_241' title='bbox 3343 1784 3622 1848; x_wconf 85' lang='lat' dir='ltr'><strong>miracula</strong></span> <span class='ocrx_word' id='word_1_242' title='bbox 3644 1783 3788 1845; x_wconf 85' lang='lat' dir='ltr'><strong>abillo</strong></span> 
     </span>
    </p>
   </div>
   <div class='ocr_carea' id='block_1_34' title="bbox 495 1869 3787 1958">
    <p class='ocr_par' dir='ltr' id='par_1_34' title="bbox 495 1869 3787 1958">
     <span class='ocr_line' id='line_1_34' title="bbox 495 1869 3787 1958; baseline -0 -25"><span class='ocrx_word' id='word_1_243' title='bbox 495 1877 728 1951; x_wconf 86' lang='lat' dir='ltr'><strong>patrata</strong></span> <span class='ocrx_word' id='word_1_244' title='bbox 759 1871 1006 1951; x_wconf 86' lang='lat' dir='ltr'><strong>potestis</strong></span> <span class='ocrx_word' id='word_1_245' title='bbox 1033 1870 1302 1952; x_wconf 87' lang='lat' dir='ltr'><strong>proferre</strong></span> <span class='ocrx_word' id='word_1_246' title='bbox 1332 1889 1407 1933; x_wconf 80' lang='lat' dir='ltr'><strong>ex</strong></span> <span class='ocrx_word' id='word_1_247' title='bbox 1437 1872 1569 1952; x_wconf 85' lang='lat' dir='ltr'><strong>ipso</strong></span> <span class='ocrx_word' id='word_1_248' title='bbox 1597 1876 1860 1940; x_wconf 90' lang='lat' dir='ltr'><strong>Corano.</strong></span> <span class='ocrx_word' id='word_1_249' title='bbox 1889 1873 1961 1935; x_wconf 90' lang='lat' dir='ltr'><strong>Et</strong></span> <span class='ocrx_word' id='word_1_250' title='bbox 1992 1873 2144 1935; x_wconf 88' lang='lat' dir='ltr'><strong>nihil</strong></span> <span class='ocrx_word' id='word_1_251' title='bbox 2177 1872 2238 1933; x_wconf 93' lang='lat' dir='ltr'><strong>in</strong></span> <span class='ocrx_word' id='word_1_252' title='bbox 2277 1871 2381 1934; x_wconf 92' lang='lat' dir='ltr'><strong>illo</strong></span> <span class='ocrx_word' id='word_1_253' title='bbox 2415 1869 2642 1955; x_wconf 88' lang='lat' dir='ltr'><strong>inveni,</strong></span> <span class='ocrx_word' id='word_1_254' title='bbox 2684 1878 2846 1958; x_wconf 91' lang='lat' dir='ltr'><strong>quod</strong></span> <span class='ocrx_word' id='word_1_255' title='bbox 2875 1877 3178 1940; x_wconf 88' lang='lat' dir='ltr'><strong>redoleret</strong></span> <span class='ocrx_word' id='word_1_256' title='bbox 3213 1885 3272 1939; x_wconf 91' lang='lat' dir='ltr'><strong>et</strong></span> <span class='ocrx_word' id='word_1_257' title='bbox 3323 1874 3575 1958; x_wconf 88' lang='lat' dir='ltr'><strong>spiraret</strong></span> <span class='ocrx_word' id='word_1_258' title='bbox 3597 1871 3787 1936; x_wconf 77' lang='lat' dir='ltr'><strong>Verbum</strong></span> 
     </span>
    </p>
   </div>
   <div class='ocr_carea' id='block_1_35' title="bbox 493 1959 2354 2043">
    <p class='ocr_par' dir='ltr' id='par_1_35' title="bbox 493 1959 2354 2043">
     <span class='ocr_line' id='line_1_35' title="bbox 493 1959 2354 2043; baseline 0.002 -20"><span class='ocrx_word' id='word_1_259' title='bbox 493 1959 643 2036; x_wconf 87' lang='lat' dir='ltr'><strong>Dei;</strong></span> <span class='ocrx_word' id='word_1_260' title='bbox 671 1961 779 2023; x_wconf 89' lang='lat' dir='ltr'><strong>sed</strong></span> <span class='ocrx_word' id='word_1_261' title='bbox 809 1967 1038 2022; x_wconf 88' lang='lat' dir='ltr'><strong>tantum</strong></span> <span class='ocrx_word' id='word_1_262' title='bbox 1079 1960 1364 2039; x_wconf 83' lang='lat' dir='ltr'><strong>ﬁgmenta</strong></span> <span class='ocrx_word' id='word_1_263' title='bbox 1387 1969 1449 2024; x_wconf 91' lang='lat' dir='ltr'><strong>et</strong></span> <span class='ocrx_word' id='word_1_264' title='bbox 1483 1962 1764 2043; x_wconf 80' lang='lat' dir='ltr'><strong>profanas</strong></span> <span class='ocrx_word' id='word_1_265' title='bbox 1792 1959 2354 2026; x_wconf 90' lang='lat' dir='ltr'><strong>sermocinationes.</strong></span> 
     </span>
    </p>
   </div>
   <div class='ocr_carea' id='block_1_36' title="bbox 571 2046 2145 2133">
    <p class='ocr_par' dir='ltr' id='par_1_36' title="bbox 571 2046 2139 2131">
     <span class='ocr_line' id='line_1_36' title="bbox 571 2046 2139 2131; baseline 0.001 -21"><span class='ocrx_word' id='word_1_266' title='bbox 571 2046 667 2131; x_wconf 83' lang='lat' dir='ltr'><strong>Et,</strong></span> <span class='ocrx_word' id='word_1_267' title='bbox 701 2067 928 2129; x_wconf 72' lang='lat' dir='ltr'><strong>qumso,</strong></span> <span class='ocrx_word' id='word_1_268' title='bbox 961 2048 1058 2111; x_wconf 90' lang='lat' dir='ltr'><strong>dic</strong></span> <span class='ocrx_word' id='word_1_269' title='bbox 1089 2048 1236 2112; x_wconf 89' lang='lat' dir='ltr'><strong>mihi</strong></span> <span class='ocrx_word' id='word_1_270' title='bbox 1257 2050 1559 2130; x_wconf 84' lang='lat' dir='ltr'><strong>quomodo</strong></span> <span class='ocrx_word' id='word_1_271' title='bbox 1582 2051 1848 2114; x_wconf 86' lang='lat' dir='ltr'><strong>Verbum</strong></span> <span class='ocrx_word' id='word_1_272' title='bbox 1875 2052 1978 2114; x_wconf 90' lang='lat' dir='ltr'><strong>Dei</strong></span> <span class='ocrx_word' id='word_1_273' title='bbox 2001 2051 2139 2113; x_wconf 89' lang='lat' dir='ltr'><strong>uni-</strong></span> 
     </span>
    </p>
   </div>
   <div class='ocr_carea' id='block_1_37' title="bbox 2228 2046 3786 2133">
    <p class='ocr_par' dir='ltr' id='par_1_37' title="bbox 2308 2054 3786 2133">
     <span class='ocr_line' id='line_1_37' title="bbox 2308 2054 3786 2133; baseline 0.007 -23"><span class='ocrx_word' id='word_1_274' title='bbox 2308 2054 2404 2110; x_wconf 84' lang='grc' dir='ltr'>Καὶ</span> <span class='ocrx_word' id='word_1_275' title='bbox 2433 2055 2574 2128; x_wconf 81' lang='grc' dir='ltr'>πῶς,</span> <span class='ocrx_word' id='word_1_276' title='bbox 2622 2056 2748 2114; x_wconf 77' lang='grc' dir='ltr'>εἶπέ</span> <span class='ocrx_word' id='word_1_277' title='bbox 2782 2079 2896 2132; x_wconf 85' lang='grc' dir='ltr'>μοι,</span> <span class='ocrx_word' id='word_1_278' title='bbox 2954 2059 2982 2113; x_wconf 80' lang='lat'><strong>6</strong></span> <span class='ocrx_word' id='word_1_279' title='bbox 3038 2064 3136 2114; x_wconf 77' lang='grc' dir='ltr'>τοῦ</span> <span class='ocrx_word' id='word_1_280' title='bbox 3186 2057 3320 2114; x_wconf 76' lang='grc' dir='ltr'>Θεοῦ</span> <span class='ocrx_word' id='word_1_281' title='bbox 3352 2057 3522 2133; x_wconf 86' lang='grc' dir='ltr'>Λόγος</span> <span class='ocrx_word' id='word_1_282' title='bbox 3563 2055 3712 2122; x_wconf 67' lang='grc' dir='ltr'><strong>ἧνῶθνι</strong></span> <span class='ocrx_word' id='word_1_283' title='bbox 3739 2059 3786 2123; x_wconf 59' lang='grc' dir='ltr'>τέ</span> 
     </span>
    </p>
   </div>
   <div class='ocr_carea' id='block_1_38' title="bbox 493 2137 2145 2216">
    <p class='ocr_par' dir='ltr' id='par_1_38' title="bbox 493 2137 2145 2216">
     <span class='ocr_line' id='line_1_38' title="bbox 493 2137 2145 2216; baseline 0 -15"><span class='ocrx_word' id='word_1_284' title='bbox 493 2145 623 2201; x_wconf 90' lang='lat' dir='ltr'><strong>tum</strong></span> <span class='ocrx_word' id='word_1_285' title='bbox 654 2146 816 2201; x_wconf 83' lang='lat' dir='ltr'><strong>esset</strong></span> <span class='ocrx_word' id='word_1_286' title='bbox 843 2139 1024 2214; x_wconf 91' lang='lat' dir='ltr'><strong>libro,</strong></span> <span class='ocrx_word' id='word_1_287' title='bbox 1058 2156 1166 2200; x_wconf 86' lang='lat' dir='ltr'><strong>seu</strong></span> <span class='ocrx_word' id='word_1_288' title='bbox 1197 2137 1427 2204; x_wconf 89' lang='lat' dir='ltr'><strong>Corano</strong></span> <span class='ocrx_word' id='word_1_289' title='bbox 1453 2148 1575 2215; x_wconf 91' lang='lat' dir='ltr'><strong>tuo,</strong></span> <span class='ocrx_word' id='word_1_290' title='bbox 1610 2151 1715 2202; x_wconf 90' lang='lat' dir='ltr'><strong>aut</strong></span> <span class='ocrx_word' id='word_1_291' title='bbox 1743 2141 2054 2216; x_wconf 88' lang='lat' dir='ltr'><strong>volumini,</strong></span> <span class='ocrx_word' id='word_1_292' title='bbox 2087 2147 2145 2201; x_wconf 90' lang='lat' dir='ltr'><strong>et</strong></span> 
     </span>
    </p>
   </div>
   <div class='ocr_carea' id='block_1_39' title="bbox 496 2225 2140 2308">
    <p class='ocr_par' dir='ltr' id='par_1_39' title="bbox 496 2225 2140 2308">
     <span class='ocr_line' id='line_1_39' title="bbox 496 2225 2140 2308; baseline -0.001 -17"><span class='ocrx_word' id='word_1_293' title='bbox 496 2229 766 2292; x_wconf 89' lang='lat' dir='ltr'><strong>Coranus</strong></span> <span class='ocrx_word' id='word_1_294' title='bbox 788 2234 926 2290; x_wconf 89' lang='lat' dir='ltr'><strong>tuus</strong></span> <span class='ocrx_word' id='word_1_295' title='bbox 948 2225 1232 2290; x_wconf 86' lang='lat' dir='ltr'><strong>evaderet</strong></span> <span class='ocrx_word' id='word_1_296' title='bbox 1260 2225 1527 2291; x_wconf 84' lang='lat' dir='ltr'><strong>Verbum</strong></span> <span class='ocrx_word' id='word_1_297' title='bbox 1557 2229 1674 2308; x_wconf 89' lang='lat' dir='ltr'><strong>ipsi</strong></span> <span class='ocrx_word' id='word_1_298' title='bbox 1705 2231 1828 2292; x_wconf 93' lang='lat' dir='ltr'><strong>Deo</strong></span> <span class='ocrx_word' id='word_1_299' title='bbox 1856 2248 2140 2292; x_wconf 70' lang='lat' dir='ltr'><strong>comvum.</strong></span> 
     </span>
    </p>
   </div>
   <div class='ocr_carea' id='block_1_40' title="bbox 494 2316 2143 2401">
    <p class='ocr_par' dir='ltr' id='par_1_40' title="bbox 494 2316 2143 2401">
     <span class='ocr_line' id='line_1_40' title="bbox 494 2316 2143 2401; baseline 0.001 -21"><span class='ocrx_word' id='word_1_300' title='bbox 494 2316 566 2380; x_wconf 92' lang='lat' dir='ltr'><strong>In</strong></span> <span class='ocrx_word' id='word_1_301' title='bbox 598 2317 796 2398; x_wconf 88' lang='lat' dir='ltr'><strong>platea</strong></span> <span class='ocrx_word' id='word_1_302' title='bbox 821 2316 1045 2379; x_wconf 75' lang='lat' dir='ltr'><strong>oﬂ’endi</strong></span> <span class='ocrx_word' id='word_1_303' title='bbox 1082 2333 1300 2398; x_wconf 87' lang='lat' dir='ltr'><strong>pueros</strong></span> <span class='ocrx_word' id='word_1_304' title='bbox 1329 2335 1517 2398; x_wconf 91' lang='lat' dir='ltr'><strong>quam</strong></span> <span class='ocrx_word' id='word_1_305' title='bbox 1550 2319 1862 2399; x_wconf 86' lang='lat' dir='ltr'><strong>plurimos,</strong></span> <span class='ocrx_word' id='word_1_306' title='bbox 1895 2319 1998 2401; x_wconf 94' lang='lat' dir='ltr'><strong>qui</strong></span> <span class='ocrx_word' id='word_1_307' title='bbox 2027 2318 2143 2381; x_wconf 88' lang='lat' dir='ltr'><strong>Co-</strong></span> 
     </span>
    </p>
   </div>
   <div class='ocr_carea' id='block_1_41' title="bbox 494 2405 2143 2489">
    <p class='ocr_par' dir='ltr' id='par_1_41' title="bbox 494 2405 2143 2489">
     <span class='ocr_line' id='line_1_41' title="bbox 494 2405 2143 2489; baseline 0 -19"><span class='ocrx_word' id='word_1_308' title='bbox 494 2424 714 2470; x_wconf 88' lang='lat' dir='ltr'><strong>ranum</strong></span> <span class='ocrx_word' id='word_1_309' title='bbox 763 2405 1101 2486; x_wconf 82' lang='lat' dir='ltr'><strong>gestabant,</strong></span> <span class='ocrx_word' id='word_1_310' title='bbox 1145 2414 1206 2469; x_wconf 91' lang='lat' dir='ltr'><strong>et</strong></span> <span class='ocrx_word' id='word_1_311' title='bbox 1255 2425 1390 2470; x_wconf 92' lang='lat' dir='ltr'><strong>cum</strong></span> <span class='ocrx_word' id='word_1_312' title='bbox 1441 2407 1658 2489; x_wconf 85' lang='lat' dir='ltr'><strong>aliquis</strong></span> <span class='ocrx_word' id='word_1_313' title='bbox 1701 2427 1906 2471; x_wconf 90' lang='lat' dir='ltr'><strong>eorum</strong></span> <span class='ocrx_word' id='word_1_314' title='bbox 1940 2407 2143 2489; x_wconf 87' lang='lat' dir='ltr'><strong>priva-</strong></span> 
     </span>
    </p>
   </div>
   <div class='ocr_carea' id='block_1_42' title="bbox 495 2495 2146 2576">
    <p class='ocr_par' dir='ltr' id='par_1_42' title="bbox 495 2495 2146 2576">
     <span class='ocr_line' id='line_1_42' title="bbox 495 2495 2146 2576; baseline -0.001 -17"><span class='ocrx_word' id='word_1_315' title='bbox 495 2497 608 2559; x_wconf 83' lang='lat' dir='ltr'><strong>tim</strong></span> <span class='ocrx_word' id='word_1_316' title='bbox 642 2495 877 2559; x_wconf 87' lang='lat' dir='ltr'><strong>volebat</strong></span> <span class='ocrx_word' id='word_1_317' title='bbox 925 2495 1221 2559; x_wconf 86' lang='lat' dir='ltr'><strong>secedere</strong></span> <span class='ocrx_word' id='word_1_318' title='bbox 1264 2505 1507 2576; x_wconf 88' lang='lat' dir='ltr'><strong>propter</strong></span> <span class='ocrx_word' id='word_1_319' title='bbox 1550 2498 1994 2574; x_wconf 79' lang='lat' dir='ltr'><strong>necessitatem,</strong></span> <span class='ocrx_word' id='word_1_320' title='bbox 2028 2497 2146 2561; x_wconf 92' lang='lat' dir='ltr'><strong>Co-</strong></span> 
     </span>
    </p>
   </div>
   <div class='ocr_carea' id='block_1_43' title="bbox 493 2583 2146 2668">
    <p class='ocr_par' dir='ltr' id='par_1_43' title="bbox 493 2583 2146 2668">
     <span class='ocr_line' id='line_1_43' title="bbox 493 2583 2146 2668; baseline 0 -20"><span class='ocrx_word' id='word_1_321' title='bbox 493 2603 712 2650; x_wconf 88' lang='lat' dir='ltr'><strong>ranum</strong></span> <span class='ocrx_word' id='word_1_322' title='bbox 737 2585 908 2664; x_wconf 81' lang='lat' dir='ltr'><strong>juxta</strong></span> <span class='ocrx_word' id='word_1_323' title='bbox 955 2603 1021 2646; x_wconf 92' lang='lat' dir='ltr'><strong>se</strong></span> <span class='ocrx_word' id='word_1_324' title='bbox 1069 2583 1426 2662; x_wconf 88' lang='lat' dir='ltr'><strong>collocabat,</strong></span> <span class='ocrx_word' id='word_1_325' title='bbox 1482 2594 1541 2648; x_wconf 94' lang='lat' dir='ltr'><strong>et</strong></span> <span class='ocrx_word' id='word_1_326' title='bbox 1581 2586 1854 2652; x_wconf 90' lang='lat' dir='ltr'><strong>sedebat.</strong></span> <span class='ocrx_word' id='word_1_327' title='bbox 1905 2586 2146 2668; x_wconf 84' lang='lat' dir='ltr'><strong>Alioqui</strong></span> 
     </span>
    </p>
   </div>
   <div class='ocr_carea' id='block_1_44' title="bbox 496 2673 2146 2759">
    <p class='ocr_par' dir='ltr' id='par_1_44' title="bbox 496 2673 2146 2759">
     <span class='ocr_line' id='line_1_44' title="bbox 496 2673 2146 2759; baseline -0.001 -21"><span class='ocrx_word' id='word_1_328' title='bbox 496 2693 606 2759; x_wconf 91' lang='lat' dir='ltr'><strong>per</strong></span> <span class='ocrx_word' id='word_1_329' title='bbox 619 2681 801 2737; x_wconf 89' lang='lat' dir='ltr'><strong>totam</strong></span> <span class='ocrx_word' id='word_1_330' title='bbox 817 2673 977 2736; x_wconf 89' lang='lat' dir='ltr'><strong>diem</strong></span> <span class='ocrx_word' id='word_1_331' title='bbox 1011 2676 1181 2754; x_wconf 87' lang='lat' dir='ltr'><strong>pueri</strong></span> <span class='ocrx_word' id='word_1_332' title='bbox 1193 2674 1489 2738; x_wconf 84' lang='lat' dir='ltr'><strong>Coranum</strong></span> <span class='ocrx_word' id='word_1_333' title='bbox 1505 2675 2146 2758; x_wconf 83' lang='lat' dir='ltr'><strong>habent,etaliquando</strong></span> 
     </span>
    </p>
   </div>
   <div class='ocr_carea' id='block_1_45' title="bbox 491 2763 2144 2846">
    <p class='ocr_par' dir='ltr' id='par_1_45' title="bbox 491 2763 2144 2846">
     <span class='ocr_line' id='line_1_45' title="bbox 491 2763 2144 2846; baseline -0.001 -17"><span class='ocrx_word' id='word_1_334' title='bbox 491 2765 668 2830; x_wconf 85' lang='lat' dir='ltr'><strong>illum</strong></span> <span class='ocrx_word' id='word_1_335' title='bbox 688 2763 943 2845; x_wconf 91' lang='lat' dir='ltr'><strong>calcant,</strong></span> <span class='ocrx_word' id='word_1_336' title='bbox 967 2764 1294 2846; x_wconf 90' lang='lat' dir='ltr'><strong>aliquando</strong></span> <span class='ocrx_word' id='word_1_337' title='bbox 1318 2783 1456 2828; x_wconf 86' lang='lat' dir='ltr'><strong>cum</strong></span> <span class='ocrx_word' id='word_1_338' title='bbox 1476 2766 1580 2828; x_wconf 93' lang='lat' dir='ltr'><strong>illo</strong></span> <span class='ocrx_word' id='word_1_339' title='bbox 1605 2766 1782 2829; x_wconf 88' lang='lat' dir='ltr'><strong>ludos</strong></span> <span class='ocrx_word' id='word_1_340' title='bbox 1803 2775 2004 2846; x_wconf 85' lang='lat' dir='ltr'><strong>agunt,</strong></span> <span class='ocrx_word' id='word_1_341' title='bbox 2029 2766 2144 2828; x_wconf 87' lang='lat' dir='ltr'><strong>ali-</strong></span> 
     </span>
    </p>
   </div>
   <div class='ocr_carea' id='block_1_46' title="bbox 496 2853 2143 2936">
    <p class='ocr_par' dir='ltr' id='par_1_46' title="bbox 496 2853 2143 2936">
     <span class='ocr_line' id='line_1_46' title="bbox 496 2853 2143 2936; baseline 0.001 -18"><span class='ocrx_word' id='word_1_342' title='bbox 496 2853 739 2936; x_wconf 88' lang='lat' dir='ltr'><strong>quando</strong></span> <span class='ocrx_word' id='word_1_343' title='bbox 765 2872 906 2917; x_wconf 89' lang='lat' dir='ltr'><strong>vero</strong></span> <span class='ocrx_word' id='word_1_344' title='bbox 931 2854 1034 2918; x_wconf 90' lang='lat' dir='ltr'><strong>illo</strong></span> <span class='ocrx_word' id='word_1_345' title='bbox 1057 2873 1122 2917; x_wconf 88' lang='lat' dir='ltr'><strong>se</strong></span> <span class='ocrx_word' id='word_1_346' title='bbox 1146 2861 1352 2919; x_wconf 91' lang='lat' dir='ltr'><strong>mutuo</strong></span> <span class='ocrx_word' id='word_1_347' title='bbox 1382 2855 1683 2935; x_wconf 91' lang='lat' dir='ltr'><strong>impetunt</strong></span> <span class='ocrx_word' id='word_1_348' title='bbox 1714 2866 1772 2919; x_wconf 91' lang='lat' dir='ltr'><strong>et</strong></span> <span class='ocrx_word' id='word_1_349' title='bbox 1803 2855 2143 2919; x_wconf 88' lang='lat' dir='ltr'><strong>verberant.</strong></span> 
     </span>
    </p>
   </div>
   <div class='ocr_carea' id='block_1_47' title="bbox 495 2941 2146 3025">
    <p class='ocr_par' dir='ltr' id='par_1_47' title="bbox 495 2941 2146 3025">
     <span class='ocr_line' id='line_1_47' title="bbox 495 2941 2146 3025; baseline 0 -19"><span class='ocrx_word' id='word_1_350' title='bbox 495 2941 811 3018; x_wconf 87' lang='lat' dir='ltr'><strong>Quomodo</strong></span> <span class='ocrx_word' id='word_1_351' title='bbox 834 2961 976 3023; x_wconf 86' lang='lat' dir='ltr'><strong>ergo</strong></span> <span class='ocrx_word' id='word_1_352' title='bbox 1001 2943 1272 3007; x_wconf 81' lang='lat' dir='ltr'><strong>Coranus</strong></span> <span class='ocrx_word' id='word_1_353' title='bbox 1300 2953 1463 3006; x_wconf 88' lang='lat' dir='ltr'><strong>esset</strong></span> <span class='ocrx_word' id='word_1_354' title='bbox 1486 2943 1752 3006; x_wconf 89' lang='lat' dir='ltr'><strong>Verbum</strong></span> <span class='ocrx_word' id='word_1_355' title='bbox 1785 2945 1916 3021; x_wconf 92' lang='lat' dir='ltr'><strong>Dei,</strong></span> <span class='ocrx_word' id='word_1_356' title='bbox 1947 2954 2008 3006; x_wconf 93' lang='lat' dir='ltr'><strong>et</strong></span> <span class='ocrx_word' id='word_1_357' title='bbox 2033 2945 2146 3025; x_wconf 91' lang='lat' dir='ltr'><strong>ipsi</strong></span> 
     </span>
    </p>
   </div>
   <div class='ocr_carea' id='block_1_48' title="bbox 495 3032 2144 3106">
    <p class='ocr_par' dir='ltr' id='par_1_48' title="bbox 495 3032 2144 3106">
     <span class='ocr_line' id='line_1_48' title="bbox 495 3032 2144 3106; baseline -0.001 -8"><span class='ocrx_word' id='word_1_358' title='bbox 495 3036 624 3098; x_wconf 91' lang='lat' dir='ltr'><strong>Deo</strong></span> <span class='ocrx_word' id='word_1_359' title='bbox 655 3047 1011 3096; x_wconf 64' lang='lat' dir='ltr'><strong>coaeternus.</strong></span> <span class='ocrx_word' id='word_1_360' title='bbox 1043 3032 1241 3106; x_wconf 87' lang='lat' dir='ltr'><strong>Quare</strong></span> <span class='ocrx_word' id='word_1_361' title='bbox 1271 3052 1390 3096; x_wconf 90' lang='lat' dir='ltr'><strong>non</strong></span> <span class='ocrx_word' id='word_1_362' title='bbox 1422 3035 1640 3096; x_wconf 91' lang='lat' dir='ltr'><strong>annuis</strong></span> <span class='ocrx_word' id='word_1_363' title='bbox 1677 3035 1901 3098; x_wconf 86' lang='lat' dir='ltr'><strong>dicenti</strong></span> <span class='ocrx_word' id='word_1_364' title='bbox 1938 3037 2144 3098; x_wconf 83' lang='lat' dir='ltr'><strong>Jeaum</strong></span> 
     </span>
    </p>
   </div>
   <div class='ocr_carea' id='block_1_49' title="bbox 493 3123 2142 3204">
    <p class='ocr_par' dir='ltr' id='par_1_49' title="bbox 493 3123 2142 3204">
     <span class='ocr_line' id='line_1_49' title="bbox 493 3123 2142 3204; baseline -0.002 -16"><span class='ocrx_word' id='word_1_365' title='bbox 493 3123 797 3188; x_wconf 87' lang='lat' dir='ltr'><strong>Christum</strong></span> <span class='ocrx_word' id='word_1_366' title='bbox 831 3123 1189 3184; x_wconf 83' lang='lat' dir='ltr'><strong>excitantem</strong></span> <span class='ocrx_word' id='word_1_367' title='bbox 1222 3130 1516 3199; x_wconf 89' lang='lat' dir='ltr'><strong>mortuos,</strong></span> <span class='ocrx_word' id='word_1_368' title='bbox 1554 3133 1798 3204; x_wconf 88' lang='lat' dir='ltr'><strong>peccata</strong></span> <span class='ocrx_word' id='word_1_369' title='bbox 1833 3125 2142 3186; x_wconf 88' lang='lat' dir='ltr'><strong>tollentem</strong></span> 
     </span>
    </p>
   </div>
   <div class='ocr_carea' id='block_1_50' title="bbox 495 3211 2147 3291">
    <p class='ocr_par' dir='ltr' id='par_1_50' title="bbox 495 3211 2147 3291">
     <span class='ocr_line' id='line_1_50' title="bbox 495 3211 2147 3291; baseline 0 -15"><span class='ocrx_word' id='word_1_370' title='bbox 495 3221 558 3276; x_wconf 87' lang='lat' dir='ltr'><strong>et</strong></span> <span class='ocrx_word' id='word_1_371' title='bbox 579 3211 918 3275; x_wconf 83' lang='lat' dir='ltr'><strong>abolentem</strong></span> <span class='ocrx_word' id='word_1_372' title='bbox 927 3212 1132 3290; x_wconf 85' lang='lat' dir='ltr'><strong>,variis</strong></span> <span class='ocrx_word' id='word_1_373' title='bbox 1143 3211 1330 3291; x_wconf 88' lang='lat' dir='ltr'><strong>signis</strong></span> <span class='ocrx_word' id='word_1_374' title='bbox 1344 3221 1403 3274; x_wconf 93' lang='lat' dir='ltr'><strong>et</strong></span> <span class='ocrx_word' id='word_1_375' title='bbox 1428 3213 1738 3276; x_wconf 88' lang='lat' dir='ltr'><strong>miraculis</strong></span> <span class='ocrx_word' id='word_1_376' title='bbox 1760 3233 1824 3276; x_wconf 90' lang='lat' dir='ltr'><strong>se</strong></span> <span class='ocrx_word' id='word_1_377' title='bbox 1847 3234 1976 3276; x_wconf 92' lang='lat' dir='ltr'><strong>com</strong></span> <span class='ocrx_word' id='word_1_378' title='bbox 1987 3233 2147 3276; x_wconf 86' lang='lat' dir='ltr'><strong>meu—</strong></span> 
     </span>
    </p>
   </div>
   <div class='ocr_carea' id='block_1_51' title="bbox 497 3300 2143 3382">
    <p class='ocr_par' dir='ltr' id='par_1_51' title="bbox 497 3300 2143 3382">
     <span class='ocr_line' id='line_1_51' title="bbox 497 3300 2143 3382; baseline 0.001 -18"><span class='ocrx_word' id='word_1_379' title='bbox 497 3301 742 3364; x_wconf 90' lang='lat' dir='ltr'><strong>dantem</strong></span> <span class='ocrx_word' id='word_1_380' title='bbox 768 3319 904 3364; x_wconf 84' lang='lat' dir='ltr'><strong>esse</strong></span> <span class='ocrx_word' id='word_1_381' title='bbox 935 3306 1133 3382; x_wconf 88' lang='lat' dir='ltr'><strong>ipsum</strong></span> <span class='ocrx_word' id='word_1_382' title='bbox 1162 3300 1430 3365; x_wconf 84' lang='lat' dir='ltr'><strong>Verbum</strong></span> <span class='ocrx_word' id='word_1_383' title='bbox 1462 3302 1594 3379; x_wconf 92' lang='lat' dir='ltr'><strong>Dei,</strong></span> <span class='ocrx_word' id='word_1_384' title='bbox 1621 3312 1680 3365; x_wconf 92' lang='lat' dir='ltr'><strong>et</strong></span> <span class='ocrx_word' id='word_1_385' title='bbox 1713 3303 1828 3382; x_wconf 88' lang='lat' dir='ltr'><strong>ipsi</strong></span> <span class='ocrx_word' id='word_1_386' title='bbox 1855 3321 2143 3366; x_wconf 78' lang='lat' dir='ltr'><strong>coaevum.</strong></span> 
     </span>
    </p>
   </div>
   <div class='ocr_carea' id='block_1_52' title="bbox 2225 2143 3782 2224">
    <p class='ocr_par' dir='ltr' id='par_1_52' title="bbox 2225 2143 3782 2224">
     <span class='ocr_line' id='line_1_52' title="bbox 2225 2143 3782 2224; baseline 0.004 -29"><span class='ocrx_word' id='word_1_387' title='bbox 2225 2145 2453 2220; x_wconf 83' lang='grc' dir='ltr'>χαρτίῳ,</span> <span class='ocrx_word' id='word_1_388' title='bbox 2486 2143 2653 2222; x_wconf 60' lang='grc' dir='ltr'>ἤγουν</span> <span class='ocrx_word' id='word_1_389' title='bbox 2697 2154 2776 2220; x_wconf 83' lang='grc' dir='ltr'>τῷ</span> <span class='ocrx_word' id='word_1_390' title='bbox 2834 2150 3104 2224; x_wconf 83' lang='grc' dir='ltr'>Κουρανίῳ</span> <span class='ocrx_word' id='word_1_391' title='bbox 3146 2169 3264 2221; x_wconf 77' lang='grc' dir='ltr'>σου,</span> <span class='ocrx_word' id='word_1_392' title='bbox 3331 2147 3422 2202; x_wconf 82' lang='grc' dir='ltr'><strong>καὶ</strong></span> <span class='ocrx_word' id='word_1_393' title='bbox 3464 2152 3538 2219; x_wconf 80' lang='grc' dir='ltr'>τῷ</span> <span class='ocrx_word' id='word_1_394' title='bbox 3590 2143 3782 2218; x_wconf 63' lang='grc' dir='ltr'>τομαρᾶει,</span> 
     </span>
    </p>
   </div>
   <div class='ocr_carea' id='block_1_53' title="bbox 2223 2231 3786 2314">
    <p class='ocr_par' dir='ltr' id='par_1_53' title="bbox 2223 2231 3786 2314">
     <span class='ocr_line' id='line_1_53' title="bbox 2223 2231 3786 2314; baseline 0.004 -28"><span class='ocrx_word' id='word_1_395' title='bbox 2223 2231 2316 2287; x_wconf 72' lang='grc' dir='ltr'>’ίνα</span> <span class='ocrx_word' id='word_1_396' title='bbox 2373 2234 2603 2314; x_wconf 73' lang='grc' dir='ltr'>ὑπάρχει</span> <span class='ocrx_word' id='word_1_397' title='bbox 2658 2239 2721 2294; x_wconf 81' lang='grc' dir='ltr'>τὸ</span> <span class='ocrx_word' id='word_1_398' title='bbox 2753 2237 3038 2314; x_wconf 76' lang='grc' dir='ltr'>Κουράνιόν</span> <span class='ocrx_word' id='word_1_399' title='bbox 3081 2259 3176 2293; x_wconf 84' lang='grc' dir='ltr'><strong>σου</strong></span> <span class='ocrx_word' id='word_1_400' title='bbox 3215 2236 3382 2314; x_wconf 87' lang='grc' dir='ltr'>λόγος</span> <span class='ocrx_word' id='word_1_401' title='bbox 3443 2235 3688 2312; x_wconf 72' lang='grc' dir='ltr'>σύναρχος</span> <span class='ocrx_word' id='word_1_402' title='bbox 3727 2237 3786 2286; x_wconf 66' lang='lat' dir='ltr'><strong>W3</strong></span> 
     </span>
    </p>
   </div>
   <div class='ocr_carea' id='block_1_54' title="bbox 2227 2321 3784 2404">
    <p class='ocr_par' dir='ltr' id='par_1_54' title="bbox 2227 2321 3784 2404">
     <span class='ocr_line' id='line_1_54' title="bbox 2227 2321 3784 2404; baseline 0 -28"><span class='ocrx_word' id='word_1_403' title='bbox 2227 2327 2409 2397; x_wconf 84' lang='grc' dir='ltr'><strong>Θεοῦ;</strong></span> <span class='ocrx_word' id='word_1_404' title='bbox 2458 2326 2604 2382; x_wconf 77' lang='grc' dir='ltr'>Κατά</span> <span class='ocrx_word' id='word_1_405' title='bbox 2646 2326 2744 2393; x_wconf 75' lang='grc' dir='ltr'>τὴν</span> <span class='ocrx_word' id='word_1_406' title='bbox 2809 2325 2928 2383; x_wconf 84' lang='grc' dir='ltr'>ὁδὸν</span> <span class='ocrx_word' id='word_1_407' title='bbox 2990 2327 3157 2404; x_wconf 74' lang='grc' dir='ltr'>μυιρά</span> <span class='ocrx_word' id='word_1_408' title='bbox 3213 2324 3402 2382; x_wconf 76' lang='grc' dir='ltr'>παιδία</span> <span class='ocrx_word' id='word_1_409' title='bbox 3459 2333 3713 2402; x_wconf 71' lang='grc' dir='ltr'>κρατοῦντι</span> <span class='ocrx_word' id='word_1_410' title='bbox 3747 2321 3784 2374; x_wconf 70' lang='grc' dir='ltr'>τὸ</span> 
     </span>
    </p>
   </div>
   <div class='ocr_carea' id='block_1_55' title="bbox 2230 2412 3783 2492">
    <p class='ocr_par' dir='ltr' id='par_1_55' title="bbox 2230 2412 3783 2492">
     <span class='ocr_line' id='line_1_55' title="bbox 2230 2412 3783 2492; baseline -0.006 -19"><span class='ocrx_word' id='word_1_411' title='bbox 2230 2412 2516 2488; x_wconf 79' lang='grc' dir='ltr'>Κουρσίνιον</span> <span class='ocrx_word' id='word_1_412' title='bbox 2554 2437 2668 2490; x_wconf 85' lang='grc' dir='ltr'>σου,</span> <span class='ocrx_word' id='word_1_413' title='bbox 2704 2417 2796 2471; x_wconf 81' lang='grc' dir='ltr'><strong>καῖ</strong></span> <span class='ocrx_word' id='word_1_414' title='bbox 2844 2418 2900 2472; x_wconf 77' lang='grc' dir='ltr'>ιεν</span> <span class='ocrx_word' id='word_1_415' title='bbox 2941 2421 3016 2489; x_wconf 80' lang='grc' dir='ltr'>τῷ</span> <span class='ocrx_word' id='word_1_416' title='bbox 3065 2414 3283 2492; x_wconf 75' lang='grc' dir='ltr'>μέλλειν</span> <span class='ocrx_word' id='word_1_417' title='bbox 3342 2416 3512 2472; x_wconf 68' lang='grc' dir='ltr'>αὖτῶν</span> <span class='ocrx_word' id='word_1_418' title='bbox 3565 2419 3655 2469; x_wconf 79' lang='grc' dir='ltr'><strong>τῶν</strong></span> <span class='ocrx_word' id='word_1_419' title='bbox 3697 2433 3783 2465; x_wconf 66' lang='grc' dir='ltr'><strong>ηις</strong></span> 
     </span>
    </p>
   </div>
   <div class='ocr_carea' id='block_1_56' title="bbox 2229 2496 3782 2584">
    <p class='ocr_par' dir='ltr' id='par_1_56' title="bbox 2229 2496 3782 2584">
     <span class='ocr_line' id='line_1_56' title="bbox 2229 2496 3782 2584; baseline 0.009 -30"><span class='ocrx_word' id='word_1_420' title='bbox 2229 2496 2352 2555; x_wconf 83' lang='grc' dir='ltr'>δίων</span> <span class='ocrx_word' id='word_1_421' title='bbox 2423 2500 2538 2558; x_wconf 78' lang='grc' dir='ltr'>καθ’</span> <span class='ocrx_word' id='word_1_422' title='bbox 2599 2506 2830 2571; x_wconf 74' lang='grc' dir='ltr'>ἑκάστην</span> <span class='ocrx_word' id='word_1_423' title='bbox 2903 2504 3213 2584; x_wconf 75' lang='grc' dir='ltr'>ἐξέρχεσθαι</span> <span class='ocrx_word' id='word_1_424' title='bbox 3284 2504 3376 2561; x_wconf 76' lang='grc' dir='ltr'>διὰ</span> <span class='ocrx_word' id='word_1_425' title='bbox 3433 2503 3608 2583; x_wconf 72' lang='grc' dir='ltr'>χρείαν</span> <span class='ocrx_word' id='word_1_426' title='bbox 3650 2503 3782 2567; x_wconf 61' lang='grc' dir='ltr'>αὐτῶν,</span> 
     </span>
    </p>
   </div>
   <div class='ocr_carea' id='block_1_57' title="bbox 2229 2589 3889 2670">
    <p class='ocr_par' dir='ltr' id='par_1_57' title="bbox 2229 2589 3889 2670">
     <span class='ocr_line' id='line_1_57' title="bbox 2229 2589 3889 2670; baseline -0.001 -25"><span class='ocrx_word' id='word_1_427' title='bbox 2229 2589 2406 2647; x_wconf 75' lang='grc' dir='ltr'>ἔθεντο</span> <span class='ocrx_word' id='word_1_428' title='bbox 2467 2590 2695 2660; x_wconf 75' lang='grc' dir='ltr'>πλησίον</span> <span class='ocrx_word' id='word_1_429' title='bbox 2746 2595 2917 2650; x_wconf 73' lang='grc' dir='ltr'>αὖτῶν</span> <span class='ocrx_word' id='word_1_430' title='bbox 2975 2595 3070 2650; x_wconf 75' lang='grc' dir='ltr'>καί</span> <span class='ocrx_word' id='word_1_431' title='bbox 3129 2597 3189 2650; x_wconf 85' lang='grc' dir='ltr'><strong>τὸ</strong></span> <span class='ocrx_word' id='word_1_432' title='bbox 3249 2593 3537 2670; x_wconf 64' lang='grc' dir='ltr'>Κοοράνιόν</span> <span class='ocrx_word' id='word_1_433' title='bbox 3586 2612 3682 2658; x_wconf 85' lang='grc' dir='ltr'>σου,</span> <span class='ocrx_word' id='word_1_434' title='bbox 3723 2589 3785 2642; x_wconf 73' lang='grc' dir='ltr'>ιιιῖ</span> <span class='ocrx_word' id='word_1_435' title='bbox 3888 2599 3889 2656; x_wconf 32' lang='grc' dir='ltr'><strong>γ</strong></span> 
     </span>
    </p>
   </div>
   <div class='ocr_carea' id='block_1_58' title="bbox 2231 2674 3785 2761">
    <p class='ocr_par' dir='ltr' id='par_1_58' title="bbox 2231 2674 3785 2761">
     <span class='ocr_line' id='line_1_58' title="bbox 2231 2674 3785 2761; baseline -0.009 -11"><span class='ocrx_word' id='word_1_436' title='bbox 2231 2679 2522 2748; x_wconf 66' lang='grc' dir='ltr'>ἐκάθησαιν.</span> <span class='ocrx_word' id='word_1_437' title='bbox 2588 2685 2681 2742; x_wconf 79' lang='grc' dir='ltr'><strong>Καὶ</strong></span> <span class='ocrx_word' id='word_1_438' title='bbox 2714 2682 2888 2746; x_wconf 75' lang='grc' dir='ltr'>ἄλλως</span> <span class='ocrx_word' id='word_1_439' title='bbox 2947 2682 3015 2740; x_wconf 84' lang='grc' dir='ltr'>δι’</span> <span class='ocrx_word' id='word_1_440' title='bbox 3065 2683 3192 2740; x_wconf 76' lang='grc' dir='ltr'>ὅλου</span> <span class='ocrx_word' id='word_1_441' title='bbox 3219 2690 3318 2750; x_wconf 79' lang='grc' dir='ltr'>τῆς</span> <span class='ocrx_word' id='word_1_442' title='bbox 3352 2682 3552 2761; x_wconf 77' lang='grc' dir='ltr'>ἡμέρας</span> <span class='ocrx_word' id='word_1_443' title='bbox 3580 2682 3621 2736; x_wconf 72' lang='grc' dir='ltr'>οἱ</span> <span class='ocrx_word' id='word_1_444' title='bbox 3655 2674 3785 2736; x_wconf 70' lang='grc' dir='ltr'>παῖδες</span> 
     </span>
    </p>
   </div>
   <div class='ocr_carea' id='block_1_59' title="bbox 2228 2767 3783 2851">
    <p class='ocr_par' dir='ltr' id='par_1_59' title="bbox 2228 2767 3783 2851">
     <span class='ocr_line' id='line_1_59' title="bbox 2228 2767 3783 2851; baseline -0.003 -25"><span class='ocrx_word' id='word_1_445' title='bbox 2228 2770 2378 2844; x_wconf 83' lang='grc' dir='ltr'>ὑμῶν</span> <span class='ocrx_word' id='word_1_446' title='bbox 2407 2771 2728 2851; x_wconf 73' lang='grc' dir='ltr'>κατέχουσιν</span> <span class='ocrx_word' id='word_1_447' title='bbox 2759 2775 2911 2832; x_wconf 71' lang='grc' dir='ltr'>αὐτό.</span> <span class='ocrx_word' id='word_1_448' title='bbox 2949 2775 3047 2831; x_wconf 82' lang='grc' dir='ltr'><strong>Καὶ</strong></span> <span class='ocrx_word' id='word_1_449' title='bbox 3093 2773 3224 2830; x_wconf 75' lang='grc' dir='ltr'>ποτὲ</span> <span class='ocrx_word' id='word_1_450' title='bbox 3279 2773 3385 2845; x_wconf 77' lang='grc' dir='ltr'><strong>μὲν</strong></span> <span class='ocrx_word' id='word_1_451' title='bbox 3430 2770 3654 2841; x_wconf 62' lang='lat' dir='ltr'><strong>arato-3m,</strong></span> <span class='ocrx_word' id='word_1_452' title='bbox 3699 2767 3783 2822; x_wconf 61' lang='grc' dir='ltr'>ποτὶ</span> 
     </span>
    </p>
   </div>
   <div class='ocr_carea' id='block_1_60' title="bbox 2228 2856 3784 2940">
    <p class='ocr_par' dir='ltr' id='par_1_60' title="bbox 2228 2856 3784 2940">
     <span class='ocr_line' id='line_1_60' title="bbox 2228 2856 3784 2940; baseline 0 -27"><span class='ocrx_word' id='word_1_453' title='bbox 2228 2856 2282 2913; x_wconf 73' lang='grc' dir='ltr'><strong>δὲ</strong></span> <span class='ocrx_word' id='word_1_454' title='bbox 2314 2860 2556 2929; x_wconf 78' lang='grc' dir='ltr'>παίζουσι</span> <span class='ocrx_word' id='word_1_455' title='bbox 2607 2859 2724 2936; x_wconf 85' lang='grc' dir='ltr'>μετ’</span> <span class='ocrx_word' id='word_1_456' title='bbox 2776 2865 2955 2920; x_wconf 80' lang='grc' dir='ltr'>αὐτοῦ.</span> <span class='ocrx_word' id='word_1_457' title='bbox 3009 2863 3140 2919; x_wconf 84' lang='grc' dir='ltr'>Ποτέ</span> <span class='ocrx_word' id='word_1_458' title='bbox 3177 2860 3456 2940; x_wconf 74' lang='grc' dir='ltr'>δέῤῥονται</span> <span class='ocrx_word' id='word_1_459' title='bbox 3489 2860 3569 2916; x_wconf 77' lang='grc' dir='ltr'><strong>εἷς</strong></span> <span class='ocrx_word' id='word_1_460' title='bbox 3595 2860 3670 2913; x_wconf 67' lang='grc' dir='ltr'>τόν</span> <span class='ocrx_word' id='word_1_461' title='bbox 3704 2856 3784 2911; x_wconf 73' lang='grc' dir='ltr'>ἓτε-</span> 
     </span>
    </p>
   </div>
   <div class='ocr_carea' id='block_1_61' title="bbox 2230 2946 3784 3028">
    <p class='ocr_par' dir='ltr' id='par_1_61' title="bbox 2230 2946 3784 3028">
     <span class='ocr_line' id='line_1_61' title="bbox 2230 2946 3784 3028; baseline 0.001 -24"><span class='ocrx_word' id='word_1_462' title='bbox 2230 2958 2320 3026; x_wconf 84' lang='grc' dir='ltr'><strong>ρόν</strong></span> <span class='ocrx_word' id='word_1_463' title='bbox 2350 2948 2466 3023; x_wconf 84' lang='grc' dir='ltr'>μετ’</span> <span class='ocrx_word' id='word_1_464' title='bbox 2499 2953 2679 3011; x_wconf 75' lang='grc' dir='ltr'>αὐτοῦ.</span> <span class='ocrx_word' id='word_1_465' title='bbox 2718 2957 2839 3015; x_wconf 84' lang='grc' dir='ltr'><strong>Πῶς</strong></span> <span class='ocrx_word' id='word_1_466' title='bbox 2887 2958 3011 3028; x_wconf 82' lang='grc' dir='ltr'>γοῦν</span> <span class='ocrx_word' id='word_1_467' title='bbox 3063 2956 3178 3007; x_wconf 79' lang='grc' dir='ltr'>ἐστι</span> <span class='ocrx_word' id='word_1_468' title='bbox 3210 2952 3387 3028; x_wconf 80' lang='grc' dir='ltr'>Λόγος</span> <span class='ocrx_word' id='word_1_469' title='bbox 3418 2958 3508 3007; x_wconf 83' lang='grc' dir='ltr'>τοῦ</span> <span class='ocrx_word' id='word_1_470' title='bbox 3561 2956 3687 3024; x_wconf 74' lang='grc' dir='ltr'>Θεό-5,</span> <span class='ocrx_word' id='word_1_471' title='bbox 3728 2946 3784 2998; x_wconf 68' lang='grc' dir='ltr'><strong>καὶ</strong></span> 
     </span>
    </p>
   </div>
   <div class='ocr_carea' id='block_1_62' title="bbox 2229 3037 3782 3119">
    <p class='ocr_par' dir='ltr' id='par_1_62' title="bbox 2229 3037 3782 3119">
     <span class='ocr_line' id='line_1_62' title="bbox 2229 3037 3782 3119; baseline 0.012 -27"><span class='ocrx_word' id='word_1_472' title='bbox 2229 3037 2495 3117; x_wconf 81' lang='grc' dir='ltr'>σύναρχος</span> <span class='ocrx_word' id='word_1_473' title='bbox 2539 3041 2599 3095; x_wconf 84' lang='grc' dir='ltr'>τὸ</span> <span class='ocrx_word' id='word_1_474' title='bbox 2657 3041 2940 3117; x_wconf 81' lang='grc' dir='ltr'>Κουράνιον</span> <span class='ocrx_word' id='word_1_475' title='bbox 2997 3061 3135 3119; x_wconf 73' lang='grc' dir='ltr'>σους</span> <span class='ocrx_word' id='word_1_476' title='bbox 3206 3046 3322 3104; x_wconf 78' lang='grc' dir='ltr'>Πῶς</span> <span class='ocrx_word' id='word_1_477' title='bbox 3388 3042 3448 3097; x_wconf 70' lang='lat'><strong>03</strong></span> <span class='ocrx_word' id='word_1_478' title='bbox 3500 3037 3782 3114; x_wconf 65' lang='grc' dir='ltr'><strong>περιδέχεσιί</strong></span> 
     </span>
    </p>
   </div>
   <div class='ocr_carea' id='block_1_63' title="bbox 2228 3123 3781 3207">
    <p class='ocr_par' dir='ltr' id='par_1_63' title="bbox 2228 3123 3781 3207">
     <span class='ocr_line' id='line_1_63' title="bbox 2228 3123 3781 3207; baseline 0.006 -26"><span class='ocrx_word' id='word_1_479' title='bbox 2228 3123 2475 3207; x_wconf 82' lang='grc' dir='ltr'>λέγοντα,</span> <span class='ocrx_word' id='word_1_480' title='bbox 2538 3127 2617 3184; x_wconf 76' lang='grc' dir='ltr'>ὅτι</span> <span class='ocrx_word' id='word_1_481' title='bbox 2677 3125 2885 3195; x_wconf 81' lang='grc' dir='ltr'>Ἰησοῦς</span> <span class='ocrx_word' id='word_1_482' title='bbox 2952 3134 3177 3207; x_wconf 79' lang='grc' dir='ltr'>Χριστος</span> <span class='ocrx_word' id='word_1_483' title='bbox 3236 3132 3263 3185; x_wconf 86' lang='grc' dir='ltr'><strong>ὁ</strong></span> <span class='ocrx_word' id='word_1_484' title='bbox 3313 3130 3440 3191; x_wconf 81' lang='grc' dir='ltr'>τοὺς</span> <span class='ocrx_word' id='word_1_485' title='bbox 3500 3129 3680 3204; x_wconf 63' lang='grc' dir='ltr'>νεκροὺς</span> <span class='ocrx_word' id='word_1_486' title='bbox 3717 3124 3781 3177; x_wconf 70' lang='grc' dir='ltr'><strong>ἀν·</strong></span> 
     </span>
    </p>
   </div>
   <div class='ocr_carea' id='block_1_64' title="bbox 2230 3215 3784 3297">
    <p class='ocr_par' dir='ltr' id='par_1_64' title="bbox 2230 3215 3784 3297">
     <span class='ocr_line' id='line_1_64' title="bbox 2230 3215 3784 3297; baseline 0.002 -28"><span class='ocrx_word' id='word_1_487' title='bbox 2230 3217 2412 3289; x_wconf 83' lang='grc' dir='ltr'>ιστῶν,</span> <span class='ocrx_word' id='word_1_488' title='bbox 2457 3218 2546 3272; x_wconf 82' lang='grc' dir='ltr'><strong>καὶ</strong></span> <span class='ocrx_word' id='word_1_489' title='bbox 2588 3219 2684 3282; x_wconf 73' lang='grc' dir='ltr'>τὰς</span> <span class='ocrx_word' id='word_1_490' title='bbox 2713 3218 2973 3297; x_wconf 62' lang='grc' dir='ltr'>ἁμαρτίας</span> <span class='ocrx_word' id='word_1_491' title='bbox 3017 3219 3270 3295; x_wconf 80' lang='grc' dir='ltr'>ἀναιρῶν,</span> <span class='ocrx_word' id='word_1_492' title='bbox 3319 3220 3412 3275; x_wconf 64' lang='grc' dir='ltr'><strong>καὶ</strong></span> <span class='ocrx_word' id='word_1_493' title='bbox 3452 3215 3610 3273; x_wconf 84' lang='grc' dir='ltr'>πολλά</span> <span class='ocrx_word' id='word_1_494' title='bbox 3643 3224 3784 3286; x_wconf 65' lang='grc' dir='ltr'>σημεῖα</span> 
     </span>
    </p>
   </div>
   <div class='ocr_carea' id='block_1_65' title="bbox 2229 3304 3777 3385">
    <p class='ocr_par' dir='ltr' id='par_1_65' title="bbox 2229 3304 3777 3385">
     <span class='ocr_line' id='line_1_65' title="bbox 2229 3304 3777 3385; baseline -0.004 -23"><span class='ocrx_word' id='word_1_495' title='bbox 2229 3305 2320 3363; x_wconf 74' lang='grc' dir='ltr'>καί</span> <span class='ocrx_word' id='word_1_496' title='bbox 2361 3306 2550 3383; x_wconf 76' lang='grc' dir='ltr'>τέρατι</span> <span class='ocrx_word' id='word_1_497' title='bbox 2583 3305 2856 3381; x_wconf 73' lang='grc' dir='ltr'>δεικνύων,</span> <span class='ocrx_word' id='word_1_498' title='bbox 2889 3308 2946 3371; x_wconf 69' lang='grc' dir='ltr'><strong>εἰς</strong></span> <span class='ocrx_word' id='word_1_499' title='bbox 2994 3307 3136 3364; x_wconf 77' lang='grc' dir='ltr'>ἐστιν</span> <span class='ocrx_word' id='word_1_500' title='bbox 3181 3309 3355 3385; x_wconf 79' lang='grc' dir='ltr'>Λόγος</span> <span class='ocrx_word' id='word_1_501' title='bbox 3392 3309 3518 3364; x_wconf 76' lang='grc' dir='ltr'>Θεοῦ</span> <span class='ocrx_word' id='word_1_502' title='bbox 3545 3304 3621 3361; x_wconf 75' lang='grc' dir='ltr'>καὶ</span> <span class='ocrx_word' id='word_1_503' title='bbox 3645 3305 3777 3372; x_wconf 66' lang='grc' dir='ltr'>σύντρ-</span> 
     </span>
    </p>
   </div>
   <div class='ocr_carea' id='block_1_66' title="bbox 3681 305 3878 380">
    <p class='ocr_par' dir='ltr' id='par_1_66' title="bbox 3681 305 3878 380">
     <span class='ocr_line' id='line_1_66' title="bbox 3681 305 3878 380; baseline 0.02 -4"><span class='ocrx_word' id='word_1_504' title='bbox 3681 305 3878 380; x_wconf 72' lang='grc'><strong>1396’</strong></span> 
     </span>
    </p>
   </div>
   <div class='ocr_carea' id='block_1_67' title="bbox 494 3388 2145 3475">
    <p class='ocr_par' dir='ltr' id='par_1_67' title="bbox 494 3389 2143 3472">
     <span class='ocr_line' id='line_1_67' title="bbox 494 3389 2143 3472; baseline -0.001 -16"><span class='ocrx_word' id='word_1_505' title='bbox 494 3391 616 3456; x_wconf 90' lang='lat' dir='ltr'><strong>Sed</strong></span> <span class='ocrx_word' id='word_1_506' title='bbox 643 3389 842 3472; x_wconf 89' lang='lat' dir='ltr'><strong>potius</strong></span> <span class='ocrx_word' id='word_1_507' title='bbox 858 3390 1030 3452; x_wconf 88' lang='lat' dir='ltr'><strong>illum</strong></span> <span class='ocrx_word' id='word_1_508' title='bbox 1052 3391 1368 3452; x_wconf 88' lang='lat' dir='ltr'><strong>utatheum</strong></span> <span class='ocrx_word' id='word_1_509' title='bbox 1391 3392 1675 3472; x_wconf 84' lang='lat' dir='ltr'><strong>exagitas.</strong></span> <span class='ocrx_word' id='word_1_510' title='bbox 1699 3392 2013 3466; x_wconf 88' lang='lat' dir='ltr'><strong>Quomodo</strong></span> <span class='ocrx_word' id='word_1_511' title='bbox 2032 3411 2143 3454; x_wconf 89' lang='lat' dir='ltr'><strong>au-</strong></span> 
     </span>
    </p>
   </div>
   <div class='ocr_carea' id='block_1_68' title="bbox 2228 3388 3778 3475">
    <p class='ocr_par' dir='ltr' id='par_1_68' title="bbox 2229 3388 3778 3475">
     <span class='ocr_line' id='line_1_68' title="bbox 2229 3388 3778 3475; baseline -0.009 -19"><span class='ocrx_word' id='word_1_512' title='bbox 2229 3418 2356 3475; x_wconf 87' lang='grc' dir='ltr'>χος,</span> <span class='ocrx_word' id='word_1_513' title='bbox 2402 3395 2539 3452; x_wconf 81' lang='grc' dir='ltr'><strong>ἀλλά</strong></span> <span class='ocrx_word' id='word_1_514' title='bbox 2581 3398 2670 3453; x_wconf 78' lang='grc' dir='ltr'><strong>καὶ</strong></span> <span class='ocrx_word' id='word_1_515' title='bbox 2728 3397 2884 3454; x_wconf 76' lang='grc' dir='ltr'>ἄθεον</span> <span class='ocrx_word' id='word_1_516' title='bbox 2938 3400 3095 3457; x_wconf 72' lang='grc' dir='ltr'>αὒτὸν</span> <span class='ocrx_word' id='word_1_517' title='bbox 3151 3397 3509 3469; x_wconf 76' lang='grc' dir='ltr'>ἀποκαλεϊςς</span> <span class='ocrx_word' id='word_1_518' title='bbox 3555 3399 3654 3455; x_wconf 82' lang='grc' dir='ltr'><strong>Πῶς</strong></span> <span class='ocrx_word' id='word_1_519' title='bbox 3696 3388 3778 3443; x_wconf 69' lang='grc' dir='ltr'>τολ-</span> 
     </span>
    </p>
   </div>
   <div class='ocr_carea' id='block_1_69' title="bbox 494 3479 2145 3568">
    <p class='ocr_par' dir='ltr' id='par_1_69' title="bbox 494 3480 2142 3559">
     <span class='ocr_line' id='line_1_69' title="bbox 494 3480 2142 3559; baseline -0.001 -15"><span class='ocrx_word' id='word_1_520' title='bbox 494 3480 605 3544; x_wconf 85' lang='lat' dir='ltr'><strong>des</strong></span> <span class='ocrx_word' id='word_1_521' title='bbox 635 3497 910 3544; x_wconf 84' lang='lat' dir='ltr'><strong>asserere</strong></span> <span class='ocrx_word' id='word_1_522' title='bbox 932 3481 1448 3557; x_wconf 88' lang='lat' dir='ltr'><strong>Muhammedem,</strong></span> <span class='ocrx_word' id='word_1_523' title='bbox 1475 3481 1801 3559; x_wconf 88' lang='lat' dir='ltr'><strong>Christum,</strong></span> <span class='ocrx_word' id='word_1_524' title='bbox 1825 3483 2142 3557; x_wconf 83' lang='lat' dir='ltr'><strong>Adamum,</strong></span> 
     </span>
    </p>
   </div>
   <div class='ocr_carea' id='block_1_70' title="bbox 2228 3479 3777 3568">
    <p class='ocr_par' dir='ltr' id='par_1_70' title="bbox 2230 3479 3777 3568">
     <span class='ocr_line' id='line_1_70' title="bbox 2230 3479 3777 3568; baseline -0.001 -27"><span class='ocrx_word' id='word_1_525' title='bbox 2230 3492 2332 3560; x_wconf 79' lang='grc' dir='ltr'>μᾷς</span> <span class='ocrx_word' id='word_1_526' title='bbox 2387 3486 2588 3564; x_wconf 79' lang='grc' dir='ltr'>λέγειν,</span> <span class='ocrx_word' id='word_1_527' title='bbox 2629 3487 2710 3544; x_wconf 61' lang='grc' dir='ltr'>όίτι</span> <span class='ocrx_word' id='word_1_528' title='bbox 2770 3490 2797 3544; x_wconf 89' lang='lat'><strong>6</strong></span> <span class='ocrx_word' id='word_1_529' title='bbox 2830 3490 3152 3568; x_wconf 73' lang='grc' dir='ltr'>Μουχοίμετ,</span> <span class='ocrx_word' id='word_1_530' title='bbox 3184 3493 3274 3544; x_wconf 76' lang='grc' dir='ltr'><strong>καὶ</strong></span> <span class='ocrx_word' id='word_1_531' title='bbox 3315 3490 3345 3543; x_wconf 90' lang='lat'><strong>6</strong></span> <span class='ocrx_word' id='word_1_532' title='bbox 3395 3485 3624 3564; x_wconf 78' lang='grc' dir='ltr'>Χριστὸς,</span> <span class='ocrx_word' id='word_1_533' title='bbox 3671 3479 3777 3534; x_wconf 70' lang='grc' dir='ltr'><strong>ιιῖὗ</strong></span> 
     </span>
    </p>
   </div>
   <div class='ocr_carea' id='block_1_71' title="bbox 493 3569 2145 3656">
    <p class='ocr_par' dir='ltr' id='par_1_71' title="bbox 493 3569 2145 3653">
     <span class='ocr_line' id='line_1_71' title="bbox 493 3569 2145 3653; baseline -0.001 -20"><span class='ocrx_word' id='word_1_534' title='bbox 493 3571 821 3653; x_wconf 86' lang='lat' dir='ltr'><strong>prophetas</strong></span> <span class='ocrx_word' id='word_1_535' title='bbox 844 3569 1022 3632; x_wconf 90' lang='lat' dir='ltr'><strong>unius</strong></span> <span class='ocrx_word' id='word_1_536' title='bbox 1040 3587 1177 3632; x_wconf 89' lang='lat' dir='ltr'><strong>esse</strong></span> <span class='ocrx_word' id='word_1_537' title='bbox 1198 3570 1430 3634; x_wconf 83' lang='lat' dir='ltr'><strong>ordinis</strong></span> <span class='ocrx_word' id='word_1_538' title='bbox 1462 3572 1746 3651; x_wconf 90' lang='lat' dir='ltr'><strong>parisque</strong></span> <span class='ocrx_word' id='word_1_539' title='bbox 1777 3573 1958 3638; x_wconf 89' lang='lat' dir='ltr'><strong>sortis</strong></span> <span class='ocrx_word' id='word_1_540' title='bbox 1972 3581 2032 3634; x_wconf 92' lang='lat' dir='ltr'><strong>et</strong></span> <span class='ocrx_word' id='word_1_541' title='bbox 2049 3572 2145 3632; x_wconf 91' lang='lat' dir='ltr'><strong>di-</strong></span> 
     </span>
    </p>
   </div>
   <div class='ocr_carea' id='block_1_72' title="bbox 2228 3569 3778 3656">
    <p class='ocr_par' dir='ltr' id='par_1_72' title="bbox 2229 3573 3778 3656">
     <span class='ocr_line' id='line_1_72' title="bbox 2229 3573 3778 3656; baseline -0.003 -24"><span class='ocrx_word' id='word_1_542' title='bbox 2229 3574 2425 3656; x_wconf 76' lang='grc' dir='ltr'>Ἀδὰμ,</span> <span class='ocrx_word' id='word_1_543' title='bbox 2487 3579 2575 3633; x_wconf 77' lang='grc' dir='ltr'><strong>καὶ</strong></span> <span class='ocrx_word' id='word_1_544' title='bbox 2620 3579 2666 3633; x_wconf 83' lang='grc' dir='ltr'>οἱ</span> <span class='ocrx_word' id='word_1_545' title='bbox 2719 3583 2990 3656; x_wconf 74' lang='grc' dir='ltr'>προφῆται</span> <span class='ocrx_word' id='word_1_546' title='bbox 3036 3579 3152 3640; x_wconf 79' lang='grc' dir='ltr'>ἑνός</span> <span class='ocrx_word' id='word_1_547' title='bbox 3217 3579 3318 3633; x_wconf 86' lang='grc' dir='ltr'>εἰσι</span> <span class='ocrx_word' id='word_1_548' title='bbox 3373 3577 3551 3647; x_wconf 66' lang='grc' dir='ltr'>τόπο),</span> <span class='ocrx_word' id='word_1_549' title='bbox 3596 3573 3666 3627; x_wconf 77' lang='grc' dir='ltr'><strong>καὶ</strong></span> <span class='ocrx_word' id='word_1_550' title='bbox 3696 3574 3778 3642; x_wconf 73' lang='grc' dir='ltr'>μιᾶς</span> 
     </span>
    </p>
   </div>
   <div class='ocr_carea' id='block_1_73' title="bbox 493 3657 2145 3742">
    <p class='ocr_par' dir='ltr' id='par_1_73' title="bbox 493 3659 2145 3742">
     <span class='ocr_line' id='line_1_73' title="bbox 493 3659 2145 3742; baseline 0.001 -21"><span class='ocrx_word' id='word_1_551' title='bbox 493 3660 742 3742; x_wconf 86' lang='lat' dir='ltr'><strong>gnitatis</strong></span> <span class='ocrx_word' id='word_1_552' title='bbox 792 3660 950 3741; x_wconf 86' lang='lat' dir='ltr'><strong>apud</strong></span> <span class='ocrx_word' id='word_1_553' title='bbox 1001 3659 1235 3724; x_wconf 78' lang='lat' dir='ltr'><strong>Deum?</strong></span> <span class='ocrx_word' id='word_1_554' title='bbox 1282 3670 1342 3724; x_wconf 88' lang='lat' dir='ltr'><strong>et</strong></span> <span class='ocrx_word' id='word_1_555' title='bbox 1389 3680 1525 3724; x_wconf 90' lang='lat' dir='ltr'><strong>cum</strong></span> <span class='ocrx_word' id='word_1_556' title='bbox 1565 3662 1835 3726; x_wconf 90' lang='lat' dir='ltr'><strong>Coranus</strong></span> <span class='ocrx_word' id='word_1_557' title='bbox 1866 3673 2001 3724; x_wconf 90' lang='lat' dir='ltr'><strong>tuus</strong></span> <span class='ocrx_word' id='word_1_558' title='bbox 2044 3680 2145 3723; x_wconf 89' lang='lat' dir='ltr'><strong>ore</strong></span> 
     </span>
    </p>
   </div>
   <div class='ocr_carea' id='block_1_74' title="bbox 2228 3657 3776 3742">
    <p class='ocr_par' dir='ltr' id='par_1_74' title="bbox 2230 3657 3776 3742">
     <span class='ocr_line' id='line_1_74' title="bbox 2230 3657 3776 3742; baseline 0.001 -21"><span class='ocrx_word' id='word_1_559' title='bbox 2230 3665 2378 3731; x_wconf 77' lang='grc' dir='ltr'>ἀξίας</span> <span class='ocrx_word' id='word_1_560' title='bbox 2424 3668 2568 3742; x_wconf 80' lang='grc' dir='ltr'>παρὰ</span> <span class='ocrx_word' id='word_1_561' title='bbox 2597 3673 2673 3740; x_wconf 85' lang='grc' dir='ltr'>τῷ</span> <span class='ocrx_word' id='word_1_562' title='bbox 2708 3675 2846 3740; x_wconf 79' lang='grc' dir='ltr'>Θεῷ.</span> <span class='ocrx_word' id='word_1_563' title='bbox 2885 3665 2990 3724; x_wconf 73' lang='grc' dir='ltr'><strong>Καὶ</strong></span> <span class='ocrx_word' id='word_1_564' title='bbox 3049 3669 3111 3722; x_wconf 82' lang='grc' dir='ltr'>τὸ</span> <span class='ocrx_word' id='word_1_565' title='bbox 3172 3664 3463 3742; x_wconf 79' lang='grc' dir='ltr'>Κουράνιόν</span> <span class='ocrx_word' id='word_1_566' title='bbox 3503 3684 3606 3740; x_wconf 83' lang='grc' dir='ltr'>σου,</span> <span class='ocrx_word' id='word_1_567' title='bbox 3653 3657 3776 3737; x_wconf 65' lang='grc' dir='ltr'>φησίνι</span> 
     </span>
    </p>
   </div>
   <div class='ocr_carea' id='block_1_75' title="bbox 492 3744 2145 3835">
    <p class='ocr_par' dir='ltr' id='par_1_75' title="bbox 492 3749 2142 3832">
     <span class='ocr_line' id='line_1_75' title="bbox 492 3749 2142 3832; baseline -0.001 -19"><span class='ocrx_word' id='word_1_568' title='bbox 492 3751 626 3832; x_wconf 90' lang='lat' dir='ltr'><strong>ipso</strong></span> <span class='ocrx_word' id='word_1_569' title='bbox 657 3749 948 3812; x_wconf 72' lang='lat' dir='ltr'><strong>Pachurse</strong></span> <span class='ocrx_word' id='word_1_570' title='bbox 979 3749 1140 3813; x_wconf 86' lang='lat' dir='ltr'><strong>dicat</strong></span> <span class='ocrx_word' id='word_1_571' title='bbox 1188 3749 1491 3814; x_wconf 88' lang='lat' dir='ltr'><strong>Christum</strong></span> <span class='ocrx_word' id='word_1_572' title='bbox 1526 3769 1660 3814; x_wconf 91' lang='lat' dir='ltr'><strong>esse</strong></span> <span class='ocrx_word' id='word_1_573' title='bbox 1709 3749 1977 3813; x_wconf 89' lang='lat' dir='ltr'><strong>Verbum</strong></span> <span class='ocrx_word' id='word_1_574' title='bbox 2009 3751 2142 3826; x_wconf 89' lang='lat' dir='ltr'><strong>Dei,</strong></span> 
     </span>
    </p>
   </div>
   <div class='ocr_carea' id='block_1_76' title="bbox 2228 3744 3780 3835">
    <p class='ocr_par' dir='ltr' id='par_1_76' title="bbox 2230 3744 3780 3835">
     <span class='ocr_line' id='line_1_76' title="bbox 2230 3744 3780 3835; baseline -0.005 -22"><span class='ocrx_word' id='word_1_575' title='bbox 2230 3755 2292 3812; x_wconf 79' lang='grc' dir='ltr'>ἐκ</span> <span class='ocrx_word' id='word_1_576' title='bbox 2336 3759 2606 3830; x_wconf 80' lang='grc' dir='ltr'>στόματος</span> <span class='ocrx_word' id='word_1_577' title='bbox 2641 3763 2734 3812; x_wconf 84' lang='grc' dir='ltr'><strong>τοῦ</strong></span> <span class='ocrx_word' id='word_1_578' title='bbox 2765 3761 3013 3835; x_wconf 82' lang='grc' dir='ltr'>Παχυρᾶ,</span> <span class='ocrx_word' id='word_1_579' title='bbox 3047 3756 3127 3812; x_wconf 65' lang='grc' dir='ltr'><strong>ότι</strong></span> <span class='ocrx_word' id='word_1_580' title='bbox 3181 3758 3208 3811; x_wconf 89' lang='lat'><strong>6</strong></span> <span class='ocrx_word' id='word_1_581' title='bbox 3269 3757 3501 3833; x_wconf 78' lang='grc' dir='ltr'>Χριστὸς</span> <span class='ocrx_word' id='word_1_582' title='bbox 3542 3752 3681 3824; x_wconf 79' lang='grc' dir='ltr'>Λόγος</span> <span class='ocrx_word' id='word_1_583' title='bbox 3711 3744 3780 3800; x_wconf 57' lang='lat' dir='ltr'><strong>iri</strong></span> 
     </span>
    </p>
   </div>
   <div class='ocr_carea' id='block_1_77' title="bbox 495 3839 2143 3922">
    <p class='ocr_par' dir='ltr' id='par_1_77' title="bbox 495 3839 2143 3922">
     <span class='ocr_line' id='line_1_77' title="bbox 495 3839 2143 3922; baseline 0 -20"><span class='ocrx_word' id='word_1_584' title='bbox 495 3857 681 3922; x_wconf 84' lang='lat' dir='ltr'><strong>quare</strong></span> <span class='ocrx_word' id='word_1_585' title='bbox 707 3839 978 3903; x_wconf 86' lang='lat' dir='ltr'><strong>asseritis</strong></span> <span class='ocrx_word' id='word_1_586' title='bbox 1009 3840 1176 3902; x_wconf 90' lang='lat' dir='ltr'><strong>illum</strong></span> <span class='ocrx_word' id='word_1_587' title='bbox 1213 3848 1479 3903; x_wconf 90' lang='lat' dir='ltr'><strong>creatum</strong></span> <span class='ocrx_word' id='word_1_588' title='bbox 1513 3840 1719 3918; x_wconf 81' lang='lat' dir='ltr'><strong>fuisse,</strong></span> <span class='ocrx_word' id='word_1_589' title='bbox 1765 3849 1829 3902; x_wconf 92' lang='lat' dir='ltr'><strong>ut</strong></span> <span class='ocrx_word' id='word_1_590' title='bbox 1863 3840 2143 3903; x_wconf 89' lang='lat' dir='ltr'><strong>Muham-</strong></span> 
     </span>
    </p>
   </div>
   <div class='ocr_carea' id='block_1_78' title="bbox 494 3927 2146 4011">
    <p class='ocr_par' dir='ltr' id='par_1_78' title="bbox 494 3927 2146 4011">
     <span class='ocr_line' id='line_1_78' title="bbox 494 3927 2146 4011; baseline 0 -20"><span class='ocrx_word' id='word_1_591' title='bbox 494 3927 635 3991; x_wconf 88' lang='lat' dir='ltr'><strong>med</strong></span> <span class='ocrx_word' id='word_1_592' title='bbox 667 3935 727 3990; x_wconf 90' lang='lat' dir='ltr'><strong>et</strong></span> <span class='ocrx_word' id='word_1_593' title='bbox 755 3928 880 3994; x_wconf 90' lang='lat' dir='ltr'><strong>alii.</strong></span> <span class='ocrx_word' id='word_1_594' title='bbox 908 3930 983 3993; x_wconf 91' lang='lat' dir='ltr'><strong>Et</strong></span> <span class='ocrx_word' id='word_1_595' title='bbox 1004 3929 1055 3990; x_wconf 88' lang='lat' dir='ltr'><strong>si</strong></span> <span class='ocrx_word' id='word_1_596' title='bbox 1079 3927 1382 3991; x_wconf 88' lang='lat' dir='ltr'><strong>Christum</strong></span> <span class='ocrx_word' id='word_1_597' title='bbox 1401 3937 1491 3992; x_wconf 88' lang='lat' dir='ltr'><strong>est</strong></span> <span class='ocrx_word' id='word_1_598' title='bbox 1520 3928 1784 3992; x_wconf 89' lang='lat' dir='ltr'><strong>Verbum</strong></span> <span class='ocrx_word' id='word_1_599' title='bbox 1813 3929 2146 4011; x_wconf 84' lang='lat' dir='ltr'><strong>Dei,curil-</strong></span> 
     </span>
    </p>
   </div>
   <div class='ocr_carea' id='block_1_79' title="bbox 494 4015 2140 4098">
    <p class='ocr_par' dir='ltr' id='par_1_79' title="bbox 494 4015 2140 4098">
     <span class='ocr_line' id='line_1_79' title="bbox 494 4015 2140 4098; baseline 0 -18"><span class='ocrx_word' id='word_1_600' title='bbox 494 4016 623 4080; x_wconf 93' lang='lat' dir='ltr'><strong>lum</strong></span> <span class='ocrx_word' id='word_1_601' title='bbox 653 4018 1005 4098; x_wconf 86' lang='lat' dir='ltr'><strong>prophetam</strong></span> <span class='ocrx_word' id='word_1_602' title='bbox 1036 4032 1235 4078; x_wconf 85' lang='lat' dir='ltr'><strong>vocas.</strong></span> <span class='ocrx_word' id='word_1_603' title='bbox 1296 4015 1486 4089; x_wconf 91' lang='lat' dir='ltr'><strong>Quem</strong></span> <span class='ocrx_word' id='word_1_604' title='bbox 1527 4017 1902 4080; x_wconf 80' lang='lat' dir='ltr'><strong>inveniemus</strong></span> <span class='ocrx_word' id='word_1_605' title='bbox 1933 4021 1994 4080; x_wconf 90' lang='lat' dir='ltr'><strong>iu</strong></span> <span class='ocrx_word' id='word_1_606' title='bbox 2024 4021 2140 4083; x_wconf 90' lang='lat' dir='ltr'><strong>Co-</strong></span> 
     </span>
    </p>
   </div>
   <div class='ocr_carea' id='block_1_80' title="bbox 494 4105 2144 4185">
    <p class='ocr_par' dir='ltr' id='par_1_80' title="bbox 494 4105 2144 4185">
     <span class='ocr_line' id='line_1_80' title="bbox 494 4105 2144 4185; baseline 0.001 -16"><span class='ocrx_word' id='word_1_607' title='bbox 494 4124 644 4169; x_wconf 90' lang='lat' dir='ltr'><strong>rano</strong></span> <span class='ocrx_word' id='word_1_608' title='bbox 676 4114 777 4168; x_wconf 92' lang='lat' dir='ltr'><strong>tuo</strong></span> <span class='ocrx_word' id='word_1_609' title='bbox 800 4106 1035 4168; x_wconf 86' lang='lat' dir='ltr'><strong>duobus</strong></span> <span class='ocrx_word' id='word_1_610' title='bbox 1058 4106 1152 4168; x_wconf 90' lang='lat' dir='ltr'><strong>his</strong></span> <span class='ocrx_word' id='word_1_611' title='bbox 1179 4105 1529 4169; x_wconf 88' lang='lat' dir='ltr'><strong>nominibus</strong></span> <span class='ocrx_word' id='word_1_612' title='bbox 1551 4107 1950 4185; x_wconf 82' lang='lat' dir='ltr'><strong>designatum.</strong></span> <span class='ocrx_word' id='word_1_613' title='bbox 1968 4107 2144 4171; x_wconf 86' lang='lat' dir='ltr'><strong>Jesus</strong></span> 
     </span>
    </p>
   </div>
   <div class='ocr_carea' id='block_1_81' title="bbox 495 4194 2146 4279">
    <p class='ocr_par' dir='ltr' id='par_1_81' title="bbox 495 4194 2146 4279">
     <span class='ocr_line' id='line_1_81' title="bbox 495 4194 2146 4279; baseline -0.001 -19"><span class='ocrx_word' id='word_1_614' title='bbox 495 4194 793 4270; x_wconf 87' lang='lat' dir='ltr'><strong>Christus,</strong></span> <span class='ocrx_word' id='word_1_615' title='bbox 826 4195 888 4258; x_wconf 87' lang='lat' dir='ltr'><strong>id</strong></span> <span class='ocrx_word' id='word_1_616' title='bbox 919 4204 1012 4258; x_wconf 87' lang='lat' dir='ltr'><strong>est</strong></span> <span class='ocrx_word' id='word_1_617' title='bbox 1040 4194 1199 4258; x_wconf 85' lang='lat' dir='ltr'><strong>Deus</strong></span> <span class='ocrx_word' id='word_1_618' title='bbox 1230 4203 1287 4257; x_wconf 93' lang='lat' dir='ltr'><strong>et</strong></span> <span class='ocrx_word' id='word_1_619' title='bbox 1317 4195 1539 4260; x_wconf 85' lang='lat' dir='ltr'><strong>homo?</strong></span> <span class='ocrx_word' id='word_1_620' title='bbox 1568 4195 1711 4271; x_wconf 91' lang='lat' dir='ltr'><strong>Quis</strong></span> <span class='ocrx_word' id='word_1_621' title='bbox 1734 4197 2028 4279; x_wconf 89' lang='lat' dir='ltr'><strong>propheta</strong></span> <span class='ocrx_word' id='word_1_622' title='bbox 2048 4197 2146 4260; x_wconf 91' lang='lat' dir='ltr'><strong>di-</strong></span> 
     </span>
    </p>
   </div>
   <div class='ocr_carea' id='block_1_82' title="bbox 497 4283 1390 4366">
    <p class='ocr_par' dir='ltr' id='par_1_82' title="bbox 497 4283 1390 4366">
     <span class='ocr_line' id='line_1_82' title="bbox 497 4283 1390 4366; baseline 0 -18"><span class='ocrx_word' id='word_1_623' title='bbox 497 4292 632 4348; x_wconf 84' lang='lat' dir='ltr'><strong>ctus</strong></span> <span class='ocrx_word' id='word_1_624' title='bbox 654 4284 948 4366; x_wconf 82' lang='lat' dir='ltr'><strong>propheta</strong></span> <span class='ocrx_word' id='word_1_625' title='bbox 977 4292 1036 4348; x_wconf 88' lang='lat' dir='ltr'><strong>et</strong></span> <span class='ocrx_word' id='word_1_626' title='bbox 1064 4283 1390 4366; x_wconf 89' lang='lat' dir='ltr'><strong>apostolus.</strong></span> 
     </span>
    </p>
   </div>
   <div class='ocr_carea' id='block_1_83' title="bbox 576 4458 2142 4538">
    <p class='ocr_par' dir='ltr' id='par_1_83' title="bbox 576 4458 2142 4538">
     <span class='ocr_line' id='line_1_83' title="bbox 576 4458 2142 4538; baseline -0.001 -14"><span class='ocrx_word' id='word_1_627' title='bbox 576 4458 856 4538; x_wconf 66' lang='lat' dir='ltr'><strong>Christus</strong></span> <span class='ocrx_word' id='word_1_628' title='bbox 875 4466 970 4523; x_wconf 90' lang='lat' dir='ltr'><strong>est</strong></span> <span class='ocrx_word' id='word_1_629' title='bbox 996 4458 1262 4524; x_wconf 88' lang='lat' dir='ltr'><strong>Verbum</strong></span> <span class='ocrx_word' id='word_1_630' title='bbox 1293 4458 1399 4525; x_wconf 89' lang='lat' dir='ltr'><strong>Dei</strong></span> <span class='ocrx_word' id='word_1_631' title='bbox 1430 4468 1490 4524; x_wconf 90' lang='lat' dir='ltr'><strong>et</strong></span> <span class='ocrx_word' id='word_1_632' title='bbox 1534 4463 1658 4525; x_wconf 81' lang='lat' dir='ltr'><strong>Deo</strong></span> <span class='ocrx_word' id='word_1_633' title='bbox 1687 4479 1943 4526; x_wconf 67' lang='lat' dir='ltr'><strong>coaevus.</strong></span> <span class='ocrx_word' id='word_1_634' title='bbox 1977 4462 2142 4535; x_wconf 88' lang='lat' dir='ltr'><strong>Quo-</strong></span> 
     </span>
    </p>
   </div>
   <div class='ocr_carea' id='block_1_84' title="bbox 495 4549 2146 4628">
    <p class='ocr_par' dir='ltr' id='par_1_84' title="bbox 495 4549 2146 4628">
     <span class='ocr_line' id='line_1_84' title="bbox 495 4549 2146 4628; baseline -0.001 -15"><span class='ocrx_word' id='word_1_635' title='bbox 495 4549 678 4613; x_wconf 87' lang='lat' dir='ltr'><strong>modo</strong></span> <span class='ocrx_word' id='word_1_636' title='bbox 728 4550 1011 4614; x_wconf 88' lang='lat' dir='ltr'><strong>convenit</strong></span> <span class='ocrx_word' id='word_1_637' title='bbox 1039 4569 1262 4613; x_wconf 89' lang='lat' dir='ltr'><strong>nomen</strong></span> <span class='ocrx_word' id='word_1_638' title='bbox 1319 4551 1452 4628; x_wconf 92' lang='lat' dir='ltr'><strong>Dei,</strong></span> <span class='ocrx_word' id='word_1_639' title='bbox 1487 4551 1761 4614; x_wconf 89' lang='lat' dir='ltr'><strong>criminis</strong></span> <span class='ocrx_word' id='word_1_640' title='bbox 1807 4559 1866 4615; x_wconf 87' lang='lat' dir='ltr'><strong>et</strong></span> <span class='ocrx_word' id='word_1_641' title='bbox 1896 4551 2146 4614; x_wconf 88' lang='lat' dir='ltr'><strong>sceleris</strong></span> 
     </span>
    </p>
   </div>
   <div class='ocr_carea' id='block_1_85' title="bbox 494 4640 2146 4724">
    <p class='ocr_par' dir='ltr' id='par_1_85' title="bbox 494 4640 2146 4724">
     <span class='ocr_line' id='line_1_85' title="bbox 494 4640 2146 4724; baseline 0.001 -22"><span class='ocrx_word' id='word_1_642' title='bbox 494 4640 636 4722; x_wconf 89' lang='lat' dir='ltr'><strong>puri</strong></span> <span class='ocrx_word' id='word_1_643' title='bbox 667 4647 728 4704; x_wconf 89' lang='lat' dir='ltr'><strong>et</strong></span> <span class='ocrx_word' id='word_1_644' title='bbox 769 4640 1150 4716; x_wconf 87' lang='lat' dir='ltr'><strong>immortalis,</strong></span> <span class='ocrx_word' id='word_1_645' title='bbox 1204 4641 1438 4704; x_wconf 91' lang='lat' dir='ltr'><strong>nomini</strong></span> <span class='ocrx_word' id='word_1_646' title='bbox 1485 4641 1650 4704; x_wconf 87' lang='lat' dir='ltr'><strong>illius</strong></span> <span class='ocrx_word' id='word_1_647' title='bbox 1679 4643 1779 4724; x_wconf 93' lang='lat' dir='ltr'><strong>qui</strong></span> <span class='ocrx_word' id='word_1_648' title='bbox 1811 4643 1870 4704; x_wconf 91' lang='lat' dir='ltr'><strong>in</strong></span> <span class='ocrx_word' id='word_1_649' title='bbox 1903 4650 2146 4723; x_wconf 87' lang='lat' dir='ltr'><strong>peccato</strong></span> 
     </span>
    </p>
   </div>
   <div class='ocr_carea' id='block_1_86' title="bbox 2225 3834 3770 3921">
    <p class='ocr_par' dir='ltr' id='par_1_86' title="bbox 2225 3834 3770 3921">
     <span class='ocr_line' id='line_1_86' title="bbox 2225 3834 3770 3921; baseline 0.001 -21"><span class='ocrx_word' id='word_1_650' title='bbox 2225 3852 2319 3900; x_wconf 74' lang='grc' dir='ltr'>τοῦ</span> <span class='ocrx_word' id='word_1_651' title='bbox 2375 3848 2528 3919; x_wconf 67' lang='grc' dir='ltr'>Θεοῦ,</span> <span class='ocrx_word' id='word_1_652' title='bbox 2589 3843 2676 3901; x_wconf 80' lang='grc' dir='ltr'><strong>διὰ</strong></span> <span class='ocrx_word' id='word_1_653' title='bbox 2717 3847 2768 3901; x_wconf 91' lang='grc' dir='ltr'><strong>τί</strong></span> <span class='ocrx_word' id='word_1_654' title='bbox 2809 3845 2996 3921; x_wconf 63' lang='grc' dir='ltr'>λέγετε</span> <span class='ocrx_word' id='word_1_655' title='bbox 3049 3844 3204 3902; x_wconf 77' lang='grc' dir='ltr'>αὒτόν</span> <span class='ocrx_word' id='word_1_656' title='bbox 3260 3846 3499 3915; x_wconf 77' lang='grc' dir='ltr'>κτιστὸν,</span> <span class='ocrx_word' id='word_1_657' title='bbox 3557 3843 3620 3902; x_wconf 72' lang='grc' dir='ltr'><strong>ὥς</strong></span> <span class='ocrx_word' id='word_1_658' title='bbox 3665 3834 3770 3891; x_wconf 63' lang='grc' dir='ltr'>αὖτδν</span> 
     </span>
    </p>
   </div>
   <div class='ocr_carea' id='block_1_87' title="bbox 2227 3923 3781 4025">
    <p class='ocr_par' dir='ltr' id='par_1_87' title="bbox 2227 3923 3781 4025">
     <span class='ocr_line' id='line_1_87' title="bbox 2227 3923 3781 4025; baseline -0.017 -35"><span class='ocrx_word' id='word_1_659' title='bbox 2227 3935 2524 4014; x_wconf 78' lang='grc' dir='ltr'>Μουχάμετ</span> <span class='ocrx_word' id='word_1_660' title='bbox 2555 3955 2571 4015; x_wconf 81' lang='grc'><strong>;</strong></span> <span class='ocrx_word' id='word_1_661' title='bbox 2606 3936 2696 3992; x_wconf 82' lang='grc' dir='ltr'>καὶ</span> <span class='ocrx_word' id='word_1_662' title='bbox 2725 3936 2785 3990; x_wconf 74' lang='grc' dir='ltr'>τὸ</span> <span class='ocrx_word' id='word_1_663' title='bbox 2817 3934 3028 3996; x_wconf 84' lang='grc' dir='ltr'>λοιπόν,</span> <span class='ocrx_word' id='word_1_664' title='bbox 3068 3935 3164 3992; x_wconf 70' lang='grc' dir='ltr'>Καὶ</span> <span class='ocrx_word' id='word_1_665' title='bbox 3215 3935 3260 3988; x_wconf 71' lang='grc' dir='ltr'><strong>εὶ</strong></span> <span class='ocrx_word' id='word_1_666' title='bbox 3318 3931 3490 4010; x_wconf 70' lang='grc' dir='ltr'>Λόγος</span> <span class='ocrx_word' id='word_1_667' title='bbox 3532 3937 3644 3986; x_wconf 65' lang='grc' dir='ltr'><strong>θεοῦ</strong></span> <span class='ocrx_word' id='word_1_668' title='bbox 3689 3923 3781 4025; x_wconf 60' lang='grc' dir='ltr'>ἱστιῖ</span> 
     </span>
    </p>
   </div>
   <div class='ocr_carea' id='block_1_88' title="bbox 2225 4022 3781 4102">
    <p class='ocr_par' dir='ltr' id='par_1_88' title="bbox 2225 4022 3781 4102">
     <span class='ocr_line' id='line_1_88' title="bbox 2225 4022 3781 4102; baseline -0.028 4"><span class='ocrx_word' id='word_1_669' title='bbox 2225 4024 2253 4079; x_wconf 69' lang='grc' dir='ltr'>δ</span> <span class='ocrx_word' id='word_1_670' title='bbox 2299 4026 2550 4102; x_wconf 64' lang='grc' dir='ltr'><strong>Χριστὸς»</strong></span> <span class='ocrx_word' id='word_1_671' title='bbox 2588 4030 2701 4088; x_wconf 71' lang='grc' dir='ltr'><strong>πῶς</strong></span> <span class='ocrx_word' id='word_1_672' title='bbox 2757 4023 2915 4080; x_wconf 66' lang='grc' dir='ltr'>αὖτδν</span> <span class='ocrx_word' id='word_1_673' title='bbox 2973 4024 3262 4101; x_wconf 74' lang='grc' dir='ltr'>προφήτην</span> <span class='ocrx_word' id='word_1_674' title='bbox 3316 4022 3553 4093; x_wconf 57' lang='lat' dir='ltr'><strong>uulsis;</strong></span> <span class='ocrx_word' id='word_1_675' title='bbox 3600 4022 3726 4072; x_wconf 75' lang='grc' dir='ltr'>Ποῖον</span> <span class='ocrx_word' id='word_1_676' title='bbox 3745 4022 3781 4064; x_wconf 65' lang='grc' dir='ltr'><strong>εν)</strong></span> 
     </span>
    </p>
   </div>
   <div class='ocr_carea' id='block_1_89' title="bbox 2233 4103 3778 4196">
    <p class='ocr_par' dir='ltr' id='par_1_89' title="bbox 2233 4103 3778 4196">
     <span class='ocr_line' id='line_1_89' title="bbox 2233 4103 3778 4196; baseline -0.005 -26"><span class='ocrx_word' id='word_1_677' title='bbox 2233 4135 2394 4190; x_wconf 85' lang='grc' dir='ltr'>ρομεν</span> <span class='ocrx_word' id='word_1_678' title='bbox 2437 4114 2491 4170; x_wconf 74' lang='grc' dir='ltr'>ἐν</span> <span class='ocrx_word' id='word_1_679' title='bbox 2540 4121 2618 4171; x_wconf 85' lang='grc' dir='ltr'><strong>τῶ</strong></span> <span class='ocrx_word' id='word_1_680' title='bbox 2655 4114 2922 4190; x_wconf 72' lang='grc' dir='ltr'>Κουρανίῳ</span> <span class='ocrx_word' id='word_1_681' title='bbox 2965 4135 3061 4171; x_wconf 84' lang='grc' dir='ltr'><strong>σου</strong></span> <span class='ocrx_word' id='word_1_682' title='bbox 3103 4111 3302 4192; x_wconf 74' lang='grc' dir='ltr'>ἔχοντα</span> <span class='ocrx_word' id='word_1_683' title='bbox 3351 4111 3442 4169; x_wconf 77' lang='grc' dir='ltr'><strong>δύο</strong></span> <span class='ocrx_word' id='word_1_684' title='bbox 3481 4107 3679 4181; x_wconf 70' lang='grc' dir='ltr'>ὀνόματα</span> <span class='ocrx_word' id='word_1_685' title='bbox 3704 4103 3778 4196; x_wconf 50' lang='grc' dir='ltr'><strong>’1ης</strong></span> 
     </span>
    </p>
   </div>
   <div class='ocr_carea' id='block_1_90' title="bbox 2232 4197 3781 4283">
    <p class='ocr_par' dir='ltr' id='par_1_90' title="bbox 2232 4197 3781 4283">
     <span class='ocr_line' id='line_1_90' title="bbox 2232 4197 3781 4283; baseline -0.003 -23"><span class='ocrx_word' id='word_1_686' title='bbox 2232 4211 2355 4261; x_wconf 85' lang='grc' dir='ltr'>σοῦν</span> <span class='ocrx_word' id='word_1_687' title='bbox 2385 4204 2635 4283; x_wconf 77' lang='grc' dir='ltr'>Χριστὸν,</span> <span class='ocrx_word' id='word_1_688' title='bbox 2681 4201 2825 4260; x_wconf 84' lang='grc' dir='ltr'>τοῦτ’</span> <span class='ocrx_word' id='word_1_689' title='bbox 2876 4202 3020 4259; x_wconf 81' lang='grc' dir='ltr'>ἔστιν</span> <span class='ocrx_word' id='word_1_690' title='bbox 3066 4205 3192 4264; x_wconf 82' lang='grc' dir='ltr'>Θεὸς</span> <span class='ocrx_word' id='word_1_691' title='bbox 3253 4203 3352 4258; x_wconf 79' lang='grc' dir='ltr'><strong>καί</strong></span> <span class='ocrx_word' id='word_1_692' title='bbox 3411 4197 3781 4278; x_wconf 48' lang='lat' dir='ltr'><strong>avom-mou“</strong></span> 
     </span>
    </p>
   </div>
   <div class='ocr_carea' id='block_1_91' title="bbox 2227 4285 3669 4374">
    <p class='ocr_par' dir='ltr' id='par_1_91' title="bbox 2227 4285 3669 4374">
     <span class='ocr_line' id='line_1_91' title="bbox 2227 4285 3669 4374; baseline -0.006 -24"><span class='ocrx_word' id='word_1_693' title='bbox 2227 4297 2388 4350; x_wconf 81' lang='grc' dir='ltr'>ποῖον</span> <span class='ocrx_word' id='word_1_694' title='bbox 2419 4294 2702 4374; x_wconf 71' lang='grc' dir='ltr'>προφήτην</span> <span class='ocrx_word' id='word_1_695' title='bbox 2731 4293 2890 4350; x_wconf 82' lang='grc' dir='ltr'>εἶπον</span> <span class='ocrx_word' id='word_1_696' title='bbox 2921 4293 3202 4372; x_wconf 75' lang='grc' dir='ltr'>προφήτην</span> <span class='ocrx_word' id='word_1_697' title='bbox 3233 4292 3321 4348; x_wconf 76' lang='grc' dir='ltr'>καὶ</span> <span class='ocrx_word' id='word_1_698' title='bbox 3349 4285 3630 4347; x_wconf 79' lang='grc' dir='ltr'>ἀπόστολον</span> <span class='ocrx_word' id='word_1_699' title='bbox 3657 4301 3669 4360; x_wconf 77' lang='grc' dir='ltr'>ς</span> 
     </span>
    </p>
   </div>
   <div class='ocr_carea' id='block_1_92' title="bbox 2310 4461 3772 4550">
    <p class='ocr_par' dir='ltr' id='par_1_92' title="bbox 2310 4461 3772 4550">
     <span class='ocr_line' id='line_1_92' title="bbox 2310 4461 3772 4550; baseline -0.015 -12"><span class='ocrx_word' id='word_1_700' title='bbox 2310 4461 2370 4530; x_wconf 53' lang='grc' dir='ltr'>Ὀ</span> <span class='ocrx_word' id='word_1_701' title='bbox 2403 4473 2654 4550; x_wconf 70' lang='grc' dir='ltr'>Χριστὸς,</span> <span class='ocrx_word' id='word_1_702' title='bbox 2689 4469 2862 4548; x_wconf 87' lang='grc' dir='ltr'>Λόγον</span> <span class='ocrx_word' id='word_1_703' title='bbox 2902 4470 3040 4527; x_wconf 78' lang='grc' dir='ltr'>ἐστὶν</span> <span class='ocrx_word' id='word_1_704' title='bbox 3099 4477 3192 4526; x_wconf 78' lang='grc' dir='ltr'>τοῦ</span> <span class='ocrx_word' id='word_1_705' title='bbox 3240 4476 3395 4542; x_wconf 78' lang='grc' dir='ltr'>Θεοῦ,</span> <span class='ocrx_word' id='word_1_706' title='bbox 3455 4465 3538 4524; x_wconf 82' lang='grc' dir='ltr'>καὶ</span> <span class='ocrx_word' id='word_1_707' title='bbox 3562 4463 3772 4550; x_wconf 67' lang='grc' dir='ltr'>σύναρχος.</span> 
     </span>
    </p>
   </div>
   <div class='ocr_carea' id='block_1_93' title="bbox 2228 4549 3772 4644">
    <p class='ocr_par' dir='ltr' id='par_1_93' title="bbox 2228 4549 3772 4644">
     <span class='ocr_line' id='line_1_93' title="bbox 2228 4549 3772 4644; baseline -0.005 -26"><span class='ocrx_word' id='word_1_708' title='bbox 2228 4568 2350 4623; x_wconf 89' lang='grc' dir='ltr'><strong>Πῶς</strong></span> <span class='ocrx_word' id='word_1_709' title='bbox 2408 4560 2580 4618; x_wconf 75' lang='grc' dir='ltr'>ἔοικεν</span> <span class='ocrx_word' id='word_1_710' title='bbox 2637 4564 2701 4618; x_wconf 67' lang='grc' dir='ltr'>τὸ</span> <span class='ocrx_word' id='word_1_711' title='bbox 2755 4559 2923 4630; x_wconf 71' lang='grc' dir='ltr'>ὄνομα</span> <span class='ocrx_word' id='word_1_712' title='bbox 2979 4567 3072 4616; x_wconf 76' lang='lat'><strong>1:03</strong></span> <span class='ocrx_word' id='word_1_713' title='bbox 3128 4565 3260 4614; x_wconf 74' lang='grc' dir='ltr'>Θεοῦ</span> <span class='ocrx_word' id='word_1_714' title='bbox 3319 4567 3412 4616; x_wconf 75' lang='grc' dir='ltr'>τοῦ</span> <span class='ocrx_word' id='word_1_715' title='bbox 3464 4549 3772 4644; x_wconf 53' lang='grc' dir='ltr'>ἀναμαρτήτξῆ</span> 
     </span>
    </p>
   </div>
   <div class='ocr_carea' id='block_1_94' title="bbox 2228 4637 3770 4725">
    <p class='ocr_par' dir='ltr' id='par_1_94' title="bbox 2228 4637 3770 4725">
     <span class='ocr_line' id='line_1_94' title="bbox 2228 4637 3770 4725; baseline -0.006 -17"><span class='ocrx_word' id='word_1_716' title='bbox 2228 4654 2318 4708; x_wconf 79' lang='grc' dir='ltr'><strong>καὶ</strong></span> <span class='ocrx_word' id='word_1_717' title='bbox 2357 4652 2640 4722; x_wconf 73' lang='grc' dir='ltr'>ἀθανάτου,</span> <span class='ocrx_word' id='word_1_718' title='bbox 2692 4657 2764 4723; x_wconf 82' lang='grc' dir='ltr'>τῷ</span> <span class='ocrx_word' id='word_1_719' title='bbox 2809 4651 3032 4725; x_wconf 85' lang='grc' dir='ltr'>ὀνόματι</span> <span class='ocrx_word' id='word_1_720' title='bbox 3080 4658 3174 4706; x_wconf 80' lang='grc' dir='ltr'>τοῦ</span> <span class='ocrx_word' id='word_1_721' title='bbox 3203 4646 3256 4712; x_wconf 77' lang='grc' dir='ltr'><strong>ἒξ</strong></span> <span class='ocrx_word' id='word_1_722' title='bbox 3288 4647 3538 4724; x_wconf 79' lang='grc' dir='ltr'>ἁμαρτίας</span> <span class='ocrx_word' id='word_1_723' title='bbox 3566 4637 3770 4718; x_wconf 68' lang='grc' dir='ltr'>γενντιθιν</span> 
     </span>
    </p>
   </div>
   <div class='ocr_carea' id='block_1_95' title="bbox 493 4725 2145 4821">
    <p class='ocr_par' dir='ltr' id='par_1_95' title="bbox 493 4731 2145 4816">
     <span class='ocr_line' id='line_1_95' title="bbox 493 4731 2145 4816; baseline 0 -22"><span class='ocrx_word' id='word_1_724' title='bbox 493 4738 670 4795; x_wconf 88' lang='lat' dir='ltr'><strong>natus</strong></span> <span class='ocrx_word' id='word_1_725' title='bbox 700 4740 812 4808; x_wconf 91' lang='lat' dir='ltr'><strong>est,</strong></span> <span class='ocrx_word' id='word_1_726' title='bbox 843 4731 945 4814; x_wconf 90' lang='lat' dir='ltr'><strong>qui</strong></span> <span class='ocrx_word' id='word_1_727' title='bbox 971 4739 1284 4814; x_wconf 89' lang='lat' dir='ltr'><strong>peccatum</strong></span> <span class='ocrx_word' id='word_1_728' title='bbox 1305 4733 1492 4812; x_wconf 87' lang='lat' dir='ltr'><strong>novit,</strong></span> <span class='ocrx_word' id='word_1_729' title='bbox 1520 4741 1581 4797; x_wconf 86' lang='lat' dir='ltr'><strong>et</strong></span> <span class='ocrx_word' id='word_1_730' title='bbox 1612 4733 1674 4795; x_wconf 90' lang='lat' dir='ltr'><strong>in</strong></span> <span class='ocrx_word' id='word_1_731' title='bbox 1687 4736 1955 4816; x_wconf 87' lang='lat' dir='ltr'><strong>peccatis</strong></span> <span class='ocrx_word' id='word_1_732' title='bbox 1981 4751 2145 4796; x_wconf 90' lang='lat' dir='ltr'><strong>mor-</strong></span> 
     </span>
    </p>
   </div>
   <div class='ocr_carea' id='block_1_96' title="bbox 2228 4725 3772 4821">
    <p class='ocr_par' dir='ltr' id='par_1_96' title="bbox 2229 4725 3772 4816">
     <span class='ocr_line' id='line_1_96' title="bbox 2229 4725 3772 4816; baseline -0.006 -18"><span class='ocrx_word' id='word_1_733' title='bbox 2229 4763 2342 4815; x_wconf 86' lang='grc' dir='ltr'>τος,</span> <span class='ocrx_word' id='word_1_734' title='bbox 2399 4742 2619 4804; x_wconf 78' lang='grc' dir='ltr'>καὶτὰς</span> <span class='ocrx_word' id='word_1_735' title='bbox 2676 4740 2936 4816; x_wconf 83' lang='grc' dir='ltr'>ἁμαρτίας</span> <span class='ocrx_word' id='word_1_736' title='bbox 2994 4739 3375 4816; x_wconf 81' lang='grc' dir='ltr'>γνωρίσαντος,</span> <span class='ocrx_word' id='word_1_737' title='bbox 3437 4735 3518 4791; x_wconf 78' lang='grc' dir='ltr'>καὶ</span> <span class='ocrx_word' id='word_1_738' title='bbox 3557 4731 3603 4786; x_wconf 70' lang='grc' dir='ltr'>ἓν</span> <span class='ocrx_word' id='word_1_739' title='bbox 3647 4725 3772 4781; x_wconf 59' lang='lat' dir='ltr'><strong>4W&quot;</strong></span> 
     </span>
    </p>
   </div>
   <div class='ocr_carea' id='block_1_97' title="bbox 493 4827 775 4886">
    <p class='ocr_par' dir='ltr' id='par_1_97' title="bbox 493 4827 775 4886">
     <span class='ocr_line' id='line_1_97' title="bbox 493 4827 775 4886; baseline 0.014 -4"><span class='ocrx_word' id='word_1_740' title='bbox 493 4827 632 4884; x_wconf 91' lang='lat' dir='ltr'><strong>tuus</strong></span> <span class='ocrx_word' id='word_1_741' title='bbox 661 4828 775 4886; x_wconf 85' lang='lat' dir='ltr'><strong>est.</strong></span> 
     </span>
    </p>
   </div>
   <div class='ocr_carea' id='block_1_98' title="bbox 574 4908 2156 4994">
    <p class='ocr_par' dir='ltr' id='par_1_98' title="bbox 574 4908 2156 4994">
     <span class='ocr_line' id='line_1_98' title="bbox 574 4908 2156 4994; baseline 0 -21"><span class='ocrx_word' id='word_1_742' title='bbox 574 4908 761 4974; x_wconf 84' lang='lat' dir='ltr'><strong>Nobis</strong></span> <span class='ocrx_word' id='word_1_743' title='bbox 782 4929 903 4975; x_wconf 89' lang='lat' dir='ltr'><strong>non</strong></span> <span class='ocrx_word' id='word_1_744' title='bbox 923 4919 1014 4974; x_wconf 88' lang='lat' dir='ltr'><strong>est</strong></span> <span class='ocrx_word' id='word_1_745' title='bbox 1036 4921 1413 4994; x_wconf 89' lang='lat' dir='ltr'><strong>compertum</strong></span> <span class='ocrx_word' id='word_1_746' title='bbox 1439 4910 1858 4976; x_wconf 80' lang='lat' dir='ltr'><strong>Mahumedem</strong></span> <span class='ocrx_word' id='word_1_747' title='bbox 1883 4912 2083 4976; x_wconf 86' lang='lat' dir='ltr'><strong>verbis</strong></span> <span class='ocrx_word' id='word_1_748' title='bbox 2097 4921 2156 4974; x_wconf 92' lang='lat' dir='ltr'><strong>et</strong></span> 
     </span>
    </p>
   </div>
   <div class='ocr_carea' id='block_1_99' title="bbox 495 5000 2152 5083">
    <p class='ocr_par' dir='ltr' id='par_1_99' title="bbox 495 5000 2152 5083">
     <span class='ocr_line' id='line_1_99' title="bbox 495 5000 2152 5083; baseline 0 -19"><span class='ocrx_word' id='word_1_749' title='bbox 495 5000 785 5080; x_wconf 83' lang='lat' dir='ltr'><strong>operibus</strong></span> <span class='ocrx_word' id='word_1_750' title='bbox 807 5009 1113 5083; x_wconf 91' lang='lat' dir='ltr'><strong>potentem</strong></span> <span class='ocrx_word' id='word_1_751' title='bbox 1142 5001 1352 5080; x_wconf 84' lang='lat' dir='ltr'><strong>fuisse,</strong></span> <span class='ocrx_word' id='word_1_752' title='bbox 1369 5003 1528 5066; x_wconf 88' lang='lat' dir='ltr'><strong>sicut</strong></span> <span class='ocrx_word' id='word_1_753' title='bbox 1554 5003 1661 5064; x_wconf 87' lang='lat' dir='ltr'><strong>fuit</strong></span> <span class='ocrx_word' id='word_1_754' title='bbox 1684 5002 1830 5065; x_wconf 89' lang='lat' dir='ltr'><strong>olim</strong></span> <span class='ocrx_word' id='word_1_755' title='bbox 1856 5002 2152 5075; x_wconf 86' lang='lat' dir='ltr'><strong>Christus;</strong></span> 
     </span>
    </p>
   </div>
   <div class='ocr_carea' id='block_1_100' title="bbox 496 5087 2154 5166">
    <p class='ocr_par' dir='ltr' id='par_1_100' title="bbox 496 5087 2154 5166">
     <span class='ocr_line' id='line_1_100' title="bbox 496 5087 2154 5166; baseline 0.001 -14"><span class='ocrx_word' id='word_1_756' title='bbox 496 5087 641 5153; x_wconf 85' lang='lat' dir='ltr'><strong>hinc</strong></span> <span class='ocrx_word' id='word_1_757' title='bbox 671 5093 939 5155; x_wconf 88' lang='lat' dir='ltr'><strong>Coranus</strong></span> <span class='ocrx_word' id='word_1_758' title='bbox 968 5091 1186 5166; x_wconf 88' lang='lat' dir='ltr'><strong>asserit</strong></span> <span class='ocrx_word' id='word_1_759' title='bbox 1238 5091 1446 5156; x_wconf 85' lang='lat' dir='ltr'><strong>Jesum</strong></span> <span class='ocrx_word' id='word_1_760' title='bbox 1498 5092 1802 5157; x_wconf 85' lang='lat' dir='ltr'><strong>Christum</strong></span> <span class='ocrx_word' id='word_1_761' title='bbox 1838 5093 2003 5155; x_wconf 90' lang='lat' dir='ltr'><strong>cruci</strong></span> <span class='ocrx_word' id='word_1_762' title='bbox 2036 5110 2154 5154; x_wconf 89' lang='lat' dir='ltr'><strong>non</strong></span> 
     </span>
    </p>
   </div>
   <div class='ocr_carea' id='block_1_101' title="bbox 498 5181 2154 5263">
    <p class='ocr_par' dir='ltr' id='par_1_101' title="bbox 498 5181 2154 5263">
     <span class='ocr_line' id='line_1_101' title="bbox 498 5181 2154 5263; baseline 0.002 -17"><span class='ocrx_word' id='word_1_763' title='bbox 498 5181 687 5246; x_wconf 76' lang='lat' dir='ltr'><strong>fuisse</strong></span> <span class='ocrx_word' id='word_1_764' title='bbox 714 5185 986 5262; x_wconf 79' lang='lat' dir='ltr'><strong>afﬁxum,</strong></span> <span class='ocrx_word' id='word_1_765' title='bbox 1023 5204 1137 5250; x_wconf 89' lang='lat' dir='ltr'><strong>nec</strong></span> <span class='ocrx_word' id='word_1_766' title='bbox 1191 5194 1521 5263; x_wconf 89' lang='lat' dir='ltr'><strong>mortuum,</strong></span> <span class='ocrx_word' id='word_1_767' title='bbox 1557 5205 1635 5250; x_wconf 91' lang='lat' dir='ltr'><strong>ne</strong></span> <span class='ocrx_word' id='word_1_768' title='bbox 1662 5185 1831 5249; x_wconf 90' lang='lat' dir='ltr'><strong>aliud</strong></span> <span class='ocrx_word' id='word_1_769' title='bbox 1875 5205 2154 5249; x_wconf 86' lang='lat' dir='ltr'><strong>resurre-</strong></span> 
     </span>
    </p>
   </div>
   <div class='ocr_carea' id='block_1_102' title="bbox 496 5271 2156 5354">
    <p class='ocr_par' dir='ltr' id='par_1_102' title="bbox 496 5271 2156 5354">
     <span class='ocr_line' id='line_1_102' title="bbox 496 5271 2156 5354; baseline 0.002 -20"><span class='ocrx_word' id='word_1_770' title='bbox 496 5271 715 5334; x_wconf 84' lang='lat' dir='ltr'><strong>ctionis</strong></span> <span class='ocrx_word' id='word_1_771' title='bbox 737 5273 1093 5337; x_wconf 85' lang='lat' dir='ltr'><strong>miraculum</strong></span> <span class='ocrx_word' id='word_1_772' title='bbox 1121 5283 1454 5354; x_wconf 80' lang='lat' dir='ltr'><strong>constaret,</strong></span> <span class='ocrx_word' id='word_1_773' title='bbox 1487 5275 1593 5338; x_wconf 90' lang='lat' dir='ltr'><strong>sed</strong></span> <span class='ocrx_word' id='word_1_774' title='bbox 1625 5276 1795 5338; x_wconf 91' lang='lat' dir='ltr'><strong>illum</strong></span> <span class='ocrx_word' id='word_1_775' title='bbox 1821 5275 1977 5338; x_wconf 87' lang='lat' dir='ltr'><strong>sicut</strong></span> <span class='ocrx_word' id='word_1_776' title='bbox 1998 5278 2156 5340; x_wconf 86' lang='lat' dir='ltr'><strong>Deus</strong></span> 
     </span>
    </p>
   </div>
   <div class='ocr_carea' id='block_1_103' title="bbox 500 5363 2152 5450">
    <p class='ocr_par' dir='ltr' id='par_1_103' title="bbox 500 5363 2152 5450">
     <span class='ocr_line' id='line_1_103' title="bbox 500 5363 2152 5450; baseline 0.001 -22"><span class='ocrx_word' id='word_1_777' title='bbox 500 5363 798 5429; x_wconf 79' lang='lat' dir='ltr'><strong>exsistere</strong></span> <span class='ocrx_word' id='word_1_778' title='bbox 840 5367 1267 5434; x_wconf 89' lang='lat' dir='ltr'><strong>immortalem.</strong></span> <span class='ocrx_word' id='word_1_779' title='bbox 1301 5370 1419 5434; x_wconf 81' lang='lat' dir='ltr'><strong>Sed</strong></span> <span class='ocrx_word' id='word_1_780' title='bbox 1448 5389 1625 5434; x_wconf 89' lang='lat' dir='ltr'><strong>error</strong></span> <span class='ocrx_word' id='word_1_781' title='bbox 1653 5379 1745 5432; x_wconf 92' lang='lat' dir='ltr'><strong>est</strong></span> <span class='ocrx_word' id='word_1_782' title='bbox 1769 5381 1825 5433; x_wconf 92' lang='lat' dir='ltr'><strong>et</strong></span> <span class='ocrx_word' id='word_1_783' title='bbox 1852 5370 2152 5450; x_wconf 84' lang='lat' dir='ltr'><strong>deceptio.</strong></span> 
     </span>
    </p>
   </div>
   <div class='ocr_carea' id='block_1_104' title="bbox 495 5455 2152 5536">
    <p class='ocr_par' dir='ltr' id='par_1_104' title="bbox 495 5455 2152 5536">
     <span class='ocr_line' id='line_1_104' title="bbox 495 5455 2152 5536; baseline -0.001 -15"><span class='ocrx_word' id='word_1_784' title='bbox 495 5456 650 5521; x_wconf 86' lang='lat' dir='ltr'><strong>Nam</strong></span> <span class='ocrx_word' id='word_1_785' title='bbox 674 5455 815 5520; x_wconf 89' lang='lat' dir='ltr'><strong>licet</strong></span> <span class='ocrx_word' id='word_1_786' title='bbox 837 5460 1068 5536; x_wconf 79' lang='lat' dir='ltr'><strong>negetis</strong></span> <span class='ocrx_word' id='word_1_787' title='bbox 1091 5461 1249 5522; x_wconf 88' lang='lat' dir='ltr'><strong>illius</strong></span> <span class='ocrx_word' id='word_1_788' title='bbox 1263 5480 1505 5525; x_wconf 91' lang='lat' dir='ltr'><strong>crucem</strong></span> <span class='ocrx_word' id='word_1_789' title='bbox 1531 5471 1590 5524; x_wconf 95' lang='lat' dir='ltr'><strong>et</strong></span> <span class='ocrx_word' id='word_1_790' title='bbox 1610 5461 2152 5536; x_wconf 83' lang='lat' dir='ltr'><strong>resurrectionem,</strong></span> 
     </span>
    </p>
   </div>
   <div class='ocr_carea' id='block_1_105' title="bbox 501 5547 2152 5630">
    <p class='ocr_par' dir='ltr' id='par_1_105' title="bbox 501 5547 2152 5630">
     <span class='ocr_line' id='line_1_105' title="bbox 501 5547 2152 5630; baseline 0.001 -22"><span class='ocrx_word' id='word_1_791' title='bbox 501 5563 811 5628; x_wconf 85' lang='lat' dir='ltr'><strong>nunquam</strong></span> <span class='ocrx_word' id='word_1_792' title='bbox 846 5547 1117 5627; x_wconf 87' lang='lat' dir='ltr'><strong>poteritis</strong></span> <span class='ocrx_word' id='word_1_793' title='bbox 1147 5567 1369 5630; x_wconf 89' lang='lat' dir='ltr'><strong>negare</strong></span> <span class='ocrx_word' id='word_1_794' title='bbox 1399 5551 1909 5614; x_wconf 87' lang='lat' dir='ltr'><strong>resurrectionem</strong></span> <span class='ocrx_word' id='word_1_795' title='bbox 1945 5567 2152 5611; x_wconf 92' lang='lat' dir='ltr'><strong>eorum</strong></span> 
     </span>
    </p>
   </div>
   <div class='ocr_carea' id='block_1_106' title="bbox 508 5636 2157 5722">
    <p class='ocr_par' dir='ltr' id='par_1_106' title="bbox 508 5636 2157 5722">
     <span class='ocr_line' id='line_1_106' title="bbox 508 5636 2157 5722; baseline 0.001 -24"><span class='ocrx_word' id='word_1_796' title='bbox 508 5653 662 5717; x_wconf 87' lang='lat' dir='ltr'><strong>quos</strong></span> <span class='ocrx_word' id='word_1_797' title='bbox 692 5654 764 5702; x_wconf 85' lang='lat' dir='ltr'><strong>ex</strong></span> <span class='ocrx_word' id='word_1_798' title='bbox 785 5636 1038 5701; x_wconf 85' lang='lat' dir='ltr'><strong>mortuis</strong></span> <span class='ocrx_word' id='word_1_799' title='bbox 1070 5639 1368 5704; x_wconf 81' lang='lat' dir='ltr'><strong>excitavit.</strong></span> <span class='ocrx_word' id='word_1_800' title='bbox 1391 5639 1519 5704; x_wconf 85' lang='lat' dir='ltr'><strong>Hoc</strong></span> <span class='ocrx_word' id='word_1_801' title='bbox 1539 5643 1776 5722; x_wconf 83' lang='lat' dir='ltr'><strong>signum</strong></span> <span class='ocrx_word' id='word_1_802' title='bbox 1810 5639 1912 5702; x_wconf 89' lang='lat' dir='ltr'><strong>tibi</strong></span> <span class='ocrx_word' id='word_1_803' title='bbox 1933 5639 2157 5703; x_wconf 80' lang='lat' dir='ltr'><strong>sufﬁcit</strong></span> 
     </span>
    </p>
   </div>
   <div class='ocr_carea' id='block_1_107' title="bbox 2235 4830 3769 4909">
    <p class='ocr_par' dir='ltr' id='par_1_107' title="bbox 2235 4830 3769 4909">
     <span class='ocr_line' id='line_1_107' title="bbox 2235 4830 3769 4909; baseline 0.001 -20"><span class='ocrx_word' id='word_1_804' title='bbox 2235 4838 2414 4896; x_wconf 79' lang='grc' dir='ltr'>κακῶς</span> <span class='ocrx_word' id='word_1_805' title='bbox 2451 4830 2809 4890; x_wconf 77' lang='grc' dir='ltr'>ἀποθανόντος</span> <span class='ocrx_word' id='word_1_806' title='bbox 2841 4847 2858 4909; x_wconf 71' lang='grc' dir='ltr'>ς</span> <span class='ocrx_word' id='word_1_807' title='bbox 3763 4892 3769 4903; x_wconf 62' lang='grc'><strong>,</strong></span> 
     </span>
    </p>
   </div>
   <div class='ocr_carea' id='block_1_108' title="bbox 2317 4907 3769 4996">
    <p class='ocr_par' dir='ltr' id='par_1_108' title="bbox 2317 4907 3769 4996">
     <span class='ocr_line' id='line_1_108' title="bbox 2317 4907 3769 4996; baseline -0.007 -20"><span class='ocrx_word' id='word_1_808' title='bbox 2317 4921 2428 4979; x_wconf 71' lang='grc' dir='ltr'><strong>Οὔκ</strong></span> <span class='ocrx_word' id='word_1_809' title='bbox 2481 4919 2706 4994; x_wconf 76' lang='grc' dir='ltr'>οἴδαμεν</span> <span class='ocrx_word' id='word_1_810' title='bbox 2753 4921 2843 4975; x_wconf 76' lang='grc' dir='ltr'>τὸν</span> <span class='ocrx_word' id='word_1_811' title='bbox 2901 4915 3204 4996; x_wconf 75' lang='grc' dir='ltr'>Μουχάμετ</span> <span class='ocrx_word' id='word_1_812' title='bbox 3253 4913 3468 4970; x_wconf 74' lang='grc' dir='ltr'>δυνατὸν</span> <span class='ocrx_word' id='word_1_813' title='bbox 3496 4910 3544 4966; x_wconf 81' lang='grc' dir='ltr'>ἑν</span> <span class='ocrx_word' id='word_1_814' title='bbox 3568 4907 3679 4985; x_wconf 73' lang='grc' dir='ltr'>’ἔργῳ</span> <span class='ocrx_word' id='word_1_815' title='bbox 3714 4917 3769 4950; x_wconf 62' lang='grc' dir='ltr'><strong>ηδε</strong></span> 
     </span>
    </p>
   </div>
   <div class='ocr_carea' id='block_1_109' title="bbox 2245 4997 3771 5093">
    <p class='ocr_par' dir='ltr' id='par_1_109' title="bbox 2245 4997 3771 5093">
     <span class='ocr_line' id='line_1_109' title="bbox 2245 4997 3771 5093; baseline -0.009 -29"><span class='ocrx_word' id='word_1_816' title='bbox 2245 5012 2405 5088; x_wconf 71' lang='grc' dir='ltr'>λόγῳ,</span> <span class='ocrx_word' id='word_1_817' title='bbox 2440 5009 2621 5087; x_wconf 77' lang='grc' dir='ltr'>ὥσπερ</span> <span class='ocrx_word' id='word_1_818' title='bbox 2680 5010 2773 5065; x_wconf 74' lang='grc' dir='ltr'><strong>τὸν</strong></span> <span class='ocrx_word' id='word_1_819' title='bbox 2810 5009 3060 5086; x_wconf 80' lang='grc' dir='ltr'>Χριστόν,</span> <span class='ocrx_word' id='word_1_820' title='bbox 3123 5006 3220 5061; x_wconf 82' lang='grc' dir='ltr'>Διά</span> <span class='ocrx_word' id='word_1_821' title='bbox 3251 5011 3405 5061; x_wconf 84' lang='grc' dir='ltr'>τοῦτο</span> <span class='ocrx_word' id='word_1_822' title='bbox 3447 5001 3576 5077; x_wconf 65' lang='grc' dir='ltr'>λέγει</span> <span class='ocrx_word' id='word_1_823' title='bbox 3601 4997 3650 5051; x_wconf 75' lang='grc' dir='ltr'>τὸ</span> <span class='ocrx_word' id='word_1_824' title='bbox 3685 5000 3771 5093; x_wconf 60' lang='grc' dir='ltr'><strong>ξω·</strong></span> 
     </span>
    </p>
   </div>
   <div class='ocr_carea' id='block_1_110' title="bbox 2238 5091 3776 5180">
    <p class='ocr_par' dir='ltr' id='par_1_110' title="bbox 2238 5091 3767 5180">
     <span class='ocr_line' id='line_1_110' title="bbox 2238 5091 3767 5180; baseline -0.016 -20"><span class='ocrx_word' id='word_1_825' title='bbox 2238 5101 2417 5179; x_wconf 78' lang='grc' dir='ltr'>ράνιον</span> <span class='ocrx_word' id='word_1_826' title='bbox 2457 5121 2571 5170; x_wconf 71' lang='grc' dir='ltr'>σου,</span> <span class='ocrx_word' id='word_1_827' title='bbox 2605 5095 2686 5154; x_wconf 78' lang='grc' dir='ltr'>ὅτι</span> <span class='ocrx_word' id='word_1_828' title='bbox 2730 5099 2822 5154; x_wconf 70' lang='grc' dir='ltr'><strong>τὸν</strong></span> <span class='ocrx_word' id='word_1_829' title='bbox 2867 5096 3080 5164; x_wconf 83' lang='grc' dir='ltr'>Ἰησοῦν</span> <span class='ocrx_word' id='word_1_830' title='bbox 3140 5096 3366 5171; x_wconf 80' lang='grc' dir='ltr'>Χριστὸν</span> <span class='ocrx_word' id='word_1_831' title='bbox 3422 5091 3530 5148; x_wconf 71' lang='grc' dir='ltr'>οὔτε</span> <span class='ocrx_word' id='word_1_832' title='bbox 3578 5091 3767 5180; x_wconf 42' lang='lat' dir='ltr'><strong>testigat-</strong></span> 
     </span>
    </p>
   </div>
   <div class='ocr_carea' id='block_1_111' title="bbox 2239 5174 3776 5276">
    <p class='ocr_par' dir='ltr' id='par_1_111' title="bbox 2239 5174 3776 5276">
     <span class='ocr_line' id='line_1_111' title="bbox 2239 5174 3776 5276; baseline -0.016 -30"><span class='ocrx_word' id='word_1_833' title='bbox 2239 5212 2359 5265; x_wconf 88' lang='grc' dir='ltr'>σαν,</span> <span class='ocrx_word' id='word_1_834' title='bbox 2394 5189 2512 5245; x_wconf 74' lang='grc' dir='ltr'>οὕτε</span> <span class='ocrx_word' id='word_1_835' title='bbox 2542 5187 2856 5268; x_wconf 74' lang='grc' dir='ltr'>ἒφόνευσαν,</span> <span class='ocrx_word' id='word_1_836' title='bbox 2891 5186 2975 5242; x_wconf 83' lang='grc' dir='ltr'>διὰ</span> <span class='ocrx_word' id='word_1_837' title='bbox 3029 5185 3092 5241; x_wconf 79' lang='grc' dir='ltr'><strong>τὸ</strong></span> <span class='ocrx_word' id='word_1_838' title='bbox 3137 5184 3214 5259; x_wconf 79' lang='grc' dir='ltr'><strong>μὴ</strong></span> <span class='ocrx_word' id='word_1_839' title='bbox 3259 5184 3544 5262; x_wconf 72' lang='grc' dir='ltr'>φανερῶσαι</span> <span class='ocrx_word' id='word_1_840' title='bbox 3588 5174 3776 5276; x_wconf 30' lang='lat' dir='ltr'><strong>ﬁnali-1&quot;&quot;</strong></span> 
     </span>
    </p>
   </div>
   <div class='ocr_carea' id='block_1_112' title="bbox 2238 5251 3771 5353">
    <p class='ocr_par' dir='ltr' id='par_1_112' title="bbox 2238 5251 3771 5353">
     <span class='ocr_line' id='line_1_112' title="bbox 2238 5251 3771 5353; baseline -0.011 -16"><span class='ocrx_word' id='word_1_841' title='bbox 2238 5301 2426 5337; x_wconf 83' lang='grc' dir='ltr'>στασιν</span> <span class='ocrx_word' id='word_1_842' title='bbox 2457 5278 2640 5349; x_wconf 69' lang='grc' dir='ltr'>αὒτου,</span> <span class='ocrx_word' id='word_1_843' title='bbox 2675 5277 2754 5334; x_wconf 74' lang='grc' dir='ltr'>ὅτι</span> <span class='ocrx_word' id='word_1_844' title='bbox 2788 5275 3046 5338; x_wconf 75' lang='grc' dir='ltr'>ἀθάνατος</span> <span class='ocrx_word' id='word_1_845' title='bbox 3089 5274 3332 5353; x_wconf 27' lang='grc' dir='ltr'>ὑπάρχει.</span> <span class='ocrx_word' id='word_1_846' title='bbox 3357 5271 3484 5328; x_wconf 68' lang='grc' dir='ltr'><strong>καθὰ</strong></span> <span class='ocrx_word' id='word_1_847' title='bbox 3512 5263 3640 5325; x_wconf 80' lang='grc' dir='ltr'>Θεός.</span> <span class='ocrx_word' id='word_1_848' title='bbox 3663 5251 3771 5353; x_wconf 45' lang='grc' dir='ltr'>ῗλλλτ</span> 
     </span>
    </p>
   </div>
   <div class='ocr_carea' id='block_1_113' title="bbox 2241 5347 3769 5445">
    <p class='ocr_par' dir='ltr' id='par_1_113' title="bbox 2241 5347 3769 5445">
     <span class='ocr_line' id='line_1_113' title="bbox 2241 5347 3769 5445; baseline -0.025 -17"><span class='ocrx_word' id='word_1_849' title='bbox 2241 5369 2608 5436; x_wconf 81' lang='grc' dir='ltr'>πεπλάνησθε.</span> <span class='ocrx_word' id='word_1_850' title='bbox 2668 5371 2779 5436; x_wconf 81' lang='grc' dir='ltr'><strong>Τὴν</strong></span> <span class='ocrx_word' id='word_1_851' title='bbox 2837 5367 2937 5445; x_wconf 77' lang='grc' dir='ltr'><strong>γὰρ</strong></span> <span class='ocrx_word' id='word_1_852' title='bbox 2994 5365 3296 5440; x_wconf 65' lang='grc' dir='ltr'>σταύρωσιν</span> <span class='ocrx_word' id='word_1_853' title='bbox 3357 5365 3506 5420; x_wconf 59' lang='grc' dir='ltr'><strong>αὐτοῦ</strong></span> <span class='ocrx_word' id='word_1_854' title='bbox 3547 5347 3769 5445; x_wconf 39' lang='lat' dir='ltr'><strong>aperiam:</strong></span> 
     </span>
    </p>
   </div>
   <div class='ocr_carea' id='block_1_114' title="bbox 2236 5441 3768 5534">
    <p class='ocr_par' dir='ltr' id='par_1_114' title="bbox 2236 5441 3768 5534">
     <span class='ocr_line' id='line_1_114' title="bbox 2236 5441 3768 5534; baseline -0.025 -17"><span class='ocrx_word' id='word_1_855' title='bbox 2236 5461 2327 5517; x_wconf 82' lang='grc' dir='ltr'>καὶ</span> <span class='ocrx_word' id='word_1_856' title='bbox 2379 5460 2476 5528; x_wconf 65' lang='grc' dir='ltr'>τῂν</span> <span class='ocrx_word' id='word_1_857' title='bbox 2540 5458 2851 5534; x_wconf 72' lang='grc' dir='ltr'>ἀνάστασιν,</span> <span class='ocrx_word' id='word_1_858' title='bbox 2914 5455 3015 5522; x_wconf 74' lang='grc' dir='ltr'>τὴν</span> <span class='ocrx_word' id='word_1_859' title='bbox 3073 5461 3178 5509; x_wconf 78' lang='grc' dir='ltr'><strong>τῶν</strong></span> <span class='ocrx_word' id='word_1_860' title='bbox 3250 5456 3444 5527; x_wconf 62' lang='grc' dir='ltr'>κεκρῶν</span> <span class='ocrx_word' id='word_1_861' title='bbox 3500 5441 3768 5534; x_wconf 46' lang='grc' dir='ltr'>ἑξανὶστπῗν,</span> 
     </span>
    </p>
   </div>
   <div class='ocr_carea' id='block_1_115' title="bbox 2237 5517 3766 5627">
    <p class='ocr_par' dir='ltr' id='par_1_115' title="bbox 2237 5517 3766 5627">
     <span class='ocr_line' id='line_1_115' title="bbox 2435 5517 3355 5534; baseline -0.022 13"><span class='ocrx_word' id='word_1_862' title='bbox 2435 5517 2446 5528; x_wconf 88' lang='grc'><em>’</em></span> <span class='ocrx_word' id='word_1_863' title='bbox 2839 5517 2851 5534; x_wconf 79' lang='grc'><strong><em>1</em></strong></span> <span class='ocrx_word' id='word_1_864' title='bbox 2975 5517 2984 5522; x_wconf 90' lang='grc'><strong>-</strong></span> <span class='ocrx_word' id='word_1_865' title='bbox 3347 5517 3355 5527; x_wconf 80' lang='lat'><strong>.</strong></span> 
     </span>
     <span class='ocr_line' id='line_1_116' title="bbox 2237 5517 3766 5627; baseline -0.011 -22"><span class='ocrx_word' id='word_1_866' title='bbox 2237 5549 2321 5612; x_wconf 70' lang='grc' dir='ltr'>οὓς</span> <span class='ocrx_word' id='word_1_867' title='bbox 2379 5550 2698 5627; x_wconf 81' lang='grc' dir='ltr'>ἀνέστησεν,</span> <span class='ocrx_word' id='word_1_868' title='bbox 2735 5548 2794 5602; x_wconf 70' lang='grc' dir='ltr'>οὗ</span> <span class='ocrx_word' id='word_1_869' title='bbox 2837 5545 3056 5602; x_wconf 79' lang='grc' dir='ltr'>δύνασαι</span> <span class='ocrx_word' id='word_1_870' title='bbox 3112 5544 3457 5618; x_wconf 70' lang='grc' dir='ltr'>ἀρνήσασθαι.</span> <span class='ocrx_word' id='word_1_871' title='bbox 3503 5536 3564 5592; x_wconf 74' lang='grc' dir='ltr'><strong>Τὸ</strong></span> <span class='ocrx_word' id='word_1_872' title='bbox 3608 5517 3766 5624; x_wconf 69' lang='grc' dir='ltr'><strong>σημξῖθν</strong></span> 
     </span>
    </p>
   </div>
   <div class='ocr_carea' id='block_1_116' title="bbox 2234 5619 3761 5718">
    <p class='ocr_par' dir='ltr' id='par_1_116' title="bbox 2234 5619 3761 5718">
     <span class='ocr_line' id='line_1_117' title="bbox 2234 5619 3761 5718; baseline -0.006 -22"><span class='ocrx_word' id='word_1_873' title='bbox 2234 5640 2392 5718; x_wconf 75' lang='grc' dir='ltr'>ἀρκεῖ</span> <span class='ocrx_word' id='word_1_874' title='bbox 2421 5660 2506 5694; x_wconf 87' lang='grc' dir='ltr'><strong>σοι</strong></span> <span class='ocrx_word' id='word_1_875' title='bbox 2566 5635 2647 5694; x_wconf 74' lang='grc' dir='ltr'>ὅτι</span> <span class='ocrx_word' id='word_1_876' title='bbox 2678 5636 2799 5702; x_wconf 81' lang='grc' dir='ltr'>τοὺς</span> <span class='ocrx_word' id='word_1_877' title='bbox 2837 5633 3052 5710; x_wconf 74' lang='grc' dir='ltr'>νεκροὺς</span> <span class='ocrx_word' id='word_1_878' title='bbox 3109 5632 3342 5688; x_wconf 85' lang='grc' dir='ltr'>ἀνιστῶν</span> <span class='ocrx_word' id='word_1_879' title='bbox 3389 5627 3529 5687; x_wconf 65' lang='grc' dir='ltr'>αὐτὸς</span> <span class='ocrx_word' id='word_1_880' title='bbox 3577 5619 3648 5674; x_wconf 57' lang='grc' dir='ltr'>οὒκ</span> <span class='ocrx_word' id='word_1_881' title='bbox 3688 5625 3761 5664; x_wconf 57' lang='grc'><strong><em>⁸³⁷⁸⁸</em></strong></span> 
     </span>
    </p>
   </div>
  </div>
