3994 6232
165 353 189 417 1
201 351 318 418 397

1349 305 1874 418 CONFUTATIO
1914 345 2284 411 AGARENI.

3267 319 3281 327 ’
3363 340 3520 410 1398

153 491 347 563 ιιροῦτο
394 483 634 560 πώποτε,
669 481 792 540 ἀλλ’
841 485 916 548 ὡς
961 484 1092 548 Θεὸς
1148 481 1406 549 ἀθάνατός
1459 481 1624 544 ἐστιν,
1668 485 1777 546 Πῶς

1873 479 2029 561 quod
2063 486 2336 542 mortuos
2361 476 2670 541 viviﬁcans
2695 475 2830 558 ipse
2873 475 3053 540 morti
3080 491 3204 538 non
3251 475 3365 538 fuit
3393 476 3511 540 ob-
3582 521 3583 524 η

151 581 303 653 γοῦν,
363 575 407 630 εἰ
479 573 738 634 ἀθάνατός
823 573 989 648 ἔστιν,
1052 575 1139 630 καὶ
1196 575 1455 646 ποιητὴς,
1517 575 1607 630 καὶ
1670 578 1791 634 τοὺς

151 664 366 739 νεκροὺς
411 663 665 738 ἀνιστῶν,
699 662 752 727 ἐξ
781 661 903 721 ἴσου
948 665 1090 736 αὖτῷ
1140 663 1228 719 τὸν
1261 664 1525 742 Μαχόμετ
1557 676 1736 726 ποιεῖς
1773 680 1789 736 ;

147 754 238 820 Μὴ
269 754 297 808 6
341 752 641 832 Μουχάμετ
683 749 852 819 ἀνέϐη
884 755 938 807 ἓν
970 750 1274 829 ἀλαλαγμῴ
1309 771 1325 826 ;
1360 750 1490 809 Οὔτε
1532 751 1789 808 ἐκάλεσαν

145 844 195 898 οἱ
225 842 451 920 ἄγγελοι
499 841 846 919 γεννηθέντα,
907 845 967 900 οὗ
1017 841 1333 915 ποιηθέντα,
1367 843 1411 897 εἱ
1443 842 1521 916 μὴ
1557 843 1645 898 16v
1677 841 1787 898 K6-

145 952 261 1007 ριον
308 933 464 1003 ἡμῶν
525 931 735 997 Ἰησοῦν
793 933 1040 1008 Χριστόν.
1093 933 1190 989 Καὶ
1262 931 1350 987 ἐπὶ
1406 930 1500 986 τοῦ
1558 935 1789 1006 Χριστοῦ

145 1019 448 1088 ἀνεϐόησαν
493 1021 578 1094 τὸ,
618 1039 647 1079 ι
683 1019 818 1085 Δόξα
848 1019 901 1077 ἑν
933 1021 1172 1096 δψίστοις
1225 1027 1364 1095 Θεῷ,
1412 1021 1501 1076 καὶ
1550 1021 1636 1076 επὶ
1693 1023 1789 1089 τῆς

146 1113 251 1188 γῆς
309 1110 519 1187 εἶρήνη,
567 1109 624 1166 ἐν
666 1109 962 1189 ἀνθρώποις
1021 1109 1251 1170 εὐδοκία.
1306 1135 1328 1166 s
1394 1111 1642 1187 Σήμερον
1687 1110 1788 1187 γὰρ

147 1201 410 1279 ἐγεννήθη
438 1199 646 1258 παιδίον
675 1200 791 1257 νέον
820 1207 848 1258 6
879 1202 979 1278 πρὸ
1009 1199 1216 1258 αἰώνων
1248 1201 1401 1266 Θεός.
1441 1223 1466 1255 ιι
1501 1198 1790 1267 Πεπλανη-

149 1289 302 1364 μένε,
343 1288 572 1348 ἄκουσον
601 1291 689 1368 τὸ,
728 1309 758 1350 (
778 1297 972 1369 Χαῖρε,
994 1313 1023 1345 s
1051 1292 1153 1347 ὑπὸ
1183 1297 1276 1348 τοῦ
1305 1289 1647 1370 ἀρχαγγέλου
1677 1295 1786 1346 Γα-

150 1376 310 1455 ϐριὴλ
345 1381 478 1458 πρὸς
513 1381 615 1446 τὴν
670 1380 936 1458 παναγίαν
973 1379 1263 1458 Παρθένον,
1319 1379 1401 1436 ὅτι
1438 1403 1466 1435 ιι
1518 1381 1546 1435 6
1599 1378 1784 1458 Κύριος

150 1469 290 1541 μετὰ
331 1477 451 1541 σοῦ,
509 1470 596 1524 καὶ
655 1466 875 1542 δύναμίς
936 1459 1187 1544 ’Υψίστου
1249 1467 1551 1525 ἓπισιιιάσει
1610 1485 1780 1531 σοι.)

154 1557 339 1620 Καθὼς
395 1557 606 1618 ἀκούεις
664 1555 726 1613 ἐκ
753 1563 847 1614 τοῦ
879 1556 1071 1633 κεφαλ.
1108 1555 1181 1613 ια’
1213 1557 1286 1619 εἰς
1323 1557 1422 1623 τὴν
1454 1556 1664 1635 γραφὴν
1694 1564 1788 1614 τοῦ

149 1647 440 1726 Ζαχαρίου.
478 1647 580 1704 Καὶ
633 1648 667 1714 ἡ
712 1645 972 1724 Παρθένος
1025 1645 1078 1703 ἒν
1128 1652 1240 1720 ναῷ
1302 1645 1490 1724 Κυρίου
1541 1644 1784 1722 παραγέ-

149 1757 328 1812 γονεν.
389 1738 484 1794 Καὶ
543 1735 770 1814 ἄγγελος
818 1735 1005 1812 Κυρίου
1065 1736 1266 1815 τροφὴ-δ
1326 1738 1564 1810 κομίζων
1621 1733 1780 1811 αὐτῇ,

1877 568 2110 631 noxius.
2136 567 2252 632 Sed
2270 567 2430 631 sicut
2447 567 2604 630 Deus
2635 565 2740 628 ille
2757 565 2890 646 ipse
2919 576 3013 628 est
3034 564 3416 628 immortalis.
3455 565 3522 630 Si

1873 676 2015 721 vero
2045 666 2139 720 est
2180 659 2554 734 immortalis,
2603 654 2902 730 conditor,
2950 662 3012 718 et
3059 661 3328 718 mortuos
3381 654 3523 719 vitae

1873 747 2145 828 pristinae
2174 747 2520 822 restituens,
2554 743 2853 828 quomodo
2891 743 3062 807 illum
3117 743 3522 808 Muhammedi

1872 837 2130 900 similem
2163 843 2224 898 et
2256 854 2460 916 parem
2496 835 2840 899 constituis.
2861 833 2994 897 Non
3021 832 3403 897 Muhammed
3423 852 3520 898 as-

1872 927 2074 992 cendit
2100 926 2163 986 in
2195 926 2414 988 caelum
2443 945 2578 988 cum
2607 924 2819 1006 jubilis
2855 931 2916 987 et
2951 923 3518 989 acclamationibus.

1870 1015 2077 1098 Neque
2097 1015 2296 1094 angeli
2318 1015 2504 1078 alium
2530 1018 2860 1078 increatum
2877 1021 2938 1076 et
2963 1013 3230 1094 genitum
3244 1013 3372 1076 suis
3392 1015 3520 1078 cla-

1871 1106 2146 1202 moribus
2153 1113 2314 1202 sunt
2325 1105 2654 1202 prosecuti
2673 1122 2852 1186 quam
2885 1107 3204 1202 Dominum
3229 1113 3518 1202 nostrum

1867 1197 2072 1258 Jesum
2104 1192 2431 1272 Christtim,
2467 1203 2526 1258 et
2567 1194 2695 1257 solo
2726 1201 3012 1257 nascente
3044 1192 3280 1256 Christo
3311 1193 3374 1256 in
3406 1194 3517 1258 has

1869 1292 2201 1365 eruperunt
2222 1303 2399 1346 voces
2433 1303 2449 1348 :
2486 1283 2690 1348 Gloria
2715 1285 2781 1346 in
2811 1282 3070 1346 excelsis
3096 1281 3248 1359 Deo,
3276 1282 3520 1347 interra

1871 1392 2006 1454 pax,
2041 1392 2183 1453 erga
2211 1373 2494 1437 homines
2541 1374 2702 1437 bona
2748 1373 3041 1453 voluntas,
3079 1371 3263 1435 hodie
3290 1373 3517 1455 quippe

1868 1473 2043 1526 natus
2073 1471 2164 1526 est
2192 1462 2389 1525 infans
2419 1482 2628 1538 novus,
2662 1463 2769 1542 qui
2799 1472 2890 1526 est
2916 1461 3080 1525 Deus
3107 1468 3248 1525 ante
3271 1462 3510 1526 saecula.

1869 1551 1916 1616 Ο
1939 1554 2249 1616 erroribus
2266 1553 2546 1629 obnoxie,
2565 1553 2706 1615 audi
2736 1553 2995 1615 salutem
3026 1551 3371 1632 archangeli
3388 1553 3514 1616 Ga-

1869 1642 2074 1706 brielis
2104 1661 2220 1725 qua
2265 1643 2702 1707 sanctissimam
2747 1641 3058 1722 Virginem
3096 1639 3511 1706 adoriebatur.

1867 1732 2162 1794 Nimirum
2211 1750 2225 1796 :
2278 1732 2572 1795 Dominus
2619 1739 2841 1805 tecum,
2886 1730 3083 1794 virtus
3129 1729 3424 1793 Altissimi
3453 1739 3514 1795 te

149 1829 210 1883 εκ
239 1831 335 1893 τῆς
371 1831 582 1904 Γραφῆς
613 1835 704 1885 τοῦ
753 1827 1044 1906 Ζαχαρίου.
1084 1827 1184 1883 Καὶ
1242 1823 1425 1904 πάλιν,
1472 1824 1538 1880 τὰ
1568 1824 1777 1902 οὐράνια

1866 1821 2250 1894 adunbrabit,
2280 1821 2437 1884 sicut
2463 1820 2612 1886 illud
2642 1821 2886 1884 auditur
2918 1825 2978 1882 et
2999 1818 3271 1882 hauritur
3298 1837 3372 1881 ex
3408 1839 3512 1883 ca-

143 1915 320 1972 πάντα
368 1914 656 1982 ἐξέστησαν
701 1917 773 1980 εἰς
817 1917 916 1982 τὴν
955 1914 1205 1992 γέννησιν
1261 1924 1356 1974 τοῦ
1415 1914 1532 1970 νέου
1574 1913 1783 1970 παιδίου

141 2012 233 2062 τοῦ
290 2005 393 2082 πρὸ
435 2005 641 2061 αἰώνων
701 2011 853 2067 Θεοῦ.
891 2006 986 2061 Διὸ
1017 2006 1064 2062 οἱ
1093 2003 1320 2082 ἄγγελοι
1372 2003 1648 2082 προσῆγον
1689 2004 1783 2060 τὸν

139 2093 327 2169 ὕμνον,
363 2094 410 2151 οἱ
461 2094 712 2169 ποίμενες
765 2095 826 2150 τὸ
869 2095 1065 2173 θαῦμα,
1109 2095 1143 2162 ἡ
1178 2092 1248 2171 γῆ
1279 2094 1339 2150 16
1397 2092 1687 2173 σπήλαιον,
1745 2095 1778 2162 ἡ

138 2182 340 2261 ἔρημος
386 2183 484 2252 τὴν
542 2184 772 2263 φάτνην,
807 2187 854 2241 οἱ
903 2185 1112 2260 ονῖιρανοὶ
1143 2185 1234 2240 τὸν
1260 2183 1480 2262 ἀστέρα,
1524 2185 1572 2240 οἱ
1606 2184 1777 2262 Μάγοι

137 2276 203 2330 τὰ
232 2273 396 2350 δῶρα.
434 2273 616 2337 Οὕτως
648 2275 878 2353 ὅπάρχει
912 2274 944 2341 ἡ
980 2273 1223 2349 γέννησις
1270 2279 1365 2331 τοῦ
1418 2280 1550 2333 Θεοῦ
1579 2271 1774 2351 Λόγου.

143 2367 240 2422 Καὶ
295 2366 355 2421 1'0
425 2364 715 2441 Koupa'vtov
790 2364 1036 2440 προσθεὶς
1106 2361 1256 2440 λέγει
1305 2362 1471 2427 οὕτως
1508 2382 1521 2395 ⁸
1589 2353 1778 2420 Ἠνίκα

139 2453 397 2532 ἐγεννήθη
427 2456 456 2510 6
486 2452 658 2531 Λόγος
688 2452 782 2509 τοῦ
815 2460 946 2511 Θεοῦ
973 2464 1094 2517 τοῖς
1144 2451 1449 2533 δορυφόροις
1492 2452 1773 2532 συνέτυχε.

143 2544 242 2601 Καὶ
297 2541 476 2600 λαϐὼν
537 2540 716 2609 πηλὸν
785 2542 1051 2609 πεποίηκε
1122 2543 1370 2619 πτερωτὰ
1426 2542 1517 2598 καί
1583 2542 1777 2620 ἑρπετὰ

139 2632 405 2699 ἥσθησαν.
453 2634 574 2697 Πῶς
611 2632 708 2689 οὒκ
760 2634 910 2710 εὗρον
971 2631 1025 2688 ἐν
1069 2637 1146 2704 τῷ
1200 2632 1470 2708 Κουρανίῳ
1527 2651 1622 2687 σου
1681 2629 1780 2686 κᾶν

139 2720 230 2778 ἕνα
274 2722 492 2779 ἔπαινον
538 2729 630 2778 τοῦ
675 2721 998 2800 Μουχάμετ,
1058 2721 1146 2777 καὶ
1198 2724 1297 2787 τῆς
1355 2720 1559 2793 μητρὸς
1619 2717 1780 2776 αὐτοῦ

137 2811 399 2885 Ἰεμενᾰς,
464 2813 640 2875 καθὼς
717 2811 899 2884 εὑρέθη
957 2809 1012 2865 ἐν
1078 2816 1154 2882 τῷ
1219 2809 1488 2885 Κουρανίῳ
1543 2831 1638 2867 σου
1695 2806 1780 2864 διὰ

145 2903 331 2979 Κύριον
373 2901 530 2976 ἧμῶν
571 2901 782 2969 Ἰησοῦν
827 2901 1082 2978 Χριστὸν,
1126 2902 1216 2956 καὶ
1271 2900 1372 2968 τὴν
1426 2899 1581 2975 ἁγίαν
1628 2904 1772 2975 Παρ-

139 2993 287 3047 θένον
332 2992 548 3067 Μαριὰμ
590 2992 678 3046 καὶ
729 2992 991 3046 Θεοτόκον
1033 3005 1049 3064 ;
1085 2991 1250 3046 Πόθεν
1281 2988 1370 3045 οῦν
1399 2987 1589 3051 καλεῖς
1617 2992 1773 3046 αὐτὸν

140 3078 366 3158 ἀδελφὸν
398 3087 491 3136 τοῦ
521 3087 748 3157 Χριστοῦ
780 3097 797 3154 ;
828 3079 902 3136 ’Ἡ
965 3078 1144 3156 ἕτερον
1203 3079 1484 3157 προφήτην
1534 3077 1586 3143 ἐξ
1643 3077 1773 3145 ἴσης

137 3176 214 3243 τῷ
244 3175 477 3248 Χριστῷ,
508 3168 734 3239 πλάσμα
763 3169 910 3234 ὄντες
938 3180 1034 3229 τοῦ
1076 3171 1211 3226 Θεοῦ
1242 3170 1438 3246 Λόγου,
1493 3169 1582 3224 καὶ
1612 3167 1769 3246 περί·
1790 3213 1830 3265 c

135 3281 364 3337 γραπτοι
435 3259 523 3316 καὶ
591 3261 796 3332 θνητοὶ,
858 3261 946 3316 καὶ
1003 3259 1246 3338 φθαρτοὶ,
1308 3259 1422 3321 πῶς
1476 3256 1768 3322 ἐξισοῦνται

137 3355 211 3421 τῷ
242 3355 357 3422 Θεῷ
388 3349 544 3426 Λόγῳ
575 3349 800 3428 ἆνάρχῳ
829 3349 916 3404 καὶ
946 3347 1286 3422 ἀτελευτήτῳ
1318 3349 1428 3403 ὁντι
1467 3364 1484 3421 ;

1867 1913 1990 1993 pite
2020 1929 2078 1974 x1
2110 1911 2250 1974 libri
2281 1930 2390 1974 seu
2439 1909 2650 1992 scripti
2692 1910 2994 1974 Zachariat
3026 1930 3042 1972 :
3073 1907 3148 1971 Et
3187 1907 3356 1989 virgo
3383 1910 3515 1973 erat

1863 2001 1925 2064 in
1960 2000 2206 2081 templo,
2239 2009 2300 2064 et
2325 2001 2572 2080 angelus
2620 1999 2861 2063 Domini
2890 1998 2980 2061 illi
3011 1997 3393 2061 ministrabat
3419 1998 3511 2061 vi-

1861 2100 2049 2154 ctum.
2081 2089 2167 2152 Ex
2215 2091 2427 2152 eodem
2481 2090 2708 2171 scripto
2756 2087 3082 2162 Zacharim,
3135 2095 3196 2150 et
3242 2105 3506 2154 rursus:

1862 2179 2080 2244 Omnia
2115 2179 2385 2242 coelestia
2429 2188 2729 2243 commota
2767 2185 2907 2241 sunt
2944 2178 3010 2240 in
3038 2177 3341 2240 nativitate
3370 2180 3509 2244 novi

1862 2277 2032 2353 pueri
2059 2270 2164 2350 qui
2194 2278 2324 2332 erat
2350 2268 2514 2332 Deus
2543 2279 2682 2331 ante
2712 2267 2934 2331 sarcula
2965 2273 3373 2349 ;quapropter
3397 2285 3507 2331 an-

1859 2360 1976 2440 geli
2009 2361 2294 2441 hymnum
2324 2358 2812 2440 suppeditarunt,
2855 2365 3127 2439 pastores
3154 2355 3506 2422 admiratio-

1862 2465 2025 2527 nem,
2060 2451 2226 2510 tetra
2271 2447 2654 2524 speluncam,
2689 2445 2998 2508 desertum
3029 2461 3336 2526 praesepe,
3369 2442 3510 2510 cmli

1862 2537 2122 2611 stellam,
2181 2537 2338 2615 magi
2387 2535 2569 2600 dona.
2622 2533 2787 2598 Talis
2819 2533 3046 2597 exstitit
3092 2533 3370 2597 nativitas
3398 2536 3508 2600 Dei

1862 2624 2068 2688 Verbi.
2096 2624 2212 2688 Sed
2244 2625 2499 2688 addatur
2526 2627 2660 2706 ipse
2677 2626 2946 2689 Coranus
2964 2623 3070 2706 qui
3098 2625 3186 2686 sic
3199 2623 3464 2706 loquitur
3483 2646 3502 2689 :

1859 2713 2182 2793 Postquam
2230 2723 2407 2778 natus
2463 2723 2623 2776 esset
2666 2712 2932 2777 Verbum
2982 2712 3113 2790 Dei,
3165 2713 3321 2776 forte
3367 2732 3504 2777 cum

1862 2803 2155 2866 militibus
2181 2802 3508 2886 conversabatur,accepitverolutumilloqne

1858 2893 2088 2957 efﬂuxit
2113 2893 2396 2956 animalia
2408 2895 2684 2975 quaedam
2709 2891 2972 2956 volatilia
2985 2901 3047 2956 et
3071 2892 3506 2974 reptiliasensu

1857 2984 2104 3046 omnino
2139 2983 2412 3063 praedita.
2447 2983 2644 3057 Quare
2670 3001 2812 3046 vero
2837 2982 2902 3044 in
2933 2990 3056 3045 toto
3087 2984 3318 3047 Corano
3339 2983 3506 3048 nulla

1855 3073 2294 3137 Muhammedis
2333 3075 2424 3136 vel
2458 3074 2668 3136 matris
2692 3073 2828 3152 ejus
2857 3074 3128 3135 Jemenat
3176 3080 3506 3137 occurrunt

1856 3163 2152 3243 encomia,
2172 3164 2871 3244 sicutinveuiunturqum
2894 3169 3166 3244 spectant
3181 3161 3502 3226 Dominum

1853 3262 2122 3316 nostrum
2170 3252 2374 3316 Jesam
2404 3255 2742 3334 Christum,
2775 3261 2836 3316 et
2879 3260 3150 3314 sanctam
3199 3254 3331 3331 ejus
3366 3254 3502 3317 Ma—

1853 3351 2006 3405 trem
2039 3341 2351 3419 Virginem
2397 3343 2506 3405 Dci
2549 3341 2972 3406 Genitricem?
3015 3341 3188 3406 Unde
3232 3342 3298 3404 fit
3342 3343 3502 3423 quod

130 3437 298 3500 illum
330 3455 504 3500 vocas
533 3437 779 3500 fratrem
814 3434 1078 3500 Christi?
1109 3441 1222 3498 Ant
1252 3434 1555 3516 quomodo
1587 3433 1768 3496 alium
1833 3432 2188 3514 prophetam
2220 3430 2489 3512 aequabis
2543 3431 2806 3508 Christo,
2839 3450 2975 3494 cum
3024 3432 3140 3510 ipsi
3168 3430 3288 3492 sint
3319 3449 3507 3512 opera

130 3526 236 3590 Dei
267 3525 490 3591 Verbi?
524 3528 598 3591 Et
627 3544 764 3589 cum
797 3525 920 3587 sint
949 3525 1421 3606 circumscripti,
1460 3525 1743 3588 mortales
1776 3531 1836 3586 et
1882 3519 2334 3601 corruptibiles,
2381 3521 2682 3601 quomodo
2732 3521 3128 3599 aequabuntur
3153 3521 3277 3584 Deo
3305 3517 3528 3592 Verbo,

129 3616 286 3698 quod
306 3626 468 3679 caret
497 3616 794 3698 principio
826 3624 885 3678 et
915 3615 1075 3679 fine?

215 3709 312 3766 Καὶ
345 3713 483 3781 πῶς,
538 3707 789 3786 λέγοντός
833 3727 960 3782 μου,
1017 3705 1100 3763 ὅτι
1151 3707 1179 3762 6
1214 3705 1438 3783 Χριστὸς
1471 3705 1590 3769 Υἱὸς
1639 3710 1772 3760 Θεοῦ

131 3797 271 3873 ἑστι,
307 3799 394 3854 καὶ
423 3797 598 3875 Λόγος
631 3803 786 3870 Θεοῦ,
823 3795 998 3875 λέγεις
1052 3803 1137 3867 σὺ,
1179 3798 1274 3855 Καὶ
1325 3798 1352 3852 6
1385 3792 1555 3870 Ἀδὰμ
1601 3793 1773 3872 Λόγος

130 3887 242 3944 ἐστὶ
271 3895 363 3946 τοῦ
392 3894 524 3945 Θεοῦ
559 3907 576 3967 ;
612 3887 710 3946 Καὶ
742 3885 824 3943 ὅτι
873 3889 900 3943 6
935 3888 1162 3964 Χριστὸς
1193 3899 1401 3960 σημεῖα
1450 3887 1538 3941 καὶ
1581 3883 1774 3962 τέρατα

130 3977 409 4046 ἐποίησεν,
445 3979 532 4034 καὶ
563 3976 646 4034 ὅτι
692 3974 816 4032 ἄνευ
873 3982 1075 4054 σπορᾶς
1125 3975 1353 4055 ἒτέχθη,
1385 3976 1476 4032 καὶ
1527 3973 1773 4051 ἀναμάρ-

131 4073 297 4133 τητός
358 4067 525 4140 ἐστιν,
579 4068 742 4140 ὑμεῖς
784 4086 939 4144 φατε,
986 4064 1068 4121 ὅτι
1121 4066 1208 4122 καὶ
1251 4067 1278 4121 ὁ
1341 4062 1515 4137 ’Λδᾶμ
1558 4063 1771 4138 ὅμοιος,

136 4157 238 4214 Καὶ
266 4155 351 4212 ὅτι
379 4153 497 4212 οὐδὲ
557 4156 718 4235 ἴχνος
775 4154 1035 4232 ἁμαρτίας
1092 4154 1218 4232 παρ’
1263 4154 1405 4226 αὖτῷ
1434 4153 1647 4228 Χριστῷ
1677 4151 1771 4209 έσ-

130 4267 240 4314 τιν,
274 4243 474 4320 λέγεις,
511 4246 617 4302 Καὶ
643 4243 868 4319 Ἰωάννῃ
904 4244 964 4299 τὸ
995 4243 1123 4301 αὐτό
1161 4262 1172 4274 ·
1213 4244 1311 4300 Καὶ
1341 4245 1391 4298 τί
1418 4243 1723 4318 θαυμαστόν
1755 4259 1772 4316 ;

136 4334 236 4391 Καὶ
267 4330 392 4388 ὅταν
424 4331 567 4409 λέγω
604 4331 685 4388 ὅτι
715 4333 926 4408 νεκροὺς
973 4331 1290 4404 ἀνέστησεν,
1333 4335 1419 4388 καὶ
1461 4333 1618 4408 ὑμεῖς
1673 4331 1768 4388 λέ-

129 4442 279 4500 γετε,
341 4421 438 4480 Καὶ
470 4411 652 4486 Ἠλίας
703 4420 1020 4488 ἀνέστησεν.
1071 4425 1170 4480 Καὶ
1217 4421 1281 4477 ἂν
1323 4425 1434 4500 εγὼ
1475 4421 1651 4503 λέγω,
1707 4424 1770 4481 Ὃ

130 4511 320 4586 Κύριοι
353 4508 627 4584 ἀνελήφθη
657 4511 732 4573 εἷς
763 4511 1036 4588 οὐρανοὺς,
1097 4509 1309 4590 λέγετε,
1347 4522 1445 4570 Και
1492 4512 1544 4568 τί
1587 4511 1767 4592 παρά·-

124 4598 280 4666 δοξον
313 4621 330 4670 ς
364 4601 452 4655 καὶ
481 4601 510 4656 6
553 4595 737 4679 Ἐνὼχ
781 4599 999 4673 ὁμοίως.
1047 4600 1308 4676 ²Ἐτοιμός
1367 4602 1475 4676 εἰμι
1513 4605 1542 4658 6
1572 4623 1768 4659 ταπει-

125 4693 217 4754 νὸς
276 4687 560 4756 Ἐδεσηνὸς
640 4691 885 4766 μοναχὸς
963 4689 1174 4770 ἐλέγξαι
1247 4711 1308 4747 σε
1365 4693 1483 4770 περὶ
1551 4691 1768 4749 πάντων

122 4782 203 4835 ὧν
253 4778 431 4855 λέγεις
489 4775 929 4852 διαψευδόμενος.
990 4767 1055 4833 Ὠ
1099 4779 1295 4845 ἀνόητε
1339 4767 1445 4837 κᾶν
1477 4779 1645 4860 λέγῃς
1676 4781 1762 4839 ὅτι

1935 3700 2134 3774 Quare
2153 3717 2316 3775 vero,
2344 3718 2440 3763 me
2471 3705 2782 3763 asserente
2805 3698 3107 3763 Christum
3131 3716 3266 3763 esse
3287 3698 3502 3763 Filium

1855 3789 1959 3852 Dei
1995 3797 2054 3852 et
2083 3790 2348 3852 Verbum
2382 3789 2519 3864 Dei,
2559 3789 2796 3869 rogeris
2837 3789 3140 3854 Adamum
3186 3807 3320 3852 esse
3367 3807 3502 3855 ver-

1855 3879 1997 3943 bum
2029 3878 2179 3943 Dei?
2207 3881 2354 3943 Cum
2385 3879 2518 3941 dico
2552 3878 2854 3943 Christum
2897 3879 3068 3958 signa
3095 3884 3162 3943 et
3213 3878 3506 3942 miracula

1899 3978 2147 4047 atrasse,
2182 3977 2240 4031 et
2267 3969 2399 4031 sine
2430 3969 2663 4032 semine
2691 3979 2922 4049 natum,
2973 3978 3032 4032 et
3066 3969 3234 4032 nulla
3277 3968 3506 4050 peccati

1880 4058 1992 4121 abe
2035 4058 2437 4138 inquinatum,
2482 4077 2589 4121 cur
2618 4059 2816 4122 dicitis
2865 4059 3027 4122 idem
3077 4075 3396 4122 occurrere
3439 4060 3504 4121 in

1855 4150 2136 4213 Adamo?
2183 4169 2290 4213 cur
2337 4151 2608 4213 asseritis
2657 4152 2843 4232 quod,
2875 4151 2929 4214 si
2973 4151 3035 4213 in
3072 4150 3310 4214 Christo
3339 4151 3504 4215 nulla

1853 4241 2243 4320 apparuerint
2275 4240 2501 4320 peccati
2533 4240 2802 4320 vestigia,
2832 4241 2994 4305 idem
3026 4241 3103 4304 de
3129 4241 3362 4305 Joanne
3382 4241 3504 4307 dici

1854 4334 2066 4410 possit,
2110 4338 2170 4392 et
2210 4331 2323 4393 hoc
2354 4331 2515 4392 inter
2545 4331 2818 4392 miranda
2845 4349 2968 4394 non
2998 4349 3132 4395 esse
3164 4349 3502 4395 recensen-

1854 4419 2034 4482 dum?
2064 4419 2134 4482 Et
2168 4440 2302 4484 cum
2330 4439 2540 4484 assero
2564 4420 2866 4486 Christum
2885 4431 3152 4485 mortuos
3181 4425 3499 4506 excitasse,

1852 4529 1960 4573 cur
1987 4509 2185 4572 dicitis
2214 4511 2406 4574 Eliam
2443 4512 2602 4575 idem
2638 4512 2816 4574 etiam
2851 4512 3239 4592 praestitisse?
3260 4513 3336 4577 Et
3365 4531 3502 4576 cum

1854 4601 2138 4681 proﬁteor
2169 4601 2488 4663 Dominum
2523 4602 2588 4664 in
2619 4602 2804 4665 caalos
2833 4603 3206 4678 ascendisse,
3239 4619 3349 4664 cur
3363 4620 3502 4665 res—

1851 4691 2130 4771 pondetis
2158 4692 2272 4753 hoc
2302 4711 2420 4754 non
2454 4711 2594 4754 esse
2617 4693 3008 4772 paradoxum,
3032 4701 3092 4755 et
3113 4699 3278 4754 extra
3297 4708 3502 4754 rerum

1851 4789 1912 4843 et
1943 4782 2353 4862 exemplorum
2391 4782 2693 4863 ordinem,
2721 4801 2858 4844 cum
2878 4782 3112 4845 etidem
3147 4782 3326 4843 etiam
3349 4782 3507 4844 Eno-

123 4872 154 4926 6
189 4867 362 4942 Ἀδὰμ
390 4867 565 4925 ἔοικεν
597 4871 674 4941 τῷ
726 4873 939 4941 Χριστῷ
983 4867 1069 4924 διὰ
1097 4871 1183 4943 τὸ,
1214 4869 1288 4934 ὥς
1349 4871 1766 4949 πρωτόπλαστος

1864 4871 1966 4933 cbo
1994 4872 2337 4951 contigerit.
2372 4870 2487 4934 Sed
2526 4891 2633 4952 ego
2664 4872 2909 4934 humilis
2939 4871 3268 4934 monachus
3304 4870 3503 4933 Edes-

123 4964 217 5031 ἦν,
254 4959 344 5018 καὶ
373 4954 499 5017 ἄνευ
528 4963 733 5036 σπορᾶς
774 4958 862 5037 ἦν,
913 4956 1105 5014 λοιπόν
1147 4961 1235 5016 καὶ
1279 4962 1307 5016 '0
1358 4966 1567 5039 πρῶτος
1627 4962 1771 5040 ἀγα-

1864 4979 2033 5024 ςοηυε
2059 4980 2190 5023 sum
2225 4970 2462 5040 paratus
2493 4962 2568 5025 ad
2619 4962 2908 5025 difﬂanda
2933 4971 2988 5024 et
3023 4960 3398 5024 confutanda
3433 4979 3506 5024 ea

129 5046 359 5125 τίδαρος,
420 5047 507 5104 καὶ
562 5049 590 5103 6
645 5047 808 5120 κύων,
864 5050 951 5104 καὶ
1001 5050 1028 5104 6
1060 5047 1187 5128 ὅφις
1219 5049 1344 5109 ἄνευ
1372 5057 1570 5127 σπορᾶς
1612 5053 1769 5123 εἰσιν,

1864 5052 2056 5112 omnia
2086 5071 2220 5129 quae
2249 5051 2480 5133 profers
2529 5052 2902 5117 mentiendo.
2936 5051 2984 5115 0
3017 5051 3417 5132 ineptissime,
3451 5051 3505 5114 si

125 5137 218 5193 καὶ
275 5136 496 5206 ἐοίκασι,
529 5137 665 5192 κατὰ
695 5137 787 5192 τὸν
816 5137 910 5192 σὸν
963 5135 1151 5214 λόγον,
1185 5139 1273 5194 καὶ
1319 5147 1396 5211 τῷ
1429 5138 1628 5217 Ἀδὰμ,
1685 5144 1776 5198 καὶ

1864 5141 1992 5202 ideo
2022 5141 2286 5204 Adamus
2315 5161 2450 5203 cum
2484 5139 2725 5206 Christo
2757 5141 3165 5205 conferendus
3191 5141 3327 5222 quia
3345 5141 3504 5205 sicut

122 5226 204 5298 τῷ
262 5231 496 5304 Χριστῷ.
560 5228 658 5284 Καὶ
739 5226 959 5284 αὐτόθεν
1044 5227 1190 5305 λέγω
1271 5250 1363 5284 σοι
1402 5247 1414 5261 ’
1479 5228 1538 5288 Ὀ
1599 5229 1774 5306 Ἀδὰμ

1864 5231 2124 5293 Christus
2149 5230 2378 5311 primus
2405 5231 2582 5293 homo
2615 5231 2902 5294 formatus
2936 5231 3051 5293 fuit
3079 5230 3212 5293 sine
3243 5231 3498 5307 semine,

123 5317 340 5390 ποίημα
382 5313 528 5371 ἐστιν
595 5324 688 5373 τοῦ
743 5322 876 5372 Θεοῦ
935 5315 1132 5392 Λόγου.
1194 5319 1290 5374 Καὶ
1352 5319 1379 5373 6
1445 5319 1622 5398 Λόγος
1680 5330 1775 5380 106

1864 5329 2211 5400 sequeretur
2243 5320 2499 5400 primum
2529 5320 2792 5399 asinum,
2837 5321 3099 5402 primum
3127 5338 3363 5394 canem,
3386 5322 3504 5402 pri-

118 5415 278 5476 θεοῦν
324 5405 551 5482 Χριστός
597 5407 770 5461 ἔστιν.
851 5407 952 5463 Καὶ
1015 5409 1130 5468 πῶς
1192 5405 1344 5471 ἴσους
1409 5423 1643 5480 ποιεῖς;
1711 5401 1769 5468 Ὀ

1864 5429 2026 5471 mum
2041 5408 2752 5490 serpentem,secundum
2770 5401 3290 5473 ratiocinationem
3314 5401 3499 5489 tuam,

117 5495 295 5568 Ἀδὰμ
325 5493 506 5560 δουλος
539 5496 627 5551 καὶ
672 5497 962 5574 ὑπουργὸς,
998 5499 1086 5552 καί
1128 5495 1338 5574 παρέϐη
1400 5499 1498 5566 τὴν
1551 5500 1770 5569 ἐντολὴν

1864 5519 1992 5561 cum
2022 5499 2249 5562 Adamn
2281 5509 2341 5563 et
2363 5498 2604 5563 Christo
2635 5518 2814 5580 posse
2839 5500 3127 5576 conferri,
3160 5519 3273 5564 nec
3307 5501 3407 5564 illa
3436 5503 3498 5566 in

114 5594 214 5643 τοῦ
269 5587 422 5657 Θεοῦ,
483 5587 572 5642 καὶ
630 5584 948 5662 ἁμαρτήσας
991 5585 1246 5664 ἐξωρίσθη
1281 5594 1375 5644 τοῦ
1420 5588 1768 5666 παραδείσου.

1864 5607 1925 5652 eo
1951 5607 2086 5650 esse
2116 5589 2435 5652 deteriorts
2463 5589 2665 5663 sortis,
2721 5609 2855 5652 nam
2888 5591 3044 5653 sicut
3086 5591 3212 5668 ille,
3245 5591 3501 5654 formata

120 5676 223 5748 Κπιὶ
252 5674 368 5738 πῶς
427 5673 604 5731 ἔοικεν
662 5675 689 5730 6
751 5674 1130 5752 ἀναμάρτητος
1162 5676 1334 5754 Λόγος
1368 5685 1458 5735 τοῦ
1489 5686 1624 5739 Θεοῦ
1678 5682 1770 5737 καὶ

1864 5681 1985 5742 sine
2005 5679 2239 5742 semine
2268 5680 2513 5744 luerunt
2534 5680 2649 5744 ista
2678 5680 2982 5748 animalia.
3003 5680 3122 5747 Sed
3140 5699 3353 5746 rursus
3387 5680 3500 5745 tibi
