3994 6232
279 360 423 426 1401
1496 359 1882 427 CONFUTA']

1966 359 1988 424 >
2026 359 2394 424 AGARENI.
3483 352 3635 420 1402

273 495 452 571 λάκις,
499 497 582 556 ὅτι
611 500 640 556 ὁ
689 499 916 575 Χριστὸς
968 497 1140 576 Λόγος
1193 495 1337 553 ὶστὶν
1367 503 1462 554 τοῦ
1490 503 1648 576 Θεοῦ,
1705 497 1794 552 καὶ
1849 516 1882 551 1

1966 492 2116 555 .lilia
2149 493 2423 556 Pbatima
2454 495 2569 557 hoc
2600 493 2942 557 testimonio
2991 511 3100 556 suo
3129 491 3376 556 tentavit
3404 489 3632 553 conﬁr-

275 587 564 663 Κουράνιόν
626 609 719 646 σον
783 599 1068 665 μαρτυρεῖ.
1137 589 1242 646 Καὶ
1311 586 1387 661 μὴ
1449 586 1878 662 πολυπραγμονῇ

1997 600 2186 646 mare.
2226 584 2459 647 Rursus
2490 602 2628 647 vere
2659 585 2812 648 dicis
2846 606 2860 648 :
2895 583 3160 648 Christus
3200 582 3378 645 etiam
3423 595 3634 661 preces

272 675 392 752 περὶ
419 677 633 737 τούτου.
667 679 772 737 Τὸν
823 679 956 735 Θεὸν
1015 677 1188 754 Λόγον
1231 673 1465 751 δοξάζει,
1526 677 1616 732 καὶ
1658 675 1882 748 ἀνυμνεῐ

1991 671 2288 748 adhibuit,
2333 673 2436 755 qui
2482 692 2622 737 vera
2662 683 2965 754 precatur,
3019 691 3225 736 servus
3273 671 3378 734 Dei
3425 668 3633 733 haberi

271 766 359 823 καὶ
402 781 692 845 προσκυνεῖ
749 767 895 826 πᾶσα
944 767 978 836 ἦ
1025 765 1246 841 δύναμις
1276 769 1384 822 τῶν
1427 765 1685 843 οὐρανῶν,
1723 765 1821 822 Καὶ
1849 785 1878 820 τ

1993 760 2193 824 debet.
2232 762 2349 825 Sed
2381 764 2519 825 audi
2572 783 2668 827 me
2713 764 3178 846 respondentem
3229 761 3627 835 Edossenum,

271 854 420 932 γένος
478 862 586 914 τῶν
626 857 942 937 ἀνθρώπων,
988 857 1079 914 καὶ
1134 857 1162 912 ὸ
1208 855 1382 932 Λόγος
1420 854 1574 920 οὗτος
1606 852 1877 920 ἐσκήνωσε

1993 851 2223 932 δωρίυε
2251 853 2361 916 hoc
2395 852 2500 915 tibi
2533 854 2940 936 comprobavi,
2973 861 3032 916 et
3061 854 3175 916 hoc
3202 860 3338 914 tuus
3359 851 3631 914 Coranus

271 941 328 999 ἰν
367 947 438 1022 τῇ
477 947 657 1024 σαρκὶ,
689 946 725 1016 ἢ
783 944 880 1003 καί
923 947 1175 1002 καλεῖται
1207 946 1242 1012 ἡ
1273 942 1399 1021 σὰρξ
1429 946 1589 1000 αὒτοῦ
1619 943 1744 1004 ναὸς
1777 949 1882 999 Θεο

1992 942 2335 1004 testimonio
2362 960 2472 1006 suo
2493 944 2829 1018 conﬁrmat,
2863 943 3146 1005 nimirum
3177 939 3336 1022 quod
3356 940 3630 1004 Christus

273 1035 471 1110 Λογου,
533 1034 638 1093 Καί
684 1035 739 1092 ἐν
780 1035 954 1109 τούτῳ
995 1041 1072 1108 τῷ
1115 1041 1226 1105 ναῷ
1283 1033 1500 1110 νεκροὺς
1546 1031 1874 1104 ἔζωοποίησε

1987 1029 2067 1092 sit
2095 1031 2358 1094 Verbum
2392 1033 2525 1098 Dei.
2568 1032 2642 1095 Et
2687 1051 2759 1096 ea
2789 1034 2864 1095 de
2892 1053 2959 1096 re
2991 1051 3108 1095 non
3157 1031 3346 1095 debes
3375 1029 3628 1091 nimium

269 1122 298 1178 ὁ
329 1123 504 1202 Λόγος
532 1128 867 1205 θεοπρεπῶς,
895 1124 984 1181 καὶ
1012 1125 1080 1181 τὰ
1110 1123 1256 1191 ἑξῆς.

1987 1137 2123 1182 esse
2143 1121 2465 1198 sollicitus;
2497 1121 2682 1184 Deum
2723 1140 2863 1185 vero
2894 1122 3157 1186 Verbum
3188 1119 3628 1199 bonore,hym-

271 1208 386 1285 nis,
414 1212 762 1276 adoratione
793 1219 1236 1295 prosequuntur
1262 1228 1474 1273 omnes
1503 1209 1638 1272 coeli
1669 1208 1940 1283 virtutes,
1974 1216 2034 1270 et
2066 1217 2252 1271 totum
2285 1229 2472 1289 genus
2503 1213 2852 1276 humanum.
2872 1211 2944 1274 Et
2970 1211 3230 1274 Verbum
3263 1208 3417 1271 istud
3447 1207 3626 1270 habi-

269 1305 409 1360 tavit
435 1305 496 1362 in
529 1321 736 1379 carne,
769 1313 830 1366 et
858 1321 998 1366 caro
1029 1301 1144 1365 ista
1172 1301 1326 1362 facta
1355 1307 1448 1362 est
1479 1298 1773 1378 templum
1806 1297 1936 1360 Dei.
1971 1296 2043 1359 Et
2070 1300 2336 1362 Verbum
2369 1303 2544 1364 modo
2574 1303 2698 1367 Deo
2721 1304 3138 1377 conveniente,
3183 1307 3448 1362 mortuos
3475 1297 3626 1360 vivi-

265 1388 477 1471 ﬁcavit,
511 1392 804 1455 exsistens
828 1392 890 1454 in
921 1391 1034 1453 isto
1065 1390 1290 1470 templo
1327 1388 1603 1450 nimirum
1638 1405 1842 1462 carne,
1878 1394 1938 1450 et
1967 1405 2101 1468 quae
2129 1400 2481 1470 sequuntur.

351 1470 534 1560 Ὀρᾶς,
585 1482 702 1540 ἐπεὶ
745 1485 869 1548 ναὸς
929 1483 1063 1540 Θεοῦ
1105 1483 1246 1537 ἑστιν
1291 1482 1318 1536 ὸ
1363 1491 1455 1540 106
1513 1481 1646 1536 Θεοῦ
1702 1477 1873 1556 Λόγος

2071 1478 2249 1540 Vides
2265 1483 2421 1562 quod
2437 1483 2920 1566 quandoquidem
2934 1481 3195 1544 Verbum
3219 1487 3311 1542 est
3330 1476 3622 1566 templum

265 1566 456 1626 λοιπὸν
483 1573 544 1628 οὖ
587 1595 776 1652 χρειαν
835 1571 952 1652 ἔχει
983 1581 1077 1631 τοῦ
1125 1569 1393 1643 εὔξασθαι,
1439 1571 1528 1625 καὶ
1572 1568 1663 1625 ἰὰν
1721 1569 1882 1648 εδχη-

1984 1567 2117 1639 Dei,
2141 1571 2414 1649 sequitur
2440 1591 2563 1635 non
2584 1572 2672 1635 illi
2699 1591 2849 1654 opus
2863 1574 3049 1636 fuisse
3069 1570 3436 1652 precibus,et
3455 1565 3623 1629 siali-

265 1679 352 1714 ται
402 1659 632 1718 ἐνώπιον
677 1667 784 1717 τῶν
827 1659 1140 1738 ἀνθρώπων,
1197 1658 1347 1723 ἔλεος
1392 1658 1489 1716 καὶ
1550 1658 1882 1738 συγχώρηοιε

1983 1655 2220 1735 quando
2235 1661 2652 1736 precesvisum
2666 1662 3016 1724 estfundere
3035 1677 3234 1723 coram
3248 1654 3618 1729 hominibus,

263 1744 496 1804 διδάσκει
550 1756 628 1823 τῷ
678 1752 814 1824 λαῷ,
879 1756 1050 1808 σῶσαι
1122 1747 1448 1825 βουλόμενος
1522 1748 1731 1812 αὐτούς.
1804 1755 1880 1804 Κα

1982 1743 2094 1804 hac
2109 1746 2322 1824 agendi
2347 1748 2580 1812 ratione
2602 1751 2787 1812 voluit
2804 1751 2939 1812 illos
2959 1747 3437 1812 misericordiam
3454 1745 3620 1806 etin-

263 1833 436 1912 λέγεις
473 1856 488 1874 ⁸
524 1813 624 1896 Κανὶ
655 1841 684 1896 ὁ
716 1813 942 1918 ἅγγελος
978 1813 1404 1911 ἀσώμὶκτοςιῆν,
1437 1838 1524 1893 καὶ
1566 1837 1693 1898 ναδς
1739 1841 1882 1895 Θεοῦ.

1979 1813 2341 1912 (ιιιῐςθῖιιὶωη
2364 1837 2675 1912 docere,et
2703 1839 2838 1902 illos
2867 1839 2938 1902 ad
2972 1839 3226 1901 salutem
3261 1835 3616 1917 perducere.

267 1926 364 1981 Διὰ
393 1927 445 1983 τί
473 1926 694 2007 εῧχεται
731 1948 747 2008 ;
783 1935 1010 2008 Ληρεῖς,
1047 1926 1176 1985 Οὒδὲ
1208 1949 1338 1984 ποτε
1370 1927 1527 1984 εἶπεν
1557 1926 1586 1982 ’ὁ
1619 1927 1748 1990 Θεὸς
1791 1925 1896 1981 τῶν

261 2013 528 2092 ἀγγέλων,
562 2017 598 2085 ἢ
629 2019 921 2097 προφητῶν
943 2039 1071 2088 τινι,
1103 2039 1131 2072 α
1158 2017 1302 2095 Ἐγὼ
1329 2017 1566 2090 σήμερον
1594 2012 1894 2092 γεγέννηκά

261 2126 380 2177 es,»
403 2106 474 2171 ὠς
500 2106 560 2164 ἐκ
580 2108 848 2181 στόματος
877 2105 1315 2177 Δαϐὶδ,ἢ,σΝαὸς
1343 2106 1399 2162 εἴ
1422 2112 1516 2162 106
1541 2111 1732 2166 Θεοῦ.)
1764 2102 1896 2160 Οὔτε

262 2194 447 2270 πάλιν,
486 2215 512 2252 ι
549 2195 715 2260 Οὗτός
749 2196 893 2253 ἐστιν
929 2197 956 2252 '0
991 2196 1110 2257 Υἱός
1143 2216 1244 2260 μου
1295 2196 1323 2250 ὁ
1382 2194 1688 2270 ἀγαπητὸς,
1735 2193 1896 2248 αὐτοῦ

259 2282 502 2344 ἆιιούετε.
543 2309 570 2340 a
611 2283 765 2342 Ἀλλ’
796 2283 914 2344 όῦδέ
945 2285 1051 2342 τῶν
1093 2283 1364 2361 ἀγγέλων,
1409 2283 1446 2350 ἢ
1477 2305 1588 2338 τινι
1630 2285 1737 2339 τῶν
1765 2303 1894 2356 προ⁹

259 2377 469 2452 φητὼν,
512 2394 539 2432 ε
577 2376 750 2434 Κάθου
793 2374 855 2432 ἐκ
887 2373 1065 2438 δεξιῶν
1118 2396 1246 2448 μου,
1297 2373 1395 2430 ἕωδ
1439 2371 1503 2428 ἂν
1531 2376 1606 2429 θῶ
1634 2373 1758 2435 τοὺς
1789 2372 1895 2450 ἐχ-

257 2465 411 2540 θρούς
445 2485 539 2522 σου
581 2463 872 2521 ὑποπόδιον
913 2469 1022 2520 τῶν
1083 2461 1262 2520 ποδῶν
1313 2484 1426 2523 σου,
1473 2484 1496 2518 ι
1559 2459 1690 2518 Οὖδὲ
1749 2460 1892 2522 αὖθις

260 2555 391 2630 πρὸς
427 2551 683 2633 ἄγγελον,
722 2554 820 2613 «Ὀ
853 2556 985 2617 Θεὸς
1012 2555 1170 2629 ἡμῶν
1192 2552 1252 2609 ἐκ
1276 2551 1520 2618 δεξιῶν.»
1551 2553 1681 2610 Οὔτε
1706 2550 1889 2622 πάλιν,

265 2665 286 2697 ε
324 2642 450 2700 Ἀπ’
496 2644 679 2722 ἀρχῆς
723 2645 784 2700 τὸ
826 2643 996 2718 ὄνομά
1040 2666 1136 2702 σου
1165 2643 1306 2700 ἇστὶν
1337 2642 1466 2720 ὅπερ
1498 2643 1588 2698 τὸν
1621 2640 1772 2708 ἥλιον
1803 2641 1894 2696 καὶ

255 2734 353 2799 τὴν
399 2732 632 2802 σελήνην
677 2735 750 2797 εἷς
795 2734 917 2795 τοὺς
950 2734 1169 2795 αἰῶνας.
1206 2752 1236 2791 )
1275 2730 1404 2790 Οὐδὲ
1435 2730 1596 2788 πάλιν
1624 2732 1755 2806 πρὸς
1785 2729 1889 2806 ἆγ-

253 2820 435 2900 γελον,
469 2823 504 2887 ἢ
535 2824 848 2902 προφήτην,
898 2843 922 2877 ι
962 2821 1054 2877 Σοί
1084 2820 1543 2898 προσκυνήσουσιν
1568 2821 1616 2876 οἱ
1645 2817 1891 2895 βασιλεῖς

250 2922 347 2971 106
388 2911 542 2982 λαοῦ,
589 2913 677 2967 καί
735 2915 787 2967 αἰ
850 2910 1030 2991 φυλαὶ,
1093 2911 1184 2967 καί
1251 2911 1339 2968 ἐπί
1380 2910 1464 2966 σοί
1522 2908 1886 2986 εὐλογοῦνται,

251 3000 340 3058 καί
399 2999 829 3075 προσκυνήσουσί
907 3021 966 3054 σε
1039 2999 1236 3063 πάντες
1314 2999 1602 3076 ἂνθρωποι.
1669 3021 1697 3052 a
1781 2996 1891 3055 Οὐκ

1979 1918 2098 1983 Sed
2129 1922 2294 1985 dices
2323 1944 2338 1986 :
2375 1927 2640 2007 Angelus
2679 1939 2771 1992 est
2801 1930 3219 2008 incorporeus,
3251 1934 3311 1988 et
3330 1924 3617 2006 templum

1977 2008 2104 2085 Dei,
2139 2029 2326 2091 quare
2357 2033 2498 2095 ergo
2533 2025 2849 2098 precatur?
2877 2019 2996 2081 Sed
3028 2018 3272 2090 deliras,
3307 2014 3460 2076 nulli
3504 2031 3616 2074 un-

1977 2117 2154 2179 quam
2169 2104 2515 2182 angelorum
2530 2116 2631 2168 aut
2647 2109 3068 2188 prophetarum
3083 2103 3619 2175 dixitDeus,hodie

1978 2190 2159 2265 genui
2193 2199 2270 2272 te,
2306 2202 2368 2253 ut
2391 2193 2654 2276 loquitur
2669 2196 2872 2271 David,
2898 2206 3072 2259 auttu
3101 2213 3167 2257 es
3181 2193 3466 2275 templum
3484 2193 3612 2256 Dei.

1979 2279 2051 2340 Et
2077 2296 2282 2341 rursus
2305 2282 2379 2344 de
2410 2283 2572 2345 nullo
2603 2285 2719 2347 alio
2753 2286 2975 2347 dictum
3001 2293 3131 2348 est:
3165 2284 3277 2346 Hic
3309 2291 3402 2344 est
3429 2282 3617 2345 Filius

1979 2384 2146 2429 meus
2161 2369 2436 2448 dilectus,
2454 2373 2657 2437 audite
2678 2374 2951 2439 illum.Et
2973 2373 3120 2436 nulli
3142 2372 3489 2452 angelorum
3511 2379 3617 2434 aut

1979 2458 2404 2538 prophetarum
2430 2462 2653 2525 dictum
2684 2473 2814 2526 est:
2849 2465 2994 2526 sede
3013 2481 3048 2526 a
3076 2462 3302 2525 dextris
3335 2460 3484 2523 meis
3513 2461 3616 2522 do-

1977 2561 2090 2607 nec
2113 2567 2368 2628 posuero
2391 2553 2664 2616 inimicos
2699 2566 2832 2616 tuos
2865 2552 3193 2616 scabellum
3227 2549 3442 2631 pedum
3477 2559 3611 2612 tuo-

1974 2653 2131 2699 rum.
2167 2641 2296 2702 Nec
2325 2640 2402 2703 de
2451 2643 2662 2721 angelo
2698 2643 2920 2706 dictum
2973 2665 2985 2702 :
3041 2646 3200 2707 Deus
3228 2649 3434 2704 noster
3463 2649 3555 2703 est
3579 2658 3615 2703 ι

1975 2723 2228 2788 dextris.
2284 2731 2408 2792 Nec
2454 2749 2660 2795 rursus
2701 2755 2716 2792 :
2768 2735 3001 2796 Nomen
3033 2741 3197 2794 tuum
3225 2739 3315 2793 est
3341 2729 3416 2792 ab
3445 2730 3614 2793 initio

1973 2823 2114 2877 ante
2139 2817 2352 2894 solem,
2377 2829 2437 2882 et
2459 2822 2684 2901 lunam,
2715 2831 2772 2885 et
2802 2824 2863 2884 in
2881 2823 3133 2894 sacula;
3163 2839 3276 2884 nec
3296 2821 3372 2882 de
3399 2820 3613 2898 angelo

1975 2911 2034 2965 et
2046 2991 2049 2992 ν
2062 2907 2350 2986 propheta
2371 2909 2592 2972 dictum
2621 2928 2635 2976 :
2661 2911 2746 2975 Te
2761 2913 3204 2975 venerabuntur
3224 2925 3398 2991 reges
3410 2910 3613 2992 populi

1973 2991 2082 3066 tui,
2117 3003 2176 3056 et
2217 2997 2408 3060 tribus
2439 3000 2642 3079 populi
2675 3000 2758 3063 tui
2787 3002 2848 3063 in
2883 3007 2941 3063 te
2971 2991 3428 3072 benedicentur,
3461 3007 3521 3061 et
3555 3011 3617 3062 te

253 3089 398 3146 ἔστιν
440 3089 542 3166 ἄρα
600 3087 811 3162 λοιπὸν,
864 3089 953 3145 καί
1009 3090 1037 3145 ὀ
1081 3088 1313 3166 ἃγγελος
1362 3089 1487 3153 ναὸς
1529 3096 1687 3162 Θεοῦ,
1721 3087 1794 3149 ὠς
1828 3087 1882 3143 σὺ

1970 3081 2304 3148 adorabunt
2318 3105 2526 3150 omnes
2539 3090 2838 3152 homines.
2857 3089 2981 3154 Non
2997 3108 3139 3170 ergo
3159 3088 3452 3170 sequitur,
3469 3097 3532 3152 ut
3545 3097 3608 3151 tu

252 3176 464 3242 δοκεῖς.
498 3179 594 3235 Καί
650 3181 794 3241 αὖθις
855 3177 1040 3256 ἐρωτῶ
1090 3199 1150 3234 σε
1183 3178 1243 3234 ἐκ
1273 3181 1370 3246 τῆς
1399 3183 1606 3256 γραφῆς
1642 3199 1756 3249 σου,
1807 3175 1882 3231 ὅτι

1969 3173 2294 3250 existimas,
2320 3178 2476 3257 quod
2501 3181 2750 3259 angelus
2769 3181 2847 3244 sit
2871 3181 3157 3261 templum
3189 3179 3442 3243 Dei.Sed
3466 3195 3609 3241 rur-

252 3266 619 3341 ὲϐδομήκοντα
690 3281 840 3344 τρεῖς
927 3267 1086 3346 φυλαί
1155 3269 1286 3323 εἰσιν
1361 3270 1409 3324 οἱ
1481 3265 1880 3339 Μουσαὶμανοί,

1966 3279 2067 3322 sus
2088 3265 2243 3344 apud
2270 3275 2326 3328 te
2356 3270 2740 3347 quaestionem
2776 3271 3026 3333 movebo
3049 3289 3120 3333 ex
3150 3269 3280 3350 ipsa
3309 3271 3608 3349 scriptura

250 3359 324 3420 ὡς
355 3356 556 3434 λέγεις,
589 3358 623 3425 ἡ
655 3358 753 3431 μία
807 3366 902 3417 106
959 3355 1302 3434 παραδείσου,
1333 3356 1422 3412 καί
1473 3359 1526 3411 αἱ
1569 3354 1752 3410 λοιπαί
1778 3361 1882 3410 τῶν

1969 3353 2066 3440 tua
2094 3353 2361 3434 petitam,
2382 3356 2484 3418 ubi
2515 3367 2789 3421 narratur
2809 3360 3186 3440 septuaginta
3207 3367 3340 3421 tres
3356 3375 3492 3421 esse
3510 3359 3613 3420 tri-

252 3445 525 3504 κολάσεων
555 3465 572 3482 ο
634 3448 724 3502 καί
785 3447 981 3510 πάντες
1047 3446 1141 3503 ἕνα
1185 3446 1479 3526 Μουχὶμετ
1534 3447 1882 3521 γινώσκουσιν

1967 3438 2077 3502 bus
2099 3443 2679 3524 Musulmannorum,
2697 3438 2932 3510 unicam
2960 3438 3099 3509 vero
3122 3447 3610 3528 paradisidiliciis

249 3537 338 3592 καί
379 3535 469 3593 ἕνα
513 3537 644 3593 Θεὸν
703 3533 866 3592 ἄλλον
909 3535 1256 3615 ὁμολογοῦσι,
1319 3536 1408 3592 καί
1464 3533 1696 3610 τέσσαρα
1756 3531 1882 3608 δόγ-

1971 3530 2312 3619 potituram,
2332 3534 2480 3595 alias
2505 3551 2646 3596 vero
2660 3556 2871 3598 omnes
2892 3538 3202 3619 suppliciis
3217 3546 3276 3599 et
3295 3537 3490 3618 pinnis
3510 3538 3610 3599 ad-

248 3645 392 3684 ματα
449 3624 843 3702 δογματίζουσι.
900 3626 972 3682 Τὸ
1035 3627 1242 3702 πρῶτον
1306 3624 1413 3680 ἀπὸ
1473 3622 1700 3700 Χανιφὰ,
1763 3619 1882 3677 δεό-

1966 3618 2340 3699 judicandas;
2357 3632 2637 3687 etomnes
2651 3626 2901 3708 quidem
2926 3618 3109 3689 unum
3127 3627 3607 3691 Muhammedein

243 3734 393 3790 τερον
453 3715 604 3794 Σεφί,
665 3715 842 3793 τρίτον
898 3713 1088 3794 Μελκί,
1148 3713 1400 3792 τέταρτον
1447 3712 1665 3792 Ἀχμάτ
1726 3718 1882 3786 Χαμ-

1967 3720 2316 3786 agnoscunt,
2343 3730 2526 3774 unum
2549 3732 2686 3777 vero
2708 3717 2888 3778 alium
2915 3716 3102 3779 Deum
3124 3715 3512 3792 conﬁtentur,
3547 3725 3607 3779 et

244 3803 360 3863 πίλ,
1967 3800 2472 3880 quatuorquidem
2485 3805 2817 3866 sententias
2837 3806 3026 3868 varias
3039 3805 3310 3868 foventet
3329 3805 3611 3886 proﬁten-

1963 3893 2082 3950 tur.
2117 3887 2303 3951 Unam
2333 3908 2365 3953 a
2387 3890 2718 3974 Cbanipha,
2741 3896 2988 3958 alteram
3016 3915 3050 3958 a
3073 3895 3284 3976 Sephi,
3312 3894 3543 3958 tertiam
3576 3915 3612 3960 a
3670 3929 3672 3934 ν

1960 3976 2196 4066 Melchi,
2231 3990 2501 4059 quartam
2532 3986 2606 4045 ab
2637 3986 2896 4048 Acbmet
2925 3986 3220 4066 Champil.

325 4071 426 4129 Καί
467 4069 686 4145 ἔμαθον,
733 4068 813 4126 ὅτι
866 4068 1012 4146 λέγει
1059 4072 1087 4126 ὸ
1134 4069 1434 4149 Μουχαμέτ
1497 4069 1552 4125 ἐν
1608 4077 1686 4142 τῷ
1740 4080 1880 4128 Κου-

2043 4065 2116 4129 Ει
2145 4068 2342 4131 audivi
2367 4078 2425 4132 et
2445 4074 2576 4134 novi
2603 4073 2759 4154 quod
2784 4065 3163 4137 Muhamme’d
3186 4075 3399 4136 doceat
3421 4073 3484 4136 in
3503 4075 3609 4139 Al-

242 4161 428 4238 ρανίῳ,
492 4158 898 4233 Ἐϐδομήκοντα
957 4157 1046 4216 δύο
1095 4158 1256 4238 φυλαί
1299 4159 1392 4226 τῆς
1450 4157 1748 4238 κολάσεως,
1795 4159 1882 4214 καί

1966 4174 2185 4218 corano
2217 4161 2594 4239 septuaginta
2620 4163 2766 4224 duas
2788 4162 2981 4225 tribus
2995 4163 3330 4244 suppliciis,
3361 4163 3598 4226 unicam

241 4249 338 4322 μία
367 4256 461 4307 τοῦ
491 4244 833 4320 παραδείσου.
871 4249 1091 4312 Πᾶττως
1145 4250 1173 4304 δ
1236 4248 1560 4326 Μουχάμετ,
1607 4246 1726 4306 οὐδὲ
1777 4247 1882 4303 ἀπὸ

1967 4262 2106 4306 vero
2125 4245 2410 4310 destinari
2436 4252 2731 4328 paradiso.
2760 4253 2934 4317 Certe
2954 4253 3329 4316 Muhammed
3355 4269 3424 4315 ex
3444 4254 3604 4315 varia

240 4333 454 4402 πολλῆς
511 4333 778 4413 συλλογῆς
820 4334 1040 4411 βιϐλίων
1087 4334 1392 4393 ἆπαίδευσεν
1454 4339 1547 4393 τὸν
1603 4336 1734 4393 λαὸν
1778 4338 1880 4392 αὖ·

1966 4342 2019 4390 ει
2043 4335 2344 4408 multiplici
2361 4338 2640 4397 librorum
2655 4343 2982 4412 cognitione
3005 4341 3280 4413 populum
3297 4356 3467 4399 suum
3482 4355 3597 4400 non

238 4433 358 4496 106,
393 4423 486 4479 ἴνα
520 4424 568 4480 οἱ
620 4424 720 4496 μὲν
782 4426 1158 4502 γινώσκουσιν,
1205 4427 1254 4481 οἱ
1307 4423 1361 4480 δὲ
1419 4425 1516 4499 μή.
1585 4423 1722 4482 Ἀπὸ
1779 4431 1878 4492 τῆς

1966 4414 2165 4504 docuit
2197 4426 2256 4478 et
2306 4417 2682 4482 institutione
2717 4421 2994 4495 erudivit,
3041 4431 3106 4484 ut
3135 4422 3402 4504 quidam,
3437 4422 3603 4485 illius

238 4515 496 4580 τοιαύτης
552 4511 826 4590 συλλογῆς
879 4515 1094 4578 πάντως
1155 4517 1189 4582 ἡ
1249 4513 1449 4593 διδαχὴ
1502 4517 1663 4572 αὒτοῦ
1707 4522 1876 4589 πᾶσα,

1966 4503 2299 4567 doctrinam
2322 4519 2807 4589 assequerentur,
2832 4511 2934 4573 alli
2964 4529 3104 4574 vero
3129 4485 3244 4573 rion
3264 4533 3282 4587 ;
3300 4530 3368 4574 ex
3387 4485 3521 4574 Iona
3542 4521 3600 4574 et

238 4605 329 4660 καί
384 4604 420 4670 ἡ
478 4602 608 4678 πρὸς
639 4603 732 4658 τὸν
761 4601 892 4659 λαὸν
922 4603 1166 4682 κήρυξις,
1199 4605 1287 4661 καί
1315 4606 1349 4672 ἡ
1382 4605 1562 4667 πίστις
1599 4603 1628 4670 ἦ
1659 4603 1876 4682 φοϐερὰ,

1966 4593 2172 4656 eadem
2198 4595 2493 4676 farragine
2514 4600 2684 4662 lluxit
2706 4609 2824 4663 tota
2854 4601 3016 4665 illius
3035 4601 3330 4677 doctrina,
3364 4609 3423 4664 et
3443 4601 3602 4664 illius

236 4693 328 4750 καί
355 4692 418 4748 τὸ
460 4688 658 4768 δόγμα,
705 4692 796 4748 καί
851 4693 885 4761 ἡ
941 4691 1205 4771 ὁμολογία
1264 4701 1356 4750 105
1417 4690 1756 4769 παραδείσου,
1793 4693 1881 4747 καί

1966 4684 2034 4745 ad
2071 4685 2351 4765 populum
2387 4688 2753 4767 praedicatio,
2788 4699 2846 4752 et
2875 4690 3176 4754 horrenda
3204 4690 3456 4765 ﬁdes,et
3481 4689 3596 4752 do-

235 4787 334 4847 τῆς
365 4779 616 4858 κρίσεως,
651 4779 740 4834 καί
767 4779 1026 4861 ἡσυχίας,
1059 4783 1148 4838 καί
1192 4783 1218 4837 ὁ
1269 4780 1456 4854 ὕμνος,
1488 4781 1580 4837 καί
1625 4782 1658 4849 ἡ
1690 4780 1878 4855 ψαλμ-

1966 4774 2178 4848 ctrina,
2211 4783 2273 4837 et
2320 4776 2616 4840 confessio
2665 4778 2741 4840 de
2772 4782 3070 4860 paradiso,
3102 4779 3316 4842 ultimo
3337 4779 3594 4858 judicio,

234 4869 388 4945 ῳδία,
445 4871 537 4924 καί
591 4869 626 4936 ἡ
684 4870 984 4949 προφητεία
1039 4874 1224 4950 αὐτοῦ,
1286 4872 1377 4927 διαί
1432 4872 1466 4938 ἡ
1538 4868 1870 4939 διδασκαλία,

1966 4872 2020 4925 et
2041 4864 2238 4944 quiete
2248 4873 2558 4941 aaterua,et
2577 4868 2920 4946 hymnus,et
2935 4870 3234 4952 psalmi,et
3253 4868 3594 4950 disciplina,

231 4960 321 5017 καί
377 4961 412 5028 ἡ
465 4957 646 5036 σοφία,
697 4959 787 5015 καί
827 4961 890 5016 τὸ
920 4965 1060 5040 φῶς,
1106 4961 1197 5017 καί
1224 4960 1253 5017 ὀ
1282 4961 1466 5035 νόμος,
1501 4962 1560 5016 ὃν
1591 4959 1783 5016 δέδωκε
1813 4961 1874 5017 τὸ

1966 4959 2018 5014 et
2045 4953 2423 5033 supplicatio,
2459 4964 2518 5017 et
2564 4956 2686 5037 lux,
2721 4966 2781 5018 et
2811 4960 2927 5040 lex,
2960 4977 3139 5040 quam
3172 4959 3337 5038 genti
3367 4957 3597 5021 Musul-

231 5049 384 5125 γένος
415 5052 522 5102 τῶν
573 5047 1028 5124 Μουσουλμανῶν,
1083 5047 1229 5106 τοῦτ’
1261 5049 1370 5106 ἔστι
1418 5052 1481 5107 τὸ
1514 5051 1712 5121 εἰπεῖν,
1764 5053 1874 5108 Οὐκ

232 5135 376 5193 ἔστιν
409 5136 564 5207 Θεὸς,
600 5133 746 5204 πλὴν
805 5145 960 5213 Θεοῦ,
996 5139 1089 5195 καί
1143 5140 1172 5196 ό
1218 5140 1516 5220 Μουχάμετ
1571 5137 1870 5204 ἀπόστολος

231 5233 384 5284 Θεοῖι.
450 5225 546 5282 Καί
589 5223 778 5298 πάλιν,
823 5234 978 5288 10610
1009 5229 1154 5286 ἐστιν
1202 5228 1264 5284 τὸ
1295 5227 1588 5307 κεφάλαιον
1619 5233 1719 5294 τῆς
1751 5251 1866 5284 σω-

228 5314 417 5390 τηρίας
452 5313 623 5387 Sinin,
657 5314 716 5369 τὸ
745 5312 948 5394 λέγειν,
1009 5317 1096 5382 Εἰς
1139 5317 1200 5372 τὸ
1243 5315 1412 5389 ὄνομα
1469 5326 1564 5375 τοῦ
1609 5315 1742 5373 Θεοῦ
1771 5323 1868 5373 106

230 5402 529 5472 ἰλεοῦντος,
563 5400 653 5457 καὶ
681 5400 1001 5484 ἐλεημένοιι,
1033 5409 1080 5480 ᾧ
1108 5407 1155 5462 οἱ
1209 5405 1264 5461 ἐν
1295 5405 1519 5472 ἀληθεία
1549 5404 1862 5485 εὖχόμενοι.

228 5494 327 5552 Καί
356 5493 438 5550 ὅτι
470 5487 632 5567 παρὲξ
665 5495 902 5552 τοιούτου
953 5493 1220 5572 δόγματος
1273 5495 1333 5552 οὗ
1363 5492 1622 5568 δοξάζεις,
1684 5493 1866 5572 ἔτερος

223 5580 382 5660 λόγος
439 5578 709 5655 σωτηρίας
784 5585 888 5663 οὐχ
947 5585 1206 5663 ὑπάρχει.
1301 5583 1398 5640 Καὶ
1479 5583 1507 5638 ὀ
1567 5583 1862 5662 Μουχάμετ

222 5670 522 5734 ἀπόστολος
569 5673 722 5742 Θεοῦ,
783 5673 1059 5748 βασιλείαν
1108 5679 1242 5731 Θεοῦ
1289 5675 1350 5732 οὐ
1415 5669 1855 5752 κληρονομήσας.

1955 5043 2208 5104 manicae
2229 5041 2493 5118 tradidit,
2527 5042 2589 5105 in
2611 5063 2682 5106 eo
2705 5055 2930 5109 tantum
2953 5049 3320 5122 consistit,ut
3338 5045 3593 5122 dicatur,

1954 5149 2075 5194 non
2103 5143 2192 5194 est
2226 5133 2386 5194 Deus
2415 5132 2532 5194 nisi
2562 5132 2740 5211 Deus,
2775 5145 2834 5198 et
2863 5137 3245 5200 Muhammed
3288 5137 3596 5220 apostolus

1954 5220 2080 5283 Dei.
2118 5225 2188 5284 Et
2213 5222 2455 5293 iterum.
2485 5221 2611 5285 hinc
2643 5232 2735 5286 est
2761 5243 2998 5287 summa
3025 5227 3233 5289 salutis
3263 5237 3498 5301 vestrae,
3533 5228 3592 5290 in

1951 5310 2194 5373 nomine
2221 5308 2327 5374 Dei
2357 5310 2722 5375 miseratoris
2773 5322 2836 5376 et
2886 5314 3293 5378 misericordis
3322 5335 3503 5398 quem
3531 5317 3596 5379 in

1949 5401 2202 5463 veritate
2232 5402 2587 5484 precamini,
2619 5411 2682 5466 et
2727 5411 2943 5484 praeter
2970 5403 3124 5466 istud
3163 5405 3398 5485 dogma,
3433 5405 3599 5469 nulla

1947 5491 2064 5554 alia
2085 5491 2190 5554 Dei
2214 5492 2560 5567 celebratio,
2595 5492 2951 5574 nullumque
2973 5495 3128 5574 apud
3150 5514 3254 5558 vos
3275 5494 3435 5559 aliud
3458 5515 3595 5558 ver-

1947 5581 2086 5644 bum
2119 5582 2341 5644 salutis.
2381 5582 2451 5644 Et
2492 5583 2872 5646 Muhammed
2903 5592 2994 5644 est
3026 5585 3330 5664 apostolus
3357 5585 3465 5648 Dei
3491 5586 3592 5662 qui

1945 5679 2142 5734 tamen
2166 5689 2414 5752 regnum
2439 5671 2547 5736 Dei
2572 5691 2692 5736 non
2713 5681 2804 5737 est
2821 5683 3182 5738 consecutus
3209 5696 3226 5749 ;
3253 5673 3595 5755 quicunque
