  <div class='ocr_page' id='page_1' title='image "/cluster/home/n/w/nwhite01/storage/ocr_20150623/104/hvd.32044073502163/721.png"; bbox 0 0 3994 6232; ppageno 0'>
   <div class='ocr_carea' id='block_1_1' title="bbox 287 265 1936 338">
    <p class='ocr_par' dir='ltr' id='par_1_1' title="bbox 287 265 1936 338">
     <span class='ocr_line' id='line_1_1' title="bbox 287 265 1936 338; baseline 0.004 -7"><span class='ocrx_word' id='word_1_1' title='bbox 287 265 456 332; x_wconf 70' lang='grc'><strong>1403¹</strong></span> <span class='ocrx_word' id='word_1_2' title='bbox 1470 272 1936 338; x_wconf 81' lang='lat' dir='ltr'><strong>BARTHOLOM</strong></span> 
     </span>
    </p>
   </div>
   <div class='ocr_carea' id='block_1_2' title="bbox 2026 265 3670 338">
    <p class='ocr_par' dir='ltr' id='par_1_2' title="bbox 2026 267 3670 338">
     <span class='ocr_line' id='line_1_2' title="bbox 2026 267 3670 338; baseline -0.003 0"><span class='ocrx_word' id='word_1_3' title='bbox 2026 275 2042 337; x_wconf 95' lang='grc'><strong>[</strong></span> <span class='ocrx_word' id='word_1_4' title='bbox 2088 272 2455 338; x_wconf 79' lang='lat' dir='ltr'><strong>EDESSENI</strong></span> <span class='ocrx_word' id='word_1_5' title='bbox 3509 267 3670 334; x_wconf 73' lang='grc'><strong>1404</strong></span> 
     </span>
    </p>
   </div>
   <div class='ocr_carea' id='block_1_3' title="bbox 278 387 1936 487">
    <p class='ocr_par' dir='ltr' id='par_1_3' title="bbox 278 387 1934 487">
     <span class='ocr_line' id='line_1_3' title="bbox 278 387 1934 487; baseline 0.003 -24"><span class='ocrx_word' id='word_1_6' title='bbox 278 419 421 464; x_wconf 87' lang='lat' dir='ltr'><strong>vero</strong></span> <span class='ocrx_word' id='word_1_7' title='bbox 443 403 598 466; x_wconf 82' lang='lat' dir='ltr'><strong>sicut</strong></span> <span class='ocrx_word' id='word_1_8' title='bbox 618 404 915 487; x_wconf 87' lang='lat' dir='ltr'><strong>scriptum</strong></span> <span class='ocrx_word' id='word_1_9' title='bbox 939 413 1030 468; x_wconf 90' lang='lat' dir='ltr'><strong>est</strong></span> <span class='ocrx_word' id='word_1_10' title='bbox 1046 405 1358 469; x_wconf 83' lang='lat' dir='ltr'><strong>confessus</strong></span> <span class='ocrx_word' id='word_1_11' title='bbox 1378 387 1754 480; x_wconf 73' lang='lat' dir='ltr'><strong>fuerit,intér</strong></span> <span class='ocrx_word' id='word_1_12' title='bbox 1777 407 1934 468; x_wconf 81' lang='lat' dir='ltr'><strong>cives</strong></span> 
     </span>
    </p>
   </div>
   <div class='ocr_carea' id='block_1_4' title="bbox 2026 387 3684 487">
    <p class='ocr_par' dir='ltr' id='par_1_4' title="bbox 2026 404 3684 485">
     <span class='ocr_line' id='line_1_4' title="bbox 2026 404 3684 485; baseline -0.004 -20"><span class='ocrx_word' id='word_1_13' title='bbox 2026 407 2207 471; x_wconf 87' lang='grc' dir='ltr'>Ὀστις</span> <span class='ocrx_word' id='word_1_14' title='bbox 2237 406 2294 463; x_wconf 77' lang='grc' dir='ltr'><strong>δὲ</strong></span> <span class='ocrx_word' id='word_1_15' title='bbox 2352 405 2505 470; x_wconf 60' lang='grc' dir='ltr'>οὗτος</span> <span class='ocrx_word' id='word_1_16' title='bbox 2561 404 2938 483; x_wconf 77' lang='grc' dir='ltr'>ὁμολογήσας,</span> <span class='ocrx_word' id='word_1_17' title='bbox 2997 407 3073 469; x_wconf 82' lang='grc' dir='ltr'>ὡς</span> <span class='ocrx_word' id='word_1_18' title='bbox 3132 405 3465 485; x_wconf 72' lang='grc' dir='ltr'>γέγραπται,</span> <span class='ocrx_word' id='word_1_19' title='bbox 3525 407 3684 462; x_wconf 63' lang='grc' dir='ltr'>εστὶν</span> 
     </span>
    </p>
   </div>
   <div class='ocr_carea' id='block_1_5' title="bbox 279 493 1936 574">
    <p class='ocr_par' dir='ltr' id='par_1_5' title="bbox 279 493 1936 574">
     <span class='ocr_line' id='line_1_5' title="bbox 279 493 1936 574; baseline 0.002 -21"><span class='ocrx_word' id='word_1_20' title='bbox 279 499 339 553; x_wconf 89' lang='lat' dir='ltr'><strong>et</strong></span> <span class='ocrx_word' id='word_1_21' title='bbox 368 493 602 555; x_wconf 87' lang='lat' dir='ltr'><strong>accolas</strong></span> <span class='ocrx_word' id='word_1_22' title='bbox 659 495 916 574; x_wconf 81' lang='lat' dir='ltr'><strong>paradisi</strong></span> <span class='ocrx_word' id='word_1_23' title='bbox 975 495 1417 560; x_wconf 87' lang='lat' dir='ltr'><strong>recensebitur.</strong></span> <span class='ocrx_word' id='word_1_24' title='bbox 1452 495 1554 558; x_wconf 70' lang='lat' dir='ltr'><strong>Vae</strong></span> <span class='ocrx_word' id='word_1_25' title='bbox 1603 496 1709 557; x_wconf 89' lang='lat' dir='ltr'><strong>toti</strong></span> <span class='ocrx_word' id='word_1_26' title='bbox 1731 495 1936 574; x_wconf 85' lang='lat' dir='ltr'><strong>generi</strong></span> 
     </span>
    </p>
   </div>
   <div class='ocr_carea' id='block_1_6' title="bbox 2026 493 3684 574">
    <p class='ocr_par' dir='ltr' id='par_1_6' title="bbox 2026 493 3684 573">
     <span class='ocr_line' id='line_1_6' title="bbox 2026 493 3684 573; baseline -0.002 -19"><span class='ocrx_word' id='word_1_27' title='bbox 2026 496 2250 563; x_wconf 84' lang='grc' dir='ltr'><strong>πολίτης</strong></span> <span class='ocrx_word' id='word_1_28' title='bbox 2301 503 2393 552; x_wconf 77' lang='grc' dir='ltr'><strong>τοῦ</strong></span> <span class='ocrx_word' id='word_1_29' title='bbox 2437 493 2778 573; x_wconf 68' lang='grc' dir='ltr'>παραδείσου.</span> <span class='ocrx_word' id='word_1_30' title='bbox 2827 495 2957 553; x_wconf 70' lang='grc' dir='ltr'>Οὐαί</span> <span class='ocrx_word' id='word_1_31' title='bbox 3003 497 3067 551; x_wconf 90' lang='grc' dir='ltr'><strong>τὸ</strong></span> <span class='ocrx_word' id='word_1_32' title='bbox 3125 497 3286 573; x_wconf 77' lang='grc' dir='ltr'>γένος</span> <span class='ocrx_word' id='word_1_33' title='bbox 3354 502 3465 552; x_wconf 74' lang='grc' dir='ltr'><strong>τῶν</strong></span> <span class='ocrx_word' id='word_1_34' title='bbox 3519 500 3684 551; x_wconf 67' lang='lat' dir='ltr'><strong>ch-</strong></span> 
     </span>
    </p>
   </div>
   <div class='ocr_carea' id='block_1_7' title="bbox 278 578 1936 664">
    <p class='ocr_par' dir='ltr' id='par_1_7' title="bbox 278 578 1936 664">
     <span class='ocr_line' id='line_1_7' title="bbox 278 578 1936 664; baseline 0.002 -21"><span class='ocrx_word' id='word_1_35' title='bbox 278 578 710 645; x_wconf 77' lang='lat' dir='ltr'><strong>Musulmanico</strong></span> <span class='ocrx_word' id='word_1_36' title='bbox 762 591 1012 664; x_wconf 82' lang='lat' dir='ltr'><strong>propter</strong></span> <span class='ocrx_word' id='word_1_37' title='bbox 1062 586 1236 648; x_wconf 85' lang='lat' dir='ltr'><strong>talem</strong></span> <span class='ocrx_word' id='word_1_38' title='bbox 1265 584 1621 649; x_wconf 85' lang='lat' dir='ltr'><strong>doctrinam.</strong></span> <span class='ocrx_word' id='word_1_39' title='bbox 1655 584 1805 657; x_wconf 86' lang='lat' dir='ltr'><strong>Quia</strong></span> <span class='ocrx_word' id='word_1_40' title='bbox 1832 586 1936 661; x_wconf 89' lang='lat' dir='ltr'><strong>qui</strong></span> 
     </span>
    </p>
   </div>
   <div class='ocr_carea' id='block_1_8' title="bbox 2026 578 3686 664">
    <p class='ocr_par' dir='ltr' id='par_1_8' title="bbox 2026 582 3686 662">
     <span class='ocr_line' id='line_1_8' title="bbox 2026 582 3686 662; baseline -0.001 -21"><span class='ocrx_word' id='word_1_41' title='bbox 2026 585 2336 660; x_wconf 76' lang='grc' dir='ltr'>σουλμανῶν</span> <span class='ocrx_word' id='word_1_42' title='bbox 2366 585 2422 642; x_wconf 73' lang='grc' dir='ltr'>ἐν</span> <span class='ocrx_word' id='word_1_43' title='bbox 2470 591 2546 660; x_wconf 83' lang='grc' dir='ltr'><strong>τῷ</strong></span> <span class='ocrx_word' id='word_1_44' title='bbox 2603 583 2749 662; x_wconf 87' lang='grc' dir='ltr'>λόγῳ</span> <span class='ocrx_word' id='word_1_45' title='bbox 2804 586 3000 657; x_wconf 83' lang='grc' dir='ltr'>τούτῳ,</span> <span class='ocrx_word' id='word_1_46' title='bbox 3057 583 3182 643; x_wconf 79' lang='grc' dir='ltr'>’Ότι</span> <span class='ocrx_word' id='word_1_47' title='bbox 3212 585 3242 642; x_wconf 82' lang='grc' dir='ltr'><em>ὅ</em></span> <span class='ocrx_word' id='word_1_48' title='bbox 3279 585 3498 642; x_wconf 68' lang='grc' dir='ltr'>ἁκούων</span> <span class='ocrx_word' id='word_1_49' title='bbox 3536 582 3686 640; x_wconf 71' lang='grc' dir='ltr'>τού-</span> 
     </span>
    </p>
   </div>
   <div class='ocr_carea' id='block_1_9' title="bbox 279 669 1938 756">
    <p class='ocr_par' dir='ltr' id='par_1_9' title="bbox 279 669 1938 756">
     <span class='ocr_line' id='line_1_9' title="bbox 279 669 1938 756; baseline 0.002 -24"><span class='ocrx_word' id='word_1_50' title='bbox 279 669 612 747; x_wconf 68' lang='lat' dir='ltr'><strong>hzecaudit,</strong></span> <span class='ocrx_word' id='word_1_51' title='bbox 640 681 700 735; x_wconf 88' lang='lat' dir='ltr'><strong>et</strong></span> <span class='ocrx_word' id='word_1_52' title='bbox 721 674 912 736; x_wconf 83' lang='lat' dir='ltr'><strong>credit</strong></span> <span class='ocrx_word' id='word_1_53' title='bbox 934 675 1034 736; x_wconf 89' lang='lat' dir='ltr'><strong>illa</strong></span> <span class='ocrx_word' id='word_1_54' title='bbox 1067 676 1127 737; x_wconf 91' lang='lat' dir='ltr'><strong>in</strong></span> <span class='ocrx_word' id='word_1_55' title='bbox 1154 675 1427 756; x_wconf 81' lang='lat' dir='ltr'><strong>paradiso</strong></span> <span class='ocrx_word' id='word_1_56' title='bbox 1455 675 1606 746; x_wconf 90' lang='lat' dir='ltr'><strong>ﬁeri,</strong></span> <span class='ocrx_word' id='word_1_57' title='bbox 1637 675 1938 752; x_wconf 82' lang='lat' dir='ltr'><strong>immergi-</strong></span> 
     </span>
    </p>
   </div>
   <div class='ocr_carea' id='block_1_10' title="bbox 279 763 1934 844">
    <p class='ocr_par' dir='ltr' id='par_1_10' title="bbox 279 763 1934 844">
     <span class='ocr_line' id='line_1_10' title="bbox 279 763 1934 844; baseline 0.003 -24"><span class='ocrx_word' id='word_1_58' title='bbox 279 767 378 822; x_wconf 89' lang='lat' dir='ltr'><strong>tur</strong></span> <span class='ocrx_word' id='word_1_59' title='bbox 399 772 645 841; x_wconf 85' lang='lat' dir='ltr'><strong>peccato</strong></span> <span class='ocrx_word' id='word_1_60' title='bbox 675 763 834 826; x_wconf 84' lang='lat' dir='ltr'><strong>sicut</strong></span> <span class='ocrx_word' id='word_1_61' title='bbox 855 783 1008 844; x_wconf 89' lang='lat' dir='ltr'><strong>aqua</strong></span> <span class='ocrx_word' id='word_1_62' title='bbox 1038 765 1376 826; x_wconf 87' lang='lat' dir='ltr'><strong>scaturiens</strong></span> <span class='ocrx_word' id='word_1_63' title='bbox 1397 773 1458 826; x_wconf 86' lang='lat' dir='ltr'><strong>et</strong></span> <span class='ocrx_word' id='word_1_64' title='bbox 1481 781 1764 843; x_wconf 82' lang='lat' dir='ltr'><strong>mergeris</strong></span> <span class='ocrx_word' id='word_1_65' title='bbox 1788 763 1934 825; x_wconf 91' lang='lat' dir='ltr'><strong>her-</strong></span> 
     </span>
    </p>
   </div>
   <div class='ocr_carea' id='block_1_11' title="bbox 280 847 1935 934">
    <p class='ocr_par' dir='ltr' id='par_1_11' title="bbox 280 847 1935 934">
     <span class='ocr_line' id='line_1_11' title="bbox 280 847 1935 934; baseline 0.001 -25"><span class='ocrx_word' id='word_1_66' title='bbox 280 847 442 914; x_wconf 86' lang='lat' dir='ltr'><strong>bam.</strong></span> <span class='ocrx_word' id='word_1_67' title='bbox 462 851 754 915; x_wconf 57' lang='lat' dir='ltr'><strong>Caeterum</strong></span> <span class='ocrx_word' id='word_1_68' title='bbox 779 853 1264 934; x_wconf 85' lang='lat' dir='ltr'><strong>quandoquidem</strong></span> <span class='ocrx_word' id='word_1_69' title='bbox 1289 871 1502 916; x_wconf 90' lang='lat' dir='ltr'><strong>omnes</strong></span> <span class='ocrx_word' id='word_1_70' title='bbox 1527 850 1935 915; x_wconf 80' lang='lat' dir='ltr'><strong>Musulmanni</strong></span> 
     </span>
    </p>
   </div>
   <div class='ocr_carea' id='block_1_12' title="bbox 278 938 1933 1023">
    <p class='ocr_par' dir='ltr' id='par_1_12' title="bbox 278 938 1933 1023">
     <span class='ocr_line' id='line_1_12' title="bbox 278 938 1933 1023; baseline 0.003 -24"><span class='ocrx_word' id='word_1_71' title='bbox 278 945 344 999; x_wconf 90' lang='lat' dir='ltr'><strong>ut</strong></span> <span class='ocrx_word' id='word_1_72' title='bbox 391 938 526 1019; x_wconf 84' lang='lat' dir='ltr'><strong>ipse</strong></span> <span class='ocrx_word' id='word_1_73' title='bbox 573 941 726 1004; x_wconf 85' lang='lat' dir='ltr'><strong>bene</strong></span> <span class='ocrx_word' id='word_1_74' title='bbox 775 945 934 1023; x_wconf 84' lang='lat' dir='ltr'><strong>novi,</strong></span> <span class='ocrx_word' id='word_1_75' title='bbox 974 944 1112 1006; x_wconf 88' lang='lat' dir='ltr'><strong>talia</strong></span> <span class='ocrx_word' id='word_1_76' title='bbox 1157 942 1336 1006; x_wconf 86' lang='lat' dir='ltr'><strong>verba</strong></span> <span class='ocrx_word' id='word_1_77' title='bbox 1388 943 1704 1023; x_wconf 79' lang='lat' dir='ltr'><strong>proferunt</strong></span> <span class='ocrx_word' id='word_1_78' title='bbox 1752 950 1813 1003; x_wconf 91' lang='lat' dir='ltr'><strong>et</strong></span> <span class='ocrx_word' id='word_1_79' title='bbox 1847 941 1933 1004; x_wconf 86' lang='lat' dir='ltr'><strong>sic</strong></span> 
     </span>
    </p>
   </div>
   <div class='ocr_carea' id='block_1_13' title="bbox 279 1030 1940 1113">
    <p class='ocr_par' dir='ltr' id='par_1_13' title="bbox 279 1030 1940 1113">
     <span class='ocr_line' id='line_1_13' title="bbox 279 1030 1940 1113; baseline 0.002 -26"><span class='ocrx_word' id='word_1_80' title='bbox 279 1045 492 1092; x_wconf 86' lang='lat' dir='ltr'><strong>omnes</strong></span> <span class='ocrx_word' id='word_1_81' title='bbox 521 1031 808 1106; x_wconf 88' lang='lat' dir='ltr'><strong>sentiunt,</strong></span> <span class='ocrx_word' id='word_1_82' title='bbox 843 1033 1146 1113; x_wconf 91' lang='lat' dir='ltr'><strong>quomodo</strong></span> <span class='ocrx_word' id='word_1_83' title='bbox 1199 1042 1257 1096; x_wconf 92' lang='lat' dir='ltr'><strong>tu</strong></span> <span class='ocrx_word' id='word_1_84' title='bbox 1297 1035 1517 1095; x_wconf 88' lang='lat' dir='ltr'><strong>asseris</strong></span> <span class='ocrx_word' id='word_1_85' title='bbox 1560 1030 1940 1111; x_wconf 75' lang='lat' dir='ltr'><strong>septuaginta</strong></span> 
     </span>
    </p>
   </div>
   <div class='ocr_carea' id='block_1_14' title="bbox 283 1115 1934 1203">
    <p class='ocr_par' dir='ltr' id='par_1_14' title="bbox 283 1115 1934 1203">
     <span class='ocr_line' id='line_1_14' title="bbox 283 1115 1934 1203; baseline 0.003 -27"><span class='ocrx_word' id='word_1_86' title='bbox 283 1115 523 1182; x_wconf 89' lang='lat' dir='ltr'><strong>illorum</strong></span> <span class='ocrx_word' id='word_1_87' title='bbox 548 1121 737 1184; x_wconf 88' lang='lat' dir='ltr'><strong>tribus</strong></span> <span class='ocrx_word' id='word_1_88' title='bbox 759 1130 819 1184; x_wconf 88' lang='lat' dir='ltr'><strong>et</strong></span> <span class='ocrx_word' id='word_1_89' title='bbox 838 1122 1092 1184; x_wconf 83' lang='lat' dir='ltr'><strong>familias</strong></span> <span class='ocrx_word' id='word_1_90' title='bbox 1118 1123 1308 1203; x_wconf 69' lang='lat' dir='ltr'><strong>pinnis</strong></span> <span class='ocrx_word' id='word_1_91' title='bbox 1330 1119 1934 1199; x_wconf 84' lang='lat' dir='ltr'><strong>adjudicari,unicam</strong></span> 
     </span>
    </p>
   </div>
   <div class='ocr_carea' id='block_1_15' title="bbox 276 1209 1941 1290">
    <p class='ocr_par' dir='ltr' id='par_1_15' title="bbox 276 1209 1941 1290">
     <span class='ocr_line' id='line_1_15' title="bbox 276 1209 1941 1290; baseline 0.002 -24"><span class='ocrx_word' id='word_1_92' title='bbox 276 1221 417 1269; x_wconf 79' lang='lat' dir='ltr'><strong>vero</strong></span> <span class='ocrx_word' id='word_1_93' title='bbox 444 1211 784 1288; x_wconf 86' lang='lat' dir='ltr'><strong>paradisum</strong></span> <span class='ocrx_word' id='word_1_94' title='bbox 809 1222 1302 1275; x_wconf 86' lang='lat' dir='ltr'><strong>consecuturam.</strong></span> <span class='ocrx_word' id='word_1_95' title='bbox 1336 1210 1601 1274; x_wconf 87' lang='lat' dir='ltr'><strong>Ostende</strong></span> <span class='ocrx_word' id='word_1_96' title='bbox 1624 1209 1752 1271; x_wconf 89' lang='lat' dir='ltr'><strong>nihi</strong></span> <span class='ocrx_word' id='word_1_97' title='bbox 1786 1227 1941 1290; x_wconf 90' lang='lat' dir='ltr'><strong>quo-</strong></span> 
     </span>
    </p>
   </div>
   <div class='ocr_carea' id='block_1_16' title="bbox 280 1297 1942 1378">
    <p class='ocr_par' dir='ltr' id='par_1_16' title="bbox 280 1297 1942 1378">
     <span class='ocr_line' id='line_1_16' title="bbox 280 1297 1942 1378; baseline 0.002 -23"><span class='ocrx_word' id='word_1_98' title='bbox 280 1297 461 1360; x_wconf 84' lang='lat' dir='ltr'><strong>modo</strong></span> <span class='ocrx_word' id='word_1_99' title='bbox 482 1299 594 1362; x_wconf 85' lang='lat' dir='ltr'><strong>hoc</strong></span> <span class='ocrx_word' id='word_1_100' title='bbox 619 1302 740 1378; x_wconf 87' lang='lat' dir='ltr'><strong>ﬁat,</strong></span> <span class='ocrx_word' id='word_1_101' title='bbox 765 1302 818 1363; x_wconf 87' lang='lat' dir='ltr'><strong>si</strong></span> <span class='ocrx_word' id='word_1_102' title='bbox 859 1301 1004 1364; x_wconf 91' lang='lat' dir='ltr'><strong>illud</strong></span> <span class='ocrx_word' id='word_1_103' title='bbox 1051 1301 1240 1372; x_wconf 84' lang='lat' dir='ltr'><strong>nosti;</strong></span> <span class='ocrx_word' id='word_1_104' title='bbox 1290 1302 1342 1363; x_wconf 92' lang='lat' dir='ltr'><strong>si</strong></span> <span class='ocrx_word' id='word_1_105' title='bbox 1364 1319 1507 1362; x_wconf 86' lang='lat' dir='ltr'><strong>vero</strong></span> <span class='ocrx_word' id='word_1_106' title='bbox 1536 1299 1700 1362; x_wconf 87' lang='lat' dir='ltr'><strong>illius</strong></span> <span class='ocrx_word' id='word_1_107' title='bbox 1727 1318 1846 1360; x_wconf 91' lang='lat' dir='ltr'><strong>non</strong></span> <span class='ocrx_word' id='word_1_108' title='bbox 1879 1305 1942 1359; x_wconf 79' lang='lat' dir='ltr'><strong>e5</strong></span> 
     </span>
    </p>
   </div>
   <div class='ocr_carea' id='block_1_17' title="bbox 280 1389 1932 1473">
    <p class='ocr_par' dir='ltr' id='par_1_17' title="bbox 280 1389 1932 1473">
     <span class='ocr_line' id='line_1_17' title="bbox 280 1389 1932 1473; baseline 0.001 -26"><span class='ocrx_word' id='word_1_109' title='bbox 280 1389 579 1465; x_wconf 88' lang='lat' dir='ltr'><strong>conscius,</strong></span> <span class='ocrx_word' id='word_1_110' title='bbox 613 1392 726 1455; x_wconf 90' lang='lat' dir='ltr'><strong>hoc</strong></span> <span class='ocrx_word' id='word_1_111' title='bbox 758 1392 867 1454; x_wconf 89' lang='lat' dir='ltr'><strong>tibi</strong></span> <span class='ocrx_word' id='word_1_112' title='bbox 899 1392 1036 1473; x_wconf 87' lang='lat' dir='ltr'><strong>ipsi,</strong></span> <span class='ocrx_word' id='word_1_113' title='bbox 1073 1395 1202 1473; x_wconf 84' lang='lat' dir='ltr'><strong>ipse</strong></span> <span class='ocrx_word' id='word_1_114' title='bbox 1234 1392 1430 1454; x_wconf 92' lang='lat' dir='ltr'><strong>dicam</strong></span> <span class='ocrx_word' id='word_1_115' title='bbox 1466 1400 1526 1453; x_wconf 91' lang='lat' dir='ltr'><strong>et</strong></span> <span class='ocrx_word' id='word_1_116' title='bbox 1560 1389 1932 1469; x_wconf 73' lang='lat' dir='ltr'><strong>siguiﬁcabo~</strong></span> 
     </span>
    </p>
   </div>
   <div class='ocr_carea' id='block_1_18' title="bbox 361 1479 1933 1561">
    <p class='ocr_par' dir='ltr' id='par_1_18' title="bbox 361 1479 1933 1561">
     <span class='ocr_line' id='line_1_18' title="bbox 361 1479 1933 1561; baseline 0.001 -23"><span class='ocrx_word' id='word_1_117' title='bbox 361 1479 688 1560; x_wconf 78' lang='lat' dir='ltr'><strong>Propterea</strong></span> <span class='ocrx_word' id='word_1_118' title='bbox 723 1482 874 1544; x_wconf 83' lang='lat' dir='ltr'><strong>dixit</strong></span> <span class='ocrx_word' id='word_1_119' title='bbox 924 1481 1304 1544; x_wconf 82' lang='lat' dir='ltr'><strong>Muhammed</strong></span> <span class='ocrx_word' id='word_1_120' title='bbox 1357 1482 1731 1561; x_wconf 84' lang='lat' dir='ltr'><strong>septuaginta</strong></span> <span class='ocrx_word' id='word_1_121' title='bbox 1785 1479 1933 1541; x_wconf 73' lang='lat' dir='ltr'><strong>duas</strong></span> 
     </span>
    </p>
   </div>
   <div class='ocr_carea' id='block_1_19' title="bbox 283 1565 1931 1652">
    <p class='ocr_par' dir='ltr' id='par_1_19' title="bbox 283 1565 1931 1652">
     <span class='ocr_line' id='line_1_19' title="bbox 283 1565 1931 1652; baseline 0.002 -27"><span class='ocrx_word' id='word_1_122' title='bbox 283 1565 474 1630; x_wconf 91' lang='lat' dir='ltr'><strong>tribus</strong></span> <span class='ocrx_word' id='word_1_123' title='bbox 502 1569 576 1631; x_wconf 91' lang='lat' dir='ltr'><strong>ad</strong></span> <span class='ocrx_word' id='word_1_124' title='bbox 599 1571 892 1652; x_wconf 86' lang='lat' dir='ltr'><strong>supplicia</strong></span> <span class='ocrx_word' id='word_1_125' title='bbox 928 1570 1249 1645; x_wconf 87' lang='lat' dir='ltr'><strong>destinari,</strong></span> <span class='ocrx_word' id='word_1_126' title='bbox 1277 1588 1454 1632; x_wconf 90' lang='lat' dir='ltr'><strong>unam</strong></span> <span class='ocrx_word' id='word_1_127' title='bbox 1480 1587 1618 1630; x_wconf 87' lang='lat' dir='ltr'><strong>vero</strong></span> <span class='ocrx_word' id='word_1_128' title='bbox 1649 1569 1721 1630; x_wconf 87' lang='lat' dir='ltr'><strong>ad</strong></span> <span class='ocrx_word' id='word_1_129' title='bbox 1757 1586 1931 1649; x_wconf 87' lang='lat' dir='ltr'><strong>para-</strong></span> 
     </span>
    </p>
   </div>
   <div class='ocr_carea' id='block_1_20' title="bbox 282 1653 1935 1740">
    <p class='ocr_par' dir='ltr' id='par_1_20' title="bbox 282 1653 1935 1740">
     <span class='ocr_line' id='line_1_20' title="bbox 282 1653 1935 1740; baseline 0.001 -25"><span class='ocrx_word' id='word_1_130' title='bbox 282 1653 400 1717; x_wconf 88' lang='lat' dir='ltr'><strong>disi</strong></span> <span class='ocrx_word' id='word_1_131' title='bbox 424 1657 781 1739; x_wconf 80' lang='lat' dir='ltr'><strong>voluptates,</strong></span> <span class='ocrx_word' id='word_1_132' title='bbox 808 1659 950 1740; x_wconf 88' lang='lat' dir='ltr'><strong>quia</strong></span> <span class='ocrx_word' id='word_1_133' title='bbox 975 1661 1350 1740; x_wconf 79' lang='lat' dir='ltr'><strong>septuaginta</strong></span> <span class='ocrx_word' id='word_1_134' title='bbox 1375 1658 1530 1733; x_wconf 73' lang='lat' dir='ltr'><strong>duaa,</strong></span> <span class='ocrx_word' id='word_1_135' title='bbox 1556 1660 1770 1738; x_wconf 87' lang='lat' dir='ltr'><strong>inquit,</strong></span> <span class='ocrx_word' id='word_1_136' title='bbox 1795 1667 1935 1718; x_wconf 89' lang='lat' dir='ltr'><strong>sunt</strong></span> 
     </span>
    </p>
   </div>
   <div class='ocr_carea' id='block_1_21' title="bbox 2019 672 3686 752">
    <p class='ocr_par' dir='ltr' id='par_1_21' title="bbox 2019 672 3686 752">
     <span class='ocr_line' id='line_1_21' title="bbox 2019 672 3686 752; baseline -0.001 -22"><span class='ocrx_word' id='word_1_137' title='bbox 2019 698 2112 732; x_wconf 71' lang='grc' dir='ltr'>τοι)</span> <span class='ocrx_word' id='word_1_138' title='bbox 2143 682 2235 733; x_wconf 87' lang='grc' dir='ltr'><strong>τοῦ</strong></span> <span class='ocrx_word' id='word_1_139' title='bbox 2264 674 2504 752; x_wconf 85' lang='grc' dir='ltr'>γενέσθαι</span> <span class='ocrx_word' id='word_1_140' title='bbox 2537 672 2594 730; x_wconf 82' lang='grc' dir='ltr'>ἐν</span> <span class='ocrx_word' id='word_1_141' title='bbox 2651 679 2728 748; x_wconf 77' lang='grc' dir='ltr'>τῷ</span> <span class='ocrx_word' id='word_1_142' title='bbox 2780 672 3080 746; x_wconf 76' lang='grc' dir='ltr'><strong>παραδείσῳ</strong></span> <span class='ocrx_word' id='word_1_143' title='bbox 3127 673 3332 752; x_wconf 76' lang='grc' dir='ltr'><strong>εἰσάγει</strong></span> <span class='ocrx_word' id='word_1_144' title='bbox 3381 679 3452 750; x_wconf 76' lang='grc' dir='ltr'><strong>τῇ</strong></span> <span class='ocrx_word' id='word_1_145' title='bbox 3485 673 3686 750; x_wconf 73' lang='grc' dir='ltr'>ἁμαρο</span> 
     </span>
    </p>
   </div>
   <div class='ocr_carea' id='block_1_22' title="bbox 2017 763 3684 843">
    <p class='ocr_par' dir='ltr' id='par_1_22' title="bbox 2017 763 3684 843">
     <span class='ocr_line' id='line_1_22' title="bbox 2017 763 3684 843; baseline -0.002 -22"><span class='ocrx_word' id='word_1_146' title='bbox 2017 767 2104 838; x_wconf 58' lang='lat' dir='ltr'><strong>tl;</strong></span> <span class='ocrx_word' id='word_1_147' title='bbox 2134 767 2209 828; x_wconf 83' lang='grc' dir='ltr'>ὡς</span> <span class='ocrx_word' id='word_1_148' title='bbox 2260 765 2440 840; x_wconf 79' lang='grc' dir='ltr'>βρύσιν</span> <span class='ocrx_word' id='word_1_149' title='bbox 2499 764 2721 843; x_wconf 84' lang='grc' dir='ltr'>χόρτου.</span> <span class='ocrx_word' id='word_1_150' title='bbox 2776 764 3004 843; x_wconf 82' lang='grc' dir='ltr'>Λοιπὸν,</span> <span class='ocrx_word' id='word_1_151' title='bbox 3040 763 3156 820; x_wconf 72' lang='grc' dir='ltr'>ἐπεὶ</span> <span class='ocrx_word' id='word_1_152' title='bbox 3185 764 3386 826; x_wconf 79' lang='grc' dir='ltr'>πάντες</span> <span class='ocrx_word' id='word_1_153' title='bbox 3417 764 3471 820; x_wconf 74' lang='grc' dir='ltr'>οἱ</span> <span class='ocrx_word' id='word_1_154' title='bbox 3516 772 3684 821; x_wconf 73' lang='lat' dir='ltr'><strong>Mou-</strong></span> 
     </span>
    </p>
   </div>
   <div class='ocr_carea' id='block_1_23' title="bbox 2020 850 3686 930">
    <p class='ocr_par' dir='ltr' id='par_1_23' title="bbox 2020 850 3686 930">
     <span class='ocr_line' id='line_1_23' title="bbox 2020 850 3686 930; baseline -0.004 -19"><span class='ocrx_word' id='word_1_155' title='bbox 2020 854 2342 930; x_wconf 75' lang='grc' dir='ltr'>σονλμανοέ,</span> <span class='ocrx_word' id='word_1_156' title='bbox 2396 855 2470 916; x_wconf 84' lang='grc' dir='ltr'>ὡς</span> <span class='ocrx_word' id='word_1_157' title='bbox 2531 851 2657 910; x_wconf 79' lang='grc' dir='ltr'>οἶδα</span> <span class='ocrx_word' id='word_1_158' title='bbox 2710 851 2885 930; x_wconf 74' lang='grc' dir='ltr'>κάγὼ,</span> <span class='ocrx_word' id='word_1_159' title='bbox 2936 861 3160 910; x_wconf 71' lang='grc' dir='ltr'>τοιαῦτα</span> <span class='ocrx_word' id='word_1_160' title='bbox 3215 851 3375 930; x_wconf 87' lang='grc' dir='ltr'>λόγια</span> <span class='ocrx_word' id='word_1_161' title='bbox 3419 850 3686 929; x_wconf 80' lang='grc' dir='ltr'>λέγουσι,</span> 
     </span>
    </p>
   </div>
   <div class='ocr_carea' id='block_1_24' title="bbox 2018 938 3689 1023">
    <p class='ocr_par' dir='ltr' id='par_1_24' title="bbox 2018 938 3689 1023">
     <span class='ocr_line' id='line_1_24' title="bbox 2018 938 3689 1023; baseline -0.001 -23"><span class='ocrx_word' id='word_1_162' title='bbox 2018 945 2109 1000; x_wconf 75' lang='grc' dir='ltr'>καί</span> <span class='ocrx_word' id='word_1_163' title='bbox 2171 949 2446 1023; x_wconf 78' lang='grc' dir='ltr'>φρονοῦσι,</span> <span class='ocrx_word' id='word_1_164' title='bbox 2510 943 2572 999; x_wconf 75' lang='grc' dir='ltr'>σὺ</span> <span class='ocrx_word' id='word_1_165' title='bbox 2622 947 2737 1006; x_wconf 82' lang='grc' dir='ltr'><strong>πῶς</strong></span> <span class='ocrx_word' id='word_1_166' title='bbox 2795 941 2997 1020; x_wconf 84' lang='grc' dir='ltr'>λέγεις,</span> <span class='ocrx_word' id='word_1_167' title='bbox 3031 941 3114 1000; x_wconf 83' lang='grc' dir='ltr'><strong>ὅτι</strong></span> <span class='ocrx_word' id='word_1_168' title='bbox 3149 941 3527 1016; x_wconf 51' lang='grc' dir='ltr'>ἐϐδομήκοντα</span> <span class='ocrx_word' id='word_1_169' title='bbox 3583 938 3689 998; x_wconf 69' lang='grc' dir='ltr'>δύο</span> 
     </span>
    </p>
   </div>
   <div class='ocr_carea' id='block_1_25' title="bbox 2020 1029 3685 1112">
    <p class='ocr_par' dir='ltr' id='par_1_25' title="bbox 2020 1029 3685 1112">
     <span class='ocr_line' id='line_1_25' title="bbox 2020 1029 3685 1112; baseline -0.002 -22"><span class='ocrx_word' id='word_1_170' title='bbox 2020 1035 2148 1089; x_wconf 81' lang='grc' dir='ltr'>εἰσίν</span> <span class='ocrx_word' id='word_1_171' title='bbox 2191 1031 2348 1112; x_wconf 74' lang='grc' dir='ltr'>φυλαὶ</span> <span class='ocrx_word' id='word_1_172' title='bbox 2390 1037 2488 1100; x_wconf 75' lang='grc' dir='ltr'>τῆς</span> <span class='ocrx_word' id='word_1_173' title='bbox 2533 1031 2840 1112; x_wconf 73' lang='grc' dir='ltr'><strong>κολάσεως,</strong></span> <span class='ocrx_word' id='word_1_174' title='bbox 2896 1033 2985 1089; x_wconf 81' lang='grc' dir='ltr'>καί</span> <span class='ocrx_word' id='word_1_175' title='bbox 3037 1034 3132 1107; x_wconf 77' lang='grc' dir='ltr'><strong>μία</strong></span> <span class='ocrx_word' id='word_1_176' title='bbox 3162 1032 3256 1089; x_wconf 76' lang='grc' dir='ltr'><strong>τοῦ</strong></span> <span class='ocrx_word' id='word_1_177' title='bbox 3287 1029 3624 1106; x_wconf 72' lang='grc' dir='ltr'>παραδείσω</span> <span class='ocrx_word' id='word_1_178' title='bbox 3665 1047 3685 1104; x_wconf 85' lang='grc'>;</span> 
     </span>
    </p>
   </div>
   <div class='ocr_carea' id='block_1_26' title="bbox 2029 1115 3684 1200">
    <p class='ocr_par' dir='ltr' id='par_1_26' title="bbox 2029 1115 3684 1200">
     <span class='ocr_line' id='line_1_26' title="bbox 2029 1115 3684 1200; baseline -0.001 -22"><span class='ocrx_word' id='word_1_179' title='bbox 2029 1115 2352 1198; x_wconf 70' lang='grc' dir='ltr'>Ὑπόδειξον,</span> <span class='ocrx_word' id='word_1_180' title='bbox 2409 1121 2502 1178; x_wconf 82' lang='grc' dir='ltr'><strong>ἐὰν</strong></span> <span class='ocrx_word' id='word_1_181' title='bbox 2535 1121 2820 1200; x_wconf 82' lang='grc' dir='ltr'>γινώσκεις</span> <span class='ocrx_word' id='word_1_182' title='bbox 2869 1128 2983 1186; x_wconf 81' lang='grc' dir='ltr'><strong>πῶς</strong></span> <span class='ocrx_word' id='word_1_183' title='bbox 3043 1122 3214 1180; x_wconf 75' lang='grc' dir='ltr'>εἶναι.</span> <span class='ocrx_word' id='word_1_184' title='bbox 3266 1122 3323 1179; x_wconf 71' lang='grc' dir='ltr'><strong>Εἰ</strong></span> <span class='ocrx_word' id='word_1_185' title='bbox 3356 1119 3416 1176; x_wconf 80' lang='grc' dir='ltr'>δὲ</span> <span class='ocrx_word' id='word_1_186' title='bbox 3441 1124 3548 1179; x_wconf 75' lang='grc' dir='ltr'><strong>οῦκ</strong></span> <span class='ocrx_word' id='word_1_187' title='bbox 3576 1123 3684 1177; x_wconf 83' lang='grc' dir='ltr'><strong>οἶ-</strong></span> 
     </span>
    </p>
   </div>
   <div class='ocr_carea' id='block_1_27' title="bbox 2024 1209 2685 1291">
    <p class='ocr_par' dir='ltr' id='par_1_27' title="bbox 2024 1209 2685 1291">
     <span class='ocr_line' id='line_1_27' title="bbox 2024 1209 2685 1291; baseline -0.003 -23"><span class='ocrx_word' id='word_1_188' title='bbox 2024 1209 2143 1287; x_wconf 84' lang='grc' dir='ltr'>δας,</span> <span class='ocrx_word' id='word_1_189' title='bbox 2177 1232 2362 1291; x_wconf 79' lang='grc' dir='ltr'>φρασω</span> <span class='ocrx_word' id='word_1_190' title='bbox 2393 1231 2474 1268; x_wconf 86' lang='grc' dir='ltr'><strong>σοι</strong></span> <span class='ocrx_word' id='word_1_191' title='bbox 2505 1212 2685 1276; x_wconf 77' lang='grc' dir='ltr'>αὐτός,</span> 
     </span>
    </p>
   </div>
   <div class='ocr_carea' id='block_1_28' title="bbox 2101 1477 3677 1558">
    <p class='ocr_par' dir='ltr' id='par_1_28' title="bbox 2101 1477 3677 1558">
     <span class='ocr_line' id='line_1_28' title="bbox 2101 1477 3677 1558; baseline -0.001 -25"><span class='ocrx_word' id='word_1_192' title='bbox 2101 1477 2199 1533; x_wconf 74' lang='grc' dir='ltr'>Διὰ</span> <span class='ocrx_word' id='word_1_193' title='bbox 2253 1484 2410 1536; x_wconf 85' lang='grc' dir='ltr'>τοῦτο</span> <span class='ocrx_word' id='word_1_194' title='bbox 2468 1489 2623 1534; x_wconf 82' lang='grc' dir='ltr'>εἴπεν</span> <span class='ocrx_word' id='word_1_195' title='bbox 2670 1479 2698 1534; x_wconf 83' lang='grc' dir='ltr'>ὀ</span> <span class='ocrx_word' id='word_1_196' title='bbox 2754 1479 3077 1558; x_wconf 51' lang='lat' dir='ltr'><strong>ﬁlo-exiget,</strong></span> <span class='ocrx_word' id='word_1_197' title='bbox 3139 1480 3222 1536; x_wconf 85' lang='grc' dir='ltr'>ὃτι</span> <span class='ocrx_word' id='word_1_198' title='bbox 3279 1477 3677 1551; x_wconf 75' lang='grc' dir='ltr'>ἑϐδομήκοντα</span> 
     </span>
    </p>
   </div>
   <div class='ocr_carea' id='block_1_29' title="bbox 2015 1566 3674 1646">
    <p class='ocr_par' dir='ltr' id='par_1_29' title="bbox 2015 1566 3674 1646">
     <span class='ocr_line' id='line_1_29' title="bbox 2015 1566 3674 1646; baseline -0.001 -22"><span class='ocrx_word' id='word_1_199' title='bbox 2015 1566 2106 1624; x_wconf 67' lang='grc' dir='ltr'><strong>δύο</strong></span> <span class='ocrx_word' id='word_1_200' title='bbox 2151 1568 2280 1625; x_wconf 78' lang='grc' dir='ltr'>εἱσὶν</span> <span class='ocrx_word' id='word_1_201' title='bbox 2349 1573 2448 1634; x_wconf 71' lang='grc' dir='ltr'>τῆς</span> <span class='ocrx_word' id='word_1_202' title='bbox 2502 1567 2772 1633; x_wconf 67' lang='grc' dir='ltr'>κολάσεως</span> <span class='ocrx_word' id='word_1_203' title='bbox 2851 1570 2941 1624; x_wconf 75' lang='grc' dir='ltr'><strong>καί</strong></span> <span class='ocrx_word' id='word_1_204' title='bbox 2999 1570 3094 1642; x_wconf 66' lang='grc' dir='ltr'><strong>μία</strong></span> <span class='ocrx_word' id='word_1_205' title='bbox 3153 1577 3248 1626; x_wconf 87' lang='grc' dir='ltr'><strong>τοῦ</strong></span> <span class='ocrx_word' id='word_1_206' title='bbox 3304 1566 3674 1646; x_wconf 70' lang='grc' dir='ltr'>παραδείσου,</span> 
     </span>
    </p>
   </div>
   <div class='ocr_carea' id='block_1_30' title="bbox 2016 1655 3683 1736">
    <p class='ocr_par' dir='ltr' id='par_1_30' title="bbox 2016 1655 3683 1736">
     <span class='ocr_line' id='line_1_30' title="bbox 2016 1655 3683 1736; baseline -0.001 -23"><span class='ocrx_word' id='word_1_207' title='bbox 2016 1658 2096 1713; x_wconf 78' lang='grc' dir='ltr'>ὃτι</span> <span class='ocrx_word' id='word_1_208' title='bbox 2157 1660 2208 1713; x_wconf 77' lang='grc' dir='ltr'>αἱ</span> <span class='ocrx_word' id='word_1_209' title='bbox 2259 1655 2628 1732; x_wconf 76' lang='grc' dir='ltr'>ἐϐδομήκοντα</span> <span class='ocrx_word' id='word_1_210' title='bbox 2690 1655 2778 1714; x_wconf 77' lang='grc' dir='ltr'>δύο</span> <span class='ocrx_word' id='word_1_211' title='bbox 2841 1658 3017 1731; x_wconf 79' lang='grc' dir='ltr'>αὗται,</span> <span class='ocrx_word' id='word_1_212' title='bbox 3083 1658 3249 1736; x_wconf 76' lang='grc' dir='ltr'>λέγει,</span> <span class='ocrx_word' id='word_1_213' title='bbox 3323 1659 3380 1714; x_wconf 80' lang='grc' dir='ltr'>ὲν</span> <span class='ocrx_word' id='word_1_214' title='bbox 3425 1664 3507 1731; x_wconf 78' lang='grc' dir='ltr'><strong>τῷ</strong></span> <span class='ocrx_word' id='word_1_215' title='bbox 3569 1679 3683 1735; x_wconf 67' lang='grc' dir='ltr'><strong>φα-</strong></span> 
     </span>
    </p>
   </div>
   <div class='ocr_carea' id='block_1_31' title="bbox 283 1745 1936 1827">
    <p class='ocr_par' dir='ltr' id='par_1_31' title="bbox 283 1746 1936 1827">
     <span class='ocr_line' id='line_1_31' title="bbox 283 1746 1936 1827; baseline 0.003 -24"><span class='ocrx_word' id='word_1_216' title='bbox 283 1751 511 1807; x_wconf 87' lang='lat' dir='ltr'><strong>tantum</strong></span> <span class='ocrx_word' id='word_1_217' title='bbox 539 1747 1030 1813; x_wconf 67' lang='lat' dir='ltr'><strong>Musulmannicae</strong></span> <span class='ocrx_word' id='word_1_218' title='bbox 1053 1750 1244 1827; x_wconf 76' lang='lat' dir='ltr'><strong>quoad</strong></span> <span class='ocrx_word' id='word_1_219' title='bbox 1271 1748 1491 1811; x_wconf 88' lang='lat' dir='ltr'><strong>cultum</strong></span> <span class='ocrx_word' id='word_1_220' title='bbox 1521 1746 1854 1827; x_wconf 86' lang='lat' dir='ltr'><strong>publicum,</strong></span> <span class='ocrx_word' id='word_1_221' title='bbox 1877 1756 1936 1809; x_wconf 91' lang='lat' dir='ltr'><strong>et</strong></span> 
     </span>
    </p>
   </div>
   <div class='ocr_carea' id='block_1_32' title="bbox 2026 1745 3675 1827">
    <p class='ocr_par' dir='ltr' id='par_1_32' title="bbox 2026 1745 3675 1827">
     <span class='ocr_line' id='line_1_32' title="bbox 2026 1745 3675 1827; baseline -0.001 -26"><span class='ocrx_word' id='word_1_222' title='bbox 2026 1747 2174 1824; x_wconf 81' lang='grc' dir='ltr'>νερῷ,</span> <span class='ocrx_word' id='word_1_223' title='bbox 2221 1748 2312 1803; x_wconf 83' lang='grc' dir='ltr'><strong>καί</strong></span> <span class='ocrx_word' id='word_1_224' title='bbox 2367 1745 2647 1814; x_wconf 78' lang='grc' dir='ltr'><strong>ἀληθεύειν</strong></span> <span class='ocrx_word' id='word_1_225' title='bbox 2705 1750 2796 1804; x_wconf 87' lang='grc' dir='ltr'><strong>τὸν</strong></span> <span class='ocrx_word' id='word_1_226' title='bbox 2858 1748 3156 1827; x_wconf 73' lang='grc' dir='ltr'>Μουχάμετ</span> <span class='ocrx_word' id='word_1_227' title='bbox 3192 1765 3205 1778; x_wconf 86' lang='lat'>&#39;</span> <span class='ocrx_word' id='word_1_228' title='bbox 3239 1751 3296 1804; x_wconf 75' lang='grc' dir='ltr'>ἒν</span> <span class='ocrx_word' id='word_1_229' title='bbox 3330 1747 3387 1803; x_wconf 76' lang='grc' dir='ltr'><strong>δὲ</strong></span> <span class='ocrx_word' id='word_1_230' title='bbox 3437 1749 3520 1820; x_wconf 79' lang='grc' dir='ltr'>τῷ</span> <span class='ocrx_word' id='word_1_231' title='bbox 3569 1767 3675 1801; x_wconf 80' lang='grc' dir='ltr'>κε·</span> 
     </span>
    </p>
   </div>
   <div class='ocr_carea' id='block_1_33' title="bbox 200 1837 1938 1919">
    <p class='ocr_par' dir='ltr' id='par_1_33' title="bbox 200 1837 1938 1919">
     <span class='ocr_line' id='line_1_33' title="bbox 200 1837 1938 1919; baseline 0.001 -26"><span class='ocrx_word' id='word_1_232' title='bbox 200 1843 205 1854; x_wconf 87' lang='grc'><em>’</em></span> <span class='ocrx_word' id='word_1_233' title='bbox 285 1842 535 1898; x_wconf 81' lang='lat' dir='ltr'><strong>externe</strong></span> <span class='ocrx_word' id='word_1_234' title='bbox 552 1845 782 1900; x_wconf 89' lang='lat' dir='ltr'><strong>tantum</strong></span> <span class='ocrx_word' id='word_1_235' title='bbox 810 1838 1163 1919; x_wconf 74' lang='lat' dir='ltr'><strong>profitentur</strong></span> <span class='ocrx_word' id='word_1_236' title='bbox 1187 1856 1322 1898; x_wconf 87' lang='lat' dir='ltr'><strong>vera</strong></span> <span class='ocrx_word' id='word_1_237' title='bbox 1344 1837 1551 1899; x_wconf 89' lang='lat' dir='ltr'><strong>dicere</strong></span> <span class='ocrx_word' id='word_1_238' title='bbox 1571 1837 1938 1899; x_wconf 83' lang='lat' dir='ltr'><strong>Muhamme-</strong></span> 
     </span>
    </p>
   </div>
   <div class='ocr_carea' id='block_1_34' title="bbox 287 1920 1936 2006">
    <p class='ocr_par' dir='ltr' id='par_1_34' title="bbox 287 1920 1936 2006">
     <span class='ocr_line' id='line_1_34' title="bbox 287 1920 1936 2006; baseline 0.002 -23"><span class='ocrx_word' id='word_1_239' title='bbox 287 1920 452 1999; x_wconf 89' lang='lat' dir='ltr'><strong>dem,</strong></span> <span class='ocrx_word' id='word_1_240' title='bbox 494 1926 650 1990; x_wconf 88' lang='lat' dir='ltr'><strong>clam</strong></span> <span class='ocrx_word' id='word_1_241' title='bbox 695 1945 832 1990; x_wconf 88' lang='lat' dir='ltr'><strong>vero</strong></span> <span class='ocrx_word' id='word_1_242' title='bbox 874 1926 1458 2006; x_wconf 87' lang='lat' dir='ltr'><strong>asseruntpopulum</strong></span> <span class='ocrx_word' id='word_1_243' title='bbox 1501 1925 1936 1988; x_wconf 84' lang='lat' dir='ltr'><strong>Muhammedis</strong></span> 
     </span>
    </p>
   </div>
   <div class='ocr_carea' id='block_1_35' title="bbox 285 2013 1937 2096">
    <p class='ocr_par' dir='ltr' id='par_1_35' title="bbox 285 2013 1937 2096">
     <span class='ocr_line' id='line_1_35' title="bbox 285 2013 1937 2096; baseline 0.001 -23"><span class='ocrx_word' id='word_1_244' title='bbox 285 2030 423 2074; x_wconf 86' lang='lat' dir='ltr'><strong>cum</strong></span> <span class='ocrx_word' id='word_1_245' title='bbox 456 2013 559 2076; x_wconf 91' lang='lat' dir='ltr'><strong>illo</strong></span> <span class='ocrx_word' id='word_1_246' title='bbox 589 2016 711 2078; x_wconf 84' lang='lat' dir='ltr'><strong>falli</strong></span> <span class='ocrx_word' id='word_1_247' title='bbox 745 2026 804 2079; x_wconf 91' lang='lat' dir='ltr'><strong>et</strong></span> <span class='ocrx_word' id='word_1_248' title='bbox 839 2016 1068 2078; x_wconf 81' lang='lat' dir='ltr'><strong>fallere.</strong></span> <span class='ocrx_word' id='word_1_249' title='bbox 1091 2015 1376 2078; x_wconf 87' lang='lat' dir='ltr'><strong>Etdicam</strong></span> <span class='ocrx_word' id='word_1_250' title='bbox 1405 2015 1511 2077; x_wconf 90' lang='lat' dir='ltr'><strong>tibi</strong></span> <span class='ocrx_word' id='word_1_251' title='bbox 1529 2033 1798 2096; x_wconf 77' lang='lat' dir='ltr'><strong>quamam</strong></span> <span class='ocrx_word' id='word_1_252' title='bbox 1817 2014 1937 2075; x_wconf 87' lang='lat' dir='ltr'><strong>sint</strong></span> 
     </span>
    </p>
   </div>
   <div class='ocr_carea' id='block_1_36' title="bbox 284 2101 1932 2185">
    <p class='ocr_par' dir='ltr' id='par_1_36' title="bbox 284 2101 1932 2185">
     <span class='ocr_line' id='line_1_36' title="bbox 284 2101 1932 2185; baseline 0.001 -23"><span class='ocrx_word' id='word_1_253' title='bbox 284 2101 415 2164; x_wconf 62' lang='lat' dir='ltr'><strong>ista:</strong></span> <span class='ocrx_word' id='word_1_254' title='bbox 447 2104 658 2180; x_wconf 87' lang='lat' dir='ltr'><strong>tribus,</strong></span> <span class='ocrx_word' id='word_1_255' title='bbox 692 2115 752 2168; x_wconf 88' lang='lat' dir='ltr'><strong>et</strong></span> <span class='ocrx_word' id='word_1_256' title='bbox 800 2125 1007 2168; x_wconf 90' lang='lat' dir='ltr'><strong>eorum</strong></span> <span class='ocrx_word' id='word_1_257' title='bbox 1040 2104 1306 2178; x_wconf 89' lang='lat' dir='ltr'><strong>nomina,</strong></span> <span class='ocrx_word' id='word_1_258' title='bbox 1341 2123 1560 2185; x_wconf 87' lang='lat' dir='ltr'><strong>nempe</strong></span> <span class='ocrx_word' id='word_1_259' title='bbox 1591 2103 1932 2176; x_wconf 87' lang='lat' dir='ltr'><strong>Chasisimi,</strong></span> 
     </span>
    </p>
   </div>
   <div class='ocr_carea' id='block_1_37' title="bbox 284 2192 1933 2274">
    <p class='ocr_par' dir='ltr' id='par_1_37' title="bbox 284 2192 1933 2274">
     <span class='ocr_line' id='line_1_37' title="bbox 284 2192 1933 2274; baseline 0.001 -20"><span class='ocrx_word' id='word_1_260' title='bbox 284 2192 515 2271; x_wconf 85' lang='lat' dir='ltr'><strong>Separi,</strong></span> <span class='ocrx_word' id='word_1_261' title='bbox 537 2195 798 2270; x_wconf 86' lang='lat' dir='ltr'><strong>Ismaeli,</strong></span> <span class='ocrx_word' id='word_1_262' title='bbox 813 2195 1078 2260; x_wconf 85' lang='lat' dir='ltr'><strong>Montani</strong></span> <span class='ocrx_word' id='word_1_263' title='bbox 1097 2194 1418 2274; x_wconf 73' lang='lat' dir='ltr'><strong>etreliquse</strong></span> <span class='ocrx_word' id='word_1_264' title='bbox 1435 2212 1567 2273; x_wconf 74' lang='lat' dir='ltr'><strong>quae</strong></span> <span class='ocrx_word' id='word_1_265' title='bbox 1579 2201 1933 2273; x_wconf 84' lang='lat' dir='ltr'><strong>sequuntur.</strong></span> 
     </span>
    </p>
   </div>
   <div class='ocr_carea' id='block_1_38' title="bbox 285 2279 1932 2362">
    <p class='ocr_par' dir='ltr' id='par_1_38' title="bbox 285 2279 1932 2362">
     <span class='ocr_line' id='line_1_38' title="bbox 285 2279 1932 2362; baseline 0 -20"><span class='ocrx_word' id='word_1_266' title='bbox 285 2279 404 2344; x_wconf 85' lang='lat' dir='ltr'><strong>Sed</strong></span> <span class='ocrx_word' id='word_1_267' title='bbox 429 2299 506 2345; x_wconf 87' lang='lat' dir='ltr'><strong>ne</strong></span> <span class='ocrx_word' id='word_1_268' title='bbox 531 2284 708 2346; x_wconf 88' lang='lat' dir='ltr'><strong>nimis</strong></span> <span class='ocrx_word' id='word_1_269' title='bbox 721 2284 926 2362; x_wconf 85' lang='lat' dir='ltr'><strong>longas</strong></span> <span class='ocrx_word' id='word_1_270' title='bbox 949 2283 1266 2345; x_wconf 85' lang='lat' dir='ltr'><strong>verborum</strong></span> <span class='ocrx_word' id='word_1_271' title='bbox 1292 2283 1576 2359; x_wconf 81' lang='lat' dir='ltr'><strong>ambages</strong></span> <span class='ocrx_word' id='word_1_272' title='bbox 1600 2289 1932 2358; x_wconf 86' lang='lat' dir='ltr'><strong>nectamus,</strong></span> 
     </span>
    </p>
   </div>
   <div class='ocr_carea' id='block_1_39' title="bbox 286 2373 1932 2453">
    <p class='ocr_par' dir='ltr' id='par_1_39' title="bbox 286 2373 1932 2453">
     <span class='ocr_line' id='line_1_39' title="bbox 286 2373 1932 2453; baseline 0.001 -22"><span class='ocrx_word' id='word_1_273' title='bbox 286 2386 494 2433; x_wconf 84' lang='lat' dir='ltr'><strong>rursus</strong></span> <span class='ocrx_word' id='word_1_274' title='bbox 524 2373 659 2436; x_wconf 88' lang='lat' dir='ltr'><strong>dico</strong></span> <span class='ocrx_word' id='word_1_275' title='bbox 683 2376 839 2453; x_wconf 90' lang='lat' dir='ltr'><strong>quod</strong></span> <span class='ocrx_word' id='word_1_276' title='bbox 881 2374 1261 2452; x_wconf 79' lang='lat' dir='ltr'><strong>septuaginta</strong></span> <span class='ocrx_word' id='word_1_277' title='bbox 1291 2373 1423 2435; x_wconf 71' lang='lat' dir='ltr'><strong>duae</strong></span> <span class='ocrx_word' id='word_1_278' title='bbox 1455 2381 1664 2434; x_wconf 69' lang='lat' dir='ltr'><strong>vestrae</strong></span> <span class='ocrx_word' id='word_1_279' title='bbox 1691 2373 1932 2451; x_wconf 64' lang='lat' dir='ltr'><strong>linguae,</strong></span> 
     </span>
    </p>
   </div>
   <div class='ocr_carea' id='block_1_40' title="bbox 283 2458 1934 2539">
    <p class='ocr_par' dir='ltr' id='par_1_40' title="bbox 283 2458 1934 2539">
     <span class='ocr_line' id='line_1_40' title="bbox 283 2458 1934 2539; baseline 0.001 -19"><span class='ocrx_word' id='word_1_280' title='bbox 283 2458 590 2539; x_wconf 79' lang='lat' dir='ltr'><strong>abnegent</strong></span> <span class='ocrx_word' id='word_1_281' title='bbox 612 2463 1122 2526; x_wconf 83' lang='lat' dir='ltr'><strong>Muhammedem.</strong></span> <span class='ocrx_word' id='word_1_282' title='bbox 1142 2461 1372 2524; x_wconf 67' lang='lat' dir='ltr'><strong>Nostrae</strong></span> <span class='ocrx_word' id='word_1_283' title='bbox 1403 2479 1543 2524; x_wconf 87' lang='lat' dir='ltr'><strong>vero</strong></span> <span class='ocrx_word' id='word_1_284' title='bbox 1567 2480 1778 2522; x_wconf 89' lang='lat' dir='ltr'><strong>omnes</strong></span> <span class='ocrx_word' id='word_1_285' title='bbox 1793 2461 1934 2522; x_wconf 88' lang='lat' dir='ltr'><strong>uni-</strong></span> 
     </span>
    </p>
   </div>
   <div class='ocr_carea' id='block_1_41' title="bbox 284 2551 1931 2632">
    <p class='ocr_par' dir='ltr' id='par_1_41' title="bbox 284 2551 1931 2632">
     <span class='ocr_line' id='line_1_41' title="bbox 284 2551 1931 2632; baseline 0.001 -21"><span class='ocrx_word' id='word_1_286' title='bbox 284 2567 414 2612; x_wconf 88' lang='lat' dir='ltr'><strong>cam</strong></span> <span class='ocrx_word' id='word_1_287' title='bbox 449 2551 629 2614; x_wconf 90' lang='lat' dir='ltr'><strong>ﬁdem</strong></span> <span class='ocrx_word' id='word_1_288' title='bbox 659 2554 1044 2632; x_wconf 88' lang='lat' dir='ltr'><strong>proﬁtentur,</strong></span> <span class='ocrx_word' id='word_1_289' title='bbox 1080 2562 1139 2615; x_wconf 89' lang='lat' dir='ltr'><strong>et</strong></span> <span class='ocrx_word' id='word_1_290' title='bbox 1177 2553 1480 2616; x_wconf 83' lang='lat' dir='ltr'><strong>Christum</strong></span> <span class='ocrx_word' id='word_1_291' title='bbox 1514 2551 1793 2631; x_wconf 76' lang='lat' dir='ltr'><strong>religiose</strong></span> <span class='ocrx_word' id='word_1_292' title='bbox 1828 2570 1931 2612; x_wconf 79' lang='lat' dir='ltr'><strong>co-</strong></span> 
     </span>
    </p>
   </div>
   <div class='ocr_carea' id='block_1_42' title="bbox 285 2639 1936 2723">
    <p class='ocr_par' dir='ltr' id='par_1_42' title="bbox 285 2639 1936 2723">
     <span class='ocr_line' id='line_1_42' title="bbox 285 2639 1936 2723; baseline 0 -21"><span class='ocrx_word' id='word_1_293' title='bbox 285 2639 438 2702; x_wconf 86' lang='lat' dir='ltr'><strong>lunt.</strong></span> <span class='ocrx_word' id='word_1_294' title='bbox 475 2642 538 2705; x_wconf 92' lang='lat' dir='ltr'><strong>Si</strong></span> <span class='ocrx_word' id='word_1_295' title='bbox 585 2660 727 2705; x_wconf 86' lang='lat' dir='ltr'><strong>vero</strong></span> <span class='ocrx_word' id='word_1_296' title='bbox 781 2650 992 2705; x_wconf 61' lang='lat' dir='ltr'><strong>vestra;</strong></span> <span class='ocrx_word' id='word_1_297' title='bbox 1036 2643 1412 2723; x_wconf 73' lang='lat' dir='ltr'><strong>septuaginta</strong></span> <span class='ocrx_word' id='word_1_298' title='bbox 1459 2642 1596 2704; x_wconf 73' lang='lat' dir='ltr'><strong>dum</strong></span> <span class='ocrx_word' id='word_1_299' title='bbox 1639 2641 1830 2704; x_wconf 89' lang='lat' dir='ltr'><strong>tribus</strong></span> <span class='ocrx_word' id='word_1_300' title='bbox 1879 2649 1936 2702; x_wconf 93' lang='lat' dir='ltr'><strong>et</strong></span> 
     </span>
    </p>
   </div>
   <div class='ocr_carea' id='block_1_43' title="bbox 281 2729 1933 2812">
    <p class='ocr_par' dir='ltr' id='par_1_43' title="bbox 281 2729 1933 2812">
     <span class='ocr_line' id='line_1_43' title="bbox 281 2729 1933 2812; baseline -0.001 -21"><span class='ocrx_word' id='word_1_301' title='bbox 281 2729 502 2808; x_wconf 65' lang='lat' dir='ltr'><strong>linguai</strong></span> <span class='ocrx_word' id='word_1_302' title='bbox 551 2732 1033 2796; x_wconf 82' lang='lat' dir='ltr'><strong>Muhammedem</strong></span> <span class='ocrx_word' id='word_1_303' title='bbox 1099 2730 1406 2812; x_wconf 82' lang='lat' dir='ltr'><strong>abnegent</strong></span> <span class='ocrx_word' id='word_1_304' title='bbox 1476 2739 1536 2792; x_wconf 83' lang='lat' dir='ltr'><strong>et</strong></span> <span class='ocrx_word' id='word_1_305' title='bbox 1583 2730 1933 2811; x_wconf 89' lang='lat' dir='ltr'><strong>reprobent,</strong></span> 
     </span>
    </p>
   </div>
   <div class='ocr_carea' id='block_1_44' title="bbox 282 2818 1936 2902">
    <p class='ocr_par' dir='ltr' id='par_1_44' title="bbox 282 2818 1936 2902">
     <span class='ocr_line' id='line_1_44' title="bbox 282 2818 1936 2902; baseline -0.001 -22"><span class='ocrx_word' id='word_1_306' title='bbox 282 2836 560 2896; x_wconf 74' lang='lat' dir='ltr'><strong>qu&#39;enam</strong></span> <span class='ocrx_word' id='word_1_307' title='bbox 597 2821 909 2885; x_wconf 80' lang='lat' dir='ltr'><strong>veritatem</strong></span> <span class='ocrx_word' id='word_1_308' title='bbox 944 2820 1276 2902; x_wconf 87' lang='lat' dir='ltr'><strong>proferent.</strong></span> <span class='ocrx_word' id='word_1_309' title='bbox 1316 2818 1573 2884; x_wconf 89' lang='lat' dir='ltr'><strong>Omnino</strong></span> <span class='ocrx_word' id='word_1_310' title='bbox 1607 2821 1697 2882; x_wconf 88' lang='lat' dir='ltr'><strong>vel</strong></span> <span class='ocrx_word' id='word_1_311' title='bbox 1731 2819 1936 2898; x_wconf 89' lang='lat' dir='ltr'><strong>plures</strong></span> 
     </span>
    </p>
   </div>
   <div class='ocr_carea' id='block_1_45' title="bbox 281 2908 1936 2990">
    <p class='ocr_par' dir='ltr' id='par_1_45' title="bbox 281 2908 1936 2990">
     <span class='ocr_line' id='line_1_45' title="bbox 281 2908 1936 2990; baseline -0.001 -20"><span class='ocrx_word' id='word_1_312' title='bbox 281 2908 374 2971; x_wconf 82' lang='lat' dir='ltr'><strong>vel</strong></span> <span class='ocrx_word' id='word_1_313' title='bbox 407 2929 524 2973; x_wconf 89' lang='lat' dir='ltr'><strong>una</strong></span> <span class='ocrx_word' id='word_1_314' title='bbox 551 2911 762 2974; x_wconf 81' lang='lat' dir='ltr'><strong>saltem</strong></span> <span class='ocrx_word' id='word_1_315' title='bbox 799 2911 1187 2974; x_wconf 90' lang='lat' dir='ltr'><strong>mentientur.</strong></span> <span class='ocrx_word' id='word_1_316' title='bbox 1230 2908 1352 2972; x_wconf 85' lang='lat' dir='ltr'><strong>Nec</strong></span> <span class='ocrx_word' id='word_1_317' title='bbox 1409 2917 1500 2970; x_wconf 88' lang='lat' dir='ltr'><strong>est</strong></span> <span class='ocrx_word' id='word_1_318' title='bbox 1532 2909 1690 2990; x_wconf 88' lang='lat' dir='ltr'><strong>quod</strong></span> <span class='ocrx_word' id='word_1_319' title='bbox 1722 2908 1936 2970; x_wconf 90' lang='lat' dir='ltr'><strong>dicatis</strong></span> 
     </span>
    </p>
   </div>
   <div class='ocr_carea' id='block_1_46' title="bbox 283 2997 1935 3078">
    <p class='ocr_par' dir='ltr' id='par_1_46' title="bbox 283 2997 1935 3078">
     <span class='ocr_line' id='line_1_46' title="bbox 283 2997 1935 3078; baseline -0.001 -18"><span class='ocrx_word' id='word_1_320' title='bbox 283 2997 498 3062; x_wconf 90' lang='lat' dir='ltr'><strong>ﬁdeles</strong></span> <span class='ocrx_word' id='word_1_321' title='bbox 549 3009 609 3062; x_wconf 90' lang='lat' dir='ltr'><strong>et</strong></span> <span class='ocrx_word' id='word_1_322' title='bbox 661 3001 889 3064; x_wconf 88' lang='lat' dir='ltr'><strong>electos</strong></span> <span class='ocrx_word' id='word_1_323' title='bbox 935 3000 1253 3063; x_wconf 82' lang='lat' dir='ltr'><strong>veritatem</strong></span> <span class='ocrx_word' id='word_1_324' title='bbox 1299 2998 1587 3078; x_wconf 82' lang='lat' dir='ltr'><strong>proﬁteri.</strong></span> <span class='ocrx_word' id='word_1_325' title='bbox 1630 2997 1775 3059; x_wconf 86' lang='lat' dir='ltr'><strong>Nam</strong></span> <span class='ocrx_word' id='word_1_326' title='bbox 1821 2997 1935 3058; x_wconf 89' lang='lat' dir='ltr'><strong>hoc</strong></span> 
     </span>
    </p>
   </div>
   <div class='ocr_carea' id='block_1_47' title="bbox 284 3086 1994 3184">
    <p class='ocr_par' dir='ltr' id='par_1_47' title="bbox 284 3086 1994 3184">
     <span class='ocr_line' id='line_1_47' title="bbox 284 3086 1994 3184; baseline -0.001 -36"><span class='ocrx_word' id='word_1_327' title='bbox 284 3088 458 3184; x_wconf 76' lang='lat' dir='ltr'><strong>etiam</strong></span> <span class='ocrx_word' id='word_1_328' title='bbox 471 3107 831 3169; x_wconf 86' lang='lat' dir='ltr'><strong>responsum</strong></span> <span class='ocrx_word' id='word_1_329' title='bbox 841 3089 882 3184; x_wconf 49' lang='grc' dir='ltr'>εἰ</span> <span class='ocrx_word' id='word_1_330' title='bbox 896 3089 1168 3184; x_wconf 74' lang='lat' dir='ltr'><strong>issolvam</strong></span> <span class='ocrx_word' id='word_1_331' title='bbox 1184 3086 1650 3184; x_wconf 69' lang='lat' dir='ltr'><strong>etelidam.Nam</strong></span> <span class='ocrx_word' id='word_1_332' title='bbox 1669 3087 1767 3148; x_wconf 89' lang='lat' dir='ltr'><strong>dic</strong></span> <span class='ocrx_word' id='word_1_333' title='bbox 1781 3086 1930 3184; x_wconf 76' lang='lat' dir='ltr'><strong>mihi</strong></span> <span class='ocrx_word' id='word_1_334' title='bbox 1953 3131 1994 3184; x_wconf 67' lang='grc' dir='ltr'>ο</span> 
     </span>
    </p>
   </div>
   <div class='ocr_carea' id='block_1_48' title="bbox 284 3176 1933 3258">
    <p class='ocr_par' dir='ltr' id='par_1_48' title="bbox 284 3176 1933 3258">
     <span class='ocr_line' id='line_1_48' title="bbox 284 3176 1933 3258; baseline -0.001 -21"><span class='ocrx_word' id='word_1_335' title='bbox 284 3194 318 3237; x_wconf 93' lang='lat' dir='ltr'><strong>o</strong></span> <span class='ocrx_word' id='word_1_336' title='bbox 333 3176 824 3258; x_wconf 79' lang='lat' dir='ltr'><strong>Agarene,quare</strong></span> <span class='ocrx_word' id='word_1_337' title='bbox 838 3176 1024 3242; x_wconf 85' lang='lat' dir='ltr'><strong>Deum</strong></span> <span class='ocrx_word' id='word_1_338' title='bbox 1048 3178 1244 3258; x_wconf 88' lang='lat' dir='ltr'><strong>ipsum</strong></span> <span class='ocrx_word' id='word_1_339' title='bbox 1269 3177 1617 3239; x_wconf 87' lang='lat' dir='ltr'><strong>conviciaris</strong></span> <span class='ocrx_word' id='word_1_340' title='bbox 1631 3184 1690 3240; x_wconf 92' lang='lat' dir='ltr'><strong>et</strong></span> <span class='ocrx_word' id='word_1_341' title='bbox 1708 3176 1933 3238; x_wconf 88' lang='lat' dir='ltr'><strong>calum-</strong></span> 
     </span>
    </p>
   </div>
   <div class='ocr_carea' id='block_1_49' title="bbox 285 3265 1938 3347">
    <p class='ocr_par' dir='ltr' id='par_1_49' title="bbox 285 3265 1938 3347">
     <span class='ocr_line' id='line_1_49' title="bbox 285 3265 1938 3347; baseline -0.001 -20"><span class='ocrx_word' id='word_1_342' title='bbox 285 3265 791 3347; x_wconf 81' lang='lat' dir='ltr'><strong>niaris,asserens</strong></span> <span class='ocrx_word' id='word_1_343' title='bbox 817 3267 1005 3330; x_wconf 89' lang='lat' dir='ltr'><strong>Deum</strong></span> <span class='ocrx_word' id='word_1_344' title='bbox 1039 3267 1165 3328; x_wconf 68' lang='lat' dir='ltr'><strong>haec</strong></span> <span class='ocrx_word' id='word_1_345' title='bbox 1189 3265 1442 3329; x_wconf 85' lang='lat' dir='ltr'><strong>verbain</strong></span> <span class='ocrx_word' id='word_1_346' title='bbox 1470 3265 1701 3328; x_wconf 89' lang='lat' dir='ltr'><strong>ambitu</strong></span> <span class='ocrx_word' id='word_1_347' title='bbox 1737 3265 1938 3333; x_wconf 85' lang='lat' dir='ltr'><strong>throni</strong></span> 
     </span>
    </p>
   </div>
   <div class='ocr_carea' id='block_1_50' title="bbox 284 3355 1938 3436">
    <p class='ocr_par' dir='ltr' id='par_1_50' title="bbox 284 3355 1938 3436">
     <span class='ocr_line' id='line_1_50' title="bbox 284 3355 1938 3436; baseline 0 -20"><span class='ocrx_word' id='word_1_348' title='bbox 284 3360 378 3417; x_wconf 89' lang='lat' dir='ltr'><strong>sui</strong></span> <span class='ocrx_word' id='word_1_349' title='bbox 391 3373 821 3433; x_wconf 81' lang='lat' dir='ltr'><strong>exarasse,non</strong></span> <span class='ocrx_word' id='word_1_350' title='bbox 833 3364 928 3420; x_wconf 90' lang='lat' dir='ltr'><strong>est</strong></span> <span class='ocrx_word' id='word_1_351' title='bbox 945 3356 1093 3419; x_wconf 89' lang='lat' dir='ltr'><strong>ﬁdes</strong></span> <span class='ocrx_word' id='word_1_352' title='bbox 1107 3373 1250 3421; x_wconf 89' lang='lat' dir='ltr'><strong>vera</strong></span> <span class='ocrx_word' id='word_1_353' title='bbox 1266 3357 1382 3419; x_wconf 91' lang='lat' dir='ltr'><strong>alia</strong></span> <span class='ocrx_word' id='word_1_354' title='bbox 1393 3373 1572 3436; x_wconf 89' lang='lat' dir='ltr'><strong>quam</strong></span> <span class='ocrx_word' id='word_1_355' title='bbox 1603 3356 1753 3418; x_wconf 88' lang='lat' dir='ltr'><strong>ﬁdes</strong></span> <span class='ocrx_word' id='word_1_356' title='bbox 1769 3355 1938 3418; x_wconf 88' lang='lat' dir='ltr'><strong>elec-</strong></span> 
     </span>
    </p>
   </div>
   <div class='ocr_carea' id='block_1_51' title="bbox 283 3444 1934 3527">
    <p class='ocr_par' dir='ltr' id='par_1_51' title="bbox 283 3444 1934 3527">
     <span class='ocr_line' id='line_1_51' title="bbox 283 3444 1934 3527; baseline 0 -21"><span class='ocrx_word' id='word_1_357' title='bbox 283 3453 478 3508; x_wconf 87' lang='lat' dir='ltr'><strong>torum</strong></span> <span class='ocrx_word' id='word_1_358' title='bbox 493 3447 1084 3512; x_wconf 84' lang='lat' dir='ltr'><strong>Musulmannorum.</strong></span> <span class='ocrx_word' id='word_1_359' title='bbox 1118 3445 1241 3509; x_wconf 85' lang='lat' dir='ltr'><strong>Hoc</strong></span> <span class='ocrx_word' id='word_1_360' title='bbox 1264 3445 1487 3527; x_wconf 91' lang='lat' dir='ltr'><strong>quippe</strong></span> <span class='ocrx_word' id='word_1_361' title='bbox 1518 3444 1934 3524; x_wconf 84' lang='lat' dir='ltr'><strong>inveniscrip-</strong></span> 
     </span>
    </p>
   </div>
   <div class='ocr_carea' id='block_1_52' title="bbox 286 3533 1938 3608">
    <p class='ocr_par' dir='ltr' id='par_1_52' title="bbox 286 3533 1938 3608">
     <span class='ocr_line' id='line_1_52' title="bbox 286 3533 1938 3608; baseline -0.001 -13"><span class='ocrx_word' id='word_1_362' title='bbox 286 3541 410 3595; x_wconf 93' lang='lat' dir='ltr'><strong>tum</strong></span> <span class='ocrx_word' id='word_1_363' title='bbox 435 3533 497 3596; x_wconf 87' lang='lat' dir='ltr'><strong>in</strong></span> <span class='ocrx_word' id='word_1_364' title='bbox 535 3534 766 3599; x_wconf 87' lang='lat' dir='ltr'><strong>Corano</strong></span> <span class='ocrx_word' id='word_1_365' title='bbox 796 3545 918 3597; x_wconf 91' lang='lat' dir='ltr'><strong>tuo.</strong></span> <span class='ocrx_word' id='word_1_366' title='bbox 962 3533 1010 3598; x_wconf 92' lang='grc' dir='ltr'>Ο</span> <span class='ocrx_word' id='word_1_367' title='bbox 1039 3554 1073 3597; x_wconf 89' lang='lat' dir='ltr'><strong>a</strong></span> <span class='ocrx_word' id='word_1_368' title='bbox 1105 3537 1354 3599; x_wconf 87' lang='lat' dir='ltr'><strong>veritate</strong></span> <span class='ocrx_word' id='word_1_369' title='bbox 1387 3534 1700 3608; x_wconf 87' lang='lat' dir='ltr'><strong>aberrans,</strong></span> <span class='ocrx_word' id='word_1_370' title='bbox 1734 3533 1938 3595; x_wconf 90' lang='lat' dir='ltr'><strong>nullus</strong></span> 
     </span>
    </p>
   </div>
   <div class='ocr_carea' id='block_1_53' title="bbox 283 3623 1931 3704">
    <p class='ocr_par' dir='ltr' id='par_1_53' title="bbox 283 3623 1931 3704">
     <span class='ocr_line' id='line_1_53' title="bbox 283 3623 1931 3704; baseline -0.001 -18"><span class='ocrx_word' id='word_1_371' title='bbox 283 3641 546 3704; x_wconf 84' lang='lat' dir='ltr'><strong>unquam</strong></span> <span class='ocrx_word' id='word_1_372' title='bbox 574 3625 722 3688; x_wconf 85' lang='lat' dir='ltr'><strong>vidit</strong></span> <span class='ocrx_word' id='word_1_373' title='bbox 739 3628 1077 3701; x_wconf 88' lang='lat' dir='ltr'><strong>Deum,uec</strong></span> <span class='ocrx_word' id='word_1_374' title='bbox 1093 3625 1257 3688; x_wconf 89' lang='lat' dir='ltr'><strong>illius</strong></span> <span class='ocrx_word' id='word_1_375' title='bbox 1288 3625 1570 3687; x_wconf 90' lang='lat' dir='ltr'><strong>thronum</strong></span> <span class='ocrx_word' id='word_1_376' title='bbox 1595 3623 1931 3704; x_wconf 82' lang='lat' dir='ltr'><strong>conspexit,</strong></span> 
     </span>
    </p>
   </div>
   <div class='ocr_carea' id='block_1_54' title="bbox 283 3711 1934 3795">
    <p class='ocr_par' dir='ltr' id='par_1_54' title="bbox 283 3711 1934 3795">
     <span class='ocr_line' id='line_1_54' title="bbox 283 3711 1934 3795; baseline -0.001 -21"><span class='ocrx_word' id='word_1_377' title='bbox 283 3711 421 3790; x_wconf 89' lang='lat' dir='ltr'><strong>quis</strong></span> <span class='ocrx_word' id='word_1_378' title='bbox 436 3723 491 3776; x_wconf 88' lang='lat' dir='ltr'><strong>te</strong></span> <span class='ocrx_word' id='word_1_379' title='bbox 504 3733 645 3795; x_wconf 73' lang='lat' dir='ltr'><strong>ergo</strong></span> <span class='ocrx_word' id='word_1_380' title='bbox 664 3720 984 3778; x_wconf 82' lang='lat' dir='ltr'><strong>certiorem</strong></span> <span class='ocrx_word' id='word_1_381' title='bbox 1010 3715 1154 3778; x_wconf 81' lang='lat' dir='ltr'><strong>fecit</strong></span> <span class='ocrx_word' id='word_1_382' title='bbox 1182 3716 1296 3778; x_wconf 86' lang='lat' dir='ltr'><strong>ista</strong></span> <span class='ocrx_word' id='word_1_383' title='bbox 1324 3714 1485 3776; x_wconf 89' lang='lat' dir='ltr'><strong>circa</strong></span> <span class='ocrx_word' id='word_1_384' title='bbox 1516 3714 1794 3775; x_wconf 87' lang='lat' dir='ltr'><strong>thronum</strong></span> <span class='ocrx_word' id='word_1_385' title='bbox 1828 3711 1934 3775; x_wconf 89' lang='lat' dir='ltr'><strong>Dei</strong></span> 
     </span>
    </p>
   </div>
   <div class='ocr_carea' id='block_1_55' title="bbox 286 3802 1933 3885">
    <p class='ocr_par' dir='ltr' id='par_1_55' title="bbox 286 3802 1933 3885">
     <span class='ocr_line' id='line_1_55' title="bbox 286 3802 1933 3885; baseline -0.001 -21"><span class='ocrx_word' id='word_1_386' title='bbox 286 3818 424 3865; x_wconf 86' lang='lat' dir='ltr'><strong>esse</strong></span> <span class='ocrx_word' id='word_1_387' title='bbox 452 3805 675 3885; x_wconf 84' lang='lat' dir='ltr'><strong>scripta</strong></span> <span class='ocrx_word' id='word_1_388' title='bbox 704 3814 764 3868; x_wconf 92' lang='lat' dir='ltr'><strong>et</strong></span> <span class='ocrx_word' id='word_1_389' title='bbox 791 3809 1070 3868; x_wconf 75' lang='lat' dir='ltr'><strong>exarata?</strong></span> <span class='ocrx_word' id='word_1_390' title='bbox 1100 3803 1164 3867; x_wconf 90' lang='lat' dir='ltr'><strong>Si</strong></span> <span class='ocrx_word' id='word_1_391' title='bbox 1197 3822 1336 3866; x_wconf 89' lang='lat' dir='ltr'><strong>vero</strong></span> <span class='ocrx_word' id='word_1_392' title='bbox 1361 3803 1528 3865; x_wconf 88' lang='lat' dir='ltr'><strong>dicas</strong></span> <span class='ocrx_word' id='word_1_393' title='bbox 1557 3802 1669 3866; x_wconf 86' lang='lat' dir='ltr'><strong>boc</strong></span> <span class='ocrx_word' id='word_1_394' title='bbox 1691 3811 1748 3864; x_wconf 90' lang='lat' dir='ltr'><strong>te</strong></span> <span class='ocrx_word' id='word_1_395' title='bbox 1769 3802 1933 3864; x_wconf 91' lang='lat' dir='ltr'><strong>didi-</strong></span> 
     </span>
    </p>
   </div>
   <div class='ocr_carea' id='block_1_56' title="bbox 288 3891 1935 3975">
    <p class='ocr_par' dir='ltr' id='par_1_56' title="bbox 288 3891 1935 3975">
     <span class='ocr_line' id='line_1_56' title="bbox 288 3891 1935 3975; baseline 0 -24"><span class='ocrx_word' id='word_1_396' title='bbox 288 3891 443 3954; x_wconf 83' lang='lat' dir='ltr'><strong>cisse</strong></span> <span class='ocrx_word' id='word_1_397' title='bbox 460 3911 529 3956; x_wconf 82' lang='lat' dir='ltr'><strong>ex</strong></span> <span class='ocrx_word' id='word_1_398' title='bbox 562 3901 665 3956; x_wconf 92' lang='lat' dir='ltr'><strong>tuo</strong></span> <span class='ocrx_word' id='word_1_399' title='bbox 693 3894 822 3975; x_wconf 86' lang='lat' dir='ltr'><strong>ipso</strong></span> <span class='ocrx_word' id='word_1_400' title='bbox 863 3897 1119 3970; x_wconf 88' lang='lat' dir='ltr'><strong>Corano,</strong></span> <span class='ocrx_word' id='word_1_401' title='bbox 1155 3903 1323 3954; x_wconf 82' lang='lat' dir='ltr'><strong>certe</strong></span> <span class='ocrx_word' id='word_1_402' title='bbox 1366 3910 1611 3973; x_wconf 90' lang='lat' dir='ltr'><strong>prorsus</strong></span> <span class='ocrx_word' id='word_1_403' title='bbox 1653 3891 1935 3952; x_wconf 88' lang='lat' dir='ltr'><strong>mentitur</strong></span> 
     </span>
    </p>
   </div>
   <div class='ocr_carea' id='block_1_57' title="bbox 2019 1836 3678 1917">
    <p class='ocr_par' dir='ltr' id='par_1_57' title="bbox 2019 1836 3678 1917">
     <span class='ocr_line' id='line_1_57' title="bbox 2019 1836 3678 1917; baseline 0 -25"><span class='ocrx_word' id='word_1_404' title='bbox 2019 1836 2329 1913; x_wconf 80' lang='grc' dir='ltr'>κρυμμὲνῳ,</span> <span class='ocrx_word' id='word_1_405' title='bbox 2393 1838 2474 1893; x_wconf 83' lang='grc' dir='ltr'>ὃτι</span> <span class='ocrx_word' id='word_1_406' title='bbox 2540 1839 2568 1892; x_wconf 87' lang='grc' dir='ltr'>ὀ</span> <span class='ocrx_word' id='word_1_407' title='bbox 2626 1836 2755 1900; x_wconf 85' lang='grc' dir='ltr'>λαὸς</span> <span class='ocrx_word' id='word_1_408' title='bbox 2847 1844 2939 1894; x_wconf 86' lang='grc' dir='ltr'><strong>τοῦ</strong></span> <span class='ocrx_word' id='word_1_409' title='bbox 3005 1838 3304 1917; x_wconf 78' lang='grc' dir='ltr'>Μουχᾶμετ</span> <span class='ocrx_word' id='word_1_410' title='bbox 3364 1837 3461 1893; x_wconf 71' lang='grc' dir='ltr'>σὺν</span> <span class='ocrx_word' id='word_1_411' title='bbox 3523 1837 3678 1908; x_wconf 65' lang='grc' dir='ltr'>αξιτῷ</span> 
     </span>
    </p>
   </div>
   <div class='ocr_carea' id='block_1_58' title="bbox 2021 1923 3675 2001">
    <p class='ocr_par' dir='ltr' id='par_1_58' title="bbox 2021 1923 3675 2001">
     <span class='ocr_line' id='line_1_58' title="bbox 2021 1923 3675 2001; baseline 0.004 -19"><span class='ocrx_word' id='word_1_412' title='bbox 2021 1926 2282 2001; x_wconf 75' lang='grc' dir='ltr'>πλανῶσι,</span> <span class='ocrx_word' id='word_1_413' title='bbox 2344 1928 2432 1982; x_wconf 82' lang='grc' dir='ltr'><strong>καί</strong></span> <span class='ocrx_word' id='word_1_414' title='bbox 2491 1925 2820 1984; x_wconf 75' lang='grc' dir='ltr'>πλανῶνται.</span> <span class='ocrx_word' id='word_1_415' title='bbox 2886 1928 2985 1985; x_wconf 80' lang='grc' dir='ltr'><strong>Καί</strong></span> <span class='ocrx_word' id='word_1_416' title='bbox 3068 1926 3257 2001; x_wconf 78' lang='grc' dir='ltr'>μέλλω</span> <span class='ocrx_word' id='word_1_417' title='bbox 3315 1949 3399 1984; x_wconf 86' lang='grc' dir='ltr'><strong>σοι</strong></span> <span class='ocrx_word' id='word_1_418' title='bbox 3457 1923 3675 1988; x_wconf 71' lang='grc' dir='ltr'>διδάξαι</span> 
     </span>
    </p>
   </div>
   <div class='ocr_carea' id='block_1_59' title="bbox 2020 2014 3670 2091">
    <p class='ocr_par' dir='ltr' id='par_1_59' title="bbox 2020 2014 3670 2091">
     <span class='ocr_line' id='line_1_59' title="bbox 2020 2014 3670 2091; baseline -0.001 -22"><span class='ocrx_word' id='word_1_419' title='bbox 2020 2015 2231 2086; x_wconf 73' lang='grc' dir='ltr'>αὖτοὺς,</span> <span class='ocrx_word' id='word_1_420' title='bbox 2288 2018 2376 2071; x_wconf 84' lang='grc' dir='ltr'>καί</span> <span class='ocrx_word' id='word_1_421' title='bbox 2428 2017 2494 2072; x_wconf 76' lang='grc' dir='ltr'><strong>τα</strong></span> <span class='ocrx_word' id='word_1_422' title='bbox 2552 2017 2790 2091; x_wconf 84' lang='grc' dir='ltr'>ὀνόματα</span> <span class='ocrx_word' id='word_1_423' title='bbox 2843 2016 3040 2090; x_wconf 66' lang='grc' dir='ltr'>αὐτῶν,</span> <span class='ocrx_word' id='word_1_424' title='bbox 3078 2016 3402 2089; x_wconf 71' lang='grc' dir='ltr'>Χασισίμον,</span> <span class='ocrx_word' id='word_1_425' title='bbox 3439 2014 3670 2091; x_wconf 75' lang='grc' dir='ltr'>Σεπερέ,</span> 
     </span>
    </p>
   </div>
   <div class='ocr_carea' id='block_1_60' title="bbox 2020 2102 3674 2184">
    <p class='ocr_par' dir='ltr' id='par_1_60' title="bbox 2020 2102 3674 2184">
     <span class='ocr_line' id='line_1_60' title="bbox 2020 2102 3674 2184; baseline -0.001 -23"><span class='ocrx_word' id='word_1_426' title='bbox 2020 2102 2289 2178; x_wconf 77' lang='grc' dir='ltr'>Ἰσμαῖλϊ,</span> <span class='ocrx_word' id='word_1_427' title='bbox 2348 2105 2603 2184; x_wconf 80' lang='grc' dir='ltr'>Μουτανί,</span> <span class='ocrx_word' id='word_1_428' title='bbox 2675 2108 2763 2162; x_wconf 78' lang='grc' dir='ltr'>καί</span> <span class='ocrx_word' id='word_1_429' title='bbox 2836 2108 2887 2162; x_wconf 74' lang='grc' dir='ltr'>αἱ</span> <span class='ocrx_word' id='word_1_430' title='bbox 2950 2103 3140 2162; x_wconf 82' lang='grc' dir='ltr'>λοιπαί</span> <span class='ocrx_word' id='word_1_431' title='bbox 3193 2104 3447 2172; x_wconf 72' lang='grc' dir='ltr'>καθεξῆς.</span> <span class='ocrx_word' id='word_1_432' title='bbox 3507 2103 3674 2161; x_wconf 72' lang='grc' dir='ltr'>Ἀλλ’</span> 
     </span>
    </p>
   </div>
   <div class='ocr_carea' id='block_1_61' title="bbox 2019 2193 3674 2274">
    <p class='ocr_par' dir='ltr' id='par_1_61' title="bbox 2019 2193 3674 2274">
     <span class='ocr_line' id='line_1_61' title="bbox 2019 2193 3674 2274; baseline 0.002 -25"><span class='ocrx_word' id='word_1_433' title='bbox 2019 2193 2112 2250; x_wconf 70' lang='grc' dir='ltr'><strong>ἵνα</strong></span> <span class='ocrx_word' id='word_1_434' title='bbox 2169 2195 2247 2269; x_wconf 78' lang='grc' dir='ltr'><strong>μὴ</strong></span> <span class='ocrx_word' id='word_1_435' title='bbox 2298 2193 2750 2274; x_wconf 64' lang='grc' dir='ltr'>μακρολογῶμεν,</span> <span class='ocrx_word' id='word_1_436' title='bbox 2809 2196 2899 2252; x_wconf 78' lang='grc' dir='ltr'><strong>καί</strong></span> <span class='ocrx_word' id='word_1_437' title='bbox 2955 2194 3118 2252; x_wconf 83' lang='grc' dir='ltr'>πάλιν</span> <span class='ocrx_word' id='word_1_438' title='bbox 3172 2198 3224 2251; x_wconf 82' lang='grc' dir='ltr'>αἱ</span> <span class='ocrx_word' id='word_1_439' title='bbox 3285 2197 3384 2271; x_wconf 76' lang='grc' dir='ltr'><strong>μὲν</strong></span> <span class='ocrx_word' id='word_1_440' title='bbox 3418 2193 3674 2267; x_wconf 71' lang='grc' dir='ltr'>ἐϐδομῆ-</span> 
     </span>
    </p>
   </div>
   <div class='ocr_carea' id='block_1_62' title="bbox 2019 2282 3677 2362">
    <p class='ocr_par' dir='ltr' id='par_1_62' title="bbox 2019 2282 3677 2362">
     <span class='ocr_line' id='line_1_62' title="bbox 2019 2282 3677 2362; baseline 0.002 -23"><span class='ocrx_word' id='word_1_441' title='bbox 2019 2305 2182 2340; x_wconf 85' lang='grc' dir='ltr'>κοντα</span> <span class='ocrx_word' id='word_1_442' title='bbox 2231 2282 2321 2339; x_wconf 85' lang='grc' dir='ltr'>δύο</span> <span class='ocrx_word' id='word_1_443' title='bbox 2377 2283 2625 2362; x_wconf 79' lang='grc' dir='ltr'>ὑμέτεραι</span> <span class='ocrx_word' id='word_1_444' title='bbox 2689 2283 2932 2362; x_wconf 74' lang='grc' dir='ltr'>γλῶσσαι</span> <span class='ocrx_word' id='word_1_445' title='bbox 3013 2285 3294 2360; x_wconf 81' lang='grc' dir='ltr'>ἀρνοῦνται</span> <span class='ocrx_word' id='word_1_446' title='bbox 3351 2286 3446 2341; x_wconf 90' lang='grc' dir='ltr'><strong>τὸν</strong></span> <span class='ocrx_word' id='word_1_447' title='bbox 3509 2291 3677 2342; x_wconf 66' lang='grc' dir='ltr'>Μοῦ-</span> 
     </span>
    </p>
   </div>
   <div class='ocr_carea' id='block_1_63' title="bbox 2019 2372 3674 2452">
    <p class='ocr_par' dir='ltr' id='par_1_63' title="bbox 2019 2372 3674 2452">
     <span class='ocr_line' id='line_1_63' title="bbox 2019 2372 3674 2452; baseline 0.001 -24"><span class='ocrx_word' id='word_1_448' title='bbox 2019 2374 2225 2452; x_wconf 80' lang='grc' dir='ltr'>χάμετ.</span> <span class='ocrx_word' id='word_1_449' title='bbox 2259 2376 2319 2430; x_wconf 71' lang='grc' dir='ltr'><strong>Αἱ</strong></span> <span class='ocrx_word' id='word_1_450' title='bbox 2353 2372 2408 2430; x_wconf 78' lang='grc' dir='ltr'><strong>δὲ</strong></span> <span class='ocrx_word' id='word_1_451' title='bbox 2458 2374 2712 2448; x_wconf 70' lang='grc' dir='ltr'>ἡμέτεραι</span> <span class='ocrx_word' id='word_1_452' title='bbox 2772 2377 2926 2432; x_wconf 86' lang='grc' dir='ltr'>τόσαι</span> <span class='ocrx_word' id='word_1_453' title='bbox 2969 2375 3098 2449; x_wconf 80' lang='grc' dir='ltr'>μίαν</span> <span class='ocrx_word' id='word_1_454' title='bbox 3156 2374 3334 2430; x_wconf 75' lang='grc' dir='ltr'>πίστιν</span> <span class='ocrx_word' id='word_1_455' title='bbox 3374 2374 3465 2430; x_wconf 68' lang='grc' dir='ltr'><strong>ἐπί</strong></span> <span class='ocrx_word' id='word_1_456' title='bbox 3530 2379 3674 2448; x_wconf 78' lang='grc' dir='ltr'>Χρι-</span> 
     </span>
    </p>
   </div>
   <div class='ocr_carea' id='block_1_64' title="bbox 2017 2459 3678 2543">
    <p class='ocr_par' dir='ltr' id='par_1_64' title="bbox 2017 2459 3678 2543">
     <span class='ocr_line' id='line_1_64' title="bbox 2017 2459 3678 2543; baseline 0.001 -26"><span class='ocrx_word' id='word_1_457' title='bbox 2017 2465 2144 2518; x_wconf 75' lang='grc' dir='ltr'>στοῦ</span> <span class='ocrx_word' id='word_1_458' title='bbox 2203 2460 2444 2519; x_wconf 82' lang='grc' dir='ltr'>σέϐονται</span> <span class='ocrx_word' id='word_1_459' title='bbox 2497 2461 2913 2543; x_wconf 68' lang='grc' dir='ltr'>εὖσεϐοφρόνως.</span> <span class='ocrx_word' id='word_1_460' title='bbox 2950 2466 3011 2520; x_wconf 76' lang='grc' dir='ltr'><strong>Αἱ</strong></span> <span class='ocrx_word' id='word_1_461' title='bbox 3058 2470 3184 2542; x_wconf 88' lang='grc' dir='ltr'>γοῦν</span> <span class='ocrx_word' id='word_1_462' title='bbox 3215 2463 3472 2538; x_wconf 78' lang='grc' dir='ltr'>ὑμέτεραι</span> <span class='ocrx_word' id='word_1_463' title='bbox 3501 2459 3678 2519; x_wconf 74' lang='grc' dir='ltr'>ἑϐδο-</span> 
     </span>
    </p>
   </div>
   <div class='ocr_carea' id='block_1_65' title="bbox 2018 2549 3670 2632">
    <p class='ocr_par' dir='ltr' id='par_1_65' title="bbox 2018 2549 3670 2632">
     <span class='ocr_line' id='line_1_65' title="bbox 2018 2549 3670 2632; baseline 0 -23"><span class='ocrx_word' id='word_1_464' title='bbox 2018 2551 2261 2626; x_wconf 76' lang='grc' dir='ltr'>μήκοντα</span> <span class='ocrx_word' id='word_1_465' title='bbox 2307 2549 2394 2609; x_wconf 75' lang='grc' dir='ltr'>δύο</span> <span class='ocrx_word' id='word_1_466' title='bbox 2445 2552 2686 2629; x_wconf 81' lang='grc' dir='ltr'>γλῶσσαι</span> <span class='ocrx_word' id='word_1_467' title='bbox 2747 2555 2792 2611; x_wconf 76' lang='grc' dir='ltr'>εἰ</span> <span class='ocrx_word' id='word_1_468' title='bbox 2849 2555 3130 2631; x_wconf 80' lang='grc' dir='ltr'>ἀρνοῦνται</span> <span class='ocrx_word' id='word_1_469' title='bbox 3187 2555 3279 2610; x_wconf 78' lang='grc' dir='ltr'><strong>τὸν</strong></span> <span class='ocrx_word' id='word_1_470' title='bbox 3333 2553 3670 2632; x_wconf 71' lang='grc' dir='ltr'><strong>Μουχᾶμετ.</strong></span> 
     </span>
    </p>
   </div>
   <div class='ocr_carea' id='block_1_66' title="bbox 2017 2640 3672 2718">
    <p class='ocr_par' dir='ltr' id='par_1_66' title="bbox 2017 2640 3672 2718">
     <span class='ocr_line' id='line_1_66' title="bbox 2017 2640 3672 2718; baseline 0.001 -21"><span class='ocrx_word' id='word_1_471' title='bbox 2017 2642 2160 2705; x_wconf 81' lang='grc' dir='ltr'>τινὲς</span> <span class='ocrx_word' id='word_1_472' title='bbox 2189 2649 2312 2718; x_wconf 90' lang='grc' dir='ltr'>γοῦν</span> <span class='ocrx_word' id='word_1_473' title='bbox 2343 2640 2712 2709; x_wconf 80' lang='grc' dir='ltr'>ἀληθεύουσιν,</span> <span class='ocrx_word' id='word_1_474' title='bbox 2767 2643 2866 2700; x_wconf 74' lang='grc' dir='ltr'>Διὰ</span> <span class='ocrx_word' id='word_1_475' title='bbox 2922 2644 3148 2717; x_wconf 81' lang='grc' dir='ltr'>παντὸς,</span> <span class='ocrx_word' id='word_1_476' title='bbox 3205 2643 3242 2710; x_wconf 74' lang='grc' dir='ltr'><strong>ἢ</strong></span> <span class='ocrx_word' id='word_1_477' title='bbox 3288 2640 3567 2715; x_wconf 82' lang='grc' dir='ltr'>πλείονες,</span> <span class='ocrx_word' id='word_1_478' title='bbox 3632 2643 3672 2709; x_wconf 75' lang='grc' dir='ltr'><strong>ἡ</strong></span> 
     </span>
    </p>
   </div>
   <div class='ocr_carea' id='block_1_67' title="bbox 2017 2729 3666 2811">
    <p class='ocr_par' dir='ltr' id='par_1_67' title="bbox 2017 2729 3666 2811">
     <span class='ocr_line' id='line_1_67' title="bbox 2017 2729 3666 2811; baseline 0 -25"><span class='ocrx_word' id='word_1_479' title='bbox 2017 2731 2113 2806; x_wconf 70' lang='grc' dir='ltr'><strong>μία</strong></span> <span class='ocrx_word' id='word_1_480' title='bbox 2164 2731 2312 2805; x_wconf 77' lang='grc' dir='ltr'>ὑμῶν</span> <span class='ocrx_word' id='word_1_481' title='bbox 2368 2731 2589 2809; x_wconf 77' lang='grc' dir='ltr'>γλῶσσα</span> <span class='ocrx_word' id='word_1_482' title='bbox 2646 2729 2920 2807; x_wconf 80' lang='grc' dir='ltr'>ψεύδεται.</span> <span class='ocrx_word' id='word_1_483' title='bbox 2955 2730 3114 2811; x_wconf 71' lang='grc' dir='ltr'>Οὔτε,</span> <span class='ocrx_word' id='word_1_484' title='bbox 3145 2733 3220 2796; x_wconf 83' lang='grc' dir='ltr'>ὡς</span> <span class='ocrx_word' id='word_1_485' title='bbox 3251 2731 3353 2806; x_wconf 74' lang='grc' dir='ltr'><strong>μὲν</strong></span> <span class='ocrx_word' id='word_1_486' title='bbox 3382 2731 3666 2804; x_wconf 73' lang='grc' dir='ltr'>νομίζετε,</span> 
     </span>
    </p>
   </div>
   <div class='ocr_carea' id='block_1_68' title="bbox 2017 2820 3672 2895">
    <p class='ocr_par' dir='ltr' id='par_1_68' title="bbox 2017 2820 3672 2895">
     <span class='ocr_line' id='line_1_68' title="bbox 2017 2820 3672 2895; baseline -0.001 -19"><span class='ocrx_word' id='word_1_487' title='bbox 2017 2823 2194 2878; x_wconf 80' lang='grc' dir='ltr'>πιστοὶ</span> <span class='ocrx_word' id='word_1_488' title='bbox 2257 2822 2350 2878; x_wconf 86' lang='grc' dir='ltr'><strong>καὶ</strong></span> <span class='ocrx_word' id='word_1_489' title='bbox 2401 2821 2665 2884; x_wconf 70' lang='grc' dir='ltr'>ἐκλεκτοί,</span> <span class='ocrx_word' id='word_1_490' title='bbox 2750 2820 2918 2879; x_wconf 72' lang='grc' dir='ltr'>Ἀλλὰ</span> <span class='ocrx_word' id='word_1_491' title='bbox 2973 2821 3257 2877; x_wconf 78' lang='grc' dir='ltr'>καταλύσω</span> <span class='ocrx_word' id='word_1_492' title='bbox 3325 2822 3493 2895; x_wconf 74' lang='grc' dir='ltr'>ὑμᾶς,</span> <span class='ocrx_word' id='word_1_493' title='bbox 3578 2822 3672 2875; x_wconf 79' lang='grc' dir='ltr'><strong>καί</strong></span> 
     </span>
    </p>
   </div>
   <div class='ocr_carea' id='block_1_69' title="bbox 2018 2908 3668 2989">
    <p class='ocr_par' dir='ltr' id='par_1_69' title="bbox 2018 2908 3668 2989">
     <span class='ocr_line' id='line_1_69' title="bbox 2018 2908 3668 2989; baseline 0 -25"><span class='ocrx_word' id='word_1_494' title='bbox 2018 2910 2307 2986; x_wconf 71' lang='grc' dir='ltr'>συντρίψω.</span> <span class='ocrx_word' id='word_1_495' title='bbox 2372 2911 2471 2967; x_wconf 82' lang='grc' dir='ltr'><strong>Διά</strong></span> <span class='ocrx_word' id='word_1_496' title='bbox 2525 2911 2596 2983; x_wconf 77' lang='grc' dir='ltr'>τί,</span> <span class='ocrx_word' id='word_1_497' title='bbox 2661 2908 2950 2989; x_wconf 76' lang='grc' dir='ltr'>Ἀγαρηνὲ,</span> <span class='ocrx_word' id='word_1_498' title='bbox 2981 2909 3097 2966; x_wconf 76' lang='grc' dir='ltr'>εἰπέ</span> <span class='ocrx_word' id='word_1_499' title='bbox 3127 2931 3246 2989; x_wconf 83' lang='grc' dir='ltr'>μοι,</span> <span class='ocrx_word' id='word_1_500' title='bbox 3293 2922 3668 2988; x_wconf 73' lang='grc' dir='ltr'>συκοφαντεῖς</span> 
     </span>
    </p>
   </div>
   <div class='ocr_carea' id='block_1_70' title="bbox 2017 2998 3668 3080">
    <p class='ocr_par' dir='ltr' id='par_1_70' title="bbox 2017 2998 3668 3080">
     <span class='ocr_line' id='line_1_70' title="bbox 2017 2998 3668 3080; baseline 0 -26"><span class='ocrx_word' id='word_1_501' title='bbox 2017 3006 2109 3054; x_wconf 90' lang='grc' dir='ltr'><strong>τὸν</strong></span> <span class='ocrx_word' id='word_1_502' title='bbox 2139 3001 2270 3055; x_wconf 81' lang='grc' dir='ltr'>Θεὸν</span> <span class='ocrx_word' id='word_1_503' title='bbox 2317 2999 2512 3080; x_wconf 72' lang='grc' dir='ltr'>λέγων,</span> <span class='ocrx_word' id='word_1_504' title='bbox 2559 2999 2641 3057; x_wconf 83' lang='grc' dir='ltr'><strong>ὅτι</strong></span> <span class='ocrx_word' id='word_1_505' title='bbox 2681 2999 2880 3079; x_wconf 80' lang='grc' dir='ltr'>ἔγραψε</span> <span class='ocrx_word' id='word_1_506' title='bbox 2929 3001 3160 3078; x_wconf 78' lang='grc' dir='ltr'>γύρωθεν</span> <span class='ocrx_word' id='word_1_507' title='bbox 3209 3006 3303 3056; x_wconf 90' lang='grc' dir='ltr'><strong>τοῦ</strong></span> <span class='ocrx_word' id='word_1_508' title='bbox 3332 3000 3518 3076; x_wconf 79' lang='grc' dir='ltr'>θρόνου</span> <span class='ocrx_word' id='word_1_509' title='bbox 3555 2998 3668 3055; x_wconf 72' lang='grc' dir='ltr'><strong>αὖ·</strong></span> 
     </span>
    </p>
   </div>
   <div class='ocr_carea' id='block_1_71' title="bbox 2018 3085 3669 3166">
    <p class='ocr_par' dir='ltr' id='par_1_71' title="bbox 2018 3085 3669 3166">
     <span class='ocr_line' id='line_1_71' title="bbox 2018 3085 3669 3166; baseline 0.002 -25"><span class='ocrx_word' id='word_1_510' title='bbox 2018 3089 2110 3142; x_wconf 81' lang='grc' dir='ltr'><strong>τοῦ</strong></span> <span class='ocrx_word' id='word_1_511' title='bbox 2142 3085 2306 3150; x_wconf 73' lang='grc' dir='ltr'>οὕτως</span> <span class='ocrx_word' id='word_1_512' title='bbox 2340 3106 2355 3120; x_wconf 84' lang='grc'>⁶</span> <span class='ocrx_word' id='word_1_513' title='bbox 2391 3092 2502 3147; x_wconf 64' lang='grc' dir='ltr'>Οὔκ</span> <span class='ocrx_word' id='word_1_514' title='bbox 2559 3087 2700 3147; x_wconf 76' lang='grc' dir='ltr'>ἔστιν</span> <span class='ocrx_word' id='word_1_515' title='bbox 2752 3088 3079 3166; x_wconf 75' lang='grc' dir='ltr'>ἀληθεστέρα</span> <span class='ocrx_word' id='word_1_516' title='bbox 3133 3093 3310 3152; x_wconf 73' lang='grc' dir='ltr'>πίστις</span> <span class='ocrx_word' id='word_1_517' title='bbox 3370 3088 3554 3164; x_wconf 68' lang='grc' dir='ltr'>ἑτέρα,</span> <span class='ocrx_word' id='word_1_518' title='bbox 3633 3086 3669 3155; x_wconf 74' lang='grc' dir='ltr'>ἢ</span> 
     </span>
    </p>
   </div>
   <div class='ocr_carea' id='block_1_72' title="bbox 2019 3176 3671 3257">
    <p class='ocr_par' dir='ltr' id='par_1_72' title="bbox 2019 3176 3671 3257">
     <span class='ocr_line' id='line_1_72' title="bbox 2019 3176 3671 3257; baseline 0 -25"><span class='ocrx_word' id='word_1_519' title='bbox 2019 3183 2125 3232; x_wconf 85' lang='grc' dir='ltr'>τῶν</span> <span class='ocrx_word' id='word_1_520' title='bbox 2169 3176 2436 3234; x_wconf 78' lang='grc' dir='ltr'>ἐκλεκτῶν</span> <span class='ocrx_word' id='word_1_521' title='bbox 2468 3177 2950 3254; x_wconf 68' lang='grc' dir='ltr'>Μουσουλμανῶνς</span> <span class='ocrx_word' id='word_1_522' title='bbox 3007 3177 3113 3237; x_wconf 73' lang='grc' dir='ltr'><strong>Καί</strong></span> <span class='ocrx_word' id='word_1_523' title='bbox 3171 3177 3339 3242; x_wconf 75' lang='grc' dir='ltr'>οὕτως</span> <span class='ocrx_word' id='word_1_524' title='bbox 3395 3178 3547 3257; x_wconf 77' lang='grc' dir='ltr'>εὗρον</span> <span class='ocrx_word' id='word_1_525' title='bbox 3611 3180 3671 3233; x_wconf 71' lang='grc' dir='ltr'>ἓν</span> 
     </span>
    </p>
   </div>
   <div class='ocr_carea' id='block_1_73' title="bbox 2019 3265 3669 3345">
    <p class='ocr_par' dir='ltr' id='par_1_73' title="bbox 2019 3265 3669 3345">
     <span class='ocr_line' id='line_1_73' title="bbox 2019 3265 3669 3345; baseline 0.001 -23"><span class='ocrx_word' id='word_1_526' title='bbox 2019 3271 2096 3339; x_wconf 83' lang='grc' dir='ltr'><strong>τῷ</strong></span> <span class='ocrx_word' id='word_1_527' title='bbox 2156 3269 2426 3345; x_wconf 81' lang='grc' dir='ltr'>Κουρανίῳ</span> <span class='ocrx_word' id='word_1_528' title='bbox 2473 3289 2590 3341; x_wconf 85' lang='grc' dir='ltr'>σου,</span> <span class='ocrx_word' id='word_1_529' title='bbox 2647 3267 3028 3343; x_wconf 66' lang='grc' dir='ltr'>πεπλανημένα</span> <span class='ocrx_word' id='word_1_530' title='bbox 3064 3283 3078 3297; x_wconf 89' lang='lat'><strong>&#39;</strong></span> <span class='ocrx_word' id='word_1_531' title='bbox 3147 3275 3248 3326; x_wconf 85' lang='grc' dir='ltr'>Τῦν</span> <span class='ocrx_word' id='word_1_532' title='bbox 3293 3270 3424 3324; x_wconf 90' lang='grc' dir='ltr'>Θεὸν</span> <span class='ocrx_word' id='word_1_533' title='bbox 3487 3265 3669 3331; x_wconf 70' lang='grc' dir='ltr'>οὗδεὶς</span> 
     </span>
    </p>
   </div>
   <div class='ocr_carea' id='block_1_74' title="bbox 2021 3355 3668 3436">
    <p class='ocr_par' dir='ltr' id='par_1_74' title="bbox 2021 3355 3668 3436">
     <span class='ocr_line' id='line_1_74' title="bbox 2021 3355 3668 3436; baseline 0 -24"><span class='ocrx_word' id='word_1_534' title='bbox 2021 3356 2224 3430; x_wconf 76' lang='grc' dir='ltr'>ἑώρακε</span> <span class='ocrx_word' id='word_1_535' title='bbox 2282 3357 2524 3432; x_wconf 73' lang='grc' dir='ltr'>πώποτε,</span> <span class='ocrx_word' id='word_1_536' title='bbox 2570 3355 2688 3416; x_wconf 71' lang='grc' dir='ltr'>οὸδὲ</span> <span class='ocrx_word' id='word_1_537' title='bbox 2730 3360 2823 3414; x_wconf 87' lang='grc' dir='ltr'><strong>τὸν</strong></span> <span class='ocrx_word' id='word_1_538' title='bbox 2877 3359 3060 3436; x_wconf 82' lang='grc' dir='ltr'>θρόνον</span> <span class='ocrx_word' id='word_1_539' title='bbox 3118 3361 3300 3430; x_wconf 71' lang='grc' dir='ltr'>αὐτοῦ,</span> <span class='ocrx_word' id='word_1_540' title='bbox 3361 3356 3480 3416; x_wconf 75' lang='grc' dir='ltr'><strong>οὗδέ</strong></span> <span class='ocrx_word' id='word_1_541' title='bbox 3537 3379 3668 3419; x_wconf 78' lang='grc' dir='ltr'><strong>πως</strong></span> 
     </span>
    </p>
   </div>
   <div class='ocr_carea' id='block_1_75' title="bbox 2021 3444 3666 3525">
    <p class='ocr_par' dir='ltr' id='par_1_75' title="bbox 2021 3444 3666 3525">
     <span class='ocr_line' id='line_1_75' title="bbox 2021 3444 3666 3525; baseline -0.001 -23"><span class='ocrx_word' id='word_1_542' title='bbox 2021 3444 2200 3515; x_wconf 77' lang='grc' dir='ltr'>οἶδας,</span> <span class='ocrx_word' id='word_1_543' title='bbox 2256 3445 2338 3502; x_wconf 82' lang='grc' dir='ltr'><strong>ὅτι</strong></span> <span class='ocrx_word' id='word_1_544' title='bbox 2368 3445 2532 3508; x_wconf 63' lang='grc' dir='ltr'>οὕτως</span> <span class='ocrx_word' id='word_1_545' title='bbox 2565 3447 2862 3525; x_wconf 74' lang='grc' dir='ltr'>γέγραπται</span> <span class='ocrx_word' id='word_1_546' title='bbox 2907 3447 2962 3504; x_wconf 72' lang='grc' dir='ltr'>ἐν</span> <span class='ocrx_word' id='word_1_547' title='bbox 3005 3453 3081 3520; x_wconf 81' lang='grc' dir='ltr'>τῷ</span> <span class='ocrx_word' id='word_1_548' title='bbox 3135 3447 3306 3520; x_wconf 83' lang='grc' dir='ltr'>θρόνῳ</span> <span class='ocrx_word' id='word_1_549' title='bbox 3351 3447 3448 3501; x_wconf 80' lang='grc' dir='ltr'><strong>τοῦ</strong></span> <span class='ocrx_word' id='word_1_550' title='bbox 3497 3451 3666 3506; x_wconf 80' lang='grc' dir='ltr'>Θεοῦ,</span> 
     </span>
    </p>
   </div>
   <div class='ocr_carea' id='block_1_76' title="bbox 2022 3533 3668 3613">
    <p class='ocr_par' dir='ltr' id='par_1_76' title="bbox 2022 3533 3668 3613">
     <span class='ocr_line' id='line_1_76' title="bbox 2022 3533 3668 3613; baseline -0.002 -20"><span class='ocrx_word' id='word_1_551' title='bbox 2022 3537 2080 3593; x_wconf 82' lang='grc' dir='ltr'><strong>Εἰ</strong></span> <span class='ocrx_word' id='word_1_552' title='bbox 2132 3535 2230 3609; x_wconf 75' lang='grc' dir='ltr'><strong>μὲν</strong></span> <span class='ocrx_word' id='word_1_553' title='bbox 2275 3533 2478 3613; x_wconf 84' lang='grc' dir='ltr'>λέγεις,</span> <span class='ocrx_word' id='word_1_554' title='bbox 2539 3537 2609 3601; x_wconf 80' lang='grc' dir='ltr'>ὡς</span> <span class='ocrx_word' id='word_1_555' title='bbox 2660 3536 2764 3592; x_wconf 77' lang='grc' dir='ltr'>ἀπὸ</span> <span class='ocrx_word' id='word_1_556' title='bbox 2813 3542 2907 3593; x_wconf 87' lang='grc' dir='ltr'><strong>τοῦ</strong></span> <span class='ocrx_word' id='word_1_557' title='bbox 2953 3536 3242 3612; x_wconf 71' lang='grc' dir='ltr'>Κουρανίου</span> <span class='ocrx_word' id='word_1_558' title='bbox 3284 3556 3380 3592; x_wconf 83' lang='grc' dir='ltr'><strong>σου</strong></span> <span class='ocrx_word' id='word_1_559' title='bbox 3435 3533 3668 3610; x_wconf 77' lang='grc' dir='ltr'>ἔμαθες,</span> 
     </span>
    </p>
   </div>
   <div class='ocr_carea' id='block_1_77' title="bbox 2020 3622 3668 3703">
    <p class='ocr_par' dir='ltr' id='par_1_77' title="bbox 2020 3622 3668 3703">
     <span class='ocr_line' id='line_1_77' title="bbox 2020 3622 3668 3703; baseline 0.001 -24"><span class='ocrx_word' id='word_1_560' title='bbox 2020 3622 2209 3680; x_wconf 84' lang='grc' dir='ltr'>λοιπὸν</span> <span class='ocrx_word' id='word_1_561' title='bbox 2255 3623 2500 3700; x_wconf 76' lang='grc' dir='ltr'>ψεύδεται</span> <span class='ocrx_word' id='word_1_562' title='bbox 2557 3628 2618 3682; x_wconf 86' lang='grc' dir='ltr'><strong>τὸ</strong></span> <span class='ocrx_word' id='word_1_563' title='bbox 2655 3626 2938 3702; x_wconf 71' lang='grc' dir='ltr'>Κουρᾶνιον</span> <span class='ocrx_word' id='word_1_564' title='bbox 2987 3647 3106 3687; x_wconf 84' lang='grc' dir='ltr'>σου.</span> <span class='ocrx_word' id='word_1_565' title='bbox 3139 3631 3250 3683; x_wconf 86' lang='grc' dir='ltr'>Ποῦ</span> <span class='ocrx_word' id='word_1_566' title='bbox 3279 3624 3382 3703; x_wconf 73' lang='grc' dir='ltr'><strong>γὰρ</strong></span> <span class='ocrx_word' id='word_1_567' title='bbox 3410 3624 3476 3692; x_wconf 80' lang='grc' dir='ltr'>ἦν</span> <span class='ocrx_word' id='word_1_568' title='bbox 3510 3630 3668 3680; x_wconf 71' lang='lat' dir='ltr'><strong>Hou-</strong></span> 
     </span>
    </p>
   </div>
   <div class='ocr_carea' id='block_1_78' title="bbox 2020 3713 3668 3790">
    <p class='ocr_par' dir='ltr' id='par_1_78' title="bbox 2020 3713 3668 3790">
     <span class='ocr_line' id='line_1_78' title="bbox 2020 3713 3668 3790; baseline 0 -24"><span class='ocrx_word' id='word_1_569' title='bbox 2020 3714 2340 3786; x_wconf 64' lang='lat' dir='ltr'><strong>coutpzv‘oc,</strong></span> <span class='ocrx_word' id='word_1_570' title='bbox 2379 3713 2504 3769; x_wconf 85' lang='grc' dir='ltr'>ὅταν</span> <span class='ocrx_word' id='word_1_571' title='bbox 2537 3715 2564 3769; x_wconf 85' lang='grc' dir='ltr'><strong>ὁ</strong></span> <span class='ocrx_word' id='word_1_572' title='bbox 2613 3716 2795 3790; x_wconf 85' lang='grc' dir='ltr'>θρόνος</span> <span class='ocrx_word' id='word_1_573' title='bbox 2845 3721 2938 3771; x_wconf 88' lang='grc' dir='ltr'><strong>τοῦ</strong></span> <span class='ocrx_word' id='word_1_574' title='bbox 2995 3719 3127 3771; x_wconf 83' lang='grc' dir='ltr'>Θεοῦ</span> <span class='ocrx_word' id='word_1_575' title='bbox 3186 3719 3277 3786; x_wconf 83' lang='grc' dir='ltr'>ἦν,</span> <span class='ocrx_word' id='word_1_576' title='bbox 3323 3713 3411 3769; x_wconf 80' lang='grc' dir='ltr'>καὶ</span> <span class='ocrx_word' id='word_1_577' title='bbox 3469 3714 3496 3767; x_wconf 81' lang='grc' dir='ltr'><strong>ὃ</strong></span> <span class='ocrx_word' id='word_1_578' title='bbox 3552 3732 3668 3767; x_wconf 82' lang='grc' dir='ltr'>κα-</span> 
     </span>
    </p>
   </div>
   <div class='ocr_carea' id='block_1_79' title="bbox 2017 3801 3670 3882">
    <p class='ocr_par' dir='ltr' id='par_1_79' title="bbox 2017 3801 3670 3882">
     <span class='ocr_line' id='line_1_79' title="bbox 2017 3801 3670 3882; baseline -0.001 -24"><span class='ocrx_word' id='word_1_579' title='bbox 2017 3802 2249 3872; x_wconf 76' lang='grc' dir='ltr'>θήμενος</span> <span class='ocrx_word' id='word_1_580' title='bbox 2282 3802 2366 3858; x_wconf 80' lang='grc' dir='ltr'><strong>ἐπὶ</strong></span> <span class='ocrx_word' id='word_1_581' title='bbox 2395 3802 2606 3880; x_wconf 80' lang='grc' dir='ltr'>θρόνου.</span> <span class='ocrx_word' id='word_1_582' title='bbox 2639 3805 2668 3860; x_wconf 80' lang='grc' dir='ltr'>ὁ</span> <span class='ocrx_word' id='word_1_583' title='bbox 2696 3803 2968 3882; x_wconf 76' lang='grc' dir='ltr'>στεγάζων</span> <span class='ocrx_word' id='word_1_584' title='bbox 3014 3805 3071 3858; x_wconf 68' lang='grc' dir='ltr'>ἒν</span> <span class='ocrx_word' id='word_1_585' title='bbox 3125 3801 3275 3860; x_wconf 77' lang='grc' dir='ltr'>ὅδασι</span> <span class='ocrx_word' id='word_1_586' title='bbox 3322 3803 3388 3858; x_wconf 70' lang='grc' dir='ltr'><strong>τὰ</strong></span> <span class='ocrx_word' id='word_1_587' title='bbox 3444 3803 3670 3878; x_wconf 68' lang='grc' dir='ltr'>ὑπεριῖια</span> 
     </span>
    </p>
   </div>
   <div class='ocr_carea' id='block_1_80' title="bbox 2019 3890 2946 3970">
    <p class='ocr_par' dir='ltr' id='par_1_80' title="bbox 2019 3890 2946 3970">
     <span class='ocr_line' id='line_1_80' title="bbox 2019 3890 2946 3970; baseline 0.002 -24"><span class='ocrx_word' id='word_1_588' title='bbox 2019 3893 2200 3969; x_wconf 63' lang='grc' dir='ltr'>αὐτοῦ,</span> <span class='ocrx_word' id='word_1_589' title='bbox 2234 3892 2322 3948; x_wconf 85' lang='grc' dir='ltr'><strong>καὶ</strong></span> <span class='ocrx_word' id='word_1_590' title='bbox 2351 3890 2594 3970; x_wconf 70' lang='grc' dir='ltr'>συνέχων</span> <span class='ocrx_word' id='word_1_591' title='bbox 2627 3893 2693 3948; x_wconf 83' lang='grc' dir='ltr'>τὰ</span> <span class='ocrx_word' id='word_1_592' title='bbox 2722 3893 2895 3949; x_wconf 82' lang='grc' dir='ltr'>πάντα</span> <span class='ocrx_word' id='word_1_593' title='bbox 2929 3911 2946 3967; x_wconf 86' lang='grc'>;</span> 
     </span>
    </p>
   </div>
   <div class='ocr_carea' id='block_1_81' title="bbox 287 3975 3670 4063">
    <p class='ocr_par' dir='ltr' id='par_1_81' title="bbox 287 3975 3670 4063">
     <span class='ocr_line' id='line_1_81' title="bbox 287 3975 3670 4063; baseline -0.002 -18"><span class='ocrx_word' id='word_1_594' title='bbox 287 3980 558 4046; x_wconf 87' lang='lat' dir='ltr'><strong>Coranus</strong></span> <span class='ocrx_word' id='word_1_595' title='bbox 586 3992 746 4047; x_wconf 86' lang='lat' dir='ltr'><strong>tuus.</strong></span> <span class='ocrx_word' id='word_1_596' title='bbox 779 3983 924 4046; x_wconf 78' lang='lat' dir='ltr'><strong>Nam</strong></span> <span class='ocrx_word' id='word_1_597' title='bbox 957 3983 1063 4046; x_wconf 91' lang='lat' dir='ltr'><strong>ubi</strong></span> <span class='ocrx_word' id='word_1_598' title='bbox 1092 3990 1264 4046; x_wconf 88' lang='lat' dir='ltr'><strong>erant</strong></span> <span class='ocrx_word' id='word_1_599' title='bbox 1291 4000 1502 4046; x_wconf 88' lang='lat' dir='ltr'><strong>omnes</strong></span> <span class='ocrx_word' id='word_1_600' title='bbox 1538 3978 1938 4043; x_wconf 88' lang='lat' dir='ltr'><strong>Musulmanni</strong></span> <span class='ocrx_word' id='word_1_601' title='bbox 1969 3996 2103 4040; x_wconf 87' lang='lat' dir='ltr'><strong>cum</strong></span> <span class='ocrx_word' id='word_1_602' title='bbox 2139 3987 2299 4042; x_wconf 88' lang='lat' dir='ltr'><strong>esset</strong></span> <span class='ocrx_word' id='word_1_603' title='bbox 2330 3979 2580 4042; x_wconf 85' lang='lat' dir='ltr'><strong>thronus</strong></span> <span class='ocrx_word' id='word_1_604' title='bbox 2609 3979 2740 4056; x_wconf 90' lang='lat' dir='ltr'><strong>Dei,</strong></span> <span class='ocrx_word' id='word_1_605' title='bbox 2777 3990 2831 4043; x_wconf 88' lang='lat' dir='ltr'><strong>et</strong></span> <span class='ocrx_word' id='word_1_606' title='bbox 2871 3981 3091 4043; x_wconf 86' lang='lat' dir='ltr'><strong>sedens</strong></span> <span class='ocrx_word' id='word_1_607' title='bbox 3122 3997 3304 4063; x_wconf 86' lang='lat' dir='ltr'><strong>super</strong></span> <span class='ocrx_word' id='word_1_608' title='bbox 3330 3978 3524 4055; x_wconf 89' lang='lat' dir='ltr'><strong>illum,</strong></span> <span class='ocrx_word' id='word_1_609' title='bbox 3555 3975 3670 4056; x_wconf 83' lang='lat' dir='ltr'><strong>qui</strong></span> 
     </span>
    </p>
   </div>
   <div class='ocr_carea' id='block_1_82' title="bbox 289 4067 2016 4154">
    <p class='ocr_par' dir='ltr' id='par_1_82' title="bbox 289 4067 2016 4154">
     <span class='ocr_line' id='line_1_82' title="bbox 289 4067 2016 4154; baseline -0.001 -23"><span class='ocrx_word' id='word_1_610' title='bbox 289 4072 624 4154; x_wconf 79' lang='lat' dir='ltr'><strong>tegitaquis</strong></span> <span class='ocrx_word' id='word_1_611' title='bbox 650 4074 967 4153; x_wconf 85' lang='lat' dir='ltr'><strong>superiora</strong></span> <span class='ocrx_word' id='word_1_612' title='bbox 993 4072 1178 4146; x_wconf 88' lang='lat' dir='ltr'><strong>illius,</strong></span> <span class='ocrx_word' id='word_1_613' title='bbox 1211 4080 1271 4134; x_wconf 89' lang='lat' dir='ltr'><strong>et</strong></span> <span class='ocrx_word' id='word_1_614' title='bbox 1300 4071 1502 4132; x_wconf 89' lang='lat' dir='ltr'><strong>omnia</strong></span> <span class='ocrx_word' id='word_1_615' title='bbox 1531 4067 2016 4150; x_wconf 88' lang='lat' dir='ltr'><strong>comprehendit.</strong></span> 
     </span>
    </p>
   </div>
   <div class='ocr_carea' id='block_1_83' title="bbox 371 4157 1939 4241">
    <p class='ocr_par' dir='ltr' id='par_1_83' title="bbox 371 4157 1939 4241">
     <span class='ocr_line' id='line_1_83' title="bbox 371 4157 1939 4241; baseline -0.004 -16"><span class='ocrx_word' id='word_1_616' title='bbox 371 4161 544 4225; x_wconf 90' lang='lat' dir='ltr'><strong>Nunc</strong></span> <span class='ocrx_word' id='word_1_617' title='bbox 566 4180 708 4224; x_wconf 86' lang='lat' dir='ltr'><strong>vero</strong></span> <span class='ocrx_word' id='word_1_618' title='bbox 731 4162 829 4225; x_wconf 92' lang='lat' dir='ltr'><strong>dic</strong></span> <span class='ocrx_word' id='word_1_619' title='bbox 849 4161 1019 4236; x_wconf 89' lang='lat' dir='ltr'><strong>mihi,</strong></span> <span class='ocrx_word' id='word_1_620' title='bbox 1045 4181 1079 4222; x_wconf 94' lang='grc' dir='ltr'><strong>ο</strong></span> <span class='ocrx_word' id='word_1_621' title='bbox 1099 4160 1318 4234; x_wconf 90' lang='lat' dir='ltr'><strong>ﬁdelis,</strong></span> <span class='ocrx_word' id='word_1_622' title='bbox 1340 4178 1458 4241; x_wconf 92' lang='lat' dir='ltr'><strong>quo</strong></span> <span class='ocrx_word' id='word_1_623' title='bbox 1486 4159 1654 4222; x_wconf 89' lang='lat' dir='ltr'><strong>titulo</strong></span> <span class='ocrx_word' id='word_1_624' title='bbox 1679 4157 1939 4237; x_wconf 89' lang='lat' dir='ltr'><strong>gaudere</strong></span> 
     </span>
    </p>
   </div>
   <div class='ocr_carea' id='block_1_84' title="bbox 290 4249 1944 4324">
    <p class='ocr_par' dir='ltr' id='par_1_84' title="bbox 290 4249 1944 4324">
     <span class='ocr_line' id='line_1_84' title="bbox 290 4249 1944 4324; baseline -0.002 -14"><span class='ocrx_word' id='word_1_625' title='bbox 290 4250 604 4313; x_wconf 85' lang='lat' dir='ltr'><strong>contendis</strong></span> <span class='ocrx_word' id='word_1_626' title='bbox 616 4251 996 4314; x_wconf 87' lang='lat' dir='ltr'><strong>interomnes</strong></span> <span class='ocrx_word' id='word_1_627' title='bbox 1017 4250 1162 4312; x_wconf 87' lang='lat' dir='ltr'><strong>alias</strong></span> <span class='ocrx_word' id='word_1_628' title='bbox 1176 4249 1558 4324; x_wconf 85' lang='lat' dir='ltr'><strong>nationes,an</strong></span> <span class='ocrx_word' id='word_1_629' title='bbox 1573 4265 1691 4308; x_wconf 88' lang='lat' dir='ltr'><strong>non</strong></span> <span class='ocrx_word' id='word_1_630' title='bbox 1707 4263 1944 4308; x_wconf 89' lang='lat' dir='ltr'><strong>summa</strong></span> 
     </span>
    </p>
   </div>
   <div class='ocr_carea' id='block_1_85' title="bbox 289 4336 1940 4414">
    <p class='ocr_par' dir='ltr' id='par_1_85' title="bbox 289 4336 1940 4414">
     <span class='ocr_line' id='line_1_85' title="bbox 289 4336 1940 4414; baseline -0.002 -13"><span class='ocrx_word' id='word_1_631' title='bbox 289 4339 503 4403; x_wconf 86' lang='lat' dir='ltr'><strong>salutis</strong></span> <span class='ocrx_word' id='word_1_632' title='bbox 542 4342 854 4403; x_wconf 89' lang='lat' dir='ltr'><strong>hominum</strong></span> <span class='ocrx_word' id='word_1_633' title='bbox 892 4341 1187 4414; x_wconf 88' lang='lat' dir='ltr'><strong>ﬁdelium,</strong></span> <span class='ocrx_word' id='word_1_634' title='bbox 1215 4348 1431 4402; x_wconf 84' lang='lat' dir='ltr'><strong>ctvera</strong></span> <span class='ocrx_word' id='word_1_635' title='bbox 1471 4350 1528 4402; x_wconf 89' lang='lat' dir='ltr'><strong>et</strong></span> <span class='ocrx_word' id='word_1_636' title='bbox 1555 4348 1718 4400; x_wconf 85' lang='lat' dir='ltr'><strong>recta</strong></span> <span class='ocrx_word' id='word_1_637' title='bbox 1741 4339 1834 4399; x_wconf 88' lang='lat' dir='ltr'><strong>via</strong></span> <span class='ocrx_word' id='word_1_638' title='bbox 1865 4336 1940 4399; x_wconf 86' lang='lat' dir='ltr'><strong>ad</strong></span> 
     </span>
    </p>
   </div>
   <div class='ocr_carea' id='block_1_86' title="bbox 292 4432 1943 4509">
    <p class='ocr_par' dir='ltr' id='par_1_86' title="bbox 292 4432 1943 4509">
     <span class='ocr_line' id='line_1_86' title="bbox 292 4432 1943 4509; baseline 0.001 -17"><span class='ocrx_word' id='word_1_639' title='bbox 292 4432 470 4494; x_wconf 81' lang='lat' dir='ltr'><strong>vitam</strong></span> <span class='ocrx_word' id='word_1_640' title='bbox 507 4445 888 4509; x_wconf 68' lang='lat' dir='ltr'><strong>mternam,et</strong></span> <span class='ocrx_word' id='word_1_641' title='bbox 918 4434 1370 4496; x_wconf 77' lang='lat' dir='ltr'><strong>fundamentum</strong></span> <span class='ocrx_word' id='word_1_642' title='bbox 1405 4432 1616 4494; x_wconf 88' lang='lat' dir='ltr'><strong>salutis</strong></span> <span class='ocrx_word' id='word_1_643' title='bbox 1643 4432 1859 4494; x_wconf 69' lang='lat' dir='ltr'><strong>animae</strong></span> <span class='ocrx_word' id='word_1_644' title='bbox 1882 4432 1943 4494; x_wconf 78' lang='lat' dir='ltr'><strong>el</strong></span> 
     </span>
    </p>
   </div>
   <div class='ocr_carea' id='block_1_87' title="bbox 293 4521 1944 4604">
    <p class='ocr_par' dir='ltr' id='par_1_87' title="bbox 293 4521 1944 4604">
     <span class='ocr_line' id='line_1_87' title="bbox 293 4521 1944 4604; baseline -0.002 -19"><span class='ocrx_word' id='word_1_645' title='bbox 293 4526 587 4604; x_wconf 81' lang='lat' dir='ltr'><strong>corporis,</strong></span> <span class='ocrx_word' id='word_1_646' title='bbox 614 4532 674 4586; x_wconf 92' lang='lat' dir='ltr'><strong>et</strong></span> <span class='ocrx_word' id='word_1_647' title='bbox 695 4541 862 4604; x_wconf 68' lang='lat' dir='ltr'><strong>purae</strong></span> <span class='ocrx_word' id='word_1_648' title='bbox 901 4525 974 4586; x_wconf 86' lang='lat' dir='ltr'><strong>ad</strong></span> <span class='ocrx_word' id='word_1_649' title='bbox 999 4524 1187 4586; x_wconf 91' lang='lat' dir='ltr'><strong>Deum</strong></span> <span class='ocrx_word' id='word_1_650' title='bbox 1229 4523 1537 4597; x_wconf 84' lang='lat' dir='ltr'><strong>orationis,</strong></span> <span class='ocrx_word' id='word_1_651' title='bbox 1572 4530 1663 4584; x_wconf 86' lang='lat' dir='ltr'><strong>est</strong></span> <span class='ocrx_word' id='word_1_652' title='bbox 1682 4521 1944 4601; x_wconf 87' lang='lat' dir='ltr'><strong>cognitio</strong></span> 
     </span>
    </p>
   </div>
   <div class='ocr_carea' id='block_1_88' title="bbox 296 4612 1942 4689">
    <p class='ocr_par' dir='ltr' id='par_1_88' title="bbox 296 4612 1942 4689">
     <span class='ocr_line' id='line_1_88' title="bbox 296 4612 1942 4689; baseline -0.002 -13"><span class='ocrx_word' id='word_1_653' title='bbox 296 4612 431 4676; x_wconf 88' lang='lat' dir='ltr'><strong>Dei.</strong></span> <span class='ocrx_word' id='word_1_654' title='bbox 453 4613 540 4675; x_wconf 89' lang='lat' dir='ltr'><strong>Tu</strong></span> <span class='ocrx_word' id='word_1_655' title='bbox 558 4631 698 4675; x_wconf 78' lang='lat' dir='ltr'><strong>vero</strong></span> <span class='ocrx_word' id='word_1_656' title='bbox 720 4612 899 4675; x_wconf 91' lang='lat' dir='ltr'><strong>deum</strong></span> <span class='ocrx_word' id='word_1_657' title='bbox 935 4612 1170 4675; x_wconf 88' lang='lat' dir='ltr'><strong>ratione</strong></span> <span class='ocrx_word' id='word_1_658' title='bbox 1194 4621 1252 4674; x_wconf 89' lang='lat' dir='ltr'><strong>et</strong></span> <span class='ocrx_word' id='word_1_659' title='bbox 1279 4612 1396 4674; x_wconf 83' lang='lat' dir='ltr'><strong>vita</strong></span> <span class='ocrx_word' id='word_1_660' title='bbox 1427 4619 1729 4674; x_wconf 89' lang='lat' dir='ltr'><strong>carentem</strong></span> <span class='ocrx_word' id='word_1_661' title='bbox 1752 4629 1942 4689; x_wconf 79' lang='lat' dir='ltr'><strong>agno-</strong></span> 
     </span>
    </p>
   </div>
   <div class='ocr_carea' id='block_1_89' title="bbox 295 4701 1943 4784">
    <p class='ocr_par' dir='ltr' id='par_1_89' title="bbox 295 4701 1943 4784">
     <span class='ocr_line' id='line_1_89' title="bbox 295 4701 1943 4784; baseline -0.001 -21"><span class='ocrx_word' id='word_1_662' title='bbox 295 4701 412 4764; x_wconf 90' lang='lat' dir='ltr'><strong>scis</strong></span> <span class='ocrx_word' id='word_1_663' title='bbox 434 4709 494 4764; x_wconf 89' lang='lat' dir='ltr'><strong>et</strong></span> <span class='ocrx_word' id='word_1_664' title='bbox 513 4703 1137 4784; x_wconf 83' lang='lat' dir='ltr'><strong>conﬁteris,illumque</strong></span> <span class='ocrx_word' id='word_1_665' title='bbox 1151 4701 1312 4763; x_wconf 87' lang='lat' dir='ltr'><strong>cultu</strong></span> <span class='ocrx_word' id='word_1_666' title='bbox 1339 4701 1544 4763; x_wconf 91' lang='lat' dir='ltr'><strong>divino</strong></span> <span class='ocrx_word' id='word_1_667' title='bbox 1560 4701 1943 4781; x_wconf 91' lang='lat' dir='ltr'><strong>prosequeris</strong></span> 
     </span>
    </p>
   </div>
   <div class='ocr_carea' id='block_1_90' title="bbox 297 4791 1939 4872">
    <p class='ocr_par' dir='ltr' id='par_1_90' title="bbox 297 4791 1939 4872">
     <span class='ocr_line' id='line_1_90' title="bbox 297 4791 1939 4872; baseline 0 -20"><span class='ocrx_word' id='word_1_668' title='bbox 297 4795 677 4856; x_wconf 81' lang='lat' dir='ltr'><strong>etveueraris</strong></span> <span class='ocrx_word' id='word_1_669' title='bbox 695 4802 757 4854; x_wconf 90' lang='lat' dir='ltr'><strong>ut</strong></span> <span class='ocrx_word' id='word_1_670' title='bbox 784 4792 1065 4872; x_wconf 81' lang='lat' dir='ltr'><strong>superius</strong></span> <span class='ocrx_word' id='word_1_671' title='bbox 1077 4800 1381 4854; x_wconf 87' lang='lat' dir='ltr'><strong>ostensum</strong></span> <span class='ocrx_word' id='word_1_672' title='bbox 1405 4799 1518 4854; x_wconf 89' lang='lat' dir='ltr'><strong>est.</strong></span> <span class='ocrx_word' id='word_1_673' title='bbox 1549 4791 1788 4853; x_wconf 83' lang='lat' dir='ltr'><strong>Addete</strong></span> <span class='ocrx_word' id='word_1_674' title='bbox 1820 4809 1939 4852; x_wconf 88' lang='lat' dir='ltr'><strong>non</strong></span> 
     </span>
    </p>
   </div>
   <div class='ocr_carea' id='block_1_91' title="bbox 297 4880 1944 4964">
    <p class='ocr_par' dir='ltr' id='par_1_91' title="bbox 297 4880 1944 4964">
     <span class='ocr_line' id='line_1_91' title="bbox 297 4880 1944 4964; baseline -0.001 -22"><span class='ocrx_word' id='word_1_675' title='bbox 297 4880 520 4945; x_wconf 88' lang='lat' dir='ltr'><strong>habere</strong></span> <span class='ocrx_word' id='word_1_676' title='bbox 535 4884 884 4964; x_wconf 84' lang='lat' dir='ltr'><strong>prophetam</strong></span> <span class='ocrx_word' id='word_1_677' title='bbox 905 4880 1353 4962; x_wconf 87' lang='lat' dir='ltr'><strong>autapostolum</strong></span> <span class='ocrx_word' id='word_1_678' title='bbox 1373 4900 1389 4957; x_wconf 89' lang='lat'><strong>;</strong></span> <span class='ocrx_word' id='word_1_679' title='bbox 1412 4899 1529 4958; x_wconf 90' lang='lat' dir='ltr'><strong>qua</strong></span> <span class='ocrx_word' id='word_1_680' title='bbox 1551 4880 1781 4942; x_wconf 88' lang='lat' dir='ltr'><strong>ratione</strong></span> <span class='ocrx_word' id='word_1_681' title='bbox 1803 4897 1944 4959; x_wconf 86' lang='lat' dir='ltr'><strong>ergo</strong></span> 
     </span>
    </p>
   </div>
   <div class='ocr_carea' id='block_1_92' title="bbox 300 4967 1942 5050">
    <p class='ocr_par' dir='ltr' id='par_1_92' title="bbox 300 4967 1942 5050">
     <span class='ocr_line' id='line_1_92' title="bbox 300 4967 1942 5050; baseline -0.001 -19"><span class='ocrx_word' id='word_1_682' title='bbox 300 4971 560 5050; x_wconf 86' lang='lat' dir='ltr'><strong>teipsum</strong></span> <span class='ocrx_word' id='word_1_683' title='bbox 595 4972 852 5035; x_wconf 87' lang='lat' dir='ltr'><strong>electum</strong></span> <span class='ocrx_word' id='word_1_684' title='bbox 886 4989 1062 5034; x_wconf 83' lang='lat' dir='ltr'><strong>voces</strong></span> <span class='ocrx_word' id='word_1_685' title='bbox 1095 4970 1338 5034; x_wconf 88' lang='lat' dir='ltr'><strong>declara</strong></span> <span class='ocrx_word' id='word_1_686' title='bbox 1368 4980 1428 5033; x_wconf 88' lang='lat' dir='ltr'><strong>et</strong></span> <span class='ocrx_word' id='word_1_687' title='bbox 1449 4969 1796 5050; x_wconf 89' lang='lat' dir='ltr'><strong>comproba.</strong></span> <span class='ocrx_word' id='word_1_688' title='bbox 1821 4967 1942 5031; x_wconf 85' lang='lat' dir='ltr'><strong>Nec</strong></span> 
     </span>
    </p>
   </div>
   <div class='ocr_carea' id='block_1_93' title="bbox 298 5059 1943 5139">
    <p class='ocr_par' dir='ltr' id='par_1_93' title="bbox 298 5059 1943 5139">
     <span class='ocr_line' id='line_1_93' title="bbox 298 5059 1943 5139; baseline -0.001 -18"><span class='ocrx_word' id='word_1_689' title='bbox 298 5059 485 5122; x_wconf 86' lang='lat' dir='ltr'><strong>habes</strong></span> <span class='ocrx_word' id='word_1_690' title='bbox 503 5061 930 5135; x_wconf 89' lang='lat' dir='ltr'><strong>sacerdotium,</strong></span> <span class='ocrx_word' id='word_1_691' title='bbox 948 5077 1060 5123; x_wconf 90' lang='lat' dir='ltr'><strong>nec</strong></span> <span class='ocrx_word' id='word_1_692' title='bbox 1079 5064 1355 5139; x_wconf 82' lang='lat' dir='ltr'><strong>gratiam,</strong></span> <span class='ocrx_word' id='word_1_693' title='bbox 1375 5077 1485 5122; x_wconf 89' lang='lat' dir='ltr'><strong>nec</strong></span> <span class='ocrx_word' id='word_1_694' title='bbox 1508 5059 1943 5138; x_wconf 90' lang='lat' dir='ltr'><strong>templum,nec</strong></span> 
     </span>
    </p>
   </div>
   <div class='ocr_carea' id='block_1_94' title="bbox 299 5149 1939 5229">
    <p class='ocr_par' dir='ltr' id='par_1_94' title="bbox 299 5149 1939 5229">
     <span class='ocr_line' id='line_1_94' title="bbox 299 5149 1939 5229; baseline -0.001 -19"><span class='ocrx_word' id='word_1_695' title='bbox 299 5149 638 5212; x_wconf 88' lang='lat' dir='ltr'><strong>remedium</strong></span> <span class='ocrx_word' id='word_1_696' title='bbox 665 5151 737 5212; x_wconf 86' lang='lat' dir='ltr'><strong>ad</strong></span> <span class='ocrx_word' id='word_1_697' title='bbox 765 5149 1008 5212; x_wconf 88' lang='lat' dir='ltr'><strong>morbos</strong></span> <span class='ocrx_word' id='word_1_698' title='bbox 1026 5150 1242 5211; x_wconf 62' lang='lat' dir='ltr'><strong>animai</strong></span> <span class='ocrx_word' id='word_1_699' title='bbox 1261 5157 1322 5212; x_wconf 89' lang='lat' dir='ltr'><strong>et</strong></span> <span class='ocrx_word' id='word_1_700' title='bbox 1341 5149 1607 5229; x_wconf 89' lang='lat' dir='ltr'><strong>corporis</strong></span> <span class='ocrx_word' id='word_1_701' title='bbox 1618 5150 1939 5224; x_wconf 88' lang='lat' dir='ltr'><strong>curandos,</strong></span> 
     </span>
    </p>
   </div>
   <div class='ocr_carea' id='block_1_95' title="bbox 300 5237 1943 5320">
    <p class='ocr_par' dir='ltr' id='par_1_95' title="bbox 300 5237 1943 5320">
     <span class='ocr_line' id='line_1_95' title="bbox 300 5237 1943 5320; baseline -0.001 -21"><span class='ocrx_word' id='word_1_702' title='bbox 300 5256 412 5300; x_wconf 91' lang='lat' dir='ltr'><strong>nec</strong></span> <span class='ocrx_word' id='word_1_703' title='bbox 447 5239 730 5320; x_wconf 82' lang='lat' dir='ltr'><strong>psalmos,</strong></span> <span class='ocrx_word' id='word_1_704' title='bbox 765 5257 881 5302; x_wconf 86' lang='lat' dir='ltr'><strong>nec</strong></span> <span class='ocrx_word' id='word_1_705' title='bbox 925 5240 1248 5301; x_wconf 89' lang='lat' dir='ltr'><strong>orationes.</strong></span> <span class='ocrx_word' id='word_1_706' title='bbox 1303 5237 1363 5300; x_wconf 91' lang='lat' dir='ltr'><strong>Si</strong></span> <span class='ocrx_word' id='word_1_707' title='bbox 1414 5237 1691 5309; x_wconf 81' lang='lat' dir='ltr'><strong>mentiar,</strong></span> <span class='ocrx_word' id='word_1_708' title='bbox 1744 5239 1835 5298; x_wconf 81' lang='lat' dir='ltr'><strong>lac</strong></span> <span class='ocrx_word' id='word_1_709' title='bbox 1879 5245 1943 5297; x_wconf 92' lang='lat' dir='ltr'><strong>ut</strong></span> 
     </span>
    </p>
   </div>
   <div class='ocr_carea' id='block_1_96' title="bbox 301 5326 1941 5404">
    <p class='ocr_par' dir='ltr' id='par_1_96' title="bbox 301 5326 1941 5404">
     <span class='ocr_line' id='line_1_96' title="bbox 301 5326 1941 5404; baseline -0.001 -16"><span class='ocrx_word' id='word_1_710' title='bbox 301 5334 539 5389; x_wconf 86' lang='lat' dir='ltr'><strong>constet</strong></span> <span class='ocrx_word' id='word_1_711' title='bbox 585 5327 812 5389; x_wconf 73' lang='lat' dir='ltr'><strong>falsitas</strong></span> <span class='ocrx_word' id='word_1_712' title='bbox 856 5336 916 5390; x_wconf 87' lang='lat' dir='ltr'><strong>et</strong></span> <span class='ocrx_word' id='word_1_713' title='bbox 969 5326 1350 5390; x_wconf 87' lang='lat' dir='ltr'><strong>mendacium</strong></span> <span class='ocrx_word' id='word_1_714' title='bbox 1404 5344 1624 5387; x_wconf 84' lang='lat' dir='ltr'><strong>meum.</strong></span> <span class='ocrx_word' id='word_1_715' title='bbox 1661 5326 1769 5388; x_wconf 88' lang='lat' dir='ltr'><strong>Illa</strong></span> <span class='ocrx_word' id='word_1_716' title='bbox 1799 5344 1941 5404; x_wconf 81' lang='lat' dir='ltr'><strong>ergo</strong></span> 
     </span>
    </p>
   </div>
   <div class='ocr_carea' id='block_1_97' title="bbox 299 5415 1949 5499">
    <p class='ocr_par' dir='ltr' id='par_1_97' title="bbox 299 5415 1949 5499">
     <span class='ocr_line' id='line_1_97' title="bbox 299 5415 1949 5499; baseline -0.003 -19"><span class='ocrx_word' id='word_1_717' title='bbox 299 5433 629 5496; x_wconf 87' lang='lat' dir='ltr'><strong>agnoscens</strong></span> <span class='ocrx_word' id='word_1_718' title='bbox 651 5418 951 5498; x_wconf 90' lang='lat' dir='ltr'><strong>quomodo</strong></span> <span class='ocrx_word' id='word_1_719' title='bbox 980 5417 1204 5499; x_wconf 87' lang='lat' dir='ltr'><strong>poteris</strong></span> <span class='ocrx_word' id='word_1_720' title='bbox 1225 5415 1462 5496; x_wconf 76' lang='lat' dir='ltr'><strong>ingredi</strong></span> <span class='ocrx_word' id='word_1_721' title='bbox 1487 5433 1740 5494; x_wconf 85' lang='lat' dir='ltr'><strong>regnum</strong></span> <span class='ocrx_word' id='word_1_722' title='bbox 1769 5415 1949 5478; x_wconf 79' lang='lat' dir='ltr'><strong>cmlo-</strong></span> 
     </span>
    </p>
   </div>
   <div class='ocr_carea' id='block_1_98' title="bbox 2105 4147 3666 4238">
    <p class='ocr_par' dir='ltr' id='par_1_98' title="bbox 2105 4147 3666 4238">
     <span class='ocr_line' id='line_1_98' title="bbox 2105 4147 3666 4238; baseline -0.001 -22"><span class='ocrx_word' id='word_1_723' title='bbox 2105 4147 2292 4236; x_wconf 76' lang='grc' dir='ltr'><strong>ΗΑρτι,</strong></span> <span class='ocrx_word' id='word_1_724' title='bbox 2327 4160 2441 4219; x_wconf 78' lang='grc' dir='ltr'>εἰπέ</span> <span class='ocrx_word' id='word_1_725' title='bbox 2484 4183 2603 4238; x_wconf 75' lang='grc' dir='ltr'>μοι,</span> <span class='ocrx_word' id='word_1_726' title='bbox 2640 4162 2714 4225; x_wconf 82' lang='grc' dir='ltr'>ὡς</span> <span class='ocrx_word' id='word_1_727' title='bbox 2744 4161 2931 4218; x_wconf 73' lang='grc' dir='ltr'>ἑαυτὸν</span> <span class='ocrx_word' id='word_1_728' title='bbox 2962 4160 3153 4226; x_wconf 75' lang='grc' dir='ltr'>καλεῖς</span> <span class='ocrx_word' id='word_1_729' title='bbox 3192 4159 3254 4218; x_wconf 64' lang='grc' dir='ltr'>ἐκ</span> <span class='ocrx_word' id='word_1_730' title='bbox 3300 4159 3491 4218; x_wconf 71' lang='grc' dir='ltr'>πασῶν</span> <span class='ocrx_word' id='word_1_731' title='bbox 3551 4166 3666 4216; x_wconf 78' lang='grc' dir='ltr'>τῶν</span> 
     </span>
    </p>
   </div>
   <div class='ocr_carea' id='block_1_99' title="bbox 2021 4250 3664 4331">
    <p class='ocr_par' dir='ltr' id='par_1_99' title="bbox 2021 4250 3664 4331">
     <span class='ocr_line' id='line_1_99' title="bbox 2021 4250 3664 4331; baseline 0.006 -29"><span class='ocrx_word' id='word_1_732' title='bbox 2021 4255 2241 4329; x_wconf 72' lang='grc' dir='ltr'>γενεῶν,</span> <span class='ocrx_word' id='word_1_733' title='bbox 2272 4251 2488 4312; x_wconf 68' lang='grc' dir='ltr'>πάντως</span> <span class='ocrx_word' id='word_1_734' title='bbox 2533 4253 2592 4307; x_wconf 84' lang='grc' dir='ltr'><strong>τὸ</strong></span> <span class='ocrx_word' id='word_1_735' title='bbox 2647 4251 2862 4331; x_wconf 79' lang='grc' dir='ltr'>πρῶτον</span> <span class='ocrx_word' id='word_1_736' title='bbox 2904 4251 3194 4331; x_wconf 71' lang='grc' dir='ltr'>κεφάλαιον</span> <span class='ocrx_word' id='word_1_737' title='bbox 3235 4255 3336 4318; x_wconf 82' lang='grc' dir='ltr'><strong>τῆς</strong></span> <span class='ocrx_word' id='word_1_738' title='bbox 3389 4250 3664 4323; x_wconf 76' lang='grc' dir='ltr'>σωτηρίας</span> 
     </span>
    </p>
   </div>
   <div class='ocr_carea' id='block_1_100' title="bbox 2024 4337 3670 4420">
    <p class='ocr_par' dir='ltr' id='par_1_100' title="bbox 2024 4337 3670 4420">
     <span class='ocr_line' id='line_1_100' title="bbox 2024 4337 3670 4420; baseline 0.001 -27"><span class='ocrx_word' id='word_1_739' title='bbox 2024 4345 2130 4395; x_wconf 81' lang='grc' dir='ltr'>τῶν</span> <span class='ocrx_word' id='word_1_740' title='bbox 2186 4340 2391 4396; x_wconf 76' lang='grc' dir='ltr'>πιστῶν</span> <span class='ocrx_word' id='word_1_741' title='bbox 2463 4339 2778 4420; x_wconf 78' lang='grc' dir='ltr'>ἀνθρώπων,</span> <span class='ocrx_word' id='word_1_742' title='bbox 2839 4342 2928 4396; x_wconf 83' lang='grc' dir='ltr'><strong>καὶ</strong></span> <span class='ocrx_word' id='word_1_743' title='bbox 2976 4342 3011 4408; x_wconf 83' lang='grc' dir='ltr'><strong>ἡ</strong></span> <span class='ocrx_word' id='word_1_744' title='bbox 3061 4341 3241 4398; x_wconf 70' lang='grc' dir='ltr'>εὔθετα</span> <span class='ocrx_word' id='word_1_745' title='bbox 3299 4337 3416 4399; x_wconf 80' lang='grc' dir='ltr'>ὁδος</span> <span class='ocrx_word' id='word_1_746' title='bbox 3551 4338 3670 4395; x_wconf 77' lang='grc' dir='ltr'>ἄττ-</span> 
     </span>
    </p>
   </div>
   <div class='ocr_carea' id='block_1_101' title="bbox 2027 4428 3674 4510">
    <p class='ocr_par' dir='ltr' id='par_1_101' title="bbox 2027 4428 3674 4510">
     <span class='ocr_line' id='line_1_101' title="bbox 2027 4428 3674 4510; baseline -0.001 -25"><span class='ocrx_word' id='word_1_747' title='bbox 2027 4428 2229 4507; x_wconf 66' lang='grc' dir='ltr'>ἀγονσα</span> <span class='ocrx_word' id='word_1_748' title='bbox 2261 4431 2335 4494; x_wconf 79' lang='grc' dir='ltr'>εἷς</span> <span class='ocrx_word' id='word_1_749' title='bbox 2377 4429 2479 4497; x_wconf 71' lang='grc' dir='ltr'>τὴν</span> <span class='ocrx_word' id='word_1_750' title='bbox 2505 4430 2650 4501; x_wconf 76' lang='grc' dir='ltr'>ζωὴν</span> <span class='ocrx_word' id='word_1_751' title='bbox 2680 4430 2781 4497; x_wconf 73' lang='grc' dir='ltr'>τὴν</span> <span class='ocrx_word' id='word_1_752' title='bbox 2811 4430 3049 4510; x_wconf 77' lang='grc' dir='ltr'>αἰώνιον,</span> <span class='ocrx_word' id='word_1_753' title='bbox 3083 4431 3174 4488; x_wconf 79' lang='grc' dir='ltr'>καί</span> <span class='ocrx_word' id='word_1_754' title='bbox 3199 4433 3298 4498; x_wconf 78' lang='grc' dir='ltr'>τῆς</span> <span class='ocrx_word' id='word_1_755' title='bbox 3330 4433 3544 4508; x_wconf 76' lang='grc' dir='ltr'>ψυχῆς,</span> <span class='ocrx_word' id='word_1_756' title='bbox 3577 4431 3674 4484; x_wconf 80' lang='grc' dir='ltr'>καί</span> 
     </span>
    </p>
   </div>
   <div class='ocr_carea' id='block_1_102' title="bbox 2027 4519 3670 4598">
    <p class='ocr_par' dir='ltr' id='par_1_102' title="bbox 2027 4519 3670 4598">
     <span class='ocr_line' id='line_1_102' title="bbox 2027 4519 3670 4598; baseline -0.001 -23"><span class='ocrx_word' id='word_1_757' title='bbox 2027 4526 2119 4577; x_wconf 81' lang='grc' dir='ltr'><strong>τοῦ</strong></span> <span class='ocrx_word' id='word_1_758' title='bbox 2177 4519 2428 4591; x_wconf 83' lang='grc' dir='ltr'>σώματος</span> <span class='ocrx_word' id='word_1_759' title='bbox 2499 4520 2792 4596; x_wconf 79' lang='grc' dir='ltr'>σωτηρίας,</span> <span class='ocrx_word' id='word_1_760' title='bbox 2851 4521 2939 4576; x_wconf 87' lang='grc' dir='ltr'><strong>καὶ</strong></span> <span class='ocrx_word' id='word_1_761' title='bbox 2991 4523 3224 4597; x_wconf 74' lang='grc' dir='ltr'>καθαρᾶς</span> <span class='ocrx_word' id='word_1_762' title='bbox 3283 4519 3454 4598; x_wconf 67' lang='grc' dir='ltr'>εὐχῆς</span> <span class='ocrx_word' id='word_1_763' title='bbox 3529 4519 3670 4593; x_wconf 75' lang='grc' dir='ltr'>πρὸς</span> 
     </span>
    </p>
   </div>
   <div class='ocr_carea' id='block_1_103' title="bbox 2025 4607 3670 4689">
    <p class='ocr_par' dir='ltr' id='par_1_103' title="bbox 2025 4607 3670 4689">
     <span class='ocr_line' id='line_1_103' title="bbox 2025 4607 3670 4689; baseline -0.002 -23"><span class='ocrx_word' id='word_1_764' title='bbox 2025 4610 2181 4680; x_wconf 87' lang='grc' dir='ltr'>Θεὸν,</span> <span class='ocrx_word' id='word_1_765' title='bbox 2226 4611 2260 4676; x_wconf 78' lang='grc' dir='ltr'><strong>ἡ</strong></span> <span class='ocrx_word' id='word_1_766' title='bbox 2320 4609 2626 4686; x_wconf 82' lang='grc' dir='ltr'>θεωγνωσία</span> <span class='ocrx_word' id='word_1_767' title='bbox 2669 4609 2780 4666; x_wconf 70' lang='grc' dir='ltr'>ἔστι</span> <span class='ocrx_word' id='word_1_768' title='bbox 2812 4627 2832 4645; x_wconf 83' lang='grc'>⁶</span> <span class='ocrx_word' id='word_1_769' title='bbox 2867 4610 2930 4666; x_wconf 76' lang='grc' dir='ltr'>σὺ</span> <span class='ocrx_word' id='word_1_770' title='bbox 2975 4607 3031 4665; x_wconf 79' lang='grc' dir='ltr'><strong>δὲ</strong></span> <span class='ocrx_word' id='word_1_771' title='bbox 3089 4608 3286 4689; x_wconf 76' lang='grc' dir='ltr'>ἄλογον</span> <span class='ocrx_word' id='word_1_772' title='bbox 3341 4609 3462 4666; x_wconf 77' lang='grc' dir='ltr'>θεὸν</span> <span class='ocrx_word' id='word_1_773' title='bbox 3487 4607 3670 4686; x_wconf 75' lang='grc' dir='ltr'>γινώο</span> 
     </span>
    </p>
   </div>
   <div class='ocr_carea' id='block_1_104' title="bbox 2023 4697 3669 4777">
    <p class='ocr_par' dir='ltr' id='par_1_104' title="bbox 2023 4697 3669 4777">
     <span class='ocr_line' id='line_1_104' title="bbox 2023 4697 3669 4777; baseline -0.002 -23"><span class='ocrx_word' id='word_1_774' title='bbox 2023 4719 2169 4764; x_wconf 87' lang='grc' dir='ltr'>σκεις</span> <span class='ocrx_word' id='word_1_775' title='bbox 2225 4700 2314 4754; x_wconf 78' lang='grc' dir='ltr'>καί</span> <span class='ocrx_word' id='word_1_776' title='bbox 2371 4697 2563 4771; x_wconf 71' lang='grc' dir='ltr'>ἔζωον,</span> <span class='ocrx_word' id='word_1_777' title='bbox 2635 4699 2724 4754; x_wconf 71' lang='grc' dir='ltr'><strong>καί</strong></span> <span class='ocrx_word' id='word_1_778' title='bbox 2797 4700 2955 4761; x_wconf 72' lang='grc' dir='ltr'>αὐτὸς</span> <span class='ocrx_word' id='word_1_779' title='bbox 3009 4697 3304 4777; x_wconf 77' lang='grc' dir='ltr'>λατρεύεις,</span> <span class='ocrx_word' id='word_1_780' title='bbox 3363 4697 3498 4755; x_wconf 75' lang='grc' dir='ltr'>καθὰ</span> <span class='ocrx_word' id='word_1_781' title='bbox 3570 4699 3669 4751; x_wconf 80' lang='grc' dir='ltr'><strong>καί</strong></span> 
     </span>
    </p>
   </div>
   <div class='ocr_carea' id='block_1_105' title="bbox 2023 4783 3673 4868">
    <p class='ocr_par' dir='ltr' id='par_1_105' title="bbox 2023 4783 3673 4868">
     <span class='ocr_line' id='line_1_105' title="bbox 2023 4783 3673 4868; baseline 0 -24"><span class='ocrx_word' id='word_1_782' title='bbox 2023 4787 2280 4865; x_wconf 79' lang='grc' dir='ltr'>πρότερον</span> <span class='ocrx_word' id='word_1_783' title='bbox 2339 4785 2509 4853; x_wconf 78' lang='grc' dir='ltr'>ἔδειξά</span> <span class='ocrx_word' id='word_1_784' title='bbox 2565 4809 2676 4847; x_wconf 91' lang='grc' dir='ltr'>σοι.</span> <span class='ocrx_word' id='word_1_785' title='bbox 2747 4786 2915 4843; x_wconf 74' lang='grc' dir='ltr'>Πάλον</span> <span class='ocrx_word' id='word_1_786' title='bbox 2974 4786 3093 4845; x_wconf 75' lang='grc' dir='ltr'>οὔτε</span> <span class='ocrx_word' id='word_1_787' title='bbox 3153 4788 3439 4868; x_wconf 60' lang='grc' dir='ltr'>προφήτην</span> <span class='ocrx_word' id='word_1_788' title='bbox 3489 4783 3673 4865; x_wconf 76' lang='grc' dir='ltr'>ἔχεις,</span> 
     </span>
    </p>
   </div>
   <div class='ocr_carea' id='block_1_106' title="bbox 2028 4873 3672 4955">
    <p class='ocr_par' dir='ltr' id='par_1_106' title="bbox 2028 4873 3672 4955">
     <span class='ocr_line' id='line_1_106' title="bbox 2028 4873 3672 4955; baseline -0.002 -20"><span class='ocrx_word' id='word_1_789' title='bbox 2028 4875 2145 4935; x_wconf 58' lang='grc' dir='ltr'>οὔτε</span> <span class='ocrx_word' id='word_1_790' title='bbox 2201 4875 2528 4940; x_wconf 81' lang='grc' dir='ltr'>ἀπόστολον,</span> <span class='ocrx_word' id='word_1_791' title='bbox 2601 4879 2723 4941; x_wconf 83' lang='grc' dir='ltr'>Πῶς</span> <span class='ocrx_word' id='word_1_792' title='bbox 2794 4884 2923 4955; x_wconf 85' lang='grc' dir='ltr'>γοῦν</span> <span class='ocrx_word' id='word_1_793' title='bbox 2999 4876 3190 4940; x_wconf 78' lang='grc' dir='ltr'>καλεῖς</span> <span class='ocrx_word' id='word_1_794' title='bbox 3240 4877 3431 4934; x_wconf 72' lang='grc' dir='ltr'>ἑαυτὸν</span> <span class='ocrx_word' id='word_1_795' title='bbox 3500 4873 3672 4931; x_wconf 66' lang='grc' dir='ltr'>ἔκλε-</span> 
     </span>
    </p>
   </div>
   <div class='ocr_carea' id='block_1_107' title="bbox 2024 4964 3675 5045">
    <p class='ocr_par' dir='ltr' id='par_1_107' title="bbox 2024 4964 3675 5045">
     <span class='ocr_line' id='line_1_107' title="bbox 2024 4964 3675 5045; baseline 0.007 -24"><span class='ocrx_word' id='word_1_796' title='bbox 2024 4969 2175 5045; x_wconf 80' lang='grc' dir='ltr'>κτὸν,</span> <span class='ocrx_word' id='word_1_797' title='bbox 2235 4965 2410 5030; x_wconf 78' lang='grc' dir='ltr'>δεῖξόν</span> <span class='ocrx_word' id='word_1_798' title='bbox 2469 4988 2583 5040; x_wconf 82' lang='grc' dir='ltr'>μοι.</span> <span class='ocrx_word' id='word_1_799' title='bbox 2647 4967 2778 5026; x_wconf 71' lang='grc' dir='ltr'>Οὔτε</span> <span class='ocrx_word' id='word_1_800' title='bbox 2835 4967 3127 5044; x_wconf 74' lang='grc' dir='ltr'>ἱερωσύνην</span> <span class='ocrx_word' id='word_1_801' title='bbox 3186 4966 3492 5044; x_wconf 81' lang='grc' dir='ltr'>γινώσκεις.</span> <span class='ocrx_word' id='word_1_802' title='bbox 3546 4964 3675 5020; x_wconf 66' lang='grc' dir='ltr'><strong>αὖτε</strong></span> 
     </span>
    </p>
   </div>
   <div class='ocr_carea' id='block_1_108' title="bbox 2025 5052 3680 5136">
    <p class='ocr_par' dir='ltr' id='par_1_108' title="bbox 2025 5052 3680 5136">
     <span class='ocr_line' id='line_1_108' title="bbox 2025 5052 3680 5136; baseline -0.001 -24"><span class='ocrx_word' id='word_1_803' title='bbox 2025 5055 2184 5136; x_wconf 64' lang='grc' dir='ltr'>χάριν</span> <span class='ocrx_word' id='word_1_804' title='bbox 2228 5054 2400 5134; x_wconf 75' lang='grc' dir='ltr'>ἔχεις,</span> <span class='ocrx_word' id='word_1_805' title='bbox 2449 5054 2567 5113; x_wconf 75' lang='grc' dir='ltr'>οὕ.ε</span> <span class='ocrx_word' id='word_1_806' title='bbox 2624 5058 2776 5132; x_wconf 78' lang='grc' dir='ltr'>ναὸν,</span> <span class='ocrx_word' id='word_1_807' title='bbox 2835 5055 2954 5112; x_wconf 67' lang='grc' dir='ltr'>οὔτε</span> <span class='ocrx_word' id='word_1_808' title='bbox 3005 5057 3152 5111; x_wconf 76' lang='grc' dir='ltr'>ἴασιν</span> <span class='ocrx_word' id='word_1_809' title='bbox 3193 5055 3378 5134; x_wconf 55' lang='lat' dir='ltr'><strong>duxi:</strong></span> <span class='ocrx_word' id='word_1_810' title='bbox 3423 5053 3516 5108; x_wconf 75' lang='grc' dir='ltr'>καί</span> <span class='ocrx_word' id='word_1_811' title='bbox 3566 5052 3680 5110; x_wconf 83' lang='grc' dir='ltr'>σώ-</span> 
     </span>
    </p>
   </div>
   <div class='ocr_carea' id='block_1_109' title="bbox 2024 5143 3676 5223">
    <p class='ocr_par' dir='ltr' id='par_1_109' title="bbox 2024 5143 3676 5223">
     <span class='ocr_line' id='line_1_109' title="bbox 2024 5143 3676 5223; baseline -0.001 -23"><span class='ocrx_word' id='word_1_812' title='bbox 2024 5167 2218 5220; x_wconf 76' lang='grc' dir='ltr'>ματος,</span> <span class='ocrx_word' id='word_1_813' title='bbox 2278 5146 2394 5201; x_wconf 73' lang='grc' dir='ltr'>οὔτε</span> <span class='ocrx_word' id='word_1_814' title='bbox 2453 5143 2794 5220; x_wconf 80' lang='grc' dir='ltr'>ψαλμῳδίαν,</span> <span class='ocrx_word' id='word_1_815' title='bbox 2845 5144 2964 5201; x_wconf 58' lang='grc' dir='ltr'>οὗτε</span> <span class='ocrx_word' id='word_1_816' title='bbox 3009 5144 3177 5223; x_wconf 70' lang='grc' dir='ltr'>εὒχάς</span> <span class='ocrx_word' id='word_1_817' title='bbox 3213 5163 3228 5178; x_wconf 79' lang='grc'><strong>⁸</strong></span> <span class='ocrx_word' id='word_1_818' title='bbox 3288 5144 3377 5200; x_wconf 80' lang='grc' dir='ltr'><strong>καί</strong></span> <span class='ocrx_word' id='word_1_819' title='bbox 3423 5144 3470 5198; x_wconf 75' lang='grc' dir='ltr'>εἰ</span> <span class='ocrx_word' id='word_1_820' title='bbox 3530 5143 3676 5217; x_wconf 77' lang='grc' dir='ltr'>ψεύ-</span> 
     </span>
    </p>
   </div>
   <div class='ocr_carea' id='block_1_110' title="bbox 2023 5231 3678 5309">
    <p class='ocr_par' dir='ltr' id='par_1_110' title="bbox 2023 5231 3678 5309">
     <span class='ocr_line' id='line_1_110' title="bbox 2023 5231 3678 5309; baseline -0.002 -19"><span class='ocrx_word' id='word_1_821' title='bbox 2023 5232 2205 5308; x_wconf 79' lang='grc' dir='ltr'>δομαι,</span> <span class='ocrx_word' id='word_1_822' title='bbox 2241 5231 2414 5298; x_wconf 79' lang='grc' dir='ltr'>δεῖξόν</span> <span class='ocrx_word' id='word_1_823' title='bbox 2474 5257 2590 5309; x_wconf 81' lang='grc' dir='ltr'>μοι.</span> <span class='ocrx_word' id='word_1_824' title='bbox 2629 5235 2726 5291; x_wconf 79' lang='grc' dir='ltr'><strong>Καί</strong></span> <span class='ocrx_word' id='word_1_825' title='bbox 2764 5233 2912 5308; x_wconf 82' lang='grc' dir='ltr'>ὅμως</span> <span class='ocrx_word' id='word_1_826' title='bbox 2962 5239 3129 5289; x_wconf 84' lang='grc' dir='ltr'>ταῦτα</span> <span class='ocrx_word' id='word_1_827' title='bbox 3184 5232 3488 5309; x_wconf 75' lang='grc' dir='ltr'>γινώσκων,</span> <span class='ocrx_word' id='word_1_828' title='bbox 3551 5239 3678 5295; x_wconf 77' lang='grc' dir='ltr'>πῶς</span> 
     </span>
    </p>
   </div>
   <div class='ocr_carea' id='block_1_111' title="bbox 2029 5321 3682 5399">
    <p class='ocr_par' dir='ltr' id='par_1_111' title="bbox 2029 5321 3682 5399">
     <span class='ocr_line' id='line_1_111' title="bbox 2029 5321 3682 5399; baseline -0.002 -20"><span class='ocrx_word' id='word_1_829' title='bbox 2029 5321 2244 5381; x_wconf 72' lang='grc' dir='ltr'>δύνασαι</span> <span class='ocrx_word' id='word_1_830' title='bbox 2298 5322 2550 5379; x_wconf 79' lang='grc' dir='ltr'>ἀπελθεῖν</span> <span class='ocrx_word' id='word_1_831' title='bbox 2608 5324 2680 5385; x_wconf 81' lang='grc' dir='ltr'><strong>εἰς</strong></span> <span class='ocrx_word' id='word_1_832' title='bbox 2756 5324 2856 5390; x_wconf 72' lang='grc' dir='ltr'>τὴν</span> <span class='ocrx_word' id='word_1_833' title='bbox 2927 5321 3204 5399; x_wconf 74' lang='grc' dir='ltr'>βασιλείαν</span> <span class='ocrx_word' id='word_1_834' title='bbox 3268 5328 3377 5378; x_wconf 81' lang='grc' dir='ltr'>τῶν</span> <span class='ocrx_word' id='word_1_835' title='bbox 3430 5324 3682 5399; x_wconf 73' lang='grc' dir='ltr'>οὖρανὼν</span> 
     </span>
    </p>
   </div>
   <div class='ocr_carea' id='block_1_112' title="bbox 2029 5410 3679 5491">
    <p class='ocr_par' dir='ltr' id='par_1_112' title="bbox 2029 5410 3679 5491">
     <span class='ocr_line' id='line_1_112' title="bbox 2029 5410 3679 5491; baseline -0.001 -23"><span class='ocrx_word' id='word_1_836' title='bbox 2029 5413 2118 5470; x_wconf 72' lang='grc' dir='ltr'><strong>καί</strong></span> <span class='ocrx_word' id='word_1_837' title='bbox 2159 5413 2256 5478; x_wconf 72' lang='grc' dir='ltr'>τῆς</span> <span class='ocrx_word' id='word_1_838' title='bbox 2314 5413 2537 5491; x_wconf 75' lang='grc' dir='ltr'>χάριτος</span> <span class='ocrx_word' id='word_1_839' title='bbox 2594 5419 2688 5469; x_wconf 83' lang='grc' dir='ltr'><strong>τοῦ</strong></span> <span class='ocrx_word' id='word_1_840' title='bbox 2719 5419 2903 5484; x_wconf 77' lang='grc' dir='ltr'>Θεοῦ;</span> <span class='ocrx_word' id='word_1_841' title='bbox 2957 5410 3166 5468; x_wconf 78' lang='grc' dir='ltr'>Τούτων</span> <span class='ocrx_word' id='word_1_842' title='bbox 3224 5412 3439 5468; x_wconf 68' lang='grc' dir='ltr'>παντων</span> <span class='ocrx_word' id='word_1_843' title='bbox 3484 5410 3679 5487; x_wconf 73' lang='grc' dir='ltr'>πόῤῥω</span> 
     </span>
    </p>
   </div>
   <div class='ocr_carea' id='block_1_113' title="bbox 296 5503 1936 5587">
    <p class='ocr_par' dir='ltr' id='par_1_113' title="bbox 296 5503 1936 5587">
     <span class='ocr_line' id='line_1_113' title="bbox 296 5503 1936 5587; baseline -0.002 -18"><span class='ocrx_word' id='word_1_844' title='bbox 296 5524 430 5569; x_wconf 89' lang='lat' dir='ltr'><strong>rum</strong></span> <span class='ocrx_word' id='word_1_845' title='bbox 479 5514 541 5567; x_wconf 88' lang='lat' dir='ltr'><strong>et</strong></span> <span class='ocrx_word' id='word_1_846' title='bbox 587 5506 794 5584; x_wconf 65' lang='lat' dir='ltr'><strong>gratim</strong></span> <span class='ocrx_word' id='word_1_847' title='bbox 841 5504 947 5568; x_wconf 86' lang='lat' dir='ltr'><strong>Dei</strong></span> <span class='ocrx_word' id='word_1_848' title='bbox 999 5505 1302 5587; x_wconf 88' lang='lat' dir='ltr'><strong>particeps</strong></span> <span class='ocrx_word' id='word_1_849' title='bbox 1356 5504 1652 5568; x_wconf 83' lang='lat' dir='ltr'><strong>evadere?</strong></span> <span class='ocrx_word' id='word_1_850' title='bbox 1691 5504 1785 5568; x_wconf 84' lang='lat' dir='ltr'><strong>Ab</strong></span> <span class='ocrx_word' id='word_1_851' title='bbox 1813 5503 1936 5573; x_wconf 63' lang='lat' dir='ltr'><strong>isti:</strong></span> 
     </span>
    </p>
   </div>
   <div class='ocr_carea' id='block_1_114' title="bbox 2026 5503 2345 5587">
    <p class='ocr_par' dir='ltr' id='par_1_114' title="bbox 2029 5505 2345 5582">
     <span class='ocr_line' id='line_1_114' title="bbox 2029 5505 2345 5582; baseline -0.013 -21"><span class='ocrx_word' id='word_1_852' title='bbox 2029 5505 2345 5582; x_wconf 65' lang='grc' dir='ltr'>τυγχάνεις.</span> 
     </span>
    </p>
   </div>
   <div class='ocr_carea' id='block_1_115' title="bbox 297 5593 1560 5676">
    <p class='ocr_par' dir='ltr' id='par_1_115' title="bbox 297 5593 1560 5676">
     <span class='ocr_line' id='line_1_115' title="bbox 297 5593 1560 5676; baseline -0.001 -17"><span class='ocrx_word' id='word_1_853' title='bbox 297 5593 578 5660; x_wconf 89' lang='lat' dir='ltr'><strong>omnibus</strong></span> <span class='ocrx_word' id='word_1_854' title='bbox 608 5611 677 5659; x_wconf 84' lang='lat' dir='ltr'><strong>es</strong></span> <span class='ocrx_word' id='word_1_855' title='bbox 706 5611 888 5676; x_wconf 85' lang='lat' dir='ltr'><strong>quam</strong></span> <span class='ocrx_word' id='word_1_856' title='bbox 919 5594 1276 5674; x_wconf 82' lang='lat' dir='ltr'><strong>longissime</strong></span> <span class='ocrx_word' id='word_1_857' title='bbox 1302 5594 1560 5659; x_wconf 85' lang='lat' dir='ltr'><strong>alienus.</strong></span> 
     </span>
    </p>
   </div>
  </div>
