3994 6232
209 350 359 418 1405

1417 350 1910 417 CONFUTATIO
1949 349 2318 416 AGARENI.

3407 340 3431 404 1
3443 337 3566 404 406
3579 389 3585 396 .

283 488 382 546 Καί
434 489 470 555 ἡ
513 485 749 566 κήρυξις,
791 486 858 554 ἣν
887 507 947 542 σε
979 485 1226 565 ἐκήρυξεν
1258 487 1286 542 6
1317 485 1615 566 Μουχάμετ
1652 500 1667 514 ⁸
1701 483 1821 543 ’Ὅτε

1998 483 2140 547 Haec
2183 495 2270 548 est
2307 504 2451 549 vero
2483 482 2756 548 doctrina
2798 496 2976 562 quam
3010 476 3402 560 promulgavit
3430 473 3560 538 Mu—

200 575 418 648 μὲλλεις
489 575 755 654 εὔξασθαι,
817 573 948 632 λαϐὲ
1034 575 1530 654 μακρογούργουρον
1582 574 1835 649 κεράμιον

200 665 294 722 σὺν
348 663 520 730 ὕδατι,
569 666 670 725 Καὶ
715 666 854 741 μετὰ
889 670 991 732 τῆς
1023 664 1194 731 δεξιᾶς
1227 687 1321 723 σου
1355 667 1541 744 χειρὸς
1570 662 1699 740 βάλε
1743 664 1836 719 τὸν

195 752 452 812 δάκτυλόν
505 776 601 813 σου
645 758 721 818 εἷς
768 754 868 823 τὴν
920 753 1177 834 καθέδραν
1205 777 1324 815 σον.
1376 775 1400 811 ε
1441 754 1540 812 Καὶ
1570 752 1705 828 μετὰ
1734 758 1834 820 τῆς

198 841 481 921 ἀριστερᾶς
534 867 631 904 σου
672 845 858 924 χειρὸς
888 844 1021 921 βάλε
1045 847 1108 902 τὸ
1153 843 1314 922 ὕδωρ,
1349 843 1475 900 εἶτα
1503 841 1693 900 πλῦνε.
1730 845 1832 900 Καὶ

196 933 335 1004 μετᾶ
391 940 488 991 τοῦ
543 931 801 991 δακτύλου
859 955 978 1014 σου,
1039 937 1086 1007 ᾦ
1144 932 1371 996 ἔπλυνάς
1426 932 1527 999 τὴν
1585 929 1834 1009 καθέδραν

195 1020 308 1086 σοῦ,
355 1020 518 1080 πλῦνε
576 1020 694 1096 μετ’
753 1021 915 1080 αὐτοῦ
943 1024 1006 1080 τὸ
1041 1025 1218 1098 στόμα
1249 1043 1365 1081 σου.
1400 1022 1542 1078 Εἶτα
1572 1023 1632 1077 τὸ
1663 1020 1832 1097 πρόσ-

195 1111 342 1168 ωπύν
396 1133 516 1193 σου,
573 1110 759 1170 ἔκτοτε
816 1113 911 1176 τὰς
954 1111 1044 1170 δύο
1092 1125 1290 1192 χεῖρας
1321 1110 1486 1191 μέχρι
1518 1115 1623 1166 τῶν
1653 1109 1831 1188 ἀγκώ-

195 1221 322 1277 νων,
383 1200 511 1259 εἶτα
567 1201 663 1264 τὰς
693 1201 878 1281 ὀφρῦς,
921 1201 1012 1260 καὶ
1040 1201 1107 1257 τὰ
1135 1201 1276 1276 ὦτα,
1308 1202 1397 1258 καὶ
1427 1200 1547 1256 τότε
1572 1199 1694 1263 τοὺς
1723 1197 1832 1255 πό-

193 1287 307 1355 δας.
343 1291 440 1348 Καὶ
496 1289 542 1346 εἰ
599 1289 697 1366 μὲν
745 1289 888 1348 ἐστιν
937 1289 990 1346 ὲν
1047 1287 1283 1368 ταξιδίῳ,
1334 1287 1565 1368 ὀφείλεις
1614 1286 1829 1344 πλύνειν

192 1378 294 1444 ἔξω
347 1384 454 1436 τῶν
514 1376 874 1455 ὑποδημάτων
931 1402 1049 1458 σου,
1108 1379 1203 1435 ’ίνα
1236 1379 1314 1454 μὴ
1346 1378 1560 1459 κοφιᾷς,
1593 1381 1714 1434 εἶτα
1743 1377 1828 1434 ἐκ·

192 1465 410 1524 ϐάλλειν
452 1469 608 1543 αὐτὰ,
670 1469 759 1525 καὶ
807 1467 970 1525 πάλιν
999 1466 1335 1528 ὑποδέεσθαι.
1384 1470 1482 1526 Καὶ
1511 1469 1602 1524 ὶὰν
1660 1471 1825 1548 φορῇς

191 1555 517 1616 δακτυλίδιον
573 1563 830 1638 χρυσοῦν,
864 1555 1056 1615 ἔκϐαλε
1103 1558 1253 1637 αὐτὸ,
1287 1559 1375 1614 καὶ
1423 1557 1607 1614 ἔκτοτε
1639 1556 1823 1637 εὔχου.

191 1648 251 1704 Εἰ
274 1645 330 1703 δί
365 1647 468 1721 μὴ,
502 1645 690 1726 εὕχου.
727 1648 825 1705 Καὶ
853 1645 943 1704 ἐὰν
974 1659 1160 1726 φορεῖς
1219 1655 1380 1724 γουνα
1422 1647 1525 1702 ὑπὸ
1567 1643 1827 1724 δέρματος

192 1733 486 1809 κατουδίου,
519 1736 597 1808 μὴ
656 1734 848 1815 εὔχου,
892 1737 1012 1811 πρὶν
1064 1733 1298 1813 ἐκϐάλῃς
1351 1734 1538 1805 αὐτήν.
1577 1736 1676 1794 Καὶ
1734 1733 1825 1791 ἐὰν

1919 574 2221 649 hammed,
2242 594 2479 656 nempe,
2515 593 2650 636 cum
2667 569 2952 653 precibus
2972 567 3231 632 orationi
3250 572 3564 656 vacaturus

1918 682 2008 742 es,
2031 665 2239 745 accipe
2269 655 2682 744 gurgulionem
2715 679 2822 723 seu
2854 677 2953 722 vas
2985 658 3194 732 ﬁctile,
3232 655 3561 745 oblongum

1919 751 2146 815 habens
2160 743 2377 816 collum
2392 752 2451 814 in
2470 771 2584 833 quo
2612 769 2765 833 aqua
2783 748 3189 821 contineatur,
3223 768 3251 800 ε
3280 743 3352 806 Et
3383 761 3565 805 manu

1918 841 2126 904 dextra
2141 842 2213 904 ad
2239 861 2417 903 anum
2453 852 2510 903 et
2546 839 2820 922 podicem
2853 836 3094 899 admota
3112 833 3359 922 sinistra
3385 851 3560 914 quam

1915 930 2121 1008 injice,
2147 939 2205 992 et
2227 931 2684 992 fundamentum
2725 929 2871 990 lava.
2893 925 2966 988 Et
2989 925 3176 1002 digito
3200 942 3316 1004 quo
3342 921 3561 985 funda-

1916 1029 2182 1082 mentum
2206 1021 2494 1082 lavaveris
2527 1027 2586 1083 et
2628 1016 2996 1099 purgaveris,
3037 1015 3247 1078 eodem
3271 1012 3402 1093 ipso
3433 1012 3562 1075 lava

1914 1127 1982 1170 os
2015 1119 2200 1171 tuum.
2249 1114 2460 1172 Postea
2507 1109 2632 1170 lava
2663 1109 2900 1182 faciem,
2926 1114 2985 1167 et
3016 1121 3228 1166 manus
3248 1101 3456 1165 ambas
3481 1103 3558 1165 ad

1914 1197 2151 1262 cubitos
2181 1217 2392 1280 usque,
2427 1198 2688 1280 denique
2717 1197 2844 1260 lava
2887 1193 3212 1274 supercilia
3254 1201 3318 1254 et
3356 1209 3555 1267 aures,
3587 1266 3598 1274 ε

1913 1297 2218 1367 postremo
2255 1288 2438 1369 pedes
2465 1287 2723 1370 ipsos.Si
2749 1305 2889 1349 vero
2912 1285 2996 1347 sis
3034 1285 3094 1346 in
3131 1281 3560 1363 praesidio,de-

1911 1375 2017 1438 bes
2047 1387 2216 1439 extra
2245 1380 2480 1441 calceos
2522 1377 2741 1453 lavare,
2776 1393 2853 1438 ne
2903 1374 3016 1438 hoc
3059 1373 3166 1434 tibi
3219 1370 3554 1434 molestiam

1911 1475 2096 1539 creet,
2124 1467 2344 1530 deinde
2372 1467 2511 1529 illos
2547 1473 2829 1530 excutere
2853 1473 2910 1527 et
2931 1463 3148 1526 iterum
3176 1461 3453 1525 induere.
3485 1459 3557 1524 Et

1910 1556 1960 1618 si
1983 1564 2178 1636 gestes
2199 1556 2488 1619 annulum
2513 1573 2785 1634 aureum,
2815 1571 3055 1616 remove
3078 1552 3268 1626 illum,
3294 1563 3356 1614 et
3385 1559 3553 1632 post-

1909 1664 1981 1708 ea
2009 1663 2150 1707 vaca
2175 1646 2450 1709 orationi.
2475 1646 2536 1710 Si
2568 1663 2706 1707 vero
2729 1647 2949 1706 annulo
2981 1659 3206 1716 careas,
3232 1648 3405 1720 potes
3425 1646 3551 1701 sta-

1910 1737 2012 1797 tim
2039 1753 2232 1797 orare.
2264 1734 2335 1796 Et
2364 1735 2411 1796 si
2439 1744 2636 1798 tecum
2669 1743 2868 1813 gestes
2894 1739 3116 1794 vestem
3149 1749 3218 1792 ex
3252 1728 3406 1810 pelle
3437 1730 3550 1790 cati

187 1827 314 1900 πίνῃ
349 1826 377 1880 6
421 1822 835 1900 Μουσουλμανὸς
892 1825 1046 1882 οἶνον
1104 1823 1238 1892 ὅλην
1291 1826 1391 1891 τὴν
1447 1823 1680 1902 ἡμέραν,
1738 1825 1821 1881 καὶ

1909 1844 2016 1888 seu
2043 1826 2174 1888 felis
2193 1834 2523 1900 consutam,
2549 1844 2624 1886 ne
2651 1841 2861 1906 preces
2883 1819 3096 1883 fundas
3120 1819 3469 1902 priusquam
3486 1819 3554 1880 il-

187 1911 316 1990 θέλῃ
349 1913 615 1986 εὔξασθαι,
673 1913 960 1985 ἀτενιζὲτω
1009 1915 1084 1978 εἰς
1131 1914 1193 1970 τὸ
1233 1913 1446 1989 ἱμάτιον
1491 1915 1670 1974 αὐτοῦ.
1729 1915 1821 1971 Καὶ

1911 1914 2024 1975 lam
2047 1911 2480 1976 removeris.Et
2506 1913 2558 1974 si
2577 1912 3035 1976 Musulmanuus
3066 1917 3186 1970 toto
3210 1907 3309 1970 die
3324 1923 3392 1969 se
3415 1906 3552 1969 vino

184 2001 273 2060 ἐὰν
333 1999 546 2070 ἵσταξεν
589 2004 663 2069 εἰς
708 2004 837 2063 αὐτὸ
878 2003 986 2061 ἀπὸ
1028 2002 1123 2060 τοῦ
1175 2001 1351 2081 οἴνου,
1385 2002 1629 2061 πλυνέτω
1687 2004 1821 2079 μετὰ

1907 2003 2451 2082 ingurgitaverit,et
2473 2001 2936 2064 voluerittamen
2959 2004 3389 2070 orare,attente
3412 2014 3550 2058 con-

185 2092 481 2152 σωπουνίου
527 2093 618 2148 καὶ
676 2089 892 2172 ὕδατος,
951 2094 1036 2149 χοὶ
1078 2091 1200 2149 τότε
1248 2093 1508 2172 εὖχέσθω,
1569 2117 1597 2149 ι
1666 2093 1821 2172 Κάγὼ

1906 2092 2134 2154 sideret
2163 2101 2385 2154 vestem
2416 2109 2606 2169 suam,
2641 2101 2700 2154 et
2749 2092 2800 2152 si
2849 2090 3011 2152 illam
3061 2085 3550 2149 animadverterit

183 2181 326 2260 λέγω
374 2203 482 2256 σοι,
538 2182 666 2240 Οὐαὶ
729 2186 829 2250 τῆς
864 2181 1192 2261 ἀφροσύνης,
1251 2181 1333 2239 ὅτι
1391 2184 1421 2239 6
1463 2182 1614 2246 πίθος
1667 2182 1821 2260 γέμει

1904 2182 2021 2243 vini
2045 2182 2228 2260 guttis
2252 2179 2605 2261 quibusdam
2631 2181 3006 2254 maculatam,
3031 2175 3226 2240 statim
3251 2175 3414 2238 illam
3444 2193 3546 2236 sa-

181 2270 358 2346 οἴνου,
403 2271 492 2328 καὶ
523 2268 711 2336 ἔξωθεν
739 2268 1018 2332 πλύνεται.

1905 2289 2061 2352 pone
2080 2278 2140 2332 et
2158 2288 2308 2351 aqua
2326 2278 2561 2350 purget,
2583 2279 2641 2332 et
2661 2279 2867 2348 postea
2889 2267 3196 2330 incumbat
3218 2263 3538 2326 orationi.»

181 2360 306 2439 Ego
338 2375 482 2420 vero
507 2375 722 2438 regero
758 2375 773 2422 :
807 2356 938 2422 Vah
968 2358 1325 2439 ineptiarum
1359 2366 1421 2423 et
1451 2358 1870 2426 stultitiarum.
1897 2362 2052 2425 Nom
2084 2360 2196 2422 hoc
2249 2368 2338 2420 est
2387 2358 2608 2421 dolium
2664 2360 2924 2422 exterius
2975 2372 3228 2439 purgare
3257 2361 3318 2416 et
3346 2353 3546 2418 lavare

180 2447 336 2530 quod
367 2447 530 2510 intus
560 2448 696 2510 vino
725 2448 971 2526 plenum
1006 2457 1122 2511 est.

263 2537 443 2602 Οὕτως
497 2540 588 2595 καὶ
645 2539 708 2595 σὺ
765 2544 866 2607 τῆς
918 2538 1131 2604 κοιλίας
1188 2561 1284 2598 σου
1337 2540 1610 2617 γεμούσης
1645 2541 1820 2617 οἴνου,

1987 2537 2086 2604 Sic
2117 2538 2440 2602 abdomine
2486 2547 2587 2602 tuo
2632 2545 2877 2602 onerato
2911 2546 2969 2599 et
3017 2535 3193 2616 pleno
3245 2532 3380 2594 vino
3423 2551 3546 2594 non

177 2629 269 2686 καὶ
325 2631 422 2688 οὒκ
471 2627 754 2707 ἑμιάνθης,
800 2628 888 2684 καὶ
947 2627 1040 2685 τοῦ
1071 2629 1284 2705 ἱματίου
1317 2650 1412 2686 σου
1456 2629 1818 2710 σταλαγμοῖς,

182 2717 463 2793 ἒμιάνθης.
527 2717 625 2775 Καὶ
683 2716 830 2780 αὖθις
891 2716 1110 2776 ἀνάθετε
1170 2721 1309 2794 εὐχῇ
1369 2723 1438 2795 τῇ
1498 2719 1820 2796 μιαινομὲνῃ

178 2805 285 2864 ἀπὸ
346 2812 550 2886 χρυσοῦ
608 2803 959 2880 δακτυλιδίου,
1027 2807 1116 2864 καὶ
1191 2804 1658 2888 δερμακατοῦδίου,
1730 2810 1820 2865 καὶ

176 2895 417 2972 ἀνάθεμα
487 2893 789 2974 παραδείσῳ
872 2897 1206 2971 μιαινομὲνῳ
1281 2895 1388 2953 ἀπὸ
1465 2897 1654 2976 χοίρου
1724 2897 1817 2955 καί

182 2983 360 3048 οἴνου.
410 2981 574 3048 Τέλος
630 2984 848 3041 πάντων
903 2986 939 3052 ἠ
995 2983 1308 3042 διδασκαλία
1377 2993 1470 3044 τοῦ
1522 2988 1820 3067 Μουχᾶμετ

177 3098 272 3132 σου
310 3071 674 3151 παραγγέλλει
705 3095 788 3130 σοι
821 3092 836 3108 ⁸
875 3095 904 3128 ε
958 3075 1015 3132 Εἰ
1059 3074 1159 3149 μὲν
1188 3074 1453 3154 ὑπάρχεις
1484 3075 1638 3155 ἔγγὺς
1671 3097 1818 3152 μασ-

1907 2629 2546 2709 contaminaris,guttis
2562 2647 2702 2692 vero
2717 2627 2932 2708 quibus
2949 2625 3212 2688 inﬁcitur
3225 2622 3549 2687 vestimen-

1905 2727 2029 2782 tum
2054 2727 2220 2782 tuum
2247 2737 2312 2781 es
2325 2717 2952 2802 prorsusinquinatus.
2976 2717 3050 2779 Et
3077 2730 3287 2778 rursus
3306 2714 3552 2776 anathe-

1903 2818 2058 2872 mate
2089 2810 2307 2872 notatis
2330 2819 2389 2872 et
2409 2808 2844 2891 prosequimini
2869 2823 3078 2888 preces
3117 2803 3551 2878 contaminatas

1899 2899 2234 2977 gestatione
2262 2898 2492 2974 annuli,
2529 2906 2587 2961 et
2620 2898 2792 2979 pellis
2822 2897 2978 2978 t‘elis,
3001 2907 3062 2958 et
3084 2893 3426 2976 paradisum
3451 2893 3544 2974 ip-

1899 3005 2030 3050 sum
2080 2994 2213 3049 vino
2263 2995 2323 3050 et
2370 3005 2552 3050 carne
2599 2986 2779 3050 suilla
2854 2986 3353 3049 contaminatum.
3416 2983 3544 3046 Do-

1900 3076 2095 3138 ctrina
2124 3095 2266 3138 vero
2297 3075 2737 3140 lluhammedis
2777 3076 2903 3139 haec
2954 3083 3230 3156 tanquam
3273 3072 3452 3136 tinem
3486 3079 3548 3136 et

174 3163 367 3244 γιδίου,
433 3160 610 3220 λαϐὼν
681 3160 1000 3238 μανδήλιον,
1066 3165 1154 3220 καὶ
1209 3162 1464 3222 ἅπλωσον
1523 3164 1816 3244 ἔμπροσθέν

1904 3183 2199 3228 summam
2235 3185 2480 3228 suorum
2505 3166 2843 3247 dogmatum
2889 3173 3077 3245 urget,
3114 3171 3176 3225 ut
3205 3162 3490 3226 nimirum
3527 3183 3541 3226 :

173 3276 272 3311 σου
301 3251 593 3332 ἐχόμενος,
637 3251 732 3308 ’ίνα
775 3253 854 3328 μὴ
899 3256 1099 3329 μιανθῇ
1141 3255 1202 3310 τὸ
1246 3252 1533 3331 πρόσωπόν
1584 3276 1678 3312 σου
1709 3254 1815 3310 ἀπὸ

175 3351 266 3401 τοῦ
309 3343 478 3422 χροὸς
523 3348 618 3400 τοῦ
680 3341 986 3419 μασγιδιου.
1037 3344 1095 3400 Ei
1169 3339 1224 3398 δὲ
1276 3342 1564 3421 τυγχάνεις
1628 3342 1815 3407 ἔξωθεν

169 3429 478 3510 μασγιδίου,
527 3431 622 3488 καί
665 3430 761 3489 οὐκ
802 3431 952 3512 ἔχεις
984 3428 1304 3506 μανδήλιον,
1357 3428 1547 3488 ἔκϐαλε
1577 3433 1636 3489 τὸ
1669 3431 1812 3488 ἅνω-

167 3521 257 3579 θὲν
289 3541 384 3578 σου
431 3521 667 3596 ἱμάτιον,
701 3521 790 3578 καὶ
834 3519 1087 3578 ἄπλωσον
1143 3519 1434 3596 ἔμπροσθέν
1466 3543 1582 3583 σου.
1640 3521 1813 3600 Εῧχου

169 3611 371 3667 ἄνωθεν
401 3609 586 3686 αὐτοῦ,
619 3611 708 3668 καὶ
766 3609 904 3666 ἔστω
953 3612 988 3678 ἡ
1022 3609 1161 3690 εὖχιί
1193 3631 1286 3666 σου
1315 3607 1479 3675 οὕτως
1512 3626 1527 3640 ⁸
1564 3611 1652 3674 Τίς
1685 3611 1813 3674 Θεὸς

167 3699 360 3778 μέγας,
393 3700 467 3763 ὡς
499 3701 527 3756 6
558 3702 691 3765 Θεὸς
735 3701 945 3774 mium;
1008 3701 1119 3779 καὶ,
1169 3703 1264 3758 οὒκ
1307 3698 1452 3756 ἔστιν
1498 3701 1628 3764 Θεὸς
1677 3699 1816 3768 πλὴν

164 3799 282 3862 σοῦ,
329 3791 412 3845 καὶ
475 3789 778 3869 Μουχάμετ
827 3787 1130 3854 ἀπόστολος
1192 3791 1348 3848 Θεοῦ.
1412 3787 1608 3864 Ἀμήν.
1677 3789 1815 3845 Εἶτα

163 3879 364 3954 βαίνεις
409 3877 746 3957 γονυιιλισίας
783 3892 931 3958 τρεῖς
963 3878 1138 3958 λέγων
1169 3878 1336 3944 οὕτως
1374 3897 1388 3913 ⁸
1455 3882 1815 3958 [εὐχαριστοῦ-

164 3967 264 4042 μέν
297 3988 381 4038 σε,
416 3969 545 4032 Θεὸς
586 3969 674 4024 καὶ
721 3969 890 4046 Κύριε·
935 3975 1042 4026 τῶν
1095 3969 1370 4048 ἁπάντων,
1416 3971 1448 4035 ἡ
1495 3978 1589 4027 τοῦ
1629 3967 1812 4030 ἒλέους

163 4055 415 4130 ἄϐυσσος,
477 4058 506 4113 6
566 4055 623 4112 ἐν
692 4062 762 4133 τῇ
838 4055 1112 4134 μελλούσῃ
1177 4058 1353 4136 ἡμέρᾳ
1408 4055 1812 4135 ἀδωροδόκητος

161 4145 375 4224 κριτὴς,
435 4147 526 4203 καὶ
569 4145 845 4222 βασιλεὺς,
895 4147 1120 4227 χάρισαι
1194 4145 1328 4221 ἡμῖν
1387 4146 1537 4212 ὁδοὺς
1584 4147 1806 4226 εὐθείας,

163 4234 219 4290 ἂν
265 4234 363 4298 αἶς
405 4233 664 4312 ἔδωρήσω
693 4239 815 4300 τοῖς
847 4237 1020 4312 ἁγίοις
1053 4259 1147 4294 σου
1180 4240 1496 4306 πορευθῆναι
1528 4238 1633 4316 οὺχ
1667 4238 1738 4303 ὡς
1769 4234 1814 4294 οἱ

161 4321 469 4400 ὄργισμένοι
500 4322 941 4405 ἱπορεύιθη]σαν,
985 4324 1062 4382 ἔτι
1092 4324 1144 4381 δὲ
1178 4326 1274 4382 καί
1321 4329 1368 4383 οἱ
1407 4325 1815 4401 πεπλανημένοι

163 4409 366 4485 Ἀμήν.
415 4411 521 4470 Καῖ
571 4413 716 4471 ποίει
757 4425 906 4489 τρεῖς
968 4413 1310 4492 γονυκλισίας
1353 4413 1678 4489 καθήμενος,
1725 4409 1813 4472 καὶ

1906 3275 1928 3310 α
1950 3254 2094 3317 Cum
2125 3255 2379 3318 accedes
2405 3256 2477 3317 ad
2499 3257 2882 3330 moschzeam,
2906 3253 3214 3317 sudarium
3237 3270 3346 3316 seu
3373 3271 3544 3315 man-

1900 3342 2003 3404 tile
2023 3345 2305 3406 extendas
2325 3363 2527 3407 coram
2560 3353 2642 3421 te,
2667 3364 2742 3408 ne
2772 3365 2807 3406 a
2835 3346 3037 3407 colore
3067 3343 3165 3407 vel
3199 3351 3357 3406 terra
3385 3360 3545 3404 mos-

1898 3433 2080 3494 chazai
2111 3433 2410 3494 iuﬁciatur
2438 3442 2498 3495 et
2529 3433 2878 3514 inquinetur
2908 3434 3102 3496 vultus
3134 3441 3289 3494 tuus.
3309 3429 3372 3494 Si
3400 3449 3542 3495 vero

1900 3540 1966 3584 es
1995 3531 2161 3584 extra
2190 3523 2573 3597 moschaaam,
2607 3533 2665 3584 et
2697 3543 2816 3586 non
2847 3524 3031 3586 habes
3055 3521 3544 3601 sudarium,exue

1899 3622 1958 3674 et
1989 3613 2244 3674 extende
2275 3613 2652 3693 superiorem
2670 3622 2892 3676 vestem
2936 3622 3119 3688 tuam,
3149 3621 3207 3673 et
3227 3628 3412 3691 super
3440 3610 3544 3673 illa

1896 3705 2229 3764 orationem
2284 3710 2446 3765 tuam
2499 3703 2706 3780 funde,
2740 3711 2802 3765 ot
2851 3703 2986 3765 talis
3032 3701 3128 3763 sit-
3152 3703 3338 3763 oratio
3388 3709 3535 3764 tua:

1897 3791 2042 3864 Quis
2072 3791 2230 3854 Deus
2263 3810 2514 3872 magnus
2544 3793 2700 3855 sicut
2749 3792 2907 3855 Deus
2937 3799 3166 3866 noster,
3199 3799 3261 3854 et
3298 3808 3419 3853 non
3450 3799 3540 3854 est

1895 3881 2054 3944 Deus
2088 3881 2202 3943 nisi
2234 3882 2392 3945 Deus
2422 3891 2648 3958 noster,
2701 3892 2760 3945 et
2806 3881 3185 3946 Muhammed
3235 3879 3542 3962 apostolus

1895 3970 2025 4032 Dei.
2078 3973 2301 4036 Amen.
2347 3971 2581 4034 Deinde
2626 3990 2839 4054 perges
2871 3980 2931 4034 et
2983 3981 3075 4034 ter
3111 3989 3307 4052 genua
3332 3971 3540 4034 ﬂectes

1897 4060 2128 4142 dicens,
2164 4060 2579 4124 benedicimus
2610 4061 2790 4140 tibi,o
2822 4061 3005 4136 Deus,
3031 4062 3132 4141 qui
3163 4080 3228 4124 es
3253 4061 3539 4125 Dominus

1896 4158 1956 4211 et
2003 4168 2202 4212 rerum
2236 4151 2502 4212 omnium
2547 4152 2792 4226 arbiter,
2844 4152 2948 4233 qui
3003 4160 3063 4213 et
3109 4149 3540 4214 misericordias

1896 4242 2168 4324 abyssus,
2203 4254 2264 4306 et
2314 4245 2418 4324 qui
2453 4245 2660 4308 ultimo
2704 4245 2802 4309 die
2842 4245 3086 4310 sedebis
3127 4245 3316 4327 judex
3360 4243 3541 4306 nullis

1895 4331 2069 4394 donis
2101 4343 2160 4395 et
2193 4336 2542 4398 muneribus
2573 4337 3018 4417 corruptibilis;
3051 4356 3086 4398 ο
3118 4334 3537 4410 Rex,concede

1895 4422 2068 4506 nobis
2099 4422 2222 4486 vias
2252 4432 2474 4502 rectas,
2507 4442 2655 4506 quas
2709 4427 3062 4489 concessisti
3099 4426 3346 4501 sanctis,
3381 4433 3444 4486 ut
3473 4424 3537 4486 in

161 4497 394 4568 ἀναστὰς
434 4499 559 4578 λέγε
596 4515 610 4532 ⁸
660 4504 747 4569 Τίς
792 4502 922 4567 Θεὸς
964 4502 1159 4581 μέγας,
1206 4503 1280 4568 ὠς
1324 4506 1351 4560 ὸ
1397 4505 1523 4570 Θεὸς
1591 4506 1745 4578 ἡμῶν
1784 4522 1800 4579 ;

1911 4511 2008 4573 llis
2033 4513 2306 4576 incedam
2316 4533 2407 4587 us,
2427 4495 2546 4577 non
2561 4533 2698 4578 vero
2715 4517 2871 4578 sicut
2894 4516 2980 4579 illi
3007 4518 3108 4597 qui
3139 4516 3228 4579 ira
3240 4525 3298 4578 et
3327 4495 3537 4578 errore

156 4589 269 4668 τρίς
305 4603 321 4620 ⁸
369 4588 534 4648 πάλιν
591 4589 647 4647 δὲ
698 4593 960 4664 καθήσας,
1038 4595 1126 4649 καὶ
1177 4592 1479 4672 μεγάὶυνον
1534 4594 1627 4649 τὸν
1671 4595 1803 4650 Θεὸν

1904 4619 1919 4660 ι
1948 4600 2046 4662 via
2072 4610 2238 4664 recta
2259 4603 2658 4668 deﬂexerunt.
2688 4605 2906 4669 Amen.
2943 4607 3012 4666 Et
3026 4588 3225 4668 iacies
3272 4613 3396 4666 tres
3423 4624 3536 4684 ge-

159 4679 273 4754 τρίς
307 4698 321 4713 ⁸
369 4679 496 4737 εἶτα
554 4681 838 4760 χαιρὲτιζε
892 4679 954 4737 ἐκ
996 4683 1092 4738 τοῦ
1132 4679 1302 4747 δεξιοῦ
1355 4682 1569 4758 μέρους,
1604 4680 1800 4760 λέγων⁸

1904 4691 2261 4755 ιυίιειὶοηοε
2294 4693 2538 4768 sedens,
2571 4694 2794 4757 deinde
2833 4713 3088 4774 surgens
3115 4695 3214 4756 dic
3247 4706 3358 4756 ter.
3394 4679 3536 4766 Quis

159 4768 360 4846 Εἰρήνη
410 4769 571 4844 ἡμῖν.
624 4770 722 4828 Καὶ
768 4767 822 4834 ἐξ
865 4771 1152 4842 εὐωνύμων
1195 4770 1358 4827 πάλιν
1401 4771 1462 4827 τὰ
1504 4771 1652 4842 αὗτὸ,
1701 4772 1804 4827 Σὺν

1904 4775 2046 4869 Deus
2077 4796 2325 4860 magnus
2355 4781 2512 4844 sicut
2557 4786 2714 4845 Deus
2746 4767 3000 4844 noster':
3051 4785 3267 4846 Postea
3314 4782 3536 4845 sedens

155 4856 413 4933 ἰλεήμονι
459 4857 600 4932 Θεῷ.
653 4859 754 4917 Καὶ
804 4857 1030 4921 ἆτιόλυε.
1068 4883 1094 4914 ι
1132 4857 1279 4923 Αὕτη
1327 4861 1539 4920 πάντως
1585 4858 1620 4927 ἤ
1665 4861 1803 4940 εὗχή

1904 4865 2076 4930 Deum
2109 4856 2203 4932 ter
2233 4870 2570 4933 celebrabis
2601 4885 2664 4933 et
2709 4871 3143 4952 magniﬁcabis,
3179 4871 3401 4934 deinde
3431 4890 3533 4934 sa-

154 4967 273 5021 σου,
334 4945 432 5003 καί
495 4947 531 5015 ἡ
574 4945 885 5005 διδασκαλία
931 4970 1049 5018 σου,
1097 4951 1191 5005 καί
1235 4950 1272 5018 ἡ
1318 4949 1461 5027 παρὰ
1505 4950 1806 5029 Μουχάμετ

1904 4957 2107 5019 .utabis
2151 4959 2222 5021 ad
2253 4960 2529 5023 dextrum
2565 4962 2715 5024 latus
2753 4945 3004 5023 dicens:
3031 4945 3149 5024 Pas
3180 4961 3530 5039 nobiscum;

154 5055 252 5091 σου
281 5036 464 5116 σοφία,
496 5034 669 5094 Πλέον
697 5035 754 5094 δὲ
785 5038 972 5096 τούτου
993 5039 1090 5095 οὐκ
1119 5039 1269 5119 ἔχεις
1301 5040 1363 5096 τὸ
1392 5041 1620 5098 οἱονοῦν.

1904 5045 2112 5110 ieinde
2133 5049 2204 5110 ad
2219 5051 2531 5112 sinistrum
2557 5049 2768 5112 eadem
2795 5051 2976 5112 verba
2998 5059 3301 5130 repetens,
3317 5034 3560 5131 quibus'

157 5121 394 5224 afldesj
427 5123 574 5187 Cum
605 5124 729 5188 Deo
758 5127 1169 5224 misericprde.
1209 5126 1442 5224 Quibus
1473 5127 1732 5224 peractis
1762 5130 2060 5224 discedas.
2096 5161 2124 5192 ι
2168 5134 2310 5200 Haec
2354 5147 2452 5202 est
2483 5148 2604 5204 tota
2643 5147 2743 5202 tua
2785 5139 2996 5201 orandi
3047 5121 3223 5220 ratio,
3279 5121 3399 5202 tota
3433 5151 3534 5205 tua

159 5211 504 5292 disciplina,
539 5223 662 5277 tota
691 5234 868 5297 quam
899 5235 934 5278 a
964 5215 1382 5280 Mubammede
1409 5216 1659 5280 hausisti
1692 5220 1989 5298 sapientia
2013 5234 2072 5286 et
2102 5237 2318 5306 praeter
2349 5227 2497 5291 illud
2530 5229 2678 5290 nihil
2713 5229 3035 5311 quidquam
3065 5211 3227 5292 aliud
3260 5231 3533 5311 proferre

157 5311 354 5382 potes.

237 5391 400 5489 [Sag-di
454 5390 511 5450 δέ
555 5415 640 5450 σοι
688 5393 831 5474 φέρω
865 5397 1167 5475 μάρτυρας,
1216 5394 1298 5452 ὅτι
1345 5397 1444 5473 πρὸ
1491 5395 1704 5452 πάντων
1749 5400 1798 5454 οἱ

1959 5401 2082 5480 Ego
2099 5422 2234 5466 vero
2255 5414 2440 5468 testes
2455 5406 2560 5470 tibi
2575 5407 2893 5489 suppedito
2925 5406 3386 5489 quibusconstat
3417 5411 3531 5472 ista

152 5479 531 5581 νᾼῤῥαϐείτὰ
573 5483 790 5560 ῥήματα
833 5496 995 5545 ταῦτα
1046 5486 1212 5566 εἶχον
1253 5485 1340 5541 καὶ
1387 5486 1456 5552 τὴ
1505 5486 1794 5563 γράμματα

1904 5479 2079 5555 imnia
2103 5502 2160 5556 et
2179 5494 2337 5557 dicta
2359 5511 2419 5560 et
2457 5479 3050 5579 scripta'obtinui’sse
3085 5500 3241 5578 apud
3296 5501 3530 5563 Arabus

152 5571 246 5626 σὺν
291 5578 368 5645 τῷ
399 5570 680 5647 ἱλεημὲνῳ
735 5575 824 5631 καὶ
882 5574 1140 5653 ἐλεοῦντι,
1201 5574 1235 5630 ἂ
1289 5573 1345 5630 δὲ
1391 5572 1798 5649 Μουσονλμανοὶ

1904 5589 2020 5642 inte
2044 5570 2680 5661 Muhammedemﬁ'mo
2695 5587 2876 5650 verba
2889 5587 3002 5650 ista
3019 5609 3032 5652 :
3048 5570 3193 5652 Cu'm
3205 5589 3329 5652 Deo
3343 5589 3528 5652 mise-

157 5664 256 5715 καὶ
302 5662 670 5740 γραμματικοὶ
726 5663 994 5744 κελεύετε,
1055 5665 1148 5720 τὸν
1203 5663 1368 5740 ὕμνον
1434 5666 1640 5738 τοῦτον,
1700 5667 1795 5722 καί

188 5748 202 5768 κ
319 5752 331 5768 ι
387 5746 409 5768 Ἰ
518 5746 561 5768 θ’
782 5752 796 5768 ι
890 5755 902 5768 ι
1007 5755 1061 5768 ..ι
1156 5761 1183 5768 Α
1223 5754 1237 5768 ι
1394 5751 1405 5768 1
1638 5751 1723 5768 ..κο

1904 5683 2081 5738 'atore
2103 5684 2166 5739 et
2186 5678 2605 5768 misericorde,
2630 5700 2766 5764 qua;
2796 5701 2904 5744 vos
2943 5680 3339 5745 Musulmanni
3372 5682 3526 5746 libro

146 5748 248 5816 τὴν
306 5746 650 5827 ψαλμῳδίαν,
712 5752 800 5809 καὶ
855 5755 938 5828 τὸ,
1007 5755 1090 5818 rt;
1151 5754 1281 5819 Θεὸς
1339 5751 1507 5834 μέγας
1543 5751 1796 5833 ,μᾶλλον

1904 5772 2072 5824 ’θειτο
2086 5765 2302 5839 scripto
2322 5746 2682 5830 adhortantes
2695 5769 2893 5831 soletis
2915 5773 3122 5832 vestris
3143 5771 3524 5830 sectatoribus
