  <div class='ocr_page' id='page_1' title='image "/cluster/home/n/w/nwhite01/storage/ocr_20150623/104/hvd.32044073502163/723.png"; bbox 0 0 3994 6232; ppageno 0'>
   <div class='ocr_carea' id='block_1_1' title="bbox 415 311 567 378">
    <p class='ocr_par' dir='ltr' id='par_1_1' title="bbox 415 311 567 378">
     <span class='ocr_line' id='line_1_1' title="bbox 415 311 567 378; baseline -0.007 -1"><span class='ocrx_word' id='word_1_1' title='bbox 415 312 437 377; x_wconf 85' lang='lat' dir='ltr'><strong>l</strong></span> <span class='ocrx_word' id='word_1_2' title='bbox 450 311 567 378; x_wconf 78' lang='grc'><strong>407</strong></span> 
     </span>
    </p>
   </div>
   <div class='ocr_carea' id='block_1_2' title="bbox 1590 323 2582 400">
    <p class='ocr_par' dir='ltr' id='par_1_2' title="bbox 1590 323 2582 400">
     <span class='ocr_line' id='line_1_2' title="bbox 1590 323 2582 400; baseline 0.009 -9"><span class='ocrx_word' id='word_1_3' title='bbox 1590 329 2173 397; x_wconf 69' lang='grc' dir='ltr'><strong>ΒΑΗΤΗΟΙιΟΜιΕΙ</strong></span> <span class='ocrx_word' id='word_1_4' title='bbox 2214 323 2551 400; x_wconf 84' lang='lat' dir='ltr'><strong>EDESSEN</strong></span> <span class='ocrx_word' id='word_1_5' title='bbox 2556 338 2582 399; x_wconf 95' lang='grc' dir='ltr'><strong>Ι</strong></span> 
     </span>
    </p>
   </div>
   <div class='ocr_carea' id='block_1_3' title="bbox 3641 339 3797 404">
    <p class='ocr_par' dir='ltr' id='par_1_3' title="bbox 3641 339 3797 404">
     <span class='ocr_line' id='line_1_3' title="bbox 3641 339 3797 404; baseline 0 0"><span class='ocrx_word' id='word_1_6' title='bbox 3641 339 3797 404; x_wconf 68' lang='grc'><strong>1408</strong></span> 
     </span>
    </p>
   </div>
   <div class='ocr_carea' id='block_1_4' title="bbox 408 447 2040 551">
    <p class='ocr_par' dir='ltr' id='par_1_4' title="bbox 408 447 2039 551">
     <span class='ocr_line' id='line_1_4' title="bbox 408 447 2039 551; baseline 0.01 -42"><span class='ocrx_word' id='word_1_7' title='bbox 408 447 713 551; x_wconf 74' lang='lat' dir='ltr'><strong>inculcare</strong></span> <span class='ocrx_word' id='word_1_8' title='bbox 741 457 804 515; x_wconf 84' lang='lat' dir='ltr'><strong>et</strong></span> <span class='ocrx_word' id='word_1_9' title='bbox 831 453 1150 551; x_wconf 80' lang='lat' dir='ltr'><strong>imperare,</strong></span> <span class='ocrx_word' id='word_1_10' title='bbox 1180 466 1235 520; x_wconf 91' lang='lat' dir='ltr'><strong>et</strong></span> <span class='ocrx_word' id='word_1_11' title='bbox 1255 459 1432 522; x_wconf 90' lang='lat' dir='ltr'><strong>istum</strong></span> <span class='ocrx_word' id='word_1_12' title='bbox 1467 461 1845 544; x_wconf 82' lang='lat' dir='ltr'><strong>hymnum,et</strong></span> <span class='ocrx_word' id='word_1_13' title='bbox 1869 466 2039 528; x_wconf 91' lang='lat' dir='ltr'><strong>istam</strong></span> 
     </span>
    </p>
   </div>
   <div class='ocr_carea' id='block_1_5' title="bbox 2133 447 3795 551">
    <p class='ocr_par' dir='ltr' id='par_1_5' title="bbox 2133 465 3795 551">
     <span class='ocr_line' id='line_1_5' title="bbox 2133 465 3795 551; baseline 0.003 -28"><span class='ocrx_word' id='word_1_14' title='bbox 2133 465 2178 523; x_wconf 65' lang='grc' dir='ltr'><strong>δὲ</strong></span> <span class='ocrx_word' id='word_1_15' title='bbox 2223 471 2310 526; x_wconf 75' lang='grc' dir='ltr'><strong>καὶ</strong></span> <span class='ocrx_word' id='word_1_16' title='bbox 2353 469 2730 547; x_wconf 67' lang='grc' dir='ltr'>ἀστρονομίαν,</span> <span class='ocrx_word' id='word_1_17' title='bbox 2800 468 2889 524; x_wconf 78' lang='grc' dir='ltr'><strong>καὶ</strong></span> <span class='ocrx_word' id='word_1_18' title='bbox 2949 471 3321 548; x_wconf 57' lang='grc' dir='ltr'>ψητηφορίαν,</span> <span class='ocrx_word' id='word_1_19' title='bbox 3378 471 3472 527; x_wconf 74' lang='grc' dir='ltr'><strong>καὶ</strong></span> <span class='ocrx_word' id='word_1_20' title='bbox 3529 473 3795 551; x_wconf 69' lang='grc' dir='ltr'>στίχους,</span> 
     </span>
    </p>
   </div>
   <div class='ocr_carea' id='block_1_6' title="bbox 409 538 2046 634">
    <p class='ocr_par' dir='ltr' id='par_1_6' title="bbox 409 538 2046 634">
     <span class='ocr_line' id='line_1_6' title="bbox 409 538 2046 634; baseline 0.01 -35"><span class='ocrx_word' id='word_1_21' title='bbox 409 538 1013 634; x_wconf 79' lang='lat' dir='ltr'><strong>psalm_odiam,etista</strong></span> <span class='ocrx_word' id='word_1_22' title='bbox 1056 546 1271 610; x_wconf 90' lang='lat' dir='ltr'><strong>verba:</strong></span> <span class='ocrx_word' id='word_1_23' title='bbox 1307 549 1451 624; x_wconf 86' lang='lat' dir='ltr'><strong>Quis</strong></span> <span class='ocrx_word' id='word_1_24' title='bbox 1476 538 1566 614; x_wconf 82' lang='lat' dir='ltr'><strong>est</strong></span> <span class='ocrx_word' id='word_1_25' title='bbox 1588 538 2046 634; x_wconf 31' lang='lat' dir='ltr'><strong>Deus&#39;magnus,</strong></span> 
     </span>
    </p>
   </div>
   <div class='ocr_carea' id='block_1_7' title="bbox 411 631 2050 724">
    <p class='ocr_par' dir='ltr' id='par_1_7' title="bbox 411 631 2050 724">
     <span class='ocr_line' id='line_1_7' title="bbox 411 631 2050 724; baseline 0.011 -36"><span class='ocrx_word' id='word_1_26' title='bbox 411 634 558 704; x_wconf 90' lang='lat' dir='ltr'><strong>etc.,</strong></span> <span class='ocrx_word' id='word_1_27' title='bbox 581 631 701 724; x_wconf 78' lang='lat' dir='ltr'><strong>imo</strong></span> <span class='ocrx_word' id='word_1_28' title='bbox 722 643 783 692; x_wconf 89' lang='lat' dir='ltr'><strong>et</strong></span> <span class='ocrx_word' id='word_1_29' title='bbox 805 637 1256 724; x_wconf 87' lang='lat' dir='ltr'><strong>astronomiam,</strong></span> <span class='ocrx_word' id='word_1_30' title='bbox 1291 649 1350 701; x_wconf 90' lang='lat' dir='ltr'><strong>et</strong></span> <span class='ocrx_word' id='word_1_31' title='bbox 1381 643 1633 721; x_wconf 90' lang='lat' dir='ltr'><strong>phaseos</strong></span> <span class='ocrx_word' id='word_1_32' title='bbox 1665 661 1768 704; x_wconf 90' lang='lat' dir='ltr'><strong>seu</strong></span> <span class='ocrx_word' id='word_1_33' title='bbox 1811 631 2050 724; x_wconf 75' lang='lat' dir='ltr'><strong>positio-</strong></span> 
     </span>
    </p>
   </div>
   <div class='ocr_carea' id='block_1_8' title="bbox 409 719 2051 809">
    <p class='ocr_par' dir='ltr' id='par_1_8' title="bbox 409 719 2051 809">
     <span class='ocr_line' id='line_1_8' title="bbox 409 719 2051 809; baseline 0.01 -31"><span class='ocrx_word' id='word_1_34' title='bbox 409 735 551 809; x_wconf 87' lang='lat' dir='ltr'><strong>num</strong></span> <span class='ocrx_word' id='word_1_35' title='bbox 579 719 738 782; x_wconf 66' lang='lat' dir='ltr'><strong>lunas</strong></span> <span class='ocrx_word' id='word_1_36' title='bbox 765 723 1048 801; x_wconf 86' lang='lat' dir='ltr'><strong>calculos,</strong></span> <span class='ocrx_word' id='word_1_37' title='bbox 1067 735 1123 790; x_wconf 89' lang='lat' dir='ltr'><strong>et</strong></span> <span class='ocrx_word' id='word_1_38' title='bbox 1147 719 1627 809; x_wconf 86' lang='lat' dir='ltr'><strong>epilogismos,et</strong></span> <span class='ocrx_word' id='word_1_39' title='bbox 1646 733 1790 794; x_wconf 89' lang='lat' dir='ltr'><strong>artis</strong></span> <span class='ocrx_word' id='word_1_40' title='bbox 1805 719 2051 795; x_wconf 59' lang='lat' dir='ltr'><strong>medica;</strong></span> 
     </span>
    </p>
   </div>
   <div class='ocr_carea' id='block_1_9' title="bbox 405 806 2044 899">
    <p class='ocr_par' dir='ltr' id='par_1_9' title="bbox 405 806 2044 899">
     <span class='ocr_line' id='line_1_9' title="bbox 405 806 2044 899; baseline 0.01 -32"><span class='ocrx_word' id='word_1_41' title='bbox 405 806 848 899; x_wconf 74' lang='lat' dir='ltr'><strong>sapientiam,et</strong></span> <span class='ocrx_word' id='word_1_42' title='bbox 869 826 1169 891; x_wconf 89' lang='lat' dir='ltr'><strong>versus,et</strong></span> <span class='ocrx_word' id='word_1_43' title='bbox 1186 806 1549 892; x_wconf 78' lang='lat' dir='ltr'><strong>scholia,seu</strong></span> <span class='ocrx_word' id='word_1_44' title='bbox 1576 821 2044 899; x_wconf 80' lang='lat' dir='ltr'><strong>observationes,</strong></span> 
     </span>
    </p>
   </div>
   <div class='ocr_carea' id='block_1_10' title="bbox 407 895 2042 973">
    <p class='ocr_par' dir='ltr' id='par_1_10' title="bbox 407 895 2042 973">
     <span class='ocr_line' id='line_1_10' title="bbox 407 895 2042 973; baseline 0.01 -17"><span class='ocrx_word' id='word_1_45' title='bbox 407 895 523 958; x_wconf 89' lang='lat' dir='ltr'><strong>ista</strong></span> <span class='ocrx_word' id='word_1_46' title='bbox 542 898 743 962; x_wconf 85' lang='lat' dir='ltr'><strong>omnia</strong></span> <span class='ocrx_word' id='word_1_47' title='bbox 765 903 1153 967; x_wconf 71' lang='lat' dir='ltr'><strong>excolueritnt</strong></span> <span class='ocrx_word' id='word_1_48' title='bbox 1174 906 1401 970; x_wconf 85' lang='lat' dir='ltr'><strong>Arabes</strong></span> <span class='ocrx_word' id='word_1_49' title='bbox 1427 909 1629 970; x_wconf 91' lang='lat' dir='ltr'><strong>multis</strong></span> <span class='ocrx_word' id='word_1_50' title='bbox 1671 911 1843 972; x_wconf 91' lang='lat' dir='ltr'><strong>annis</strong></span> <span class='ocrx_word' id='word_1_51' title='bbox 1873 895 2042 973; x_wconf 48' lang='lat' dir='ltr'><strong>ante;</strong></span> 
     </span>
    </p>
   </div>
   <div class='ocr_carea' id='block_1_11' title="bbox 406 993 2047 1070">
    <p class='ocr_par' dir='ltr' id='par_1_11' title="bbox 406 993 2047 1070">
     <span class='ocr_line' id='line_1_11' title="bbox 406 993 2047 1070; baseline 0.009 -20"><span class='ocrx_word' id='word_1_52' title='bbox 406 1006 584 1070; x_wconf 87' lang='lat' dir='ltr'><strong>quam</strong></span> <span class='ocrx_word' id='word_1_53' title='bbox 614 993 993 1059; x_wconf 87' lang='lat' dir='ltr'><strong>Muhammed</strong></span> <span class='ocrx_word' id='word_1_54' title='bbox 1027 999 1309 1063; x_wconf 74' lang='lat' dir='ltr'><strong>oriretur.</strong></span> <span class='ocrx_word' id='word_1_55' title='bbox 1337 999 1545 1064; x_wconf 90' lang='lat' dir='ltr'><strong>Omnis</strong></span> <span class='ocrx_word' id='word_1_56' title='bbox 1567 1019 1708 1066; x_wconf 88' lang='lat' dir='ltr'><strong>aero</strong></span> <span class='ocrx_word' id='word_1_57' title='bbox 1731 1023 1764 1064; x_wconf 93' lang='lat' dir='ltr'><strong>a</strong></span> <span class='ocrx_word' id='word_1_58' title='bbox 1788 1003 2047 1066; x_wconf 80' lang='lat' dir='ltr'><strong>Muham-</strong></span> 
     </span>
    </p>
   </div>
   <div class='ocr_carea' id='block_1_12' title="bbox 407 1079 2048 1171">
    <p class='ocr_par' dir='ltr' id='par_1_12' title="bbox 407 1079 2048 1171">
     <span class='ocr_line' id='line_1_12' title="bbox 407 1079 2048 1171; baseline 0.009 -32"><span class='ocrx_word' id='word_1_59' title='bbox 407 1079 583 1171; x_wconf 78' lang='lat' dir='ltr'><strong>mede</strong></span> <span class='ocrx_word' id='word_1_60' title='bbox 607 1083 932 1161; x_wconf 83' lang='lat' dir='ltr'><strong>excogitata</strong></span> <span class='ocrx_word' id='word_1_61' title='bbox 955 1088 1341 1169; x_wconf 85' lang='lat' dir='ltr'><strong>sapientia,et</strong></span> <span class='ocrx_word' id='word_1_62' title='bbox 1365 1091 1707 1171; x_wconf 85' lang='lat' dir='ltr'><strong>praedicatio</strong></span> <span class='ocrx_word' id='word_1_63' title='bbox 1728 1093 1788 1154; x_wconf 94' lang='lat' dir='ltr'><strong>in</strong></span> <span class='ocrx_word' id='word_1_64' title='bbox 1819 1112 1888 1154; x_wconf 93' lang='lat' dir='ltr'><strong>eo</strong></span> <span class='ocrx_word' id='word_1_65' title='bbox 1915 1112 2048 1154; x_wconf 88' lang='lat' dir='ltr'><strong>con-</strong></span> 
     </span>
    </p>
   </div>
   <div class='ocr_carea' id='block_1_13' title="bbox 402 1167 2035 1261">
    <p class='ocr_par' dir='ltr' id='par_1_13' title="bbox 402 1167 2035 1261">
     <span class='ocr_line' id='line_1_13' title="bbox 402 1167 2035 1261; baseline 0.011 -34"><span class='ocrx_word' id='word_1_66' title='bbox 402 1167 634 1231; x_wconf 87' lang='lat' dir='ltr'><strong>sistitut</strong></span> <span class='ocrx_word' id='word_1_67' title='bbox 652 1167 1425 1251; x_wconf 19' lang='lat' dir='ltr'><strong>proferaturzibluhammed</strong></span> <span class='ocrx_word' id='word_1_68' title='bbox 1449 1189 1538 1241; x_wconf 91' lang='lat' dir='ltr'><strong>est</strong></span> <span class='ocrx_word' id='word_1_69' title='bbox 1560 1182 1861 1261; x_wconf 81' lang='lat' dir='ltr'><strong>apostolus</strong></span> <span class='ocrx_word' id='word_1_70' title='bbox 1894 1183 2035 1258; x_wconf 87' lang='lat' dir='ltr'><strong>Dei;</strong></span> 
     </span>
    </p>
   </div>
   <div class='ocr_carea' id='block_1_14' title="bbox 406 1265 2041 1348">
    <p class='ocr_par' dir='ltr' id='par_1_14' title="bbox 406 1265 2041 1348">
     <span class='ocr_line' id='line_1_14' title="bbox 406 1265 2041 1348; baseline 0.008 -29"><span class='ocrx_word' id='word_1_71' title='bbox 406 1265 468 1348; x_wconf 80' lang='lat' dir='ltr'><strong>tu</strong></span> <span class='ocrx_word' id='word_1_72' title='bbox 499 1277 617 1321; x_wconf 91' lang='lat' dir='ltr'><strong>non</strong></span> <span class='ocrx_word' id='word_1_73' title='bbox 650 1271 818 1341; x_wconf 92' lang='lat' dir='ltr'><strong>potes</strong></span> <span class='ocrx_word' id='word_1_74' title='bbox 852 1282 946 1327; x_wconf 90' lang='lat' dir='ltr'><strong>me</strong></span> <span class='ocrx_word' id='word_1_75' title='bbox 989 1267 1286 1329; x_wconf 76' lang='lat' dir='ltr'><strong>mendacii</strong></span> <span class='ocrx_word' id='word_1_76' title='bbox 1317 1287 1592 1348; x_wconf 82' lang='lat' dir='ltr'><strong>arguere.</strong></span> <span class='ocrx_word' id='word_1_77' title='bbox 1621 1271 1743 1332; x_wconf 87' lang='lat' dir='ltr'><strong>Hoc</strong></span> <span class='ocrx_word' id='word_1_78' title='bbox 1774 1271 1937 1332; x_wconf 89' lang='lat' dir='ltr'><strong>disce</strong></span> <span class='ocrx_word' id='word_1_79' title='bbox 1969 1271 2041 1334; x_wconf 88' lang='lat' dir='ltr'><strong>ab</strong></span> 
     </span>
    </p>
   </div>
   <div class='ocr_carea' id='block_1_15' title="bbox 401 1344 2044 1439">
    <p class='ocr_par' dir='ltr' id='par_1_15' title="bbox 401 1344 2044 1439">
     <span class='ocr_line' id='line_1_15' title="bbox 401 1344 2044 1439; baseline 0.009 -31"><span class='ocrx_word' id='word_1_80' title='bbox 401 1344 659 1426; x_wconf 90' lang='lat' dir='ltr'><strong>ipsomet</strong></span> <span class='ocrx_word' id='word_1_81' title='bbox 683 1353 1230 1419; x_wconf 76' lang='lat' dir='ltr'><strong>Muhammede.«Si</strong></span> <span class='ocrx_word' id='word_1_82' title='bbox 1258 1344 1411 1438; x_wconf 57' lang='lat' dir='ltr'><strong>quis,</strong></span> <span class='ocrx_word' id='word_1_83' title='bbox 1440 1359 1773 1439; x_wconf 86' lang='lat' dir='ltr'><strong>inquit,hoc</strong></span> <span class='ocrx_word' id='word_1_84' title='bbox 1799 1360 2044 1423; x_wconf 80' lang='lat' dir='ltr'><strong>faciatet</strong></span> 
     </span>
    </p>
   </div>
   <div class='ocr_carea' id='block_1_16' title="bbox 403 1439 2041 1527">
    <p class='ocr_par' dir='ltr' id='par_1_16' title="bbox 403 1439 2041 1527">
     <span class='ocr_line' id='line_1_16' title="bbox 403 1439 2041 1527; baseline 0.009 -29"><span class='ocrx_word' id='word_1_85' title='bbox 403 1439 783 1516; x_wconf 90' lang='lat' dir='ltr'><strong>conﬁteatur,</strong></span> <span class='ocrx_word' id='word_1_86' title='bbox 809 1443 1039 1506; x_wconf 82' lang='lat' dir='ltr'><strong>futurus</strong></span> <span class='ocrx_word' id='word_1_87' title='bbox 1065 1457 1158 1507; x_wconf 87' lang='lat' dir='ltr'><strong>est</strong></span> <span class='ocrx_word' id='word_1_88' title='bbox 1196 1447 1702 1526; x_wconf 86' lang='lat' dir='ltr'><strong>paradisi-incola,</strong></span> <span class='ocrx_word' id='word_1_89' title='bbox 1737 1460 1800 1510; x_wconf 90' lang='lat' dir='ltr'><strong>et</strong></span> <span class='ocrx_word' id='word_1_90' title='bbox 1825 1450 1876 1510; x_wconf 92' lang='lat' dir='ltr'><strong>si</strong></span> <span class='ocrx_word' id='word_1_91' title='bbox 1907 1451 2041 1527; x_wconf 91' lang='lat' dir='ltr'><strong>quis</strong></span> 
     </span>
    </p>
   </div>
   <div class='ocr_carea' id='block_1_17' title="bbox 399 1533 2045 1612">
    <p class='ocr_par' dir='ltr' id='par_1_17' title="bbox 399 1533 2045 1612">
     <span class='ocr_line' id='line_1_17' title="bbox 399 1533 2045 1612; baseline 0.008 -25"><span class='ocrx_word' id='word_1_92' title='bbox 399 1544 550 1608; x_wconf 88' lang='lat' dir='ltr'><strong>aqua</strong></span> <span class='ocrx_word' id='word_1_93' title='bbox 573 1545 690 1590; x_wconf 91' lang='lat' dir='ltr'><strong>non</strong></span> <span class='ocrx_word' id='word_1_94' title='bbox 712 1549 776 1592; x_wconf 91' lang='lat' dir='ltr'><strong>se</strong></span> <span class='ocrx_word' id='word_1_95' title='bbox 799 1533 1223 1612; x_wconf 86' lang='lat' dir='ltr'><strong>puriﬁcaverit,</strong></span> <span class='ocrx_word' id='word_1_96' title='bbox 1253 1555 1369 1597; x_wconf 92' lang='lat' dir='ltr'><strong>non</strong></span> <span class='ocrx_word' id='word_1_97' title='bbox 1398 1537 1576 1598; x_wconf 89' lang='lat' dir='ltr'><strong>debet</strong></span> <span class='ocrx_word' id='word_1_98' title='bbox 1597 1556 1671 1600; x_wconf 91' lang='lat' dir='ltr'><strong>eo</strong></span> <span class='ocrx_word' id='word_1_99' title='bbox 1695 1539 2045 1601; x_wconf 88' lang='lat' dir='ltr'><strong>temeritatis</strong></span> 
     </span>
    </p>
   </div>
   <div class='ocr_carea' id='block_1_18' title="bbox 402 1615 2043 1709">
    <p class='ocr_par' dir='ltr' id='par_1_18' title="bbox 402 1615 2043 1709">
     <span class='ocr_line' id='line_1_18' title="bbox 402 1615 2043 1709; baseline 0.008 -32"><span class='ocrx_word' id='word_1_100' title='bbox 402 1615 684 1681; x_wconf 80' lang='lat' dir='ltr'><strong>devenire</strong></span> <span class='ocrx_word' id='word_1_101' title='bbox 716 1627 780 1681; x_wconf 92' lang='lat' dir='ltr'><strong>ut</strong></span> <span class='ocrx_word' id='word_1_102' title='bbox 807 1640 979 1684; x_wconf 86' lang='lat' dir='ltr'><strong>orare</strong></span> <span class='ocrx_word' id='word_1_103' title='bbox 1009 1643 1268 1705; x_wconf 91' lang='lat' dir='ltr'><strong>unquam</strong></span> <span class='ocrx_word' id='word_1_104' title='bbox 1307 1627 1542 1701; x_wconf 85' lang='lat' dir='ltr'><strong>audeat,</strong></span> <span class='ocrx_word' id='word_1_105' title='bbox 1571 1636 1629 1688; x_wconf 93' lang='lat' dir='ltr'><strong>et</strong></span> <span class='ocrx_word' id='word_1_106' title='bbox 1654 1629 1700 1689; x_wconf 93' lang='lat' dir='ltr'><strong>si</strong></span> <span class='ocrx_word' id='word_1_107' title='bbox 1732 1631 1863 1709; x_wconf 86' lang='lat' dir='ltr'><strong>quis</strong></span> <span class='ocrx_word' id='word_1_108' title='bbox 1895 1649 2043 1690; x_wconf 87' lang='lat' dir='ltr'><strong>con-</strong></span> 
     </span>
    </p>
   </div>
   <div class='ocr_carea' id='block_1_19' title="bbox 405 1711 2042 1792">
    <p class='ocr_par' dir='ltr' id='par_1_19' title="bbox 405 1711 2042 1792">
     <span class='ocr_line' id='line_1_19' title="bbox 405 1711 2042 1792; baseline 0.007 -25"><span class='ocrx_word' id='word_1_109' title='bbox 405 1711 742 1770; x_wconf 86' lang='lat' dir='ltr'><strong>trectaverit</strong></span> <span class='ocrx_word' id='word_1_110' title='bbox 772 1718 830 1771; x_wconf 92' lang='lat' dir='ltr'><strong>et</strong></span> <span class='ocrx_word' id='word_1_111' title='bbox 862 1712 1121 1792; x_wconf 80' lang='lat' dir='ltr'><strong>tetigerit</strong></span> <span class='ocrx_word' id='word_1_112' title='bbox 1153 1733 1394 1776; x_wconf 79' lang='lat' dir='ltr'><strong>uxorem</strong></span> <span class='ocrx_word' id='word_1_113' title='bbox 1429 1733 1619 1790; x_wconf 91' lang='lat' dir='ltr'><strong>suam,</strong></span> <span class='ocrx_word' id='word_1_114' title='bbox 1655 1736 1772 1777; x_wconf 91' lang='lat' dir='ltr'><strong>non</strong></span> <span class='ocrx_word' id='word_1_115' title='bbox 1811 1726 2042 1779; x_wconf 90' lang='lat' dir='ltr'><strong>tantum</strong></span> 
     </span>
    </p>
   </div>
   <div class='ocr_carea' id='block_1_20' title="bbox 2133 557 3796 639">
    <p class='ocr_par' dir='ltr' id='par_1_20' title="bbox 2133 557 3796 639">
     <span class='ocr_line' id='line_1_20' title="bbox 2133 557 3796 639; baseline 0.003 -27"><span class='ocrx_word' id='word_1_116' title='bbox 2133 560 2219 615; x_wconf 82' lang='grc' dir='ltr'><strong>καὶ</strong></span> <span class='ocrx_word' id='word_1_117' title='bbox 2279 558 2503 638; x_wconf 79' lang='grc' dir='ltr'>σχόλια,</span> <span class='ocrx_word' id='word_1_118' title='bbox 2536 559 2622 614; x_wconf 81' lang='grc' dir='ltr'>καὶ</span> <span class='ocrx_word' id='word_1_119' title='bbox 2678 557 3041 637; x_wconf 68' lang='grc' dir='ltr'>ἰατροσοτρῖαν,</span> <span class='ocrx_word' id='word_1_120' title='bbox 3075 564 3244 616; x_wconf 79' lang='grc' dir='ltr'>ταῦτα</span> <span class='ocrx_word' id='word_1_121' title='bbox 3286 559 3466 616; x_wconf 61' lang='grc' dir='ltr'>πάντα</span> <span class='ocrx_word' id='word_1_122' title='bbox 3524 562 3642 639; x_wconf 71' lang='grc' dir='ltr'><strong>πρὸ</strong></span> <span class='ocrx_word' id='word_1_123' title='bbox 3703 561 3796 618; x_wconf 78' lang='lat'><strong>105</strong></span> 
     </span>
    </p>
   </div>
   <div class='ocr_carea' id='block_1_21' title="bbox 2135 646 3799 726">
    <p class='ocr_par' dir='ltr' id='par_1_21' title="bbox 2135 646 3799 726">
     <span class='ocr_line' id='line_1_21' title="bbox 2135 646 3799 726; baseline 0.001 -24"><span class='ocrx_word' id='word_1_124' title='bbox 2135 649 2430 726; x_wconf 79' lang='grc' dir='ltr'>Μουχᾶμετ</span> <span class='ocrx_word' id='word_1_125' title='bbox 2474 647 2673 725; x_wconf 71' lang='grc' dir='ltr'>φανερὰ</span> <span class='ocrx_word' id='word_1_126' title='bbox 2729 650 2870 715; x_wconf 75' lang='grc' dir='ltr'>ἦσαν</span> <span class='ocrx_word' id='word_1_127' title='bbox 2918 646 3020 723; x_wconf 70' lang='grc' dir='ltr'>πρὸ</span> <span class='ocrx_word' id='word_1_128' title='bbox 3051 647 3264 724; x_wconf 65' lang='grc' dir='ltr'>γρόνων</span> <span class='ocrx_word' id='word_1_129' title='bbox 3293 647 3541 709; x_wconf 76' lang='grc' dir='ltr'>πολλῶν.</span> <span class='ocrx_word' id='word_1_130' title='bbox 3584 652 3799 706; x_wconf 66' lang='grc' dir='ltr'>Λοιπὸν</span> 
     </span>
    </p>
   </div>
   <div class='ocr_carea' id='block_1_22' title="bbox 2132 734 3803 816">
    <p class='ocr_par' dir='ltr' id='par_1_22' title="bbox 2132 734 3803 816">
     <span class='ocr_line' id='line_1_22' title="bbox 2132 734 3803 816; baseline 0.002 -25"><span class='ocrx_word' id='word_1_131' title='bbox 2132 745 2288 796; x_wconf 81' lang='grc' dir='ltr'>τοῦτο</span> <span class='ocrx_word' id='word_1_132' title='bbox 2331 745 2425 795; x_wconf 83' lang='grc' dir='ltr'>τοῦ</span> <span class='ocrx_word' id='word_1_133' title='bbox 2483 735 2779 814; x_wconf 78' lang='grc' dir='ltr'>Μουχάμετ</span> <span class='ocrx_word' id='word_1_134' title='bbox 2834 737 2868 803; x_wconf 78' lang='grc' dir='ltr'>ἡ</span> <span class='ocrx_word' id='word_1_135' title='bbox 2917 734 3078 813; x_wconf 75' lang='grc' dir='ltr'>σοφία</span> <span class='ocrx_word' id='word_1_136' title='bbox 3107 737 3197 792; x_wconf 77' lang='grc' dir='ltr'><strong>καὶ</strong></span> <span class='ocrx_word' id='word_1_137' title='bbox 3244 738 3273 804; x_wconf 70' lang='grc' dir='ltr'>ἦ</span> <span class='ocrx_word' id='word_1_138' title='bbox 3317 737 3572 816; x_wconf 72' lang='grc' dir='ltr'>κήρυξις.</span> <span class='ocrx_word' id='word_1_139' title='bbox 3628 742 3803 796; x_wconf 72' lang='lat' dir='ltr'><strong>T0510</strong></span> 
     </span>
    </p>
   </div>
   <div class='ocr_carea' id='block_1_23' title="bbox 2133 824 3802 905">
    <p class='ocr_par' dir='ltr' id='par_1_23' title="bbox 2133 824 3802 905">
     <span class='ocr_line' id='line_1_23' title="bbox 2133 824 3802 905; baseline 0.001 -23"><span class='ocrx_word' id='word_1_140' title='bbox 2133 825 2276 882; x_wconf 78' lang='grc' dir='ltr'>’ἐστιν</span> <span class='ocrx_word' id='word_1_141' title='bbox 2318 827 2379 882; x_wconf 77' lang='grc' dir='ltr'>τὸ</span> <span class='ocrx_word' id='word_1_142' title='bbox 2441 826 2636 905; x_wconf 70' lang='grc' dir='ltr'><strong>εἰπεῖν³</strong></span> <span class='ocrx_word' id='word_1_143' title='bbox 2685 826 2714 881; x_wconf 77' lang='grc' dir='ltr'><strong>ὁ</strong></span> <span class='ocrx_word' id='word_1_144' title='bbox 2761 824 3058 904; x_wconf 78' lang='grc' dir='ltr'>Μουχάμετ</span> <span class='ocrx_word' id='word_1_145' title='bbox 3115 825 3423 892; x_wconf 82' lang='grc' dir='ltr'><strong>ἀπόστολος</strong></span> <span class='ocrx_word' id='word_1_146' title='bbox 3489 836 3667 890; x_wconf 76' lang='grc' dir='ltr'>Θεοῦ.</span> <span class='ocrx_word' id='word_1_147' title='bbox 3731 830 3802 885; x_wconf 83' lang='lat'><strong>05</strong></span> 
     </span>
    </p>
   </div>
   <div class='ocr_carea' id='block_1_24' title="bbox 2131 912 3803 988">
    <p class='ocr_par' dir='ltr' id='par_1_24' title="bbox 2131 912 3803 988">
     <span class='ocr_line' id='line_1_24' title="bbox 2131 912 3803 988; baseline 0.002 -18"><span class='ocrx_word' id='word_1_148' title='bbox 2131 912 2346 971; x_wconf 79' lang='grc' dir='ltr'>δύνασαι</span> <span class='ocrx_word' id='word_1_149' title='bbox 2431 926 2609 971; x_wconf 78' lang='grc' dir='ltr'>ποιεῖν</span> <span class='ocrx_word' id='word_1_150' title='bbox 2693 935 2758 988; x_wconf 77' lang='grc' dir='ltr'><strong>με</strong></span> <span class='ocrx_word' id='word_1_151' title='bbox 2848 913 3108 986; x_wconf 78' lang='grc' dir='ltr'>ψεύστην.</span> <span class='ocrx_word' id='word_1_152' title='bbox 3197 916 3440 972; x_wconf 78' lang='grc' dir='ltr'>Μάνθανε</span> <span class='ocrx_word' id='word_1_153' title='bbox 3514 917 3641 974; x_wconf 69' lang='grc' dir='ltr'>ἀπὸ</span> <span class='ocrx_word' id='word_1_154' title='bbox 3711 923 3803 974; x_wconf 78' lang='grc' dir='ltr'>τοῦ</span> 
     </span>
    </p>
   </div>
   <div class='ocr_carea' id='block_1_25' title="bbox 2132 1000 3800 1083">
    <p class='ocr_par' dir='ltr' id='par_1_25' title="bbox 2132 1000 3800 1083">
     <span class='ocr_line' id='line_1_25' title="bbox 2132 1000 3800 1083; baseline 0.002 -25"><span class='ocrx_word' id='word_1_155' title='bbox 2132 1004 2428 1083; x_wconf 76' lang='grc' dir='ltr'>Μουχάμετ</span> <span class='ocrx_word' id='word_1_156' title='bbox 2457 1005 2545 1060; x_wconf 79' lang='grc' dir='ltr'><strong>καὶ</strong></span> <span class='ocrx_word' id='word_1_157' title='bbox 2574 1003 2733 1060; x_wconf 85' lang='lat'><strong>10510</strong></span> <span class='ocrx_word' id='word_1_158' title='bbox 2771 1020 2785 1034; x_wconf 83' lang='lat'><strong><em>°</em></strong></span> <span class='ocrx_word' id='word_1_159' title='bbox 2827 1021 2858 1062; x_wconf 87' lang='grc'><strong>(</strong></span> <span class='ocrx_word' id='word_1_160' title='bbox 2890 1000 2958 1059; x_wconf 82' lang='grc' dir='ltr'><strong>Εἴ</strong></span> <span class='ocrx_word' id='word_1_161' title='bbox 3002 1023 3080 1065; x_wconf 82' lang='grc' dir='ltr'><strong>τις</strong></span> <span class='ocrx_word' id='word_1_162' title='bbox 3121 1004 3288 1060; x_wconf 67' lang='grc' dir='ltr'>ταῦτα</span> <span class='ocrx_word' id='word_1_163' title='bbox 3331 1019 3488 1062; x_wconf 77' lang='grc' dir='ltr'>ποιεῖ</span> <span class='ocrx_word' id='word_1_164' title='bbox 3519 1008 3622 1062; x_wconf 72' lang='grc' dir='ltr'><strong>καὶ</strong></span> <span class='ocrx_word' id='word_1_165' title='bbox 3655 1009 3800 1079; x_wconf 70' lang='grc' dir='ltr'>ὁμο-</span> 
     </span>
    </p>
   </div>
   <div class='ocr_carea' id='block_1_26' title="bbox 2129 1089 3800 1172">
    <p class='ocr_par' dir='ltr' id='par_1_26' title="bbox 2129 1089 3800 1172">
     <span class='ocr_line' id='line_1_26' title="bbox 2129 1089 3800 1172; baseline 0.001 -25"><span class='ocrx_word' id='word_1_166' title='bbox 2129 1092 2310 1172; x_wconf 79' lang='grc' dir='ltr'><strong>λογετ³</strong></span> <span class='ocrx_word' id='word_1_167' title='bbox 2373 1092 2516 1147; x_wconf 77' lang='grc' dir='ltr'>ἔστιν</span> <span class='ocrx_word' id='word_1_168' title='bbox 2562 1094 2658 1150; x_wconf 86' lang='lat'><strong>105</strong></span> <span class='ocrx_word' id='word_1_169' title='bbox 2703 1089 3044 1168; x_wconf 76' lang='grc' dir='ltr'>παραδείσου.</span> <span class='ocrx_word' id='word_1_170' title='bbox 3104 1094 3204 1150; x_wconf 79' lang='grc' dir='ltr'><strong>Καὶ</strong></span> <span class='ocrx_word' id='word_1_171' title='bbox 3248 1093 3396 1156; x_wconf 82' lang='grc' dir='ltr'>ὅστις</span> <span class='ocrx_word' id='word_1_172' title='bbox 3459 1096 3524 1150; x_wconf 82' lang='lat' dir='ltr'><strong>o5</strong></span> <span class='ocrx_word' id='word_1_173' title='bbox 3553 1097 3800 1171; x_wconf 75' lang='grc' dir='ltr'>καθαρε-</span> 
     </span>
    </p>
   </div>
   <div class='ocr_carea' id='block_1_27' title="bbox 2127 1177 3799 1262">
    <p class='ocr_par' dir='ltr' id='par_1_27' title="bbox 2127 1177 3799 1262">
     <span class='ocr_line' id='line_1_27' title="bbox 2127 1177 3799 1262; baseline 0.001 -26"><span class='ocrx_word' id='word_1_174' title='bbox 2127 1188 2203 1253; x_wconf 77' lang='grc' dir='ltr'>ζει</span> <span class='ocrx_word' id='word_1_175' title='bbox 2237 1182 2421 1238; x_wconf 80' lang='grc' dir='ltr'>ἑαυτὸν</span> <span class='ocrx_word' id='word_1_176' title='bbox 2455 1181 2589 1256; x_wconf 83' lang='grc' dir='ltr'>μετᾶ</span> <span class='ocrx_word' id='word_1_177' title='bbox 2629 1178 2841 1260; x_wconf 73' lang='grc' dir='ltr'><strong>ὕδατος⁷</strong></span> <span class='ocrx_word' id='word_1_178' title='bbox 2875 1181 2937 1237; x_wconf 74' lang='grc' dir='ltr'>οὗ</span> <span class='ocrx_word' id='word_1_179' title='bbox 2993 1177 3168 1256; x_wconf 83' lang='grc' dir='ltr'>τολμᾷ</span> <span class='ocrx_word' id='word_1_180' title='bbox 3219 1182 3475 1262; x_wconf 64' lang='grc' dir='ltr'>εὔχεσθαι</span> <span class='ocrx_word' id='word_1_181' title='bbox 3531 1184 3799 1261; x_wconf 73' lang='grc' dir='ltr'>πώποτε,</span> 
     </span>
    </p>
   </div>
   <div class='ocr_carea' id='block_1_28' title="bbox 2126 1270 3799 1350">
    <p class='ocr_par' dir='ltr' id='par_1_28' title="bbox 2126 1270 3799 1350">
     <span class='ocr_line' id='line_1_28' title="bbox 2126 1270 3799 1350; baseline -0.001 -23"><span class='ocrx_word' id='word_1_182' title='bbox 2126 1270 2224 1327; x_wconf 80' lang='grc' dir='ltr'>καῖ</span> <span class='ocrx_word' id='word_1_183' title='bbox 2284 1273 2312 1327; x_wconf 77' lang='grc' dir='ltr'>ὁ</span> <span class='ocrx_word' id='word_1_184' title='bbox 2356 1273 2644 1350; x_wconf 65' lang='grc' dir='ltr'>συναφθεὶς</span> <span class='ocrx_word' id='word_1_185' title='bbox 2700 1277 2769 1347; x_wconf 80' lang='grc' dir='ltr'><strong>τῇ</strong></span> <span class='ocrx_word' id='word_1_186' title='bbox 2829 1271 3034 1350; x_wconf 76' lang='grc' dir='ltr'>συζύγω</span> <span class='ocrx_word' id='word_1_187' title='bbox 3076 1275 3258 1350; x_wconf 68' lang='grc' dir='ltr'>αὐτοῦ,</span> <span class='ocrx_word' id='word_1_188' title='bbox 3317 1274 3380 1329; x_wconf 75' lang='grc' dir='ltr'>οὗ</span> <span class='ocrx_word' id='word_1_189' title='bbox 3445 1274 3630 1348; x_wconf 81' lang='grc' dir='ltr'>μόνον</span> <span class='ocrx_word' id='word_1_190' title='bbox 3695 1272 3799 1338; x_wconf 71' lang='grc' dir='ltr'>τὴν</span> 
     </span>
    </p>
   </div>
   <div class='ocr_carea' id='block_1_29' title="bbox 2125 1359 3796 1439">
    <p class='ocr_par' dir='ltr' id='par_1_29' title="bbox 2125 1359 3796 1439">
     <span class='ocr_line' id='line_1_29' title="bbox 2125 1359 3796 1439; baseline -0.001 -22"><span class='ocrx_word' id='word_1_191' title='bbox 2125 1360 2380 1439; x_wconf 76' lang='grc' dir='ltr'>καθέδραν</span> <span class='ocrx_word' id='word_1_192' title='bbox 2439 1359 2648 1431; x_wconf 81' lang='grc' dir='ltr'>πλύνει,</span> <span class='ocrx_word' id='word_1_193' title='bbox 2727 1359 2847 1416; x_wconf 72' lang='grc' dir='ltr'>ἀλλ’</span> <span class='ocrx_word' id='word_1_194' title='bbox 2921 1362 3028 1419; x_wconf 78' lang='grc' dir='ltr'>ἀπὸ</span> <span class='ocrx_word' id='word_1_195' title='bbox 3100 1366 3332 1438; x_wconf 63' lang='grc' dir='ltr'>κορυφῆς</span> <span class='ocrx_word' id='word_1_196' title='bbox 3405 1362 3514 1427; x_wconf 76' lang='grc' dir='ltr'><strong>ἕως</strong></span> <span class='ocrx_word' id='word_1_197' title='bbox 3599 1361 3796 1418; x_wconf 66' lang='grc' dir='ltr'>ποδῶν</span> 
     </span>
    </p>
   </div>
   <div class='ocr_carea' id='block_1_30' title="bbox 2127 1448 3796 1530">
    <p class='ocr_par' dir='ltr' id='par_1_30' title="bbox 2127 1448 3796 1530">
     <span class='ocr_line' id='line_1_30' title="bbox 2127 1448 3796 1530; baseline 0.002 -24"><span class='ocrx_word' id='word_1_198' title='bbox 2127 1449 2368 1506; x_wconf 84' lang='grc' dir='ltr'>πλυνέτω</span> <span class='ocrx_word' id='word_1_199' title='bbox 2425 1450 2560 1523; x_wconf 80' lang='grc' dir='ltr'>μετά</span> <span class='ocrx_word' id='word_1_200' title='bbox 2615 1448 2805 1512; x_wconf 71' lang='grc' dir='ltr'>ὕδατος</span> <span class='ocrx_word' id='word_1_201' title='bbox 2836 1466 2850 1481; x_wconf 85' lang='grc'><strong><em>⁸</em></strong></span> <span class='ocrx_word' id='word_1_202' title='bbox 2914 1454 3002 1508; x_wconf 82' lang='grc' dir='ltr'><strong>καὶ</strong></span> <span class='ocrx_word' id='word_1_203' title='bbox 3060 1451 3174 1507; x_wconf 77' lang='grc' dir='ltr'>τότε</span> <span class='ocrx_word' id='word_1_204' title='bbox 3234 1450 3352 1530; x_wconf 76' lang='grc' dir='ltr'>ἔχει</span> <span class='ocrx_word' id='word_1_205' title='bbox 3410 1451 3674 1516; x_wconf 73' lang='grc' dir='ltr'>ὶξουσίαν</span> <span class='ocrx_word' id='word_1_206' title='bbox 3701 1461 3796 1510; x_wconf 70' lang='lat'><strong>105</strong></span> 
     </span>
    </p>
   </div>
   <div class='ocr_carea' id='block_1_31' title="bbox 2129 1539 3790 1619">
    <p class='ocr_par' dir='ltr' id='par_1_31' title="bbox 2129 1539 3790 1619">
     <span class='ocr_line' id='line_1_31' title="bbox 2129 1539 3790 1619; baseline 0.002 -25"><span class='ocrx_word' id='word_1_207' title='bbox 2129 1539 2376 1618; x_wconf 68' lang='grc' dir='ltr'>εὔχεσθαι</span> <span class='ocrx_word' id='word_1_208' title='bbox 2423 1541 2509 1595; x_wconf 84' lang='grc' dir='ltr'><strong>καὶ</strong></span> <span class='ocrx_word' id='word_1_209' title='bbox 2567 1539 2711 1595; x_wconf 74' lang='grc' dir='ltr'>εἶναι</span> <span class='ocrx_word' id='word_1_210' title='bbox 2765 1547 2858 1596; x_wconf 74' lang='grc' dir='ltr'>τοῦ</span> <span class='ocrx_word' id='word_1_211' title='bbox 2906 1539 3247 1619; x_wconf 73' lang='grc' dir='ltr'>παραδείσω,</span> <span class='ocrx_word' id='word_1_212' title='bbox 3290 1564 3311 1594; x_wconf 74' lang='grc' dir='ltr'><strong>ι</strong></span> <span class='ocrx_word' id='word_1_213' title='bbox 3383 1550 3486 1618; x_wconf 50' lang='grc' dir='ltr'><strong>Καὶ</strong></span> <span class='ocrx_word' id='word_1_214' title='bbox 3530 1541 3714 1600; x_wconf 69' lang='grc' dir='ltr'>πάλιν</span> <span class='ocrx_word' id='word_1_215' title='bbox 3758 1545 3790 1608; x_wconf 71' lang='grc' dir='ltr'><strong>ἡ</strong></span> 
     </span>
    </p>
   </div>
   <div class='ocr_carea' id='block_1_32' title="bbox 2130 1627 3791 1708">
    <p class='ocr_par' dir='ltr' id='par_1_32' title="bbox 2130 1627 3791 1708">
     <span class='ocr_line' id='line_1_32' title="bbox 2130 1627 3791 1708; baseline -0.001 -24"><span class='ocrx_word' id='word_1_216' title='bbox 2130 1627 2339 1705; x_wconf 74' lang='grc' dir='ltr'>κήρυξις</span> <span class='ocrx_word' id='word_1_217' title='bbox 2395 1630 2488 1683; x_wconf 81' lang='lat'><strong>105</strong></span> <span class='ocrx_word' id='word_1_218' title='bbox 2521 1630 2816 1708; x_wconf 75' lang='grc' dir='ltr'>Μουχάμετ</span> <span class='ocrx_word' id='word_1_219' title='bbox 2846 1650 2938 1684; x_wconf 90' lang='grc' dir='ltr'><strong>σου</strong></span> <span class='ocrx_word' id='word_1_220' title='bbox 2969 1629 3138 1692; x_wconf 73' lang='grc' dir='ltr'>οὕτως</span> <span class='ocrx_word' id='word_1_221' title='bbox 3186 1630 3329 1685; x_wconf 62' lang='grc' dir='ltr'>ἔστί)</span> <span class='ocrx_word' id='word_1_222' title='bbox 3365 1645 3379 1659; x_wconf 85' lang='grc'><strong>’</strong></span> <span class='ocrx_word' id='word_1_223' title='bbox 3449 1653 3480 1685; x_wconf 73' lang='grc' dir='ltr'><strong>α</strong></span> <span class='ocrx_word' id='word_1_224' title='bbox 3515 1629 3666 1688; x_wconf 66' lang='grc' dir='ltr'>Ἐὰν</span> <span class='ocrx_word' id='word_1_225' title='bbox 3714 1633 3791 1704; x_wconf 73' lang='grc' dir='ltr'>μή</span> 
     </span>
    </p>
   </div>
   <div class='ocr_carea' id='block_1_33' title="bbox 2129 1715 3656 1798">
    <p class='ocr_par' dir='ltr' id='par_1_33' title="bbox 2129 1715 3656 1798">
     <span class='ocr_line' id='line_1_33' title="bbox 2129 1715 3656 1798; baseline 0.002 -25"><span class='ocrx_word' id='word_1_226' title='bbox 2129 1721 2312 1794; x_wconf 68' lang='grc' dir='ltr'>εὗρεθῇ</span> <span class='ocrx_word' id='word_1_227' title='bbox 2340 1715 2498 1794; x_wconf 81' lang='grc' dir='ltr'>ὕδωρ,</span> <span class='ocrx_word' id='word_1_228' title='bbox 2531 1719 2645 1772; x_wconf 77' lang='grc' dir='ltr'>ἀντὶ</span> <span class='ocrx_word' id='word_1_229' title='bbox 2673 1725 2764 1775; x_wconf 80' lang='grc' dir='ltr'>τοῦ</span> <span class='ocrx_word' id='word_1_230' title='bbox 2789 1716 2976 1783; x_wconf 73' lang='grc' dir='ltr'>ὕδατος</span> <span class='ocrx_word' id='word_1_231' title='bbox 3004 1718 3203 1798; x_wconf 71' lang='grc' dir='ltr'>ὀφείλει</span> <span class='ocrx_word' id='word_1_232' title='bbox 3235 1720 3380 1775; x_wconf 78' lang='grc' dir='ltr'>εἶναι</span> <span class='ocrx_word' id='word_1_233' title='bbox 3411 1727 3578 1798; x_wconf 76' lang='grc' dir='ltr'>χοῦς.</span> <span class='ocrx_word' id='word_1_234' title='bbox 3621 1743 3656 1775; x_wconf 67' lang='grc' dir='ltr'><strong><em>ι</em></strong></span> 
     </span>
    </p>
   </div>
   <div class='ocr_carea' id='block_1_34' title="bbox 403 1795 3794 1888">
    <p class='ocr_par' dir='ltr' id='par_1_34' title="bbox 403 1795 3794 1888">
     <span class='ocr_line' id='line_1_34' title="bbox 403 1795 3794 1888; baseline 0.003 -31"><span class='ocrx_word' id='word_1_235' title='bbox 403 1795 583 1888; x_wconf 82' lang='lat' dir='ltr'><strong>debet</strong></span> <span class='ocrx_word' id='word_1_236' title='bbox 614 1799 1091 1888; x_wconf 60' lang='lat' dir='ltr'><strong>fundamentum,</strong></span> <span class='ocrx_word' id='word_1_237' title='bbox 1131 1811 1190 1864; x_wconf 93' lang='lat' dir='ltr'><strong>et</strong></span> <span class='ocrx_word' id='word_1_238' title='bbox 1219 1805 1488 1883; x_wconf 87' lang='lat' dir='ltr'><strong>podicem</strong></span> <span class='ocrx_word' id='word_1_239' title='bbox 1523 1805 1749 1885; x_wconf 84' lang='lat' dir='ltr'><strong>lavare,</strong></span> <span class='ocrx_word' id='word_1_240' title='bbox 1783 1809 1888 1867; x_wconf 91' lang='lat' dir='ltr'><strong>sed</strong></span> <span class='ocrx_word' id='word_1_241' title='bbox 1925 1826 1956 1868; x_wconf 74' lang='grc' dir='ltr'><strong>ιι</strong></span> <span class='ocrx_word' id='word_1_242' title='bbox 1992 1807 2185 1886; x_wconf 87' lang='lat' dir='ltr'><strong>capite</strong></span> <span class='ocrx_word' id='word_1_243' title='bbox 2217 1805 2290 1865; x_wconf 91' lang='lat' dir='ltr'><strong>ad</strong></span> <span class='ocrx_word' id='word_1_244' title='bbox 2323 1806 2551 1867; x_wconf 89' lang='lat' dir='ltr'><strong>calcem</strong></span> <span class='ocrx_word' id='word_1_245' title='bbox 2581 1805 2760 1867; x_wconf 87' lang='lat' dir='ltr'><strong>debet</strong></span> <span class='ocrx_word' id='word_1_246' title='bbox 2801 1815 2958 1867; x_wconf 92' lang='lat' dir='ltr'><strong>totus</strong></span> <span class='ocrx_word' id='word_1_247' title='bbox 2987 1795 3140 1888; x_wconf 84' lang='lat' dir='ltr'><strong>aqua</strong></span> <span class='ocrx_word' id='word_1_248' title='bbox 3174 1807 3377 1881; x_wconf 88' lang='lat' dir='ltr'><strong>lavari,</strong></span> <span class='ocrx_word' id='word_1_249' title='bbox 3413 1795 3474 1869; x_wconf 74' lang='lat' dir='ltr'><strong>et</strong></span> <span class='ocrx_word' id='word_1_250' title='bbox 3508 1817 3664 1868; x_wconf 90' lang='lat' dir='ltr'><strong>tunc</strong></span> <span class='ocrx_word' id='word_1_251' title='bbox 3690 1809 3794 1888; x_wconf 84' lang='lat' dir='ltr'><strong>jus</strong></span> 
     </span>
    </p>
   </div>
   <div class='ocr_carea' id='block_1_35' title="bbox 403 1886 3793 1979">
    <p class='ocr_par' dir='ltr' id='par_1_35' title="bbox 403 1886 3793 1979">
     <span class='ocr_line' id='line_1_35' title="bbox 403 1886 3793 1979; baseline 0.004 -34"><span class='ocrx_word' id='word_1_252' title='bbox 403 1886 657 1979; x_wconf 81' lang='lat' dir='ltr'><strong>acquirit</strong></span> <span class='ocrx_word' id='word_1_253' title='bbox 688 1905 901 1966; x_wconf 87' lang='lat' dir='ltr'><strong>preces</strong></span> <span class='ocrx_word' id='word_1_254' title='bbox 931 1891 1241 1964; x_wconf 83' lang='lat' dir='ltr'><strong>fundendi,</strong></span> <span class='ocrx_word' id='word_1_255' title='bbox 1277 1903 1334 1955; x_wconf 92' lang='lat' dir='ltr'><strong>et</strong></span> <span class='ocrx_word' id='word_1_256' title='bbox 1367 1895 1703 1974; x_wconf 86' lang='lat' dir='ltr'><strong>paradisum</strong></span> <span class='ocrx_word' id='word_1_257' title='bbox 1736 1896 2128 1976; x_wconf 87' lang='lat' dir='ltr'><strong>adipiscendi.</strong></span> <span class='ocrx_word' id='word_1_258' title='bbox 2169 1897 2250 1958; x_wconf 89' lang='lat' dir='ltr'><strong>Et-</strong></span> <span class='ocrx_word' id='word_1_259' title='bbox 2269 1913 2476 1956; x_wconf 86' lang='lat' dir='ltr'><strong>rursus</strong></span> <span class='ocrx_word' id='word_1_260' title='bbox 2523 1894 2636 1956; x_wconf 88' lang='lat' dir='ltr'><strong>alia</strong></span> <span class='ocrx_word' id='word_1_261' title='bbox 2664 1903 2748 1956; x_wconf 88' lang='lat' dir='ltr'><strong>est</strong></span> <span class='ocrx_word' id='word_1_262' title='bbox 2797 1886 3138 1973; x_wconf 60' lang='lat' dir='ltr'><strong>praedicatio</strong></span> <span class='ocrx_word' id='word_1_263' title='bbox 3169 1897 3624 1960; x_wconf 79' lang='lat' dir='ltr'><strong>Mubammedis</strong></span> <span class='ocrx_word' id='word_1_264' title='bbox 3656 1886 3793 1979; x_wconf 64' lang='lat' dir='ltr'><strong>qua</strong></span> 
     </span>
    </p>
   </div>
   <div class='ocr_carea' id='block_1_36' title="bbox 402 1977 3074 2065">
    <p class='ocr_par' dir='ltr' id='par_1_36' title="bbox 402 1977 3074 2065">
     <span class='ocr_line' id='line_1_36' title="bbox 402 1977 3074 2065; baseline 0.001 -27"><span class='ocrx_word' id='word_1_265' title='bbox 402 1977 488 2038; x_wconf 88' lang='lat' dir='ltr'><strong>sic</strong></span> <span class='ocrx_word' id='word_1_266' title='bbox 520 1995 584 2037; x_wconf 90' lang='lat' dir='ltr'><strong>se</strong></span> <span class='ocrx_word' id='word_1_267' title='bbox 617 1977 794 2040; x_wconf 89' lang='lat' dir='ltr'><strong>habet</strong></span> <span class='ocrx_word' id='word_1_268' title='bbox 837 1999 852 2039; x_wconf 90' lang='lat'><strong>:</strong></span> <span class='ocrx_word' id='word_1_269' title='bbox 896 2004 916 2037; x_wconf 79' lang='grc' dir='ltr'><strong>ι</strong></span> <span class='ocrx_word' id='word_1_270' title='bbox 945 1979 1057 2044; x_wconf 92' lang='lat' dir='ltr'><strong>Ubi</strong></span> <span class='ocrx_word' id='word_1_271' title='bbox 1091 1983 1282 2044; x_wconf 90' lang='lat' dir='ltr'><strong>deerit</strong></span> <span class='ocrx_word' id='word_1_272' title='bbox 1304 2001 1473 2063; x_wconf 70' lang='lat' dir='ltr'><strong>aqure</strong></span> <span class='ocrx_word' id='word_1_273' title='bbox 1503 1985 1700 2064; x_wconf 87' lang='lat' dir='ltr'><strong>copia,</strong></span> <span class='ocrx_word' id='word_1_274' title='bbox 1735 1985 1866 2047; x_wconf 93' lang='lat' dir='ltr'><strong>loco</strong></span> <span class='ocrx_word' id='word_1_275' title='bbox 1899 2003 2068 2065; x_wconf 69' lang='lat' dir='ltr'><strong>aqum</strong></span> <span class='ocrx_word' id='word_1_276' title='bbox 2097 1986 2278 2049; x_wconf 85' lang='lat' dir='ltr'><strong>debet</strong></span> <span class='ocrx_word' id='word_1_277' title='bbox 2309 1985 2397 2046; x_wconf 83' lang='lat' dir='ltr'><strong>uti</strong></span> <span class='ocrx_word' id='word_1_278' title='bbox 2423 1985 2667 2065; x_wconf 80' lang='lat' dir='ltr'><strong>pulvere</strong></span> <span class='ocrx_word' id='word_1_279' title='bbox 2690 2003 2795 2046; x_wconf 89' lang='lat' dir='ltr'><strong>seu</strong></span> <span class='ocrx_word' id='word_1_280' title='bbox 2826 1992 3010 2048; x_wconf 88' lang='lat' dir='ltr'><strong>terra.</strong></span> <span class='ocrx_word' id='word_1_281' title='bbox 3047 2010 3074 2042; x_wconf 69' lang='grc' dir='ltr'><strong><em>ι</em></strong></span> 
     </span>
    </p>
   </div>
   <div class='ocr_carea' id='block_1_37' title="bbox 484 2065 2100 2152">
    <p class='ocr_par' dir='ltr' id='par_1_37' title="bbox 484 2065 2100 2152">
     <span class='ocr_line' id='line_1_37' title="bbox 484 2065 2100 2152; baseline 0.004 -26"><span class='ocrx_word' id='word_1_282' title='bbox 484 2065 643 2127; x_wconf 84' lang='lat' dir='ltr'><strong>Audi</strong></span> <span class='ocrx_word' id='word_1_283' title='bbox 669 2069 890 2149; x_wconf 83' lang='lat' dir='ltr'><strong>quippe</strong></span> <span class='ocrx_word' id='word_1_284' title='bbox 904 2069 1224 2150; x_wconf 87' lang='lat' dir='ltr'><strong>diligenter</strong></span> <span class='ocrx_word' id='word_1_285' title='bbox 1247 2091 1380 2134; x_wconf 89' lang='lat' dir='ltr'><strong>eum</strong></span> <span class='ocrx_word' id='word_1_286' title='bbox 1405 2073 1504 2152; x_wconf 91' lang='lat' dir='ltr'><strong>qui</strong></span> <span class='ocrx_word' id='word_1_287' title='bbox 1523 2083 1682 2134; x_wconf 90' lang='lat' dir='ltr'><strong>recta</strong></span> <span class='ocrx_word' id='word_1_288' title='bbox 1706 2074 2037 2137; x_wconf 91' lang='lat' dir='ltr'><strong>institutio-</strong></span> <span class='ocrx_word' id='word_1_289' title='bbox 2066 2083 2100 2132; x_wconf 74' lang='grc' dir='ltr'><strong><em>Β</em></strong></span> 
     </span>
    </p>
   </div>
   <div class='ocr_carea' id='block_1_38' title="bbox 403 2155 2040 2245">
    <p class='ocr_par' dir='ltr' id='par_1_38' title="bbox 403 2155 2040 2245">
     <span class='ocr_line' id='line_1_38' title="bbox 403 2155 2040 2245; baseline 0.005 -29"><span class='ocrx_word' id='word_1_290' title='bbox 403 2173 478 2216; x_wconf 89' lang='lat' dir='ltr'><strong>ne</strong></span> <span class='ocrx_word' id='word_1_291' title='bbox 506 2155 764 2245; x_wconf 82' lang='lat' dir='ltr'><strong>voluitte</strong></span> <span class='ocrx_word' id='word_1_292' title='bbox 791 2158 1105 2224; x_wconf 87' lang='lat' dir='ltr'><strong>docere.Si</strong></span> <span class='ocrx_word' id='word_1_293' title='bbox 1127 2161 1495 2239; x_wconf 89' lang='lat' dir='ltr'><strong>contingatte</strong></span> <span class='ocrx_word' id='word_1_294' title='bbox 1509 2163 1814 2226; x_wconf 60' lang='lat' dir='ltr'><strong>harerein</strong></span> <span class='ocrx_word' id='word_1_295' title='bbox 1830 2181 2040 2245; x_wconf 90' lang='lat' dir='ltr'><strong>campo</strong></span> 
     </span>
    </p>
   </div>
   <div class='ocr_carea' id='block_1_39' title="bbox 401 2244 2039 2329">
    <p class='ocr_par' dir='ltr' id='par_1_39' title="bbox 401 2244 2039 2329">
     <span class='ocr_line' id='line_1_39' title="bbox 401 2244 2039 2329; baseline 0.006 -25"><span class='ocrx_word' id='word_1_296' title='bbox 401 2244 581 2306; x_wconf 88' lang='lat' dir='ltr'><strong>nullis</strong></span> <span class='ocrx_word' id='word_1_297' title='bbox 609 2247 779 2325; x_wconf 89' lang='lat' dir='ltr'><strong>aquis</strong></span> <span class='ocrx_word' id='word_1_298' title='bbox 831 2249 1076 2329; x_wconf 88' lang='lat' dir='ltr'><strong>irriguo,</strong></span> <span class='ocrx_word' id='word_1_299' title='bbox 1131 2252 1220 2313; x_wconf 87' lang='lat' dir='ltr'><strong>vel</strong></span> <span class='ocrx_word' id='word_1_300' title='bbox 1272 2253 1332 2312; x_wconf 91' lang='lat' dir='ltr'><strong>in</strong></span> <span class='ocrx_word' id='word_1_301' title='bbox 1393 2260 1614 2326; x_wconf 88' lang='lat' dir='ltr'><strong>monte,</strong></span> <span class='ocrx_word' id='word_1_302' title='bbox 1650 2254 1891 2314; x_wconf 89' lang='lat' dir='ltr'><strong>omnino</strong></span> <span class='ocrx_word' id='word_1_303' title='bbox 1921 2244 2039 2314; x_wconf 87' lang='lat' dir='ltr'><strong>non</strong></span> 
     </span>
    </p>
   </div>
   <div class='ocr_carea' id='block_1_40' title="bbox 401 2333 2038 2419">
    <p class='ocr_par' dir='ltr' id='par_1_40' title="bbox 401 2333 2038 2419">
     <span class='ocr_line' id='line_1_40' title="bbox 401 2333 2038 2419; baseline 0.002 -21"><span class='ocrx_word' id='word_1_304' title='bbox 401 2333 588 2398; x_wconf 88' lang='lat' dir='ltr'><strong>habes</strong></span> <span class='ocrx_word' id='word_1_305' title='bbox 603 2335 939 2400; x_wconf 83' lang='lat' dir='ltr'><strong>facultatem</strong></span> <span class='ocrx_word' id='word_1_306' title='bbox 965 2340 1266 2403; x_wconf 83' lang='lat' dir='ltr'><strong>orandiSi</strong></span> <span class='ocrx_word' id='word_1_307' title='bbox 1289 2359 1429 2402; x_wconf 90' lang='lat' dir='ltr'><strong>vero</strong></span> <span class='ocrx_word' id='word_1_308' title='bbox 1457 2360 1616 2402; x_wconf 89' lang='lat' dir='ltr'><strong>mors</strong></span> <span class='ocrx_word' id='word_1_309' title='bbox 1640 2351 1695 2403; x_wconf 93' lang='lat' dir='ltr'><strong>te</strong></span> <span class='ocrx_word' id='word_1_310' title='bbox 1712 2343 2038 2419; x_wconf 88' lang='lat' dir='ltr'><strong>dereqente</strong></span> 
     </span>
    </p>
   </div>
   <div class='ocr_carea' id='block_1_41' title="bbox 397 2425 2036 2510">
    <p class='ocr_par' dir='ltr' id='par_1_41' title="bbox 397 2425 2036 2510">
     <span class='ocr_line' id='line_1_41' title="bbox 397 2425 2036 2510; baseline 0.002 -24"><span class='ocrx_word' id='word_1_311' title='bbox 397 2425 707 2504; x_wconf 85' lang='lat' dir='ltr'><strong>corripiat,</strong></span> <span class='ocrx_word' id='word_1_312' title='bbox 743 2426 917 2507; x_wconf 87' lang='lat' dir='ltr'><strong>plane</strong></span> <span class='ocrx_word' id='word_1_313' title='bbox 967 2429 1073 2490; x_wconf 90' lang='lat' dir='ltr'><strong>tibi</strong></span> <span class='ocrx_word' id='word_1_314' title='bbox 1110 2431 1479 2510; x_wconf 90' lang='lat' dir='ltr'><strong>pereundum</strong></span> <span class='ocrx_word' id='word_1_315' title='bbox 1512 2442 1599 2491; x_wconf 83' lang='lat' dir='ltr'><strong>est</strong></span> <span class='ocrx_word' id='word_1_316' title='bbox 1656 2433 1768 2492; x_wconf 86' lang='lat' dir='ltr'><strong>nisi</strong></span> <span class='ocrx_word' id='word_1_317' title='bbox 1802 2431 2036 2492; x_wconf 87' lang='lat' dir='ltr'><strong>obtem-</strong></span> 
     </span>
    </p>
   </div>
   <div class='ocr_carea' id='block_1_42' title="bbox 398 2517 2040 2600">
    <p class='ocr_par' dir='ltr' id='par_1_42' title="bbox 398 2517 2040 2600">
     <span class='ocr_line' id='line_1_42' title="bbox 398 2517 2040 2600; baseline 0.005 -27"><span class='ocrx_word' id='word_1_318' title='bbox 398 2529 571 2594; x_wconf 87' lang='lat' dir='ltr'><strong>peres</strong></span> <span class='ocrx_word' id='word_1_319' title='bbox 602 2517 876 2578; x_wconf 90' lang='lat' dir='ltr'><strong>mandato</strong></span> <span class='ocrx_word' id='word_1_320' title='bbox 911 2518 1475 2599; x_wconf 79' lang='lat' dir='ltr'><strong>prophetaetui,quo</strong></span> <span class='ocrx_word' id='word_1_321' title='bbox 1507 2521 1777 2582; x_wconf 87' lang='lat' dir='ltr'><strong>concedit</strong></span> <span class='ocrx_word' id='word_1_322' title='bbox 1805 2520 2040 2600; x_wconf 85' lang='lat' dir='ltr'><strong>etjubet</strong></span> 
     </span>
    </p>
   </div>
   <div class='ocr_carea' id='block_1_43' title="bbox 397 2601 2041 2689">
    <p class='ocr_par' dir='ltr' id='par_1_43' title="bbox 397 2601 2041 2689">
     <span class='ocr_line' id='line_1_43' title="bbox 397 2601 2041 2689; baseline 0.005 -27"><span class='ocrx_word' id='word_1_323' title='bbox 397 2610 485 2682; x_wconf 83' lang='lat' dir='ltr'><strong>ut,</strong></span> <span class='ocrx_word' id='word_1_324' title='bbox 520 2601 840 2668; x_wconf 90' lang='lat' dir='ltr'><strong>deﬁciente</strong></span> <span class='ocrx_word' id='word_1_325' title='bbox 869 2624 1043 2687; x_wconf 84' lang='lat' dir='ltr'><strong>aqua,</strong></span> <span class='ocrx_word' id='word_1_326' title='bbox 1079 2627 1194 2688; x_wconf 90' lang='lat' dir='ltr'><strong>qua</strong></span> <span class='ocrx_word' id='word_1_327' title='bbox 1227 2607 1409 2670; x_wconf 88' lang='lat' dir='ltr'><strong>lavari</strong></span> <span class='ocrx_word' id='word_1_328' title='bbox 1469 2609 1682 2689; x_wconf 87' lang='lat' dir='ltr'><strong>possis,</strong></span> <span class='ocrx_word' id='word_1_329' title='bbox 1715 2611 1842 2671; x_wconf 89' lang='lat' dir='ltr'><strong>vice</strong></span> <span class='ocrx_word' id='word_1_330' title='bbox 1872 2627 2041 2689; x_wconf 84' lang='lat' dir='ltr'><strong>aquae</strong></span> 
     </span>
    </p>
   </div>
   <div class='ocr_carea' id='block_1_44' title="bbox 397 2691 2037 2778">
    <p class='ocr_par' dir='ltr' id='par_1_44' title="bbox 397 2691 2037 2778">
     <span class='ocr_line' id='line_1_44' title="bbox 397 2691 2037 2778; baseline 0.004 -27"><span class='ocrx_word' id='word_1_331' title='bbox 397 2691 588 2771; x_wconf 80' lang='lat' dir='ltr'><strong>pessi</strong></span> <span class='ocrx_word' id='word_1_332' title='bbox 621 2693 928 2771; x_wconf 81' lang='lat' dir='ltr'><strong>pulverem</strong></span> <span class='ocrx_word' id='word_1_333' title='bbox 961 2713 1066 2757; x_wconf 91' lang='lat' dir='ltr'><strong>seu</strong></span> <span class='ocrx_word' id='word_1_334' title='bbox 1111 2707 1330 2758; x_wconf 89' lang='lat' dir='ltr'><strong>terram</strong></span> <span class='ocrx_word' id='word_1_335' title='bbox 1362 2716 1674 2778; x_wconf 87' lang='lat' dir='ltr'><strong>usurpare,</strong></span> <span class='ocrx_word' id='word_1_336' title='bbox 1711 2707 1768 2760; x_wconf 91' lang='lat' dir='ltr'><strong>et</strong></span> <span class='ocrx_word' id='word_1_337' title='bbox 1797 2718 1868 2760; x_wconf 91' lang='lat' dir='ltr'><strong>eo</strong></span> <span class='ocrx_word' id='word_1_338' title='bbox 1898 2699 2037 2759; x_wconf 84' lang='lat' dir='ltr'><strong>fun-</strong></span> 
     </span>
    </p>
   </div>
   <div class='ocr_carea' id='block_1_45' title="bbox 394 2780 2034 2868">
    <p class='ocr_par' dir='ltr' id='par_1_45' title="bbox 394 2780 2034 2868">
     <span class='ocr_line' id='line_1_45' title="bbox 394 2780 2034 2868; baseline 0.005 -28"><span class='ocrx_word' id='word_1_339' title='bbox 394 2780 741 2846; x_wconf 85' lang='lat' dir='ltr'><strong>damentum</strong></span> <span class='ocrx_word' id='word_1_340' title='bbox 771 2803 1047 2866; x_wconf 88' lang='lat' dir='ltr'><strong>purgare.</strong></span> <span class='ocrx_word' id='word_1_341' title='bbox 1075 2786 1205 2851; x_wconf 80' lang='lat' dir='ltr'><strong>Jam</strong></span> <span class='ocrx_word' id='word_1_342' title='bbox 1232 2805 1438 2858; x_wconf 89' lang='lat' dir='ltr'><strong>vero,o</strong></span> <span class='ocrx_word' id='word_1_343' title='bbox 1454 2789 2034 2868; x_wconf 85' lang='lat' dir='ltr'><strong>Agarene,dicmihi,</strong></span> 
     </span>
    </p>
   </div>
   <div class='ocr_carea' id='block_1_46' title="bbox 394 2877 2036 2958">
    <p class='ocr_par' dir='ltr' id='par_1_46' title="bbox 394 2877 2036 2958">
     <span class='ocr_line' id='line_1_46' title="bbox 394 2877 2036 2958; baseline 0.002 -24"><span class='ocrx_word' id='word_1_344' title='bbox 394 2890 531 2934; x_wconf 92' lang='lat' dir='ltr'><strong>cum</strong></span> <span class='ocrx_word' id='word_1_345' title='bbox 558 2891 734 2937; x_wconf 83' lang='lat' dir='ltr'><strong>manu</strong></span> <span class='ocrx_word' id='word_1_346' title='bbox 767 2877 1073 2957; x_wconf 83' lang='lat' dir='ltr'><strong>pulverem</strong></span> <span class='ocrx_word' id='word_1_347' title='bbox 1109 2877 1422 2956; x_wconf 83' lang='lat' dir='ltr'><strong>collegisti,</strong></span> <span class='ocrx_word' id='word_1_348' title='bbox 1464 2889 1523 2939; x_wconf 92' lang='lat' dir='ltr'><strong>et</strong></span> <span class='ocrx_word' id='word_1_349' title='bbox 1555 2897 1730 2939; x_wconf 88' lang='lat' dir='ltr'><strong>manu</strong></span> <span class='ocrx_word' id='word_1_350' title='bbox 1763 2879 2036 2958; x_wconf 91' lang='lat' dir='ltr'><strong>podicem</strong></span> 
     </span>
    </p>
   </div>
   <div class='ocr_carea' id='block_1_47' title="bbox 393 2962 2039 3047">
    <p class='ocr_par' dir='ltr' id='par_1_47' title="bbox 393 2962 2039 3047">
     <span class='ocr_line' id='line_1_47' title="bbox 393 2962 2039 3047; baseline 0.003 -25"><span class='ocrx_word' id='word_1_351' title='bbox 393 2962 607 3025; x_wconf 89' lang='lat' dir='ltr'><strong>trivisti</strong></span> <span class='ocrx_word' id='word_1_352' title='bbox 641 2974 700 3027; x_wconf 86' lang='lat' dir='ltr'><strong>et</strong></span> <span class='ocrx_word' id='word_1_353' title='bbox 727 2966 1053 3042; x_wconf 88' lang='lat' dir='ltr'><strong>del&#39;ricasti,</strong></span> <span class='ocrx_word' id='word_1_354' title='bbox 1073 2986 1272 3029; x_wconf 91' lang='lat' dir='ltr'><strong>annon</strong></span> <span class='ocrx_word' id='word_1_355' title='bbox 1300 2969 1579 3029; x_wconf 88' lang='lat' dir='ltr'><strong>manusin</strong></span> <span class='ocrx_word' id='word_1_356' title='bbox 1613 2967 1716 3028; x_wconf 91' lang='lat' dir='ltr'><strong>illo</strong></span> <span class='ocrx_word' id='word_1_357' title='bbox 1747 2967 1914 3047; x_wconf 89' lang='lat' dir='ltr'><strong>quasi</strong></span> <span class='ocrx_word' id='word_1_358' title='bbox 1937 2985 2039 3026; x_wconf 91' lang='lat' dir='ltr'><strong>vo-</strong></span> 
     </span>
    </p>
   </div>
   <div class='ocr_carea' id='block_1_48' title="bbox 395 3051 2040 3137">
    <p class='ocr_par' dir='ltr' id='par_1_48' title="bbox 395 3051 2040 3137">
     <span class='ocr_line' id='line_1_48' title="bbox 395 3051 2040 3137; baseline 0.002 -25"><span class='ocrx_word' id='word_1_359' title='bbox 395 3051 621 3114; x_wconf 85' lang='lat' dir='ltr'><strong>lutatur</strong></span> <span class='ocrx_word' id='word_1_360' title='bbox 649 3061 707 3115; x_wconf 90' lang='lat' dir='ltr'><strong>et</strong></span> <span class='ocrx_word' id='word_1_361' title='bbox 733 3055 1102 3137; x_wconf 86' lang='lat' dir='ltr'><strong>inquinatur,</strong></span> <span class='ocrx_word' id='word_1_362' title='bbox 1136 3066 1196 3118; x_wconf 91' lang='lat' dir='ltr'><strong>et</strong></span> <span class='ocrx_word' id='word_1_363' title='bbox 1223 3065 1417 3117; x_wconf 86' lang='lat' dir='ltr'><strong>tamen</strong></span> <span class='ocrx_word' id='word_1_364' title='bbox 1443 3079 1475 3116; x_wconf 84' lang='lat' dir='ltr'><strong>a</strong></span> <span class='ocrx_word' id='word_1_365' title='bbox 1509 3063 1606 3116; x_wconf 92' lang='lat' dir='ltr'><strong>tuo</strong></span> <span class='ocrx_word' id='word_1_366' title='bbox 1626 3055 2040 3118; x_wconf 87' lang='lat' dir='ltr'><strong>Muhammede</strong></span> 
     </span>
    </p>
   </div>
   <div class='ocr_carea' id='block_1_49' title="bbox 395 3140 2039 3225">
    <p class='ocr_par' dir='ltr' id='par_1_49' title="bbox 395 3140 2039 3225">
     <span class='ocr_line' id='line_1_49' title="bbox 395 3140 2039 3225; baseline 0.003 -24"><span class='ocrx_word' id='word_1_367' title='bbox 395 3140 688 3202; x_wconf 87' lang='lat' dir='ltr'><strong>sencitum</strong></span> <span class='ocrx_word' id='word_1_368' title='bbox 721 3153 834 3225; x_wconf 86' lang='lat' dir='ltr'><strong>est,</strong></span> <span class='ocrx_word' id='word_1_369' title='bbox 869 3152 932 3205; x_wconf 91' lang='lat' dir='ltr'><strong>ut</strong></span> <span class='ocrx_word' id='word_1_370' title='bbox 963 3152 1210 3225; x_wconf 85' lang='lat' dir='ltr'><strong>purgato</strong></span> <span class='ocrx_word' id='word_1_371' title='bbox 1244 3154 1344 3208; x_wconf 90' lang='lat' dir='ltr'><strong>tuo</strong></span> <span class='ocrx_word' id='word_1_372' title='bbox 1384 3145 1620 3225; x_wconf 86' lang='lat' dir='ltr'><strong>podice,</strong></span> <span class='ocrx_word' id='word_1_373' title='bbox 1654 3163 1721 3206; x_wconf 92' lang='lat' dir='ltr'><strong>os</strong></span> <span class='ocrx_word' id='word_1_374' title='bbox 1755 3154 1941 3218; x_wconf 89' lang='lat' dir='ltr'><strong>tuum,</strong></span> <span class='ocrx_word' id='word_1_375' title='bbox 1981 3153 2039 3206; x_wconf 91' lang='lat' dir='ltr'><strong>et</strong></span> 
     </span>
    </p>
   </div>
   <div class='ocr_carea' id='block_1_50' title="bbox 392 3229 2030 3315">
    <p class='ocr_par' dir='ltr' id='par_1_50' title="bbox 392 3229 2030 3315">
     <span class='ocr_line' id='line_1_50' title="bbox 392 3229 2030 3315; baseline 0.004 -27"><span class='ocrx_word' id='word_1_376' title='bbox 392 3229 593 3292; x_wconf 78' lang='lat' dir='ltr'><strong>vultus</strong></span> <span class='ocrx_word' id='word_1_377' title='bbox 646 3240 782 3294; x_wconf 86' lang='lat' dir='ltr'><strong>tuus</strong></span> <span class='ocrx_word' id='word_1_378' title='bbox 833 3233 1030 3294; x_wconf 86' lang='lat' dir='ltr'><strong>statim</strong></span> <span class='ocrx_word' id='word_1_379' title='bbox 1083 3234 1260 3296; x_wconf 89' lang='lat' dir='ltr'><strong>etiam</strong></span> <span class='ocrx_word' id='word_1_380' title='bbox 1308 3235 1718 3315; x_wconf 88' lang='lat' dir='ltr'><strong>puriﬁcentur.</strong></span> <span class='ocrx_word' id='word_1_381' title='bbox 1750 3234 1918 3296; x_wconf 82' lang='lat' dir='ltr'><strong>Adeo</strong></span> <span class='ocrx_word' id='word_1_382' title='bbox 1947 3243 2030 3306; x_wconf 88' lang='lat' dir='ltr'><strong>nt,</strong></span> 
     </span>
    </p>
   </div>
   <div class='ocr_carea' id='block_1_51' title="bbox 395 3319 2034 3403">
    <p class='ocr_par' dir='ltr' id='par_1_51' title="bbox 395 3319 2034 3403">
     <span class='ocr_line' id='line_1_51' title="bbox 395 3319 2034 3403; baseline 0.002 -23"><span class='ocrx_word' id='word_1_383' title='bbox 395 3319 534 3381; x_wconf 87' lang='lat' dir='ltr'><strong>trito</strong></span> <span class='ocrx_word' id='word_1_384' title='bbox 565 3329 622 3383; x_wconf 88' lang='lat' dir='ltr'><strong>et</strong></span> <span class='ocrx_word' id='word_1_385' title='bbox 654 3331 900 3402; x_wconf 85' lang='lat' dir='ltr'><strong>purgato</strong></span> <span class='ocrx_word' id='word_1_386' title='bbox 936 3324 1148 3403; x_wconf 85' lang='lat' dir='ltr'><strong>podice</strong></span> <span class='ocrx_word' id='word_1_387' title='bbox 1182 3332 1454 3397; x_wconf 91' lang='lat' dir='ltr'><strong>tuo,cum</strong></span> <span class='ocrx_word' id='word_1_388' title='bbox 1490 3343 1668 3384; x_wconf 91' lang='lat' dir='ltr'><strong>manu</strong></span> <span class='ocrx_word' id='word_1_389' title='bbox 1692 3335 1794 3384; x_wconf 89' lang='lat' dir='ltr'><strong>tua</strong></span> <span class='ocrx_word' id='word_1_390' title='bbox 1811 3322 2034 3386; x_wconf 86' lang='lat' dir='ltr'><strong>debeas</strong></span> 
     </span>
    </p>
   </div>
   <div class='ocr_carea' id='block_1_52' title="bbox 2202 2073 3786 2154">
    <p class='ocr_par' dir='ltr' id='par_1_52' title="bbox 2202 2073 3786 2154">
     <span class='ocr_line' id='line_1_52' title="bbox 2202 2073 3786 2154; baseline 0 -22"><span class='ocrx_word' id='word_1_391' title='bbox 2202 2077 2470 2132; x_wconf 67' lang='grc' dir='ltr'>’Ἄκουσον</span> <span class='ocrx_word' id='word_1_392' title='bbox 2514 2077 2613 2152; x_wconf 82' lang='grc' dir='ltr'>γὰρ</span> <span class='ocrx_word' id='word_1_393' title='bbox 2658 2073 2888 2152; x_wconf 78' lang='grc' dir='ltr'>ἀκριϐῶς</span> <span class='ocrx_word' id='word_1_394' title='bbox 2947 2077 3089 2154; x_wconf 85' lang='grc' dir='ltr'>παρὰ</span> <span class='ocrx_word' id='word_1_395' title='bbox 3147 2084 3238 2134; x_wconf 88' lang='lat'><strong>105</strong></span> <span class='ocrx_word' id='word_1_396' title='bbox 3297 2077 3465 2154; x_wconf 74' lang='grc' dir='ltr'>ὀρθῶς</span> <span class='ocrx_word' id='word_1_397' title='bbox 3528 2075 3786 2142; x_wconf 67' lang='grc' dir='ltr'><strong>διδάξω·</strong></span> 
     </span>
    </p>
   </div>
   <div class='ocr_carea' id='block_1_53' title="bbox 2125 2165 3786 2244">
    <p class='ocr_par' dir='ltr' id='par_1_53' title="bbox 2125 2165 3786 2244">
     <span class='ocr_line' id='line_1_53' title="bbox 2125 2165 3786 2244; baseline 0.001 -23"><span class='ocrx_word' id='word_1_398' title='bbox 2125 2166 2215 2229; x_wconf 79' lang='grc' dir='ltr'><strong>τός</strong></span> <span class='ocrx_word' id='word_1_399' title='bbox 2271 2186 2330 2221; x_wconf 87' lang='grc' dir='ltr'><strong>σε</strong></span> <span class='ocrx_word' id='word_1_400' title='bbox 2365 2183 2382 2202; x_wconf 81' lang='grc' dir='ltr'><strong>ο</strong></span> <span class='ocrx_word' id='word_1_401' title='bbox 2449 2165 2616 2242; x_wconf 74' lang='grc' dir='ltr'>Εἴπερ</span> <span class='ocrx_word' id='word_1_402' title='bbox 2686 2165 3006 2244; x_wconf 72' lang='grc' dir='ltr'>παρατύχῃς</span> <span class='ocrx_word' id='word_1_403' title='bbox 3066 2167 3137 2230; x_wconf 81' lang='grc' dir='ltr'>εἷς</span> <span class='ocrx_word' id='word_1_404' title='bbox 3181 2167 3398 2240; x_wconf 80' lang='grc' dir='ltr'>κάμπον</span> <span class='ocrx_word' id='word_1_405' title='bbox 3452 2165 3717 2244; x_wconf 74' lang='grc' dir='ltr'>ἄνυδρον,</span> <span class='ocrx_word' id='word_1_406' title='bbox 3751 2169 3786 2235; x_wconf 67' lang='grc' dir='ltr'><strong>ἦ</strong></span> 
     </span>
    </p>
   </div>
   <div class='ocr_carea' id='block_1_54' title="bbox 2121 2252 3782 2334">
    <p class='ocr_par' dir='ltr' id='par_1_54' title="bbox 2121 2252 3782 2334">
     <span class='ocr_line' id='line_1_54' title="bbox 2121 2252 3782 2334; baseline 0.001 -24"><span class='ocrx_word' id='word_1_407' title='bbox 2121 2257 2334 2331; x_wconf 80' lang='grc' dir='ltr'>βουνὸν,</span> <span class='ocrx_word' id='word_1_408' title='bbox 2397 2253 2586 2308; x_wconf 72' lang='grc' dir='ltr'>λοιπὸν</span> <span class='ocrx_word' id='word_1_409' title='bbox 2644 2255 2738 2309; x_wconf 74' lang='grc' dir='ltr'><strong>οὒκ</strong></span> <span class='ocrx_word' id='word_1_410' title='bbox 2794 2252 2945 2333; x_wconf 77' lang='grc' dir='ltr'>ἔχεις</span> <span class='ocrx_word' id='word_1_411' title='bbox 3011 2253 3248 2318; x_wconf 72' lang='grc' dir='ltr'>ἐξουσίαν</span> <span class='ocrx_word' id='word_1_412' title='bbox 3305 2263 3399 2312; x_wconf 79' lang='grc' dir='ltr'>τοῦ</span> <span class='ocrx_word' id='word_1_413' title='bbox 3475 2254 3782 2334; x_wconf 74' lang='grc' dir='ltr'>εὔχεσθαι,</span> 
     </span>
    </p>
   </div>
   <div class='ocr_carea' id='block_1_55' title="bbox 2122 2341 3785 2421">
    <p class='ocr_par' dir='ltr' id='par_1_55' title="bbox 2122 2341 3785 2421">
     <span class='ocr_line' id='line_1_55' title="bbox 2122 2341 3785 2421; baseline 0.001 -21"><span class='ocrx_word' id='word_1_414' title='bbox 2122 2343 2272 2400; x_wconf 74' lang='grc' dir='ltr'>Ἀλλ’</span> <span class='ocrx_word' id='word_1_415' title='bbox 2339 2344 2428 2398; x_wconf 66' lang='grc' dir='ltr'><strong>ἐὰν</strong></span> <span class='ocrx_word' id='word_1_416' title='bbox 2489 2341 2736 2421; x_wconf 71' lang='grc' dir='ltr'>ἐξαίφνης</span> <span class='ocrx_word' id='word_1_417' title='bbox 2783 2341 2923 2419; x_wconf 72' lang='grc' dir='ltr'>λάϐῃ</span> <span class='ocrx_word' id='word_1_418' title='bbox 2967 2364 3026 2398; x_wconf 84' lang='grc' dir='ltr'><strong>οε</strong></span> <span class='ocrx_word' id='word_1_419' title='bbox 3056 2344 3305 2415; x_wconf 72' lang='grc' dir='ltr'>θάνατος,</span> <span class='ocrx_word' id='word_1_420' title='bbox 3336 2344 3561 2407; x_wconf 67' lang='grc' dir='ltr'>πάντως</span> <span class='ocrx_word' id='word_1_421' title='bbox 3592 2345 3785 2402; x_wconf 74' lang='grc' dir='ltr'>ἀπόλ-</span> 
     </span>
    </p>
   </div>
   <div class='ocr_carea' id='block_1_56' title="bbox 2121 2431 3784 2511">
    <p class='ocr_par' dir='ltr' id='par_1_56' title="bbox 2121 2431 3784 2511">
     <span class='ocr_line' id='line_1_56' title="bbox 2121 2431 3784 2511; baseline 0 -21"><span class='ocrx_word' id='word_1_422' title='bbox 2121 2433 2274 2490; x_wconf 83' lang='grc' dir='ltr'>λυσαι</span> <span class='ocrx_word' id='word_1_423' title='bbox 2309 2449 2321 2462; x_wconf 91' lang='grc'>⁶</span> <span class='ocrx_word' id='word_1_424' title='bbox 2363 2433 2447 2488; x_wconf 82' lang='grc' dir='ltr'><strong>καὶ</strong></span> <span class='ocrx_word' id='word_1_425' title='bbox 2479 2431 2569 2487; x_wconf 74' lang='grc' dir='ltr'>ἐὰν</span> <span class='ocrx_word' id='word_1_426' title='bbox 2602 2434 2836 2507; x_wconf 72' lang='grc' dir='ltr'>ποιήσῃς</span> <span class='ocrx_word' id='word_1_427' title='bbox 2895 2435 3022 2488; x_wconf 68' lang='grc' dir='ltr'>(ατὰ</span> <span class='ocrx_word' id='word_1_428' title='bbox 3069 2433 3170 2499; x_wconf 81' lang='grc' dir='ltr'>τὴν</span> <span class='ocrx_word' id='word_1_429' title='bbox 3213 2431 3441 2498; x_wconf 75' lang='grc' dir='ltr'>ἐντολὴν</span> <span class='ocrx_word' id='word_1_430' title='bbox 3488 2443 3588 2492; x_wconf 78' lang='grc' dir='ltr'>τοῦ</span> <span class='ocrx_word' id='word_1_431' title='bbox 3634 2456 3784 2511; x_wconf 78' lang='grc' dir='ltr'>προ-</span> 
     </span>
    </p>
   </div>
   <div class='ocr_carea' id='block_1_57' title="bbox 2121 2520 3782 2600">
    <p class='ocr_par' dir='ltr' id='par_1_57' title="bbox 2121 2520 3782 2600">
     <span class='ocr_line' id='line_1_57' title="bbox 2121 2520 3782 2600; baseline 0.01 -30"><span class='ocrx_word' id='word_1_432' title='bbox 2121 2525 2290 2600; x_wconf 69' lang='grc' dir='ltr'>φήτου</span> <span class='ocrx_word' id='word_1_433' title='bbox 2324 2545 2437 2593; x_wconf 76' lang='grc' dir='ltr'>σου,</span> <span class='ocrx_word' id='word_1_434' title='bbox 2493 2520 2574 2576; x_wconf 82' lang='grc' dir='ltr'><strong>ὅτι</strong></span> <span class='ocrx_word' id='word_1_435' title='bbox 2634 2520 2759 2576; x_wconf 82' lang='grc' dir='ltr'>ὅταν</span> <span class='ocrx_word' id='word_1_436' title='bbox 2811 2523 2888 2594; x_wconf 72' lang='grc' dir='ltr'>μή</span> <span class='ocrx_word' id='word_1_437' title='bbox 2945 2522 3185 2596; x_wconf 73' lang='grc' dir='ltr'>εὑρήσεις</span> <span class='ocrx_word' id='word_1_438' title='bbox 3214 2520 3375 2597; x_wconf 71' lang='grc' dir='ltr'>ὕδωρ,</span> <span class='ocrx_word' id='word_1_439' title='bbox 3415 2521 3513 2576; x_wconf 70' lang='grc' dir='ltr'><strong>ἵνα</strong></span> <span class='ocrx_word' id='word_1_440' title='bbox 3547 2521 3782 2598; x_wconf 60' lang='grc' dir='ltr'><strong>λοοδθῇς,</strong></span> 
     </span>
    </p>
   </div>
   <div class='ocr_carea' id='block_1_58' title="bbox 2121 2608 3779 2691">
    <p class='ocr_par' dir='ltr' id='par_1_58' title="bbox 2121 2608 3779 2691">
     <span class='ocr_line' id='line_1_58' title="bbox 2121 2608 3779 2691; baseline -0.009 -10"><span class='ocrx_word' id='word_1_441' title='bbox 2121 2615 2257 2691; x_wconf 67' lang='grc' dir='ltr'><strong>χοῦν</strong></span> <span class='ocrx_word' id='word_1_442' title='bbox 2315 2613 2427 2667; x_wconf 70' lang='grc' dir='ltr'>ἀντὶ</span> <span class='ocrx_word' id='word_1_443' title='bbox 2482 2620 2572 2669; x_wconf 74' lang='grc' dir='ltr'><strong>τοῦ</strong></span> <span class='ocrx_word' id='word_1_444' title='bbox 2627 2608 2814 2672; x_wconf 64' lang='grc' dir='ltr'>ὕδατος</span> <span class='ocrx_word' id='word_1_445' title='bbox 2889 2609 3068 2667; x_wconf 67' lang='grc' dir='ltr'>λαϐὼν</span> <span class='ocrx_word' id='word_1_446' title='bbox 3137 2611 3425 2687; x_wconf 66' lang='grc' dir='ltr'>καθάρισον</span> <span class='ocrx_word' id='word_1_447' title='bbox 3481 2610 3779 2690; x_wconf 73' lang='grc' dir='ltr'>καθέδραν.</span> 
     </span>
    </p>
   </div>
   <div class='ocr_carea' id='block_1_59' title="bbox 2119 2698 3785 2782">
    <p class='ocr_par' dir='ltr' id='par_1_59' title="bbox 2119 2698 3785 2782">
     <span class='ocr_line' id='line_1_59' title="bbox 2119 2698 3785 2782; baseline 0 -23"><span class='ocrx_word' id='word_1_448' title='bbox 2119 2702 2280 2780; x_wconf 67' lang='grc' dir='ltr'><strong>ᾳΑρτι</strong></span> <span class='ocrx_word' id='word_1_449' title='bbox 2325 2700 2439 2756; x_wconf 77' lang='grc' dir='ltr'>εἰπέ</span> <span class='ocrx_word' id='word_1_450' title='bbox 2496 2722 2612 2774; x_wconf 83' lang='grc' dir='ltr'>μοι,</span> <span class='ocrx_word' id='word_1_451' title='bbox 2647 2702 2690 2753; x_wconf 83' lang='grc' dir='ltr'>ὤ</span> <span class='ocrx_word' id='word_1_452' title='bbox 2726 2700 3014 2776; x_wconf 75' lang='grc' dir='ltr'>Ἀγαρηνὲ,</span> <span class='ocrx_word' id='word_1_453' title='bbox 3069 2698 3198 2755; x_wconf 79' lang='grc' dir='ltr'>ὅταν</span> <span class='ocrx_word' id='word_1_454' title='bbox 3238 2713 3459 2776; x_wconf 69' lang='grc' dir='ltr'>κρατεῖς</span> <span class='ocrx_word' id='word_1_455' title='bbox 3492 2703 3591 2757; x_wconf 78' lang='grc' dir='ltr'>τὸν</span> <span class='ocrx_word' id='word_1_456' title='bbox 3639 2703 3785 2782; x_wconf 66' lang='grc' dir='ltr'>χοῦν</span> 
     </span>
    </p>
   </div>
   <div class='ocr_carea' id='block_1_60' title="bbox 2123 2788 3786 2869">
    <p class='ocr_par' dir='ltr' id='par_1_60' title="bbox 2123 2788 3786 2869">
     <span class='ocr_line' id='line_1_60' title="bbox 2123 2788 3786 2869; baseline 0.001 -22"><span class='ocrx_word' id='word_1_457' title='bbox 2123 2793 2257 2865; x_wconf 75' lang='grc' dir='ltr'>μετὰ</span> <span class='ocrx_word' id='word_1_458' title='bbox 2284 2813 2380 2856; x_wconf 76' lang='grc' dir='ltr'>της</span> <span class='ocrx_word' id='word_1_459' title='bbox 2425 2789 2611 2869; x_wconf 76' lang='grc' dir='ltr'>χειρός</span> <span class='ocrx_word' id='word_1_460' title='bbox 2663 2810 2781 2866; x_wconf 72' lang='grc' dir='ltr'>σου,</span> <span class='ocrx_word' id='word_1_461' title='bbox 2835 2790 2925 2844; x_wconf 78' lang='grc' dir='ltr'><strong>καὶ</strong></span> <span class='ocrx_word' id='word_1_462' title='bbox 2981 2793 3176 2864; x_wconf 77' lang='grc' dir='ltr'>τριψῃς</span> <span class='ocrx_word' id='word_1_463' title='bbox 3222 2789 3323 2856; x_wconf 75' lang='grc' dir='ltr'><strong>τὴν</strong></span> <span class='ocrx_word' id='word_1_464' title='bbox 3376 2788 3650 2869; x_wconf 68' lang='grc' dir='ltr'>καθέδραν</span> <span class='ocrx_word' id='word_1_465' title='bbox 3688 2813 3786 2849; x_wconf 79' lang='grc' dir='ltr'><strong>σου</strong></span> 
     </span>
    </p>
   </div>
   <div class='ocr_carea' id='block_1_61' title="bbox 2126 2877 3787 2958">
    <p class='ocr_par' dir='ltr' id='par_1_61' title="bbox 2126 2877 3787 2958">
     <span class='ocr_line' id='line_1_61' title="bbox 2126 2877 3787 2958; baseline 0 -23"><span class='ocrx_word' id='word_1_466' title='bbox 2126 2883 2260 2955; x_wconf 80' lang='grc' dir='ltr'>μετὰ</span> <span class='ocrx_word' id='word_1_467' title='bbox 2292 2885 2386 2946; x_wconf 75' lang='grc' dir='ltr'>τῆς</span> <span class='ocrx_word' id='word_1_468' title='bbox 2419 2879 2604 2958; x_wconf 70' lang='grc' dir='ltr'>χειρός</span> <span class='ocrx_word' id='word_1_469' title='bbox 2639 2898 2754 2948; x_wconf 76' lang='grc' dir='ltr'>σου,</span> <span class='ocrx_word' id='word_1_470' title='bbox 2811 2877 3155 2955; x_wconf 70' lang='grc' dir='ltr'>συγκυλίεται</span> <span class='ocrx_word' id='word_1_471' title='bbox 3201 2883 3269 2953; x_wconf 76' lang='grc' dir='ltr'>τῇ</span> <span class='ocrx_word' id='word_1_472' title='bbox 3318 2879 3463 2957; x_wconf 79' lang='grc' dir='ltr'>χειρί</span> <span class='ocrx_word' id='word_1_473' title='bbox 3509 2901 3641 2958; x_wconf 71' lang='grc' dir='ltr'>σου,</span> <span class='ocrx_word' id='word_1_474' title='bbox 3693 2883 3787 2937; x_wconf 76' lang='grc' dir='ltr'><strong>καὶ</strong></span> 
     </span>
    </p>
   </div>
   <div class='ocr_carea' id='block_1_62' title="bbox 2127 2964 3785 3047">
    <p class='ocr_par' dir='ltr' id='par_1_62' title="bbox 2127 2964 3785 3047">
     <span class='ocr_line' id='line_1_62' title="bbox 2127 2964 3785 3047; baseline 0.001 -23"><span class='ocrx_word' id='word_1_475' title='bbox 2127 2971 2418 3047; x_wconf 75' lang='grc' dir='ltr'>Μουχάμετ</span> <span class='ocrx_word' id='word_1_476' title='bbox 2475 2967 2612 3023; x_wconf 75' lang='grc' dir='ltr'>οὕτω</span> <span class='ocrx_word' id='word_1_477' title='bbox 2672 2988 2756 3022; x_wconf 90' lang='grc' dir='ltr'><strong>σοι</strong></span> <span class='ocrx_word' id='word_1_478' title='bbox 2821 2964 3211 3043; x_wconf 66' lang='grc' dir='ltr'><strong>παραγγέλλει,</strong></span> <span class='ocrx_word' id='word_1_479' title='bbox 3273 2966 3355 3022; x_wconf 83' lang='grc' dir='ltr'>ὅτι</span> <span class='ocrx_word' id='word_1_480' title='bbox 3401 2965 3532 3023; x_wconf 60' lang='grc' dir='ltr'>ὅτικ</span> <span class='ocrx_word' id='word_1_481' title='bbox 3595 2973 3785 3026; x_wconf 78' lang='grc' dir='ltr'>καθα-</span> 
     </span>
    </p>
   </div>
   <div class='ocr_carea' id='block_1_63' title="bbox 2124 3055 3780 3136">
    <p class='ocr_par' dir='ltr' id='par_1_63' title="bbox 2124 3055 3780 3136">
     <span class='ocr_line' id='line_1_63' title="bbox 2124 3055 3780 3136; baseline 0.008 -33"><span class='ocrx_word' id='word_1_482' title='bbox 2124 3061 2267 3136; x_wconf 68' lang='grc' dir='ltr'>ρίζῃς</span> <span class='ocrx_word' id='word_1_483' title='bbox 2299 3059 2396 3124; x_wconf 69' lang='grc' dir='ltr'><strong>τὴν</strong></span> <span class='ocrx_word' id='word_1_484' title='bbox 2438 3055 2694 3132; x_wconf 73' lang='grc' dir='ltr'>καθέδραν</span> <span class='ocrx_word' id='word_1_485' title='bbox 2749 3079 2842 3112; x_wconf 89' lang='grc' dir='ltr'><strong>σου</strong></span> <span class='ocrx_word' id='word_1_486' title='bbox 2901 3056 3147 3132; x_wconf 73' lang='grc' dir='ltr'>καθάριζε</span> <span class='ocrx_word' id='word_1_487' title='bbox 3195 3058 3374 3113; x_wconf 77' lang='grc' dir='ltr'>καὶτὸ</span> <span class='ocrx_word' id='word_1_488' title='bbox 3404 3059 3587 3130; x_wconf 81' lang='grc' dir='ltr'>στόμα</span> <span class='ocrx_word' id='word_1_489' title='bbox 3651 3079 3780 3132; x_wconf 78' lang='grc' dir='ltr'>σου,</span> 
     </span>
    </p>
   </div>
   <div class='ocr_carea' id='block_1_64' title="bbox 2121 3145 3782 3222">
    <p class='ocr_par' dir='ltr' id='par_1_64' title="bbox 2121 3145 3782 3222">
     <span class='ocr_line' id='line_1_64' title="bbox 2121 3145 3782 3222; baseline 0.001 -19"><span class='ocrx_word' id='word_1_490' title='bbox 2121 3151 2208 3204; x_wconf 82' lang='grc' dir='ltr'>καὶ</span> <span class='ocrx_word' id='word_1_491' title='bbox 2252 3150 2310 3203; x_wconf 82' lang='grc' dir='ltr'>τὸ</span> <span class='ocrx_word' id='word_1_492' title='bbox 2356 3147 2642 3222; x_wconf 78' lang='grc' dir='ltr'>πρόσωπόν</span> <span class='ocrx_word' id='word_1_493' title='bbox 2686 3167 2804 3205; x_wconf 93' lang='grc' dir='ltr'>σου.</span> <span class='ocrx_word' id='word_1_494' title='bbox 2852 3147 3052 3222; x_wconf 75' lang='grc' dir='ltr'>Τρὲψας</span> <span class='ocrx_word' id='word_1_495' title='bbox 3097 3145 3188 3201; x_wconf 82' lang='lat' dir='ltr'><strong>05v</strong></span> <span class='ocrx_word' id='word_1_496' title='bbox 3231 3147 3331 3212; x_wconf 76' lang='grc' dir='ltr'>τὴν</span> <span class='ocrx_word' id='word_1_497' title='bbox 3374 3145 3641 3222; x_wconf 71' lang='grc' dir='ltr'>καθέδραν</span> <span class='ocrx_word' id='word_1_498' title='bbox 3678 3171 3782 3204; x_wconf 73' lang='grc' dir='ltr'><strong>σου</strong></span> 
     </span>
    </p>
   </div>
   <div class='ocr_carea' id='block_1_65' title="bbox 2120 3234 3777 3315">
    <p class='ocr_par' dir='ltr' id='par_1_65' title="bbox 2120 3234 3777 3315">
     <span class='ocr_line' id='line_1_65' title="bbox 2120 3234 3777 3315; baseline 0.001 -23"><span class='ocrx_word' id='word_1_499' title='bbox 2120 3239 2256 3312; x_wconf 78' lang='grc' dir='ltr'>μετὰ</span> <span class='ocrx_word' id='word_1_500' title='bbox 2285 3238 2382 3300; x_wconf 76' lang='grc' dir='ltr'>τῆς</span> <span class='ocrx_word' id='word_1_501' title='bbox 2415 3235 2599 3315; x_wconf 75' lang='grc' dir='ltr'>χειρός</span> <span class='ocrx_word' id='word_1_502' title='bbox 2650 3257 2768 3308; x_wconf 72' lang='grc' dir='ltr'>σου,</span> <span class='ocrx_word' id='word_1_503' title='bbox 2814 3234 3001 3291; x_wconf 76' lang='grc' dir='ltr'>ἔπειτα</span> <span class='ocrx_word' id='word_1_504' title='bbox 3032 3235 3120 3298; x_wconf 73' lang='grc' dir='ltr'>θὲς</span> <span class='ocrx_word' id='word_1_505' title='bbox 3173 3235 3246 3299; x_wconf 71' lang='grc' dir='ltr'><strong>εἰς</strong></span> <span class='ocrx_word' id='word_1_506' title='bbox 3299 3236 3360 3290; x_wconf 69' lang='lat'><strong>16</strong></span> <span class='ocrx_word' id='word_1_507' title='bbox 3419 3235 3601 3310; x_wconf 81' lang='grc' dir='ltr'>στόμα</span> <span class='ocrx_word' id='word_1_508' title='bbox 3649 3258 3777 3311; x_wconf 73' lang='grc' dir='ltr'>σου,</span> 
     </span>
    </p>
   </div>
   <div class='ocr_carea' id='block_1_66' title="bbox 2117 3322 3775 3402">
    <p class='ocr_par' dir='ltr' id='par_1_66' title="bbox 2117 3322 3775 3402">
     <span class='ocr_line' id='line_1_66' title="bbox 2117 3322 3775 3402; baseline 0.001 -20"><span class='ocrx_word' id='word_1_509' title='bbox 2117 3331 2202 3382; x_wconf 86' lang='grc' dir='ltr'>καὶ</span> <span class='ocrx_word' id='word_1_510' title='bbox 2234 3326 2305 3387; x_wconf 76' lang='grc' dir='ltr'><strong>εἰς</strong></span> <span class='ocrx_word' id='word_1_511' title='bbox 2339 3328 2398 3380; x_wconf 79' lang='grc' dir='ltr'>τὸ</span> <span class='ocrx_word' id='word_1_512' title='bbox 2430 3326 2716 3402; x_wconf 78' lang='grc' dir='ltr'>πρόσωπόν</span> <span class='ocrx_word' id='word_1_513' title='bbox 2761 3346 2854 3380; x_wconf 85' lang='grc' dir='ltr'><strong>σου</strong></span> <span class='ocrx_word' id='word_1_514' title='bbox 2889 3343 2901 3356; x_wconf 90' lang='grc'><strong>·</strong></span> <span class='ocrx_word' id='word_1_515' title='bbox 2959 3325 3044 3379; x_wconf 81' lang='grc' dir='ltr'><strong>καὶ</strong></span> <span class='ocrx_word' id='word_1_516' title='bbox 3081 3322 3298 3398; x_wconf 78' lang='grc' dir='ltr'>μέλλεις</span> <span class='ocrx_word' id='word_1_517' title='bbox 3356 3329 3589 3390; x_wconf 77' lang='grc' dir='ltr'>ποιῆσαι</span> <span class='ocrx_word' id='word_1_518' title='bbox 3635 3347 3775 3383; x_wconf 75' lang='grc' dir='ltr'>ταυ-</span> 
     </span>
    </p>
   </div>
   <div class='ocr_carea' id='block_1_67' title="bbox 391 3409 2040 3493">
    <p class='ocr_par' dir='ltr' id='par_1_67' title="bbox 391 3409 2027 3486">
     <span class='ocr_line' id='line_1_67' title="bbox 391 3409 2027 3486; baseline 0.002 -16"><span class='ocrx_word' id='word_1_519' title='bbox 391 3409 588 3471; x_wconf 84' lang='lat' dir='ltr'><strong>statim</strong></span> <span class='ocrx_word' id='word_1_520' title='bbox 627 3410 787 3474; x_wconf 88' lang='lat' dir='ltr'><strong>illam</strong></span> <span class='ocrx_word' id='word_1_521' title='bbox 811 3414 1133 3474; x_wconf 88' lang='lat' dir='ltr'><strong>admovere</strong></span> <span class='ocrx_word' id='word_1_522' title='bbox 1155 3413 1225 3474; x_wconf 91' lang='lat' dir='ltr'><strong>ad</strong></span> <span class='ocrx_word' id='word_1_523' title='bbox 1242 3421 1486 3474; x_wconf 90' lang='lat' dir='ltr'><strong>ostuum</strong></span> <span class='ocrx_word' id='word_1_524' title='bbox 1519 3421 1579 3475; x_wconf 87' lang='lat' dir='ltr'><strong>et</strong></span> <span class='ocrx_word' id='word_1_525' title='bbox 1607 3413 1818 3474; x_wconf 80' lang='lat' dir='ltr'><strong>faciem</strong></span> <span class='ocrx_word' id='word_1_526' title='bbox 1845 3421 2027 3486; x_wconf 90' lang='lat' dir='ltr'><strong>tuam,</strong></span> 
     </span>
    </p>
   </div>
   <div class='ocr_carea' id='block_1_68' title="bbox 2133 3409 3777 3493">
    <p class='ocr_par' dir='ltr' id='par_1_68' title="bbox 2133 3412 3777 3493">
     <span class='ocr_line' id='line_1_68' title="bbox 2133 3412 3777 3493; baseline -0.002 -21"><span class='ocrx_word' id='word_1_527' title='bbox 2133 3439 2179 3472; x_wconf 75' lang='grc' dir='ltr'><strong>τα</strong></span> <span class='ocrx_word' id='word_1_528' title='bbox 2222 3416 2472 3478; x_wconf 79' lang='grc' dir='ltr'>πεντάκις</span> <span class='ocrx_word' id='word_1_529' title='bbox 2519 3421 2587 3490; x_wconf 78' lang='grc' dir='ltr'><strong>τῇ</strong></span> <span class='ocrx_word' id='word_1_530' title='bbox 2619 3413 2814 3486; x_wconf 73' lang='grc' dir='ltr'>ἡμέρᾳ,</span> <span class='ocrx_word' id='word_1_531' title='bbox 2853 3415 2950 3472; x_wconf 73' lang='grc' dir='ltr'><strong>Καὶ</strong></span> <span class='ocrx_word' id='word_1_532' title='bbox 2981 3415 3026 3470; x_wconf 75' lang='grc' dir='ltr'>εἰ</span> <span class='ocrx_word' id='word_1_533' title='bbox 3056 3420 3228 3493; x_wconf 74' lang='grc' dir='ltr'>τύχῃς</span> <span class='ocrx_word' id='word_1_534' title='bbox 3288 3415 3362 3477; x_wconf 73' lang='grc' dir='ltr'>εἰς</span> <span class='ocrx_word' id='word_1_535' title='bbox 3410 3412 3638 3491; x_wconf 77' lang='grc' dir='ltr'>ἄνυδρον</span> <span class='ocrx_word' id='word_1_536' title='bbox 3683 3419 3777 3472; x_wconf 80' lang='lat'><strong>10&#39;-</strong></span> 
     </span>
    </p>
   </div>
   <div class='ocr_carea' id='block_1_69' title="bbox 393 3499 2031 3583">
    <p class='ocr_par' dir='ltr' id='par_1_69' title="bbox 393 3499 2031 3583">
     <span class='ocr_line' id='line_1_69' title="bbox 393 3499 2031 3583; baseline 0.004 -24"><span class='ocrx_word' id='word_1_537' title='bbox 393 3507 450 3559; x_wconf 90' lang='lat' dir='ltr'><strong>et</strong></span> <span class='ocrx_word' id='word_1_538' title='bbox 475 3499 707 3564; x_wconf 82' lang='lat' dir='ltr'><strong>vicibus</strong></span> <span class='ocrx_word' id='word_1_539' title='bbox 736 3501 1054 3583; x_wconf 89' lang='lat' dir='ltr'><strong>quinquies</strong></span> <span class='ocrx_word' id='word_1_540' title='bbox 1085 3502 1356 3582; x_wconf 82' lang='lat' dir='ltr'><strong>repetitis</strong></span> <span class='ocrx_word' id='word_1_541' title='bbox 1387 3502 1497 3564; x_wconf 91' lang='lat' dir='ltr'><strong>hoc</strong></span> <span class='ocrx_word' id='word_1_542' title='bbox 1537 3503 1789 3582; x_wconf 73' lang='lat' dir='ltr'><strong>singulis</strong></span> <span class='ocrx_word' id='word_1_543' title='bbox 1821 3502 2031 3565; x_wconf 91' lang='lat' dir='ltr'><strong>diebus</strong></span> 
     </span>
    </p>
   </div>
   <div class='ocr_carea' id='block_1_70' title="bbox 395 3586 2039 3672">
    <p class='ocr_par' dir='ltr' id='par_1_70' title="bbox 395 3586 2039 3672">
     <span class='ocr_line' id='line_1_70' title="bbox 395 3586 2039 3672; baseline 0.002 -24"><span class='ocrx_word' id='word_1_544' title='bbox 395 3586 573 3650; x_wconf 89' lang='lat' dir='ltr'><strong>debet</strong></span> <span class='ocrx_word' id='word_1_545' title='bbox 603 3591 829 3671; x_wconf 85' lang='lat' dir='ltr'><strong>peragi.</strong></span> <span class='ocrx_word' id='word_1_546' title='bbox 863 3592 926 3652; x_wconf 78' lang='lat' dir='ltr'><strong>Si</strong></span> <span class='ocrx_word' id='word_1_547' title='bbox 956 3609 1096 3669; x_wconf 87' lang='lat' dir='ltr'><strong>ergo</strong></span> <span class='ocrx_word' id='word_1_548' title='bbox 1127 3591 1322 3653; x_wconf 92' lang='lat' dir='ltr'><strong>locum</strong></span> <span class='ocrx_word' id='word_1_549' title='bbox 1356 3590 1621 3672; x_wconf 89' lang='lat' dir='ltr'><strong>aliquem</strong></span> <span class='ocrx_word' id='word_1_550' title='bbox 1657 3591 1758 3654; x_wconf 90' lang='lat' dir='ltr'><strong>ubi</strong></span> <span class='ocrx_word' id='word_1_551' title='bbox 1813 3610 1930 3653; x_wconf 89' lang='lat' dir='ltr'><strong>non</strong></span> <span class='ocrx_word' id='word_1_552' title='bbox 1964 3592 2039 3652; x_wconf 85' lang='lat' dir='ltr'><strong>sit</strong></span> 
     </span>
    </p>
   </div>
   <div class='ocr_carea' id='block_1_71' title="bbox 387 3679 2038 3762">
    <p class='ocr_par' dir='ltr' id='par_1_71' title="bbox 387 3679 2038 3762">
     <span class='ocr_line' id='line_1_71' title="bbox 387 3679 2038 3762; baseline 0.001 -22"><span class='ocrx_word' id='word_1_553' title='bbox 387 3694 544 3759; x_wconf 85' lang='lat' dir='ltr'><strong>aqua</strong></span> <span class='ocrx_word' id='word_1_554' title='bbox 574 3679 680 3741; x_wconf 89' lang='lat' dir='ltr'><strong>tibi</strong></span> <span class='ocrx_word' id='word_1_555' title='bbox 711 3684 1017 3761; x_wconf 82' lang='lat' dir='ltr'><strong>contingat</strong></span> <span class='ocrx_word' id='word_1_556' title='bbox 1048 3698 1392 3761; x_wconf 75' lang='lat' dir='ltr'><strong>peragrare,</strong></span> <span class='ocrx_word' id='word_1_557' title='bbox 1426 3691 1485 3741; x_wconf 91' lang='lat' dir='ltr'><strong>et</strong></span> <span class='ocrx_word' id='word_1_558' title='bbox 1515 3681 1782 3762; x_wconf 90' lang='lat' dir='ltr'><strong>quinque</strong></span> <span class='ocrx_word' id='word_1_559' title='bbox 1812 3679 2038 3743; x_wconf 92' lang='lat' dir='ltr'><strong>vicibus</strong></span> 
     </span>
    </p>
   </div>
   <div class='ocr_carea' id='block_1_72' title="bbox 390 3770 2036 3850">
    <p class='ocr_par' dir='ltr' id='par_1_72' title="bbox 390 3770 2036 3850">
     <span class='ocr_line' id='line_1_72' title="bbox 390 3770 2036 3850; baseline 0.002 -23"><span class='ocrx_word' id='word_1_560' title='bbox 390 3775 551 3829; x_wconf 82' lang='lat' dir='ltr'><strong>terra</strong></span> <span class='ocrx_word' id='word_1_561' title='bbox 581 3775 804 3831; x_wconf 90' lang='lat' dir='ltr'><strong>tantum</strong></span> <span class='ocrx_word' id='word_1_562' title='bbox 839 3770 1197 3850; x_wconf 79' lang='lat' dir='ltr'><strong>puriﬁceris,</strong></span> <span class='ocrx_word' id='word_1_563' title='bbox 1228 3788 1378 3850; x_wconf 84' lang='lat' dir='ltr'><strong>quos</strong></span> <span class='ocrx_word' id='word_1_564' title='bbox 1403 3771 1620 3832; x_wconf 82' lang='lat' dir='ltr'><strong>fetores</strong></span> <span class='ocrx_word' id='word_1_565' title='bbox 1645 3770 1897 3832; x_wconf 88' lang='lat' dir='ltr'><strong>debebis</strong></span> <span class='ocrx_word' id='word_1_566' title='bbox 1928 3789 2036 3831; x_wconf 91' lang='lat' dir='ltr'><strong>na-</strong></span> 
     </span>
    </p>
   </div>
   <div class='ocr_carea' id='block_1_73' title="bbox 388 3859 2036 3944">
    <p class='ocr_par' dir='ltr' id='par_1_73' title="bbox 388 3859 2036 3944">
     <span class='ocr_line' id='line_1_73' title="bbox 388 3859 2036 3944; baseline 0.003 -23"><span class='ocrx_word' id='word_1_567' title='bbox 388 3859 557 3923; x_wconf 86' lang='lat' dir='ltr'><strong>ribus</strong></span> <span class='ocrx_word' id='word_1_568' title='bbox 587 3862 930 3940; x_wconf 90' lang='lat' dir='ltr'><strong>admittere,</strong></span> <span class='ocrx_word' id='word_1_569' title='bbox 954 3863 1075 3925; x_wconf 93' lang='lat' dir='ltr'><strong>imo</strong></span> <span class='ocrx_word' id='word_1_570' title='bbox 1105 3863 1178 3925; x_wconf 91' lang='lat' dir='ltr'><strong>ad</strong></span> <span class='ocrx_word' id='word_1_571' title='bbox 1203 3863 1523 3925; x_wconf 89' lang='lat' dir='ltr'><strong>medullam</strong></span> <span class='ocrx_word' id='word_1_572' title='bbox 1545 3864 2036 3944; x_wconf 84' lang='lat' dir='ltr'><strong>usque?Ettalem</strong></span> 
     </span>
    </p>
   </div>
   <div class='ocr_carea' id='block_1_74' title="bbox 397 3951 2034 4033">
    <p class='ocr_par' dir='ltr' id='par_1_74' title="bbox 397 3951 2034 4033">
     <span class='ocr_line' id='line_1_74' title="bbox 397 3951 2034 4033; baseline 0.001 -21"><span class='ocrx_word' id='word_1_573' title='bbox 397 3951 818 4014; x_wconf 84' lang='lat' dir='ltr'><strong>suavissimum</strong></span> <span class='ocrx_word' id='word_1_574' title='bbox 853 3955 1101 4016; x_wconf 92' lang='lat' dir='ltr'><strong>odorem</strong></span> <span class='ocrx_word' id='word_1_575' title='bbox 1136 3952 1366 4013; x_wconf 85' lang='lat' dir='ltr'><strong>exhalat</strong></span> <span class='ocrx_word' id='word_1_576' title='bbox 1410 3952 1721 4033; x_wconf 87' lang='lat' dir='ltr'><strong>paradisus</strong></span> <span class='ocrx_word' id='word_1_577' title='bbox 1751 3953 1883 4028; x_wconf 85' lang='lat' dir='ltr'><strong>iste,</strong></span> <span class='ocrx_word' id='word_1_578' title='bbox 1920 3963 2034 4014; x_wconf 88' lang='lat' dir='ltr'><strong>tam</strong></span> 
     </span>
    </p>
   </div>
   <div class='ocr_carea' id='block_1_75' title="bbox 389 4039 2035 4122">
    <p class='ocr_par' dir='ltr' id='par_1_75' title="bbox 389 4039 2035 4122">
     <span class='ocr_line' id='line_1_75' title="bbox 389 4039 2035 4122; baseline 0.001 -20"><span class='ocrx_word' id='word_1_579' title='bbox 389 4039 600 4102; x_wconf 83' lang='lat' dir='ltr'><strong>calidis</strong></span> <span class='ocrx_word' id='word_1_580' title='bbox 631 4045 778 4104; x_wconf 89' lang='lat' dir='ltr'><strong>votis</strong></span> <span class='ocrx_word' id='word_1_581' title='bbox 805 4059 838 4106; x_wconf 85' lang='lat' dir='ltr'><strong>a</strong></span> <span class='ocrx_word' id='word_1_582' title='bbox 867 4050 924 4105; x_wconf 91' lang='lat' dir='ltr'><strong>te</strong></span> <span class='ocrx_word' id='word_1_583' title='bbox 957 4050 1332 4122; x_wconf 79' lang='lat' dir='ltr'><strong>exspectatus</strong></span> <span class='ocrx_word' id='word_1_584' title='bbox 1363 4051 1421 4103; x_wconf 90' lang='lat' dir='ltr'><strong>et</strong></span> <span class='ocrx_word' id='word_1_585' title='bbox 1468 4041 1865 4104; x_wconf 89' lang='lat' dir='ltr'><strong>desideratus.</strong></span> <span class='ocrx_word' id='word_1_586' title='bbox 1918 4043 2035 4105; x_wconf 91' lang='lat' dir='ltr'><strong>Sed</strong></span> 
     </span>
    </p>
   </div>
   <div class='ocr_carea' id='block_1_76' title="bbox 388 4128 2041 4203">
    <p class='ocr_par' dir='ltr' id='par_1_76' title="bbox 388 4128 2041 4203">
     <span class='ocr_line' id='line_1_76' title="bbox 388 4128 2041 4203; baseline 0.001 -12"><span class='ocrx_word' id='word_1_587' title='bbox 388 4128 605 4192; x_wconf 83' lang='lat' dir='ltr'><strong>iterum</strong></span> <span class='ocrx_word' id='word_1_588' title='bbox 650 4129 747 4193; x_wconf 91' lang='lat' dir='ltr'><strong>dic</strong></span> <span class='ocrx_word' id='word_1_589' title='bbox 778 4130 949 4203; x_wconf 86' lang='lat' dir='ltr'><strong>mihi,</strong></span> <span class='ocrx_word' id='word_1_590' title='bbox 999 4136 1047 4192; x_wconf 90' lang='lat' dir='ltr'><strong>sl</strong></span> <span class='ocrx_word' id='word_1_591' title='bbox 1088 4132 1318 4193; x_wconf 65' lang='lat' dir='ltr'><strong>haereas</strong></span> <span class='ocrx_word' id='word_1_592' title='bbox 1366 4130 1429 4192; x_wconf 93' lang='lat' dir='ltr'><strong>in</strong></span> <span class='ocrx_word' id='word_1_593' title='bbox 1477 4132 1791 4193; x_wconf 86' lang='lat' dir='ltr'><strong>cacumine</strong></span> <span class='ocrx_word' id='word_1_594' title='bbox 1822 4132 2041 4194; x_wconf 91' lang='lat' dir='ltr'><strong>moutis</strong></span> 
     </span>
    </p>
   </div>
   <div class='ocr_carea' id='block_1_77' title="bbox 388 4218 2040 4301">
    <p class='ocr_par' dir='ltr' id='par_1_77' title="bbox 388 4218 2040 4301">
     <span class='ocr_line' id='line_1_77' title="bbox 388 4218 2040 4301; baseline 0.001 -20"><span class='ocrx_word' id='word_1_595' title='bbox 388 4218 642 4299; x_wconf 78' lang='lat' dir='ltr'><strong>alicujus</strong></span> <span class='ocrx_word' id='word_1_596' title='bbox 672 4219 988 4283; x_wconf 85' lang='lat' dir='ltr'><strong>celsissimi</strong></span> <span class='ocrx_word' id='word_1_597' title='bbox 1019 4219 1124 4281; x_wconf 87' lang='lat' dir='ltr'><strong>ubi</strong></span> <span class='ocrx_word' id='word_1_598' title='bbox 1158 4238 1277 4280; x_wconf 92' lang='lat' dir='ltr'><strong>non</strong></span> <span class='ocrx_word' id='word_1_599' title='bbox 1309 4220 1386 4281; x_wconf 89' lang='lat' dir='ltr'><strong>sit</strong></span> <span class='ocrx_word' id='word_1_600' title='bbox 1416 4239 1566 4301; x_wconf 89' lang='lat' dir='ltr'><strong>aqua</strong></span> <span class='ocrx_word' id='word_1_601' title='bbox 1595 4229 1657 4284; x_wconf 89' lang='lat' dir='ltr'><strong>et</strong></span> <span class='ocrx_word' id='word_1_602' title='bbox 1685 4229 1865 4297; x_wconf 87' lang='lat' dir='ltr'><strong>terra,</strong></span> <span class='ocrx_word' id='word_1_603' title='bbox 1902 4230 1960 4282; x_wconf 92' lang='lat' dir='ltr'><strong>et</strong></span> <span class='ocrx_word' id='word_1_604' title='bbox 1984 4230 2040 4283; x_wconf 88' lang='lat' dir='ltr'><strong>te</strong></span> 
     </span>
    </p>
   </div>
   <div class='ocr_carea' id='block_1_78' title="bbox 391 4308 2036 4390">
    <p class='ocr_par' dir='ltr' id='par_1_78' title="bbox 391 4308 2036 4390">
     <span class='ocr_line' id='line_1_78' title="bbox 391 4308 2036 4390; baseline 0.001 -21"><span class='ocrx_word' id='word_1_605' title='bbox 391 4325 556 4370; x_wconf 89' lang='lat' dir='ltr'><strong>mors</strong></span> <span class='ocrx_word' id='word_1_606' title='bbox 585 4313 780 4371; x_wconf 85' lang='lat' dir='ltr'><strong>subita</strong></span> <span class='ocrx_word' id='word_1_607' title='bbox 805 4318 863 4372; x_wconf 86' lang='lat' dir='ltr'><strong>et</strong></span> <span class='ocrx_word' id='word_1_608' title='bbox 891 4308 1476 4390; x_wconf 88' lang='lat' dir='ltr'><strong>repentinainvadat,</strong></span> <span class='ocrx_word' id='word_1_609' title='bbox 1507 4311 1817 4385; x_wconf 90' lang='lat' dir='ltr'><strong>omnino,0</strong></span> <span class='ocrx_word' id='word_1_610' title='bbox 1838 4311 2036 4384; x_wconf 86' lang='lat' dir='ltr'><strong>athee,</strong></span> 
     </span>
    </p>
   </div>
   <div class='ocr_carea' id='block_1_79' title="bbox 392 4397 2036 4478">
    <p class='ocr_par' dir='ltr' id='par_1_79' title="bbox 392 4397 2036 4478">
     <span class='ocr_line' id='line_1_79' title="bbox 392 4397 2036 4478; baseline -0.001 -20"><span class='ocrx_word' id='word_1_611' title='bbox 392 4397 764 4478; x_wconf 89' lang='lat' dir='ltr'><strong>pereundum</strong></span> <span class='ocrx_word' id='word_1_612' title='bbox 818 4398 934 4460; x_wconf 91' lang='lat' dir='ltr'><strong>erit</strong></span> <span class='ocrx_word' id='word_1_613' title='bbox 977 4398 1108 4473; x_wconf 91' lang='lat' dir='ltr'><strong>tibi,</strong></span> <span class='ocrx_word' id='word_1_614' title='bbox 1154 4416 1291 4460; x_wconf 91' lang='lat' dir='ltr'><strong>cum</strong></span> <span class='ocrx_word' id='word_1_615' title='bbox 1336 4399 1396 4460; x_wconf 90' lang='lat' dir='ltr'><strong>in</strong></span> <span class='ocrx_word' id='word_1_616' title='bbox 1444 4399 1560 4461; x_wconf 86' lang='lat' dir='ltr'><strong>isto</strong></span> <span class='ocrx_word' id='word_1_617' title='bbox 1591 4407 1744 4461; x_wconf 86' lang='lat' dir='ltr'><strong>statu</strong></span> <span class='ocrx_word' id='word_1_618' title='bbox 1779 4418 1898 4461; x_wconf 92' lang='lat' dir='ltr'><strong>non</strong></span> <span class='ocrx_word' id='word_1_619' title='bbox 1932 4398 2036 4462; x_wconf 89' lang='lat' dir='ltr'><strong>tibi</strong></span> 
     </span>
    </p>
   </div>
   <div class='ocr_carea' id='block_1_80' title="bbox 2118 3503 3778 3584">
    <p class='ocr_par' dir='ltr' id='par_1_80' title="bbox 2118 3503 3778 3584">
     <span class='ocr_line' id='line_1_80' title="bbox 2118 3503 3778 3584; baseline -0.005 -20"><span class='ocrx_word' id='word_1_620' title='bbox 2118 3531 2238 3579; x_wconf 75' lang='grc' dir='ltr'>πον,</span> <span class='ocrx_word' id='word_1_621' title='bbox 2288 3505 2509 3565; x_wconf 77' lang='grc' dir='ltr'>καὶτὰς</span> <span class='ocrx_word' id='word_1_622' title='bbox 2565 3503 2722 3560; x_wconf 75' lang='grc' dir='ltr'>πέντε</span> <span class='ocrx_word' id='word_1_623' title='bbox 2783 3504 2948 3578; x_wconf 73' lang='grc' dir='ltr'>φορὰς</span> <span class='ocrx_word' id='word_1_624' title='bbox 3015 3506 3152 3576; x_wconf 84' lang='grc' dir='ltr'>μετὰ</span> <span class='ocrx_word' id='word_1_625' title='bbox 3200 3511 3293 3559; x_wconf 84' lang='grc' dir='ltr'>τοῦ</span> <span class='ocrx_word' id='word_1_626' title='bbox 3335 3504 3472 3582; x_wconf 75' lang='grc' dir='ltr'>χοὸς</span> <span class='ocrx_word' id='word_1_627' title='bbox 3531 3504 3778 3584; x_wconf 41' lang='lat' dir='ltr'><strong>dipsas“-</strong></span> 
     </span>
    </p>
   </div>
   <div class='ocr_carea' id='block_1_81' title="bbox 2119 3591 3776 3673">
    <p class='ocr_par' dir='ltr' id='par_1_81' title="bbox 2119 3591 3776 3673">
     <span class='ocr_line' id='line_1_81' title="bbox 2119 3591 3776 3673; baseline -0.002 -21"><span class='ocrx_word' id='word_1_628' title='bbox 2119 3599 2520 3673; x_wconf 71' lang='grc' dir='ltr'>καθαρισθῆναι,</span> <span class='ocrx_word' id='word_1_629' title='bbox 2589 3593 2765 3648; x_wconf 82' lang='grc' dir='ltr'>πόσων</span> <span class='ocrx_word' id='word_1_630' title='bbox 2825 3592 3067 3668; x_wconf 79' lang='grc' dir='ltr'>ὡρωμῶν</span> <span class='ocrx_word' id='word_1_631' title='bbox 3111 3591 3337 3665; x_wconf 73' lang='grc' dir='ltr'>μέλλεις</span> <span class='ocrx_word' id='word_1_632' title='bbox 3396 3593 3776 3669; x_wconf 67' lang='grc' dir='ltr'>ὁσφρανθῆναι</span> 
     </span>
    </p>
   </div>
   <div class='ocr_carea' id='block_1_82' title="bbox 2120 3680 3773 3761">
    <p class='ocr_par' dir='ltr' id='par_1_82' title="bbox 2120 3680 3773 3761">
     <span class='ocr_line' id='line_1_82' title="bbox 2120 3680 3773 3761; baseline 0 -19"><span class='ocrx_word' id='word_1_633' title='bbox 2120 3686 2174 3742; x_wconf 79' lang='grc' dir='ltr'>ἒν</span> <span class='ocrx_word' id='word_1_634' title='bbox 2206 3697 2324 3746; x_wconf 75' lang='grc' dir='ltr'>τοῖς</span> <span class='ocrx_word' id='word_1_635' title='bbox 2375 3684 2479 3761; x_wconf 77' lang='grc' dir='ltr'><strong>ρισί</strong></span> <span class='ocrx_word' id='word_1_636' title='bbox 2539 3704 2630 3738; x_wconf 91' lang='grc' dir='ltr'><strong>σου</strong></span> <span class='ocrx_word' id='word_1_637' title='bbox 2693 3680 2859 3760; x_wconf 83' lang='grc' dir='ltr'>μέχρι</span> <span class='ocrx_word' id='word_1_638' title='bbox 2919 3680 2974 3736; x_wconf 78' lang='grc' dir='ltr'><strong>δὲ</strong></span> <span class='ocrx_word' id='word_1_639' title='bbox 3027 3682 3113 3736; x_wconf 81' lang='grc' dir='ltr'><strong>καὶ</strong></span> <span class='ocrx_word' id='word_1_640' title='bbox 3174 3684 3332 3740; x_wconf 65' lang='grc' dir='ltr'>αὺτοῦ</span> <span class='ocrx_word' id='word_1_641' title='bbox 3385 3689 3481 3738; x_wconf 85' lang='lat'><strong>105</strong></span> <span class='ocrx_word' id='word_1_642' title='bbox 3541 3682 3773 3756; x_wconf 56' lang='lat' dir='ltr'><strong>palo?</strong></span> 
     </span>
    </p>
   </div>
   <div class='ocr_carea' id='block_1_83' title="bbox 2121 3769 3777 3840">
    <p class='ocr_par' dir='ltr' id='par_1_83' title="bbox 2121 3769 3777 3840">
     <span class='ocr_line' id='line_1_83' title="bbox 2121 3769 3777 3840; baseline -0.002 -9"><span class='ocrx_word' id='word_1_643' title='bbox 2121 3777 2212 3832; x_wconf 76' lang='grc' dir='ltr'><strong>καὶ</strong></span> <span class='ocrx_word' id='word_1_644' title='bbox 2264 3775 2402 3830; x_wconf 80' lang='grc' dir='ltr'>κατὰ</span> <span class='ocrx_word' id='word_1_645' title='bbox 2459 3773 2559 3840; x_wconf 77' lang='grc' dir='ltr'><strong>τὴν</strong></span> <span class='ocrx_word' id='word_1_646' title='bbox 2620 3769 2838 3826; x_wconf 72' lang='grc' dir='ltr'>εὗωδὲαν</span> <span class='ocrx_word' id='word_1_647' title='bbox 2897 3771 3096 3836; x_wconf 82' lang='grc' dir='ltr'>ταύτην</span> <span class='ocrx_word' id='word_1_648' title='bbox 3164 3769 3314 3826; x_wconf 80' lang='grc' dir='ltr'>ἔσται</span> <span class='ocrx_word' id='word_1_649' title='bbox 3357 3772 3574 3830; x_wconf 69' lang='grc' dir='ltr'>πάντως</span> <span class='ocrx_word' id='word_1_650' title='bbox 3617 3775 3714 3828; x_wconf 75' lang='grc' dir='ltr'><strong>καὶ</strong></span> <span class='ocrx_word' id='word_1_651' title='bbox 3749 3776 3777 3828; x_wconf 79' lang='grc' dir='ltr'><strong>ὃ</strong></span> 
     </span>
    </p>
   </div>
   <div class='ocr_carea' id='block_1_84' title="bbox 2123 3856 3773 3941">
    <p class='ocr_par' dir='ltr' id='par_1_84' title="bbox 2123 3856 3773 3941">
     <span class='ocr_line' id='line_1_84' title="bbox 2123 3856 3773 3941; baseline -0.013 -20"><span class='ocrx_word' id='word_1_652' title='bbox 2123 3861 2564 3941; x_wconf 76' lang='grc' dir='ltr'>προσδοκώμενός</span> <span class='ocrx_word' id='word_1_653' title='bbox 2647 3880 2730 3914; x_wconf 82' lang='grc' dir='ltr'><strong>σοι</strong></span> <span class='ocrx_word' id='word_1_654' title='bbox 2813 3856 3159 3936; x_wconf 65' lang='grc' dir='ltr'>παράδεισος.</span> <span class='ocrx_word' id='word_1_655' title='bbox 3225 3860 3322 3916; x_wconf 67' lang='grc' dir='ltr'>Καὶ</span> <span class='ocrx_word' id='word_1_656' title='bbox 3393 3857 3486 3913; x_wconf 67' lang='grc' dir='ltr'><strong>ἐὰν</strong></span> <span class='ocrx_word' id='word_1_657' title='bbox 3559 3856 3773 3938; x_wconf 64' lang='grc' dir='ltr'>λάχῃς,</span> 
     </span>
    </p>
   </div>
   <div class='ocr_carea' id='block_1_85' title="bbox 2123 3945 3776 4028">
    <p class='ocr_par' dir='ltr' id='par_1_85' title="bbox 2123 3945 3776 4028">
     <span class='ocr_line' id='line_1_85' title="bbox 2123 3945 3776 4028; baseline -0.003 -19"><span class='ocrx_word' id='word_1_658' title='bbox 2123 3953 2236 4010; x_wconf 75' lang='grc' dir='ltr'>εἰπέ</span> <span class='ocrx_word' id='word_1_659' title='bbox 2281 3974 2399 4026; x_wconf 80' lang='grc' dir='ltr'>μοι,</span> <span class='ocrx_word' id='word_1_660' title='bbox 2475 3953 2544 4016; x_wconf 78' lang='grc' dir='ltr'>εἷς</span> <span class='ocrx_word' id='word_1_661' title='bbox 2590 3950 2710 4028; x_wconf 79' lang='grc' dir='ltr'>ὄρος</span> <span class='ocrx_word' id='word_1_662' title='bbox 2766 3950 2997 4028; x_wconf 62' lang='grc' dir='ltr'>ὑψηλὸν,</span> <span class='ocrx_word' id='word_1_663' title='bbox 3055 3946 3111 4002; x_wconf 73' lang='grc' dir='ltr'>ἐν</span> <span class='ocrx_word' id='word_1_664' title='bbox 3149 3948 3195 4021; x_wconf 85' lang='grc' dir='ltr'>ᾦ</span> <span class='ocrx_word' id='word_1_665' title='bbox 3238 3947 3357 4004; x_wconf 72' lang='grc' dir='ltr'>οὔτε</span> <span class='ocrx_word' id='word_1_666' title='bbox 3399 3945 3540 4024; x_wconf 70' lang='grc' dir='ltr'>ὕδωρ</span> <span class='ocrx_word' id='word_1_667' title='bbox 3602 3950 3776 4018; x_wconf 73' lang='grc' dir='ltr'>ὶστὶν,</span> 
     </span>
    </p>
   </div>
   <div class='ocr_carea' id='block_1_86' title="bbox 2121 4034 3778 4121">
    <p class='ocr_par' dir='ltr' id='par_1_86' title="bbox 2121 4034 3778 4121">
     <span class='ocr_line' id='line_1_86' title="bbox 2121 4034 3778 4121; baseline -0.005 -22"><span class='ocrx_word' id='word_1_668' title='bbox 2121 4043 2239 4099; x_wconf 79' lang='grc' dir='ltr'>οὕτε</span> <span class='ocrx_word' id='word_1_669' title='bbox 2277 4051 2432 4121; x_wconf 64' lang='grc' dir='ltr'><strong>χοῦς,</strong></span> <span class='ocrx_word' id='word_1_670' title='bbox 2507 4041 2558 4095; x_wconf 77' lang='grc' dir='ltr'><strong>τί</strong></span> <span class='ocrx_word' id='word_1_671' title='bbox 2614 4039 2833 4113; x_wconf 77' lang='grc' dir='ltr'>μέλλεις</span> <span class='ocrx_word' id='word_1_672' title='bbox 2891 4043 3171 4112; x_wconf 54' lang='lat' dir='ltr'><strong>norim;</strong></span> <span class='ocrx_word' id='word_1_673' title='bbox 3230 4034 3497 4115; x_wconf 71' lang='grc' dir='ltr'>Ὀφιῑλὲις</span> <span class='ocrx_word' id='word_1_674' title='bbox 3553 4038 3778 4099; x_wconf 68' lang='grc' dir='ltr'>πάντως</span> 
     </span>
    </p>
   </div>
   <div class='ocr_carea' id='block_1_87' title="bbox 2122 4125 3778 4208">
    <p class='ocr_par' dir='ltr' id='par_1_87' title="bbox 2122 4125 3778 4208">
     <span class='ocr_line' id='line_1_87' title="bbox 2122 4125 3778 4208; baseline -0.003 -20"><span class='ocrx_word' id='word_1_675' title='bbox 2122 4132 2411 4188; x_wconf 76' lang='grc' dir='ltr'>ἀποθανεῖν</span> <span class='ocrx_word' id='word_1_676' title='bbox 2496 4127 2753 4208; x_wconf 74' lang='grc' dir='ltr'>αἰφνιδίου</span> <span class='ocrx_word' id='word_1_677' title='bbox 2829 4125 3079 4197; x_wconf 71' lang='grc' dir='ltr'>θανάτου,</span> <span class='ocrx_word' id='word_1_678' title='bbox 3162 4126 3377 4189; x_wconf 71' lang='grc' dir='ltr'>πάντως</span> <span class='ocrx_word' id='word_1_679' title='bbox 3435 4126 3778 4204; x_wconf 51' lang='lat' dir='ltr'><strong>ﬁnckch“,</strong></span> 
     </span>
    </p>
   </div>
   <div class='ocr_carea' id='block_1_88' title="bbox 2122 4216 3782 4298">
    <p class='ocr_par' dir='ltr' id='par_1_88' title="bbox 2122 4216 3782 4298">
     <span class='ocr_line' id='line_1_88' title="bbox 2122 4216 3782 4298; baseline -0.005 -20"><span class='ocrx_word' id='word_1_680' title='bbox 2122 4222 2264 4298; x_wconf 66' lang='grc' dir='ltr'>ἔθεε,</span> <span class='ocrx_word' id='word_1_681' title='bbox 2299 4219 2423 4275; x_wconf 79' lang='grc' dir='ltr'>ἄνευ</span> <span class='ocrx_word' id='word_1_682' title='bbox 2451 4221 2621 4297; x_wconf 53' lang='grc' dir='ltr'>ειῦιῆς</span> <span class='ocrx_word' id='word_1_683' title='bbox 2655 4233 2670 4248; x_wconf 85' lang='lat'><strong><em>‘</em></strong></span> <span class='ocrx_word' id='word_1_684' title='bbox 2727 4216 2838 4275; x_wconf 78' lang='grc' dir='ltr'>οἶδ’</span> <span class='ocrx_word' id='word_1_685' title='bbox 2863 4216 2946 4273; x_wconf 79' lang='grc' dir='ltr'><strong>ὅτι</strong></span> <span class='ocrx_word' id='word_1_686' title='bbox 2992 4218 3020 4272; x_wconf 79' lang='grc' dir='ltr'>ὁ</span> <span class='ocrx_word' id='word_1_687' title='bbox 3067 4216 3145 4291; x_wconf 72' lang='grc' dir='ltr'>μὴ</span> <span class='ocrx_word' id='word_1_688' title='bbox 3179 4217 3481 4294; x_wconf 72' lang='grc' dir='ltr'>εὖχόμενος</span> <span class='ocrx_word' id='word_1_689' title='bbox 3508 4216 3650 4271; x_wconf 75' lang='grc' dir='ltr'>Θεὸν</span> <span class='ocrx_word' id='word_1_690' title='bbox 3685 4216 3782 4272; x_wconf 72' lang='lat' dir='ltr'><strong>05a</strong></span> 
     </span>
    </p>
   </div>
   <div class='ocr_carea' id='block_1_89' title="bbox 2123 4302 3782 4391">
    <p class='ocr_par' dir='ltr' id='par_1_89' title="bbox 2123 4302 3782 4391">
     <span class='ocr_line' id='line_1_89' title="bbox 2123 4302 3782 4391; baseline -0.005 -24"><span class='ocrx_word' id='word_1_691' title='bbox 2123 4310 2240 4391; x_wconf 72' lang='grc' dir='ltr'>ἔχει</span> <span class='ocrx_word' id='word_1_692' title='bbox 2297 4309 2482 4384; x_wconf 78' lang='grc' dir='ltr'>μέρος,</span> <span class='ocrx_word' id='word_1_693' title='bbox 2545 4308 2634 4362; x_wconf 81' lang='grc' dir='ltr'><strong>καὶ</strong></span> <span class='ocrx_word' id='word_1_694' title='bbox 2707 4306 3002 4382; x_wconf 79' lang='grc' dir='ltr'>ἔμπροσθεν</span> <span class='ocrx_word' id='word_1_695' title='bbox 3079 4305 3455 4382; x_wconf 74' lang='grc' dir='ltr'>γεγραμμένον</span> <span class='ocrx_word' id='word_1_696' title='bbox 3523 4302 3782 4372; x_wconf 61' lang='grc' dir='ltr'><strong>ἐδήλωσᾶ</strong></span> 
     </span>
    </p>
   </div>
   <div class='ocr_carea' id='block_1_90' title="bbox 2124 4391 3782 4473">
    <p class='ocr_par' dir='ltr' id='par_1_90' title="bbox 2124 4391 3782 4473">
     <span class='ocr_line' id='line_1_90' title="bbox 2124 4391 3782 4473; baseline -0.005 -18"><span class='ocrx_word' id='word_1_697' title='bbox 2124 4422 2231 4472; x_wconf 84' lang='grc' dir='ltr'>σοι,</span> <span class='ocrx_word' id='word_1_698' title='bbox 2262 4399 2343 4454; x_wconf 77' lang='grc' dir='ltr'><strong>ὅτι</strong></span> <span class='ocrx_word' id='word_1_699' title='bbox 2377 4397 2523 4458; x_wconf 67' lang='grc' dir='ltr'>ἄθεος</span> <span class='ocrx_word' id='word_1_700' title='bbox 2560 4397 2639 4457; x_wconf 80' lang='grc' dir='ltr'>εἷ.</span> <span class='ocrx_word' id='word_1_701' title='bbox 2696 4397 2829 4451; x_wconf 80' lang='grc' dir='ltr'>Θεὸν</span> <span class='ocrx_word' id='word_1_702' title='bbox 2872 4394 3070 4472; x_wconf 83' lang='grc' dir='ltr'>ἄλογον</span> <span class='ocrx_word' id='word_1_703' title='bbox 3114 4391 3243 4473; x_wconf 81' lang='grc' dir='ltr'>δίχα</span> <span class='ocrx_word' id='word_1_704' title='bbox 3294 4391 3459 4470; x_wconf 76' lang='grc' dir='ltr'>λόγου</span> <span class='ocrx_word' id='word_1_705' title='bbox 3488 4393 3585 4447; x_wconf 75' lang='grc' dir='ltr'>καὶ</span> <span class='ocrx_word' id='word_1_706' title='bbox 3609 4394 3782 4448; x_wconf 71' lang='grc' dir='ltr'>πνεύ-</span> 
     </span>
    </p>
   </div>
   <div class='ocr_carea' id='block_1_91' title="bbox 388 4475 2040 4568">
    <p class='ocr_par' dir='ltr' id='par_1_91' title="bbox 388 4475 2030 4568">
     <span class='ocr_line' id='line_1_91' title="bbox 388 4475 2030 4568; baseline 0.001 -19"><span class='ocrx_word' id='word_1_707' title='bbox 388 4475 753 4549; x_wconf 83' lang='lat' dir='ltr'><strong>concedatur</strong></span> <span class='ocrx_word' id='word_1_708' title='bbox 777 4487 1032 4550; x_wconf 83' lang='lat' dir='ltr'><strong>lacultas</strong></span> <span class='ocrx_word' id='word_1_709' title='bbox 1045 4487 1279 4562; x_wconf 90' lang='lat' dir='ltr'><strong>orandi,</strong></span> <span class='ocrx_word' id='word_1_710' title='bbox 1298 4495 1357 4549; x_wconf 92' lang='lat' dir='ltr'><strong>et</strong></span> <span class='ocrx_word' id='word_1_711' title='bbox 1387 4486 1577 4568; x_wconf 89' lang='lat' dir='ltr'><strong>probe</strong></span> <span class='ocrx_word' id='word_1_712' title='bbox 1598 4487 1906 4565; x_wconf 90' lang='lat' dir='ltr'><strong>noviquod</strong></span> <span class='ocrx_word' id='word_1_713' title='bbox 1929 4489 2030 4568; x_wconf 90' lang='lat' dir='ltr'><strong>qui</strong></span> 
     </span>
    </p>
   </div>
   <div class='ocr_carea' id='block_1_92' title="bbox 2133 4475 3777 4568">
    <p class='ocr_par' dir='ltr' id='par_1_92' title="bbox 2133 4475 3777 4563">
     <span class='ocr_line' id='line_1_92' title="bbox 2133 4475 3777 4563; baseline -0.006 -18"><span class='ocrx_word' id='word_1_714' title='bbox 2133 4511 2284 4546; x_wconf 66' lang='lat'><strong>1.110:</strong></span> <span class='ocrx_word' id='word_1_715' title='bbox 2315 4487 2615 4562; x_wconf 77' lang='grc' dir='ltr'>λατρεύεις,</span> <span class='ocrx_word' id='word_1_716' title='bbox 2651 4475 2807 4561; x_wconf 76' lang='grc' dir='ltr'><strong>Ὀρᾷς</strong></span> <span class='ocrx_word' id='word_1_717' title='bbox 2862 4483 2962 4550; x_wconf 75' lang='grc' dir='ltr'>τὴν</span> <span class='ocrx_word' id='word_1_718' title='bbox 3012 4484 3201 4563; x_wconf 65' lang='grc' dir='ltr'>σοφίαν</span> <span class='ocrx_word' id='word_1_719' title='bbox 3261 4482 3435 4540; x_wconf 74' lang='grc' dir='ltr'>αὗτὼν</span> <span class='ocrx_word' id='word_1_720' title='bbox 3480 4480 3777 4562; x_wconf 50' lang='lat' dir='ltr'><strong>dmi)?“</strong></span> 
     </span>
    </p>
   </div>
   <div class='ocr_carea' id='block_1_93' title="bbox 386 4568 2040 4655">
    <p class='ocr_par' dir='ltr' id='par_1_93' title="bbox 386 4575 2028 4655">
     <span class='ocr_line' id='line_1_93' title="bbox 386 4575 2028 4655; baseline -0.001 -15"><span class='ocrx_word' id='word_1_721' title='bbox 386 4593 508 4640; x_wconf 73' lang='lat' dir='ltr'><strong>non</strong></span> <span class='ocrx_word' id='word_1_722' title='bbox 540 4583 691 4647; x_wconf 88' lang='lat' dir='ltr'><strong>orat.</strong></span> <span class='ocrx_word' id='word_1_723' title='bbox 727 4593 844 4639; x_wconf 93' lang='lat' dir='ltr'><strong>non</strong></span> <span class='ocrx_word' id='word_1_724' title='bbox 871 4575 1084 4638; x_wconf 88' lang='lat' dir='ltr'><strong>habeat</strong></span> <span class='ocrx_word' id='word_1_725' title='bbox 1114 4575 1302 4638; x_wconf 90' lang='lat' dir='ltr'><strong>Deum</strong></span> <span class='ocrx_word' id='word_1_726' title='bbox 1357 4584 1636 4654; x_wconf 86' lang='lat' dir='ltr'><strong>tanquam</strong></span> <span class='ocrx_word' id='word_1_727' title='bbox 1690 4578 2028 4655; x_wconf 90' lang='lat' dir='ltr'><strong>portionem</strong></span> 
     </span>
    </p>
   </div>
   <div class='ocr_carea' id='block_1_94' title="bbox 2133 4568 3779 4655">
    <p class='ocr_par' dir='ltr' id='par_1_94' title="bbox 2133 4568 3779 4655">
     <span class='ocr_line' id='line_1_94' title="bbox 2133 4568 3779 4655; baseline -0.005 -22"><span class='ocrx_word' id='word_1_728' title='bbox 2133 4579 2209 4645; x_wconf 77' lang='grc' dir='ltr'>ςὴν</span> <span class='ocrx_word' id='word_1_729' title='bbox 2238 4575 2470 4655; x_wconf 74' lang='grc' dir='ltr'>διδαχὴν</span> <span class='ocrx_word' id='word_1_730' title='bbox 2526 4575 2614 4631; x_wconf 79' lang='grc' dir='ltr'><strong>καὶ</strong></span> <span class='ocrx_word' id='word_1_731' title='bbox 2675 4580 2770 4641; x_wconf 76' lang='grc' dir='ltr'>τὴν</span> <span class='ocrx_word' id='word_1_732' title='bbox 2813 4571 3028 4649; x_wconf 75' lang='grc' dir='ltr'>κήρυξιν</span> <span class='ocrx_word' id='word_1_733' title='bbox 3087 4578 3181 4628; x_wconf 78' lang='grc' dir='ltr'>τοῦ</span> <span class='ocrx_word' id='word_1_734' title='bbox 3225 4568 3588 4650; x_wconf 71' lang='grc' dir='ltr'>Μουχάμιτός</span> <span class='ocrx_word' id='word_1_735' title='bbox 3650 4591 3779 4641; x_wconf 79' lang='grc' dir='ltr'><strong>σω,</strong></span> 
     </span>
    </p>
   </div>
   <div class='ocr_carea' id='block_1_95' title="bbox 384 4657 2040 4747">
    <p class='ocr_par' dir='ltr' id='par_1_95' title="bbox 384 4663 2029 4747">
     <span class='ocr_line' id='line_1_95' title="bbox 384 4663 2029 4747; baseline 0.001 -20"><span class='ocrx_word' id='word_1_736' title='bbox 384 4682 581 4727; x_wconf 84' lang='lat' dir='ltr'><strong>suam.</strong></span> <span class='ocrx_word' id='word_1_737' title='bbox 615 4663 734 4728; x_wconf 89' lang='lat' dir='ltr'><strong>Sed</strong></span> <span class='ocrx_word' id='word_1_738' title='bbox 765 4684 838 4728; x_wconf 82' lang='lat' dir='ltr'><strong>ex</strong></span> <span class='ocrx_word' id='word_1_739' title='bbox 868 4663 1226 4745; x_wconf 78' lang='lat' dir='ltr'><strong>supradictis</strong></span> <span class='ocrx_word' id='word_1_740' title='bbox 1254 4673 1310 4726; x_wconf 91' lang='lat' dir='ltr'><strong>et</strong></span> <span class='ocrx_word' id='word_1_741' title='bbox 1342 4665 1583 4747; x_wconf 86' lang='lat' dir='ltr'><strong>scriptis</strong></span> <span class='ocrx_word' id='word_1_742' title='bbox 1630 4664 1870 4727; x_wconf 85' lang='lat' dir='ltr'><strong>abunde</strong></span> <span class='ocrx_word' id='word_1_743' title='bbox 1921 4666 2029 4728; x_wconf 81' lang='lat' dir='ltr'><strong>tibi</strong></span> 
     </span>
    </p>
   </div>
   <div class='ocr_carea' id='block_1_96' title="bbox 2133 4657 3782 4747">
    <p class='ocr_par' dir='ltr' id='par_1_96' title="bbox 2133 4657 3782 4740">
     <span class='ocr_line' id='line_1_96' title="bbox 2133 4657 3782 4740; baseline -0.006 -17"><span class='ocrx_word' id='word_1_744' title='bbox 2133 4673 2228 4728; x_wconf 72' lang='grc' dir='ltr'><strong>πῶς</strong></span> <span class='ocrx_word' id='word_1_745' title='bbox 2293 4663 2665 4740; x_wconf 81' lang='grc' dir='ltr'>σκοτεινοτέρα</span> <span class='ocrx_word' id='word_1_746' title='bbox 2725 4663 2810 4718; x_wconf 76' lang='grc' dir='ltr'><strong>καὶ</strong></span> <span class='ocrx_word' id='word_1_747' title='bbox 2865 4661 3087 4739; x_wconf 78' lang='grc' dir='ltr'>χάουςς</span> <span class='ocrx_word' id='word_1_748' title='bbox 3147 4658 3308 4718; x_wconf 79' lang='grc' dir='ltr'>’Ὅθεν</span> <span class='ocrx_word' id='word_1_749' title='bbox 3362 4657 3422 4714; x_wconf 71' lang='grc' dir='ltr'>οὗ</span> <span class='ocrx_word' id='word_1_750' title='bbox 3472 4657 3782 4735; x_wconf 67' lang='grc' dir='ltr'>γινιὸσιέτε</span> 
     </span>
    </p>
   </div>
   <div class='ocr_carea' id='block_1_97' title="bbox 389 4747 2040 4836">
    <p class='ocr_par' dir='ltr' id='par_1_97' title="bbox 389 4753 2032 4836">
     <span class='ocr_line' id='line_1_97' title="bbox 389 4753 2032 4836; baseline 0.001 -20"><span class='ocrx_word' id='word_1_751' title='bbox 389 4754 770 4818; x_wconf 80' lang='lat' dir='ltr'><strong>maniiestavi</strong></span> <span class='ocrx_word' id='word_1_752' title='bbox 806 4765 864 4817; x_wconf 94' lang='lat' dir='ltr'><strong>te</strong></span> <span class='ocrx_word' id='word_1_753' title='bbox 892 4772 1103 4816; x_wconf 88' lang='lat' dir='ltr'><strong>revera</strong></span> <span class='ocrx_word' id='word_1_754' title='bbox 1135 4773 1268 4817; x_wconf 86' lang='lat' dir='ltr'><strong>esse</strong></span> <span class='ocrx_word' id='word_1_755' title='bbox 1289 4756 1559 4818; x_wconf 89' lang='lat' dir='ltr'><strong>atheum.</strong></span> <span class='ocrx_word' id='word_1_756' title='bbox 1589 4753 1775 4817; x_wconf 88' lang='lat' dir='ltr'><strong>Deum</strong></span> <span class='ocrx_word' id='word_1_757' title='bbox 1808 4755 2032 4836; x_wconf 89' lang='lat' dir='ltr'><strong>quippe</strong></span> 
     </span>
    </p>
   </div>
   <div class='ocr_carea' id='block_1_98' title="bbox 2133 4747 3779 4836">
    <p class='ocr_par' dir='ltr' id='par_1_98' title="bbox 2133 4747 3779 4830">
     <span class='ocr_line' id='line_1_98' title="bbox 2133 4747 3779 4830; baseline -0.005 -18"><span class='ocrx_word' id='word_1_758' title='bbox 2133 4758 2164 4812; x_wconf 75' lang='lat' dir='ltr'><strong>:i</strong></span> <span class='ocrx_word' id='word_1_759' title='bbox 2221 4756 2366 4812; x_wconf 77' lang='grc' dir='ltr'>ἐστιν</span> <span class='ocrx_word' id='word_1_760' title='bbox 2419 4754 2684 4829; x_wconf 73' lang='grc' dir='ltr'>ἁγιασμὸς</span> <span class='ocrx_word' id='word_1_761' title='bbox 2745 4752 2935 4830; x_wconf 74' lang='grc' dir='ltr'>ψυχῆς</span> <span class='ocrx_word' id='word_1_762' title='bbox 2994 4753 3085 4807; x_wconf 73' lang='grc' dir='ltr'>καὶ</span> <span class='ocrx_word' id='word_1_763' title='bbox 3126 4749 3403 4826; x_wconf 76' lang='grc' dir='ltr'>σώματος,</span> <span class='ocrx_word' id='word_1_764' title='bbox 3459 4747 3582 4804; x_wconf 65' lang='lat' dir='ltr'><strong>051‘s</strong></span> <span class='ocrx_word' id='word_1_765' title='bbox 3641 4750 3779 4821; x_wconf 76' lang='grc' dir='ltr'>ὑμῖν</span> 
     </span>
    </p>
   </div>
   <div class='ocr_carea' id='block_1_99' title="bbox 385 4843 2040 4925">
    <p class='ocr_par' dir='ltr' id='par_1_99' title="bbox 385 4843 2031 4925">
     <span class='ocr_line' id='line_1_99' title="bbox 385 4843 2031 4925; baseline -0.001 -18"><span class='ocrx_word' id='word_1_766' title='bbox 385 4844 816 4920; x_wconf 87' lang='lat' dir='ltr'><strong>irrationalem,</strong></span> <span class='ocrx_word' id='word_1_767' title='bbox 849 4843 1096 4906; x_wconf 86' lang='lat' dir='ltr'><strong>rationis</strong></span> <span class='ocrx_word' id='word_1_768' title='bbox 1127 4853 1187 4906; x_wconf 93' lang='lat' dir='ltr'><strong>et</strong></span> <span class='ocrx_word' id='word_1_769' title='bbox 1219 4844 1464 4924; x_wconf 88' lang='lat' dir='ltr'><strong>spiritus</strong></span> <span class='ocrx_word' id='word_1_770' title='bbox 1495 4852 1800 4925; x_wconf 81' lang='lat' dir='ltr'><strong>expertem</strong></span> <span class='ocrx_word' id='word_1_771' title='bbox 1844 4862 2031 4906; x_wconf 90' lang='lat' dir='ltr'><strong>vene-</strong></span> 
     </span>
    </p>
   </div>
   <div class='ocr_carea' id='block_1_100' title="bbox 2133 4843 2596 4925">
    <p class='ocr_par' dir='ltr' id='par_1_100' title="bbox 2133 4843 2596 4922">
     <span class='ocr_line' id='line_1_100' title="bbox 2133 4843 2596 4922; baseline -0.002 -20"><span class='ocrx_word' id='word_1_772' title='bbox 2133 4843 2570 4922; x_wconf 61' lang='grc' dir='ltr'>ὶεϐορϐορωμὲνοι</span> <span class='ocrx_word' id='word_1_773' title='bbox 2583 4887 2596 4901; x_wconf 93' lang='grc'><strong>.</strong></span> 
     </span>
    </p>
   </div>
   <div class='ocr_carea' id='block_1_101' title="bbox 386 4925 3781 5015">
    <p class='ocr_par' dir='ltr' id='par_1_101' title="bbox 386 4925 3781 5015">
     <span class='ocr_line' id='line_1_101' title="bbox 386 4925 3781 5015; baseline -0.003 -19"><span class='ocrx_word' id='word_1_774' title='bbox 386 4933 562 4999; x_wconf 81' lang='lat' dir='ltr'><strong>raris.</strong></span> <span class='ocrx_word' id='word_1_775' title='bbox 596 4933 768 4998; x_wconf 91' lang='lat' dir='ltr'><strong>Unde</strong></span> <span class='ocrx_word' id='word_1_776' title='bbox 799 4942 968 5015; x_wconf 90' lang='lat' dir='ltr'><strong>potes</strong></span> <span class='ocrx_word' id='word_1_777' title='bbox 999 4933 1478 4995; x_wconf 80' lang='lat' dir='ltr'><strong>animadvertere</strong></span> <span class='ocrx_word' id='word_1_778' title='bbox 1509 4932 1889 5012; x_wconf 89' lang='lat' dir='ltr'><strong>sapientiam,</strong></span> <span class='ocrx_word' id='word_1_779' title='bbox 1923 4933 2286 5008; x_wconf 74' lang='lat' dir='ltr'><strong>doctrinam,</strong></span> <span class='ocrx_word' id='word_1_780' title='bbox 2324 4929 2807 5013; x_wconf 83' lang='lat' dir='ltr'><strong>praedicationem</strong></span> <span class='ocrx_word' id='word_1_781' title='bbox 2862 4925 3300 5015; x_wconf 72' lang='lat' dir='ltr'><strong>Muhammedis</strong></span> <span class='ocrx_word' id='word_1_782' title='bbox 3343 4941 3604 5015; x_wconf 68' lang='lat' dir='ltr'><strong>prorsus</strong></span> <span class='ocrx_word' id='word_1_783' title='bbox 3640 4943 3781 4987; x_wconf 80' lang='lat' dir='ltr'><strong>esse</strong></span> 
     </span>
    </p>
   </div>
   <div class='ocr_carea' id='block_1_102' title="bbox 387 5012 3781 5106">
    <p class='ocr_par' dir='ltr' id='par_1_102' title="bbox 387 5012 3781 5106">
     <span class='ocr_line' id='line_1_102' title="bbox 387 5012 3781 5106; baseline -0.002 -22"><span class='ocrx_word' id='word_1_784' title='bbox 387 5023 684 5099; x_wconf 89' lang='lat' dir='ltr'><strong>inutilem,</strong></span> <span class='ocrx_word' id='word_1_785' title='bbox 718 5012 897 5105; x_wconf 78' lang='lat' dir='ltr'><strong>quam</strong></span> <span class='ocrx_word' id='word_1_786' title='bbox 929 5021 1218 5085; x_wconf 87' lang='lat' dir='ltr'><strong>obscurra</strong></span> <span class='ocrx_word' id='word_1_787' title='bbox 1247 5023 1325 5084; x_wconf 89' lang='lat' dir='ltr'><strong>sit</strong></span> <span class='ocrx_word' id='word_1_788' title='bbox 1353 5030 1415 5084; x_wconf 86' lang='lat' dir='ltr'><strong>et</strong></span> <span class='ocrx_word' id='word_1_789' title='bbox 1442 5022 1716 5084; x_wconf 87' lang='lat' dir='ltr'><strong>tenebris</strong></span> <span class='ocrx_word' id='word_1_790' title='bbox 1747 5023 2030 5099; x_wconf 87' lang='lat' dir='ltr'><strong>involuta,</strong></span> <span class='ocrx_word' id='word_1_791' title='bbox 2065 5043 2239 5106; x_wconf 89' lang='lat' dir='ltr'><strong>quam</strong></span> <span class='ocrx_word' id='word_1_792' title='bbox 2272 5012 2522 5084; x_wconf 73' lang='lat' dir='ltr'><strong>centusa</strong></span> <span class='ocrx_word' id='word_1_793' title='bbox 2552 5027 2611 5080; x_wconf 92' lang='lat' dir='ltr'><strong>et</strong></span> <span class='ocrx_word' id='word_1_794' title='bbox 2643 5037 2878 5080; x_wconf 87' lang='lat' dir='ltr'><strong>merum</strong></span> <span class='ocrx_word' id='word_1_795' title='bbox 2912 5017 3128 5081; x_wconf 82' lang='lat' dir='ltr'><strong>Chaos.</strong></span> <span class='ocrx_word' id='word_1_796' title='bbox 3175 5012 3348 5078; x_wconf 85' lang='lat' dir='ltr'><strong>Unde</strong></span> <span class='ocrx_word' id='word_1_797' title='bbox 3379 5014 3444 5075; x_wconf 82' lang='lat' dir='ltr'><strong>ﬁt</strong></span> <span class='ocrx_word' id='word_1_798' title='bbox 3475 5023 3543 5074; x_wconf 89' lang='lat' dir='ltr'><strong>ut</strong></span> <span class='ocrx_word' id='word_1_799' title='bbox 3587 5013 3781 5094; x_wconf 76' lang='lat' dir='ltr'><strong>igno-</strong></span> 
     </span>
    </p>
   </div>
   <div class='ocr_carea' id='block_1_103' title="bbox 389 5108 2926 5194">
    <p class='ocr_par' dir='ltr' id='par_1_103' title="bbox 389 5108 2926 5194">
     <span class='ocr_line' id='line_1_103' title="bbox 389 5108 2926 5194; baseline -0.002 -20"><span class='ocrx_word' id='word_1_800' title='bbox 389 5113 536 5175; x_wconf 88' lang='lat' dir='ltr'><strong>retis</strong></span> <span class='ocrx_word' id='word_1_801' title='bbox 561 5113 754 5194; x_wconf 90' lang='lat' dir='ltr'><strong>qualis</strong></span> <span class='ocrx_word' id='word_1_802' title='bbox 777 5112 858 5174; x_wconf 88' lang='lat' dir='ltr'><strong>sit</strong></span> <span class='ocrx_word' id='word_1_803' title='bbox 885 5130 1022 5175; x_wconf 89' lang='lat' dir='ltr'><strong>vera</strong></span> <span class='ocrx_word' id='word_1_804' title='bbox 1051 5111 1442 5174; x_wconf 80' lang='lat' dir='ltr'><strong>sanctiﬁcatio</strong></span> <span class='ocrx_word' id='word_1_805' title='bbox 1475 5109 1694 5174; x_wconf 66' lang='lat' dir='ltr'><strong>animm</strong></span> <span class='ocrx_word' id='word_1_806' title='bbox 1727 5120 1787 5173; x_wconf 86' lang='lat' dir='ltr'><strong>et</strong></span> <span class='ocrx_word' id='word_1_807' title='bbox 1815 5113 2112 5189; x_wconf 81' lang='lat' dir='ltr'><strong>corporis.</strong></span> <span class='ocrx_word' id='word_1_808' title='bbox 2153 5111 2256 5175; x_wconf 74' lang='lat' dir='ltr'><strong>Vae</strong></span> <span class='ocrx_word' id='word_1_809' title='bbox 2288 5111 2478 5185; x_wconf 89' lang='lat' dir='ltr'><strong>vobis,</strong></span> <span class='ocrx_word' id='word_1_810' title='bbox 2512 5129 2546 5170; x_wconf 93' lang='lat'><strong>0</strong></span> <span class='ocrx_word' id='word_1_811' title='bbox 2580 5108 2926 5171; x_wconf 65' lang='lat' dir='ltr'><strong>borboritai.</strong></span> 
     </span>
    </p>
   </div>
   <div class='ocr_carea' id='block_1_104' title="bbox 471 5191 2040 5283">
    <p class='ocr_par' dir='ltr' id='par_1_104' title="bbox 471 5191 2040 5283">
     <span class='ocr_line' id='line_1_104' title="bbox 471 5191 2040 5283; baseline -0.001 -18"><span class='ocrx_word' id='word_1_812' title='bbox 471 5191 846 5265; x_wconf 78' lang='lat' dir='ltr'><strong>Ostenditibi</strong></span> <span class='ocrx_word' id='word_1_813' title='bbox 874 5201 1069 5283; x_wconf 87' lang='lat' dir='ltr'><strong>qualis</strong></span> <span class='ocrx_word' id='word_1_814' title='bbox 1087 5201 1162 5264; x_wconf 74' lang='lat' dir='ltr'><strong>sit</strong></span> <span class='ocrx_word' id='word_1_815' title='bbox 1185 5201 1373 5264; x_wconf 89' lang='lat' dir='ltr'><strong>oratio</strong></span> <span class='ocrx_word' id='word_1_816' title='bbox 1413 5210 1530 5275; x_wconf 90' lang='lat' dir='ltr'><strong>tua,</strong></span> <span class='ocrx_word' id='word_1_817' title='bbox 1559 5209 1620 5263; x_wconf 85' lang='lat' dir='ltr'><strong>et</strong></span> <span class='ocrx_word' id='word_1_818' title='bbox 1663 5218 1732 5263; x_wconf 77' lang='lat' dir='ltr'><strong>ex</strong></span> <span class='ocrx_word' id='word_1_819' title='bbox 1766 5199 2040 5264; x_wconf 88' lang='lat' dir='ltr'><strong>doctrina</strong></span> 
     </span>
    </p>
   </div>
   <div class='ocr_carea' id='block_1_105' title="bbox 2133 5191 3781 5283">
    <p class='ocr_par' dir='ltr' id='par_1_105' title="bbox 2199 5191 3781 5274">
     <span class='ocr_line' id='line_1_105' title="bbox 2199 5191 3781 5274; baseline -0.006 -16"><span class='ocrx_word' id='word_1_820' title='bbox 2199 5200 2414 5272; x_wconf 62' lang='lat' dir='ltr'><strong>&quot;38:th</strong></span> <span class='ocrx_word' id='word_1_821' title='bbox 2459 5223 2542 5256; x_wconf 89' lang='grc' dir='ltr'><strong>σοι</strong></span> <span class='ocrx_word' id='word_1_822' title='bbox 2602 5200 2815 5258; x_wconf 75' lang='grc' dir='ltr'>πάντως</span> <span class='ocrx_word' id='word_1_823' title='bbox 2859 5200 2910 5253; x_wconf 73' lang='grc' dir='ltr'>τί</span> <span class='ocrx_word' id='word_1_824' title='bbox 2952 5197 3096 5253; x_wconf 64' lang='grc' dir='ltr'>ἔστιν</span> <span class='ocrx_word' id='word_1_825' title='bbox 3139 5194 3281 5274; x_wconf 72' lang='grc' dir='ltr'><strong>εὖχά</strong></span> <span class='ocrx_word' id='word_1_826' title='bbox 3331 5214 3452 5273; x_wconf 75' lang='grc' dir='ltr'>σου,</span> <span class='ocrx_word' id='word_1_827' title='bbox 3488 5194 3582 5249; x_wconf 81' lang='grc' dir='ltr'><strong>καὶ</strong></span> <span class='ocrx_word' id='word_1_828' title='bbox 3615 5191 3781 5256; x_wconf 80' lang='grc' dir='ltr'>οἶδας</span> 
     </span>
    </p>
   </div>
   <div class='ocr_carea' id='block_1_106' title="bbox 390 5283 2040 5371">
    <p class='ocr_par' dir='ltr' id='par_1_106' title="bbox 390 5290 2034 5371">
     <span class='ocr_line' id='line_1_106' title="bbox 390 5290 2034 5371; baseline 0 -20"><span class='ocrx_word' id='word_1_829' title='bbox 390 5299 494 5352; x_wconf 86' lang='lat' dir='ltr'><strong>tua</strong></span> <span class='ocrx_word' id='word_1_830' title='bbox 522 5291 636 5353; x_wconf 91' lang='lat' dir='ltr'><strong>hoc</strong></span> <span class='ocrx_word' id='word_1_831' title='bbox 666 5290 796 5369; x_wconf 91' lang='lat' dir='ltr'><strong>ipse</strong></span> <span class='ocrx_word' id='word_1_832' title='bbox 827 5301 996 5371; x_wconf 91' lang='lat' dir='ltr'><strong>potes</strong></span> <span class='ocrx_word' id='word_1_833' title='bbox 1027 5290 1337 5371; x_wconf 84' lang='lat' dir='ltr'><strong>colligere,</strong></span> <span class='ocrx_word' id='word_1_834' title='bbox 1385 5300 1445 5352; x_wconf 90' lang='lat' dir='ltr'><strong>et</strong></span> <span class='ocrx_word' id='word_1_835' title='bbox 1495 5290 1863 5352; x_wconf 81' lang='lat' dir='ltr'><strong>manifestavi</strong></span> <span class='ocrx_word' id='word_1_836' title='bbox 1899 5310 2034 5352; x_wconf 84' lang='lat' dir='ltr'><strong>om-</strong></span> 
     </span>
    </p>
   </div>
   <div class='ocr_carea' id='block_1_107' title="bbox 2133 5283 3784 5371">
    <p class='ocr_par' dir='ltr' id='par_1_107' title="bbox 2133 5283 3784 5367">
     <span class='ocr_line' id='line_1_107' title="bbox 2133 5283 3784 5367; baseline -0.007 -19"><span class='ocrx_word' id='word_1_837' title='bbox 2133 5290 2404 5366; x_wconf 69' lang='grc' dir='ltr'>ἲυνάμενος</span> <span class='ocrx_word' id='word_1_838' title='bbox 2450 5297 2526 5365; x_wconf 82' lang='grc' dir='ltr'>τῷ</span> <span class='ocrx_word' id='word_1_839' title='bbox 2590 5288 2816 5366; x_wconf 83' lang='grc' dir='ltr'>δόγματῖ</span> <span class='ocrx_word' id='word_1_840' title='bbox 2885 5309 3004 5367; x_wconf 70' lang='grc' dir='ltr'>σου,</span> <span class='ocrx_word' id='word_1_841' title='bbox 3064 5284 3159 5342; x_wconf 74' lang='grc' dir='ltr'>καί</span> <span class='ocrx_word' id='word_1_842' title='bbox 3221 5283 3535 5362; x_wconf 62' lang='grc' dir='ltr'>ἐφανέρωσα</span> <span class='ocrx_word' id='word_1_843' title='bbox 3599 5283 3784 5340; x_wconf 64' lang='grc' dir='ltr'>πᾶσαν</span> 
     </span>
    </p>
   </div>
   <div class='ocr_carea' id='block_1_108' title="bbox 390 5378 2036 5460">
    <p class='ocr_par' dir='ltr' id='par_1_108' title="bbox 390 5378 2036 5460">
     <span class='ocr_line' id='line_1_108' title="bbox 390 5378 2036 5460; baseline -0.001 -18"><span class='ocrx_word' id='word_1_844' title='bbox 390 5397 527 5442; x_wconf 87' lang='lat' dir='ltr'><strong>nem</strong></span> <span class='ocrx_word' id='word_1_845' title='bbox 559 5389 717 5442; x_wconf 85' lang='lat' dir='ltr'><strong>tuam</strong></span> <span class='ocrx_word' id='word_1_846' title='bbox 745 5379 1164 5459; x_wconf 89' lang='lat' dir='ltr'><strong>perditionem.</strong></span> <span class='ocrx_word' id='word_1_847' title='bbox 1185 5382 1251 5443; x_wconf 86' lang='lat' dir='ltr'><strong>Et</strong></span> <span class='ocrx_word' id='word_1_848' title='bbox 1270 5379 1601 5443; x_wconf 88' lang='lat' dir='ltr'><strong>rursustibi</strong></span> <span class='ocrx_word' id='word_1_849' title='bbox 1615 5378 1888 5442; x_wconf 87' lang='lat' dir='ltr'><strong>eamdem</strong></span> <span class='ocrx_word' id='word_1_850' title='bbox 1907 5398 2036 5460; x_wconf 87' lang='lat' dir='ltr'><strong>per-</strong></span> 
     </span>
    </p>
   </div>
   <div class='ocr_carea' id='block_1_109' title="bbox 387 5469 2032 5544">
    <p class='ocr_par' dir='ltr' id='par_1_109' title="bbox 387 5469 2032 5544">
     <span class='ocr_line' id='line_1_109' title="bbox 387 5469 2032 5544; baseline -0.001 -12"><span class='ocrx_word' id='word_1_851' title='bbox 387 5469 681 5532; x_wconf 89' lang='lat' dir='ltr'><strong>ditionem</strong></span> <span class='ocrx_word' id='word_1_852' title='bbox 709 5469 811 5529; x_wconf 84' lang='lat' dir='ltr'><strong>tibi</strong></span> <span class='ocrx_word' id='word_1_853' title='bbox 838 5470 1259 5542; x_wconf 82' lang='lat' dir='ltr'><strong>manilestabo,</strong></span> <span class='ocrx_word' id='word_1_854' title='bbox 1285 5481 1344 5533; x_wconf 91' lang='lat' dir='ltr'><strong>et</strong></span> <span class='ocrx_word' id='word_1_855' title='bbox 1365 5471 1624 5544; x_wconf 88' lang='lat' dir='ltr'><strong>ruinam,</strong></span> <span class='ocrx_word' id='word_1_856' title='bbox 1644 5479 1701 5531; x_wconf 91' lang='lat' dir='ltr'><strong>et</strong></span> <span class='ocrx_word' id='word_1_857' title='bbox 1727 5469 2032 5532; x_wconf 90' lang='lat' dir='ltr'><strong>interitum</strong></span> 
     </span>
    </p>
   </div>
   <div class='ocr_carea' id='block_1_110' title="bbox 386 5559 2033 5640">
    <p class='ocr_par' dir='ltr' id='par_1_110' title="bbox 386 5559 2033 5640">
     <span class='ocr_line' id='line_1_110' title="bbox 386 5559 2033 5640; baseline -0.002 -17"><span class='ocrx_word' id='word_1_858' title='bbox 386 5563 604 5623; x_wconf 69' lang='lat' dir='ltr'><strong>animm</strong></span> <span class='ocrx_word' id='word_1_859' title='bbox 634 5567 749 5620; x_wconf 63' lang='lat' dir='ltr'><strong>tua;</strong></span> <span class='ocrx_word' id='word_1_860' title='bbox 779 5567 836 5620; x_wconf 93' lang='lat' dir='ltr'><strong>et</strong></span> <span class='ocrx_word' id='word_1_861' title='bbox 867 5561 1138 5640; x_wconf 86' lang='lat' dir='ltr'><strong>corporis</strong></span> <span class='ocrx_word' id='word_1_862' title='bbox 1192 5561 1298 5635; x_wconf 90' lang='lat' dir='ltr'><strong>tui,</strong></span> <span class='ocrx_word' id='word_1_863' title='bbox 1335 5569 1393 5621; x_wconf 91' lang='lat' dir='ltr'><strong>et</strong></span> <span class='ocrx_word' id='word_1_864' title='bbox 1443 5559 1744 5640; x_wconf 88' lang='lat' dir='ltr'><strong>quomodo</strong></span> <span class='ocrx_word' id='word_1_865' title='bbox 1798 5579 1914 5620; x_wconf 90' lang='lat' dir='ltr'><strong>non</strong></span> <span class='ocrx_word' id='word_1_866' title='bbox 1949 5561 2033 5619; x_wconf 91' lang='lat' dir='ltr'><strong>vis</strong></span> 
     </span>
    </p>
   </div>
   <div class='ocr_carea' id='block_1_111' title="bbox 386 5647 2029 5731">
    <p class='ocr_par' dir='ltr' id='par_1_111' title="bbox 386 5647 2029 5731">
     <span class='ocr_line' id='line_1_111' title="bbox 386 5647 2029 5731; baseline 0 -18"><span class='ocrx_word' id='word_1_867' title='bbox 386 5649 606 5714; x_wconf 86' lang='lat' dir='ltr'><strong>salvari</strong></span> <span class='ocrx_word' id='word_1_868' title='bbox 638 5666 670 5711; x_wconf 92' lang='lat' dir='ltr'><strong>a</strong></span> <span class='ocrx_word' id='word_1_869' title='bbox 698 5647 962 5731; x_wconf 86' lang='lat' dir='ltr'><strong>peccatis</strong></span> <span class='ocrx_word' id='word_1_870' title='bbox 992 5659 1052 5710; x_wconf 87' lang='lat' dir='ltr'><strong>et</strong></span> <span class='ocrx_word' id='word_1_871' title='bbox 1084 5648 1438 5712; x_wconf 87' lang='lat' dir='ltr'><strong>criminibus</strong></span> <span class='ocrx_word' id='word_1_872' title='bbox 1468 5667 1601 5730; x_wconf 68' lang='lat' dir='ltr'><strong>quae</strong></span> <span class='ocrx_word' id='word_1_873' title='bbox 1651 5649 2029 5730; x_wconf 86' lang='lat' dir='ltr'><strong>perpetrasti.</strong></span> 
     </span>
    </p>
   </div>
   <div class='ocr_carea' id='block_1_112' title="bbox 2119 5371 3781 5452">
    <p class='ocr_par' dir='ltr' id='par_1_112' title="bbox 2119 5371 3781 5452">
     <span class='ocr_line' id='line_1_112' title="bbox 2119 5371 3781 5452; baseline -0.007 -16"><span class='ocrx_word' id='word_1_874' title='bbox 2119 5403 2212 5439; x_wconf 70' lang='grc' dir='ltr'><strong>σου</strong></span> <span class='ocrx_word' id='word_1_875' title='bbox 2256 5381 2352 5448; x_wconf 74' lang='grc' dir='ltr'><strong>τὴν</strong></span> <span class='ocrx_word' id='word_1_876' title='bbox 2398 5378 2694 5438; x_wconf 80' lang='grc' dir='ltr'>ἀπώλειαν.</span> <span class='ocrx_word' id='word_1_877' title='bbox 2747 5378 2847 5434; x_wconf 77' lang='grc' dir='ltr'><strong>Καὶ</strong></span> <span class='ocrx_word' id='word_1_878' title='bbox 2896 5375 3056 5433; x_wconf 78' lang='grc' dir='ltr'>πάλιν</span> <span class='ocrx_word' id='word_1_879' title='bbox 3121 5396 3206 5431; x_wconf 90' lang='grc' dir='ltr'><strong>σοι</strong></span> <span class='ocrx_word' id='word_1_880' title='bbox 3265 5371 3434 5436; x_wconf 60' lang='lat' dir='ltr'><strong>ﬁniit</strong></span> <span class='ocrx_word' id='word_1_881' title='bbox 3498 5371 3626 5452; x_wconf 73' lang='grc' dir='ltr'><strong>ἔχω</strong></span> <span class='ocrx_word' id='word_1_882' title='bbox 3676 5374 3781 5438; x_wconf 69' lang='grc' dir='ltr'>τὴν</span> 
     </span>
    </p>
   </div>
   <div class='ocr_carea' id='block_1_113' title="bbox 2117 5461 3783 5544">
    <p class='ocr_par' dir='ltr' id='par_1_113' title="bbox 2117 5461 3783 5544">
     <span class='ocr_line' id='line_1_113' title="bbox 2117 5461 3783 5544; baseline -0.008 -17"><span class='ocrx_word' id='word_1_883' title='bbox 2117 5470 2389 5527; x_wconf 72' lang='grc' dir='ltr'>ἂπώλειιν</span> <span class='ocrx_word' id='word_1_884' title='bbox 2425 5487 2437 5500; x_wconf 80' lang='grc'><strong><em>⁸</em></strong></span> <span class='ocrx_word' id='word_1_885' title='bbox 2481 5471 2567 5525; x_wconf 67' lang='lat' dir='ltr'><strong>mi</strong></span> <span class='ocrx_word' id='word_1_886' title='bbox 2613 5467 2801 5544; x_wconf 64' lang='grc' dir='ltr'>πάλιν,</span> <span class='ocrx_word' id='word_1_887' title='bbox 2863 5465 3032 5530; x_wconf 76' lang='grc' dir='ltr'>δεῖξαί</span> <span class='ocrx_word' id='word_1_888' title='bbox 3088 5485 3172 5521; x_wconf 87' lang='grc' dir='ltr'><strong>σοι</strong></span> <span class='ocrx_word' id='word_1_889' title='bbox 3228 5463 3346 5541; x_wconf 79' lang='grc' dir='ltr'><strong>ἔχω</strong></span> <span class='ocrx_word' id='word_1_890' title='bbox 3407 5462 3502 5516; x_wconf 76' lang='grc' dir='ltr'>τὸν</span> <span class='ocrx_word' id='word_1_891' title='bbox 3553 5461 3783 5540; x_wconf 74' lang='grc' dir='ltr'>ὄλεθρον</span> 
     </span>
    </p>
   </div>
   <div class='ocr_carea' id='block_1_114' title="bbox 2116 5550 3777 5638">
    <p class='ocr_par' dir='ltr' id='par_1_114' title="bbox 2116 5550 3777 5634">
     <span class='ocr_line' id='line_1_114' title="bbox 2116 5550 3777 5634; baseline -0.007 -18"><span class='ocrx_word' id='word_1_892' title='bbox 2116 5561 2213 5626; x_wconf 68' lang='grc' dir='ltr'>τῆς</span> <span class='ocrx_word' id='word_1_893' title='bbox 2273 5565 2457 5634; x_wconf 72' lang='grc' dir='ltr'>ψυγῆς</span> <span class='ocrx_word' id='word_1_894' title='bbox 2491 5581 2582 5617; x_wconf 70' lang='grc' dir='ltr'>σοι)</span> <span class='ocrx_word' id='word_1_895' title='bbox 2614 5560 2698 5613; x_wconf 83' lang='grc' dir='ltr'><strong>καὶ</strong></span> <span class='ocrx_word' id='word_1_896' title='bbox 2730 5557 2822 5613; x_wconf 79' lang='lat'><strong>105</strong></span> <span class='ocrx_word' id='word_1_897' title='bbox 2867 5556 3144 5630; x_wconf 82' lang='grc' dir='ltr'>σώματος,</span> <span class='ocrx_word' id='word_1_898' title='bbox 3182 5555 3294 5616; x_wconf 83' lang='grc' dir='ltr'>πῶς</span> <span class='ocrx_word' id='word_1_899' title='bbox 3351 5552 3413 5608; x_wconf 78' lang='lat' dir='ltr'><strong>o5</strong></span> <span class='ocrx_word' id='word_1_900' title='bbox 3440 5550 3626 5612; x_wconf 77' lang='grc' dir='ltr'>θέλεις</span> <span class='ocrx_word' id='word_1_901' title='bbox 3663 5574 3777 5607; x_wconf 78' lang='grc' dir='ltr'><strong>σω-</strong></span> 
     </span>
    </p>
   </div>
   <div class='ocr_carea' id='block_1_115' title="bbox 2115 5640 3780 5725">
    <p class='ocr_par' dir='ltr' id='par_1_115' title="bbox 2115 5640 3780 5725">
     <span class='ocr_line' id='line_1_115' title="bbox 2115 5640 3780 5725; baseline -0.005 -20"><span class='ocrx_word' id='word_1_902' title='bbox 2115 5650 2271 5716; x_wconf 76' lang='grc' dir='ltr'>θῆναι</span> <span class='ocrx_word' id='word_1_903' title='bbox 2305 5651 2410 5705; x_wconf 72' lang='grc' dir='ltr'><strong>ἀπὸ</strong></span> <span class='ocrx_word' id='word_1_904' title='bbox 2463 5671 2564 5706; x_wconf 76' lang='grc' dir='ltr'>των</span> <span class='ocrx_word' id='word_1_905' title='bbox 2623 5649 2898 5725; x_wconf 77' lang='grc' dir='ltr'>ἁμαρτιῶν</span> <span class='ocrx_word' id='word_1_906' title='bbox 2946 5667 3066 5721; x_wconf 70' lang='grc' dir='ltr'>σου,</span> <span class='ocrx_word' id='word_1_907' title='bbox 3102 5645 3178 5700; x_wconf 81' lang='grc' dir='ltr'>ὧν</span> <span class='ocrx_word' id='word_1_908' title='bbox 3230 5640 3485 5722; x_wconf 67' lang='grc' dir='ltr'>ἔπραξας.</span> <span class='ocrx_word' id='word_1_909' title='bbox 3551 5642 3780 5701; x_wconf 72' lang='grc' dir='ltr'>Πάντως</span> 
     </span>
    </p>
   </div>
  </div>
