3994 6232
1917 175 2032 202 ..ἣν
2051 179 2132 187 __..

220 275 375 374 140s
1441 300 1928 370 CONFUTATIO
1969 297 2340 370 sessum.

3427 299 3585 372 1410
3672 277 3674 279 ’

216 442 384 506 οὕτως
415 438 664 518 ἰκήρυὶεν
692 442 722 497 ὁ
753 439 1072 518 Μουχᾶμετ,
1129 437 1224 494 ἵνα
1270 440 1431 514 νίψῃς
1473 438 1581 495 ἀπὸ
1623 443 1892 517 κορυφῆςλ

1976 435 2088 498 lam
2107 436 2202 498 tali
2219 434 2640 516 praedicatione
2652 441 2710 497 te
2724 435 2970 498 omnino
2988 434 3584 508 obstrinxitlluham-

215 532 380 611 μέχρι
410 530 584 587 ποδῶν
613 530 707 586 σὺν
738 527 850 601 ὅλῳ
878 535 953 601 τῷ
997 529 1232 602 σώματι,
1261 527 1375 584 εἴτε
1427 530 1562 602 μετὰ
1603 531 1698 586 τοῦ
1726 527 1852 584 ὕδα-

1976 525 2176 598 ned,ut
2197 525 2478 587 nimirum
2501 534 2690 587 totum
2711 543 2930 606 corpus
2951 544 2986 587 a
3015 527 3237 591 vertice
3266 529 3342 592 ad
3375 530 3583 611 pedes,

213 643 330 694 τος,
376 619 493 676 εἴτε
535 619 678 694 μετὰ.
717 627 810 677 τοῦ
850 617 988 697 χοός
1023 637 1040 689 ;
1092 618 1188 674 Καὶ
1220 620 1362 674 εἶναι
1393 619 1452 674 τὸ
1481 618 1650 695 χῶμα
1680 638 1855 692 μεμε-

1976 632 2112 678 aves
2140 633 2291 696 aqua
2324 615 2417 676 vel
2440 614 2705 695 pulvere.
2732 611 2858 678 Imo
2889 615 3191 695 pulverem
3222 636 3329 680 seu
3361 629 3584 684 terram

210 709 480 786 τρημὲνον
551 708 690 769 μετὰ
756 707 973 770 σκεύους
1027 709 1232 785 ἱκανοῦ,
1291 706 1385 764 ’ἱνα
1457 709 1534 780 μὴ
1576 706 1764 786 πλέον,
1823 706 1859 773 ἢ

1976 703 2166 767 lebere
2217 723 2353 766 cum
2414 722 2694 766 mensura
2743 703 3019 767 adhiberi
3066 707 3297 769 vasculo
3327 709 3584 789 quodam

215 797 441 856 ἔλαττον
469 794 667 874 λάϐῃς.
699 794 834 853 Ἰδοὺ
877 799 1004 874 γοῦν
1040 795 1185 873 λέγω
1226 816 1312 852 σοι
1349 811 1362 824 ⁸
1426 795 1546 852 οὕτε
1589 796 1696 853 ἀπὸ
1739 794 1863 876 ὕδα-

1976 801 2172 874 ηριο,οῑ
2192 793 2264 858 ad
2291 811 2505 856 munus
2528 793 2686 854 istud
2711 794 3065 874 composito,
3083 813 3159 860 ne
3179 795 3315 875 plus
3343 800 3434 862 vel
3467 800 3585 862 mi-

215 909 307 951 τος
364 885 636 965 ἁγιάζεται
666 887 702 953 ἡ
760 885 941 964 ψυχὴ,
973 884 1091 940 οὔτε
1136 883 1244 940 ἀπὸ
1300 883 1582 962 χώματος.
1649 886 1704 941 Εἰ
1761 885 1861 958 μὲν

1976 903 2057 946 IIIS
2085 901 2262 964 quam
2298 899 2404 963 par
2429 882 2530 952 sit.
2563 880 2925 950 adhibeatur
2970 892 3028 944 et
3056 883 3425 952 infundatur.
3459 890 3586 954 Jam

218 979 308 1034 οὖν
339 975 546 1054 λέγετε,
591 972 673 1031 ὅτι
716 977 753 1045 ἡ
797 975 954 1053 ψυχή
985 975 1130 1030 ἔστιν
1172 973 1464 1052 ἱερωμένη,
1494 974 1586 1030 καὶ
1614 973 1709 1030 οὐκ
1737 972 1862 1053 ἔχει

1976 992 2086 1036 ero
2107 972 2212 1036 tibi
2235 972 2373 1034 dico
2395 989 2510 1036 nec
2530 970 2604 1034 ab
2624 989 2780 1053 aqua
2799 989 2912 1034 nec
2937 989 2970 1034 a
2994 972 3258 1054 pulvere,
3290 993 3397 1039 seu
3425 987 3592 1042 terra

221 1065 410 1146 χρείαν
439 1065 514 1128 εἷς
570 1065 632 1120 τὸ
677 1066 846 1141 ἱεροῦν
903 1063 1069 1130 αὐτὴν
1128 1061 1248 1119 οὔτε
1301 1061 1412 1118 ἀπὸ
1470 1059 1682 1142 ὕδατος,
1743 1063 1861 1120 οὔτε

1976 1072 2144 1124 »οιθει
2167 1063 2396 1126 sanatio
2419 1061 2636 1124 animm
2668 1061 2997 1127 conciliari.
3023 1060 3193 1135 Quod
3225 1065 3275 1127 si
3303 1072 3592 1146 regeratis

223 1156 332 1212 ἀπὸ
389 1155 652 1233 χώματος
690 1171 703 1185 '
749 1153 906 1230 κάγὼ
933 1150 1078 1231 λέγω
1119 1174 1228 1224 σοι,
1262 1150 1345 1207 ὅτι
1388 1153 1424 1220 ἡ
1469 1153 1627 1231 ψυχὴ
1659 1151 1866 1214 ἑνοῦται

1976 1159 2206 1214 [nimam
2235 1169 2368 1216 esse
2395 1159 2690 1226 sanctam,
2725 1167 2837 1213 nec
2869 1150 2954 1212 illi
2999 1168 3156 1232 opus
3182 1171 3316 1216 esse
3344 1164 3409 1218 ut
3438 1176 3592 1239 aqua

225 1251 304 1319 τῷ
346 1243 585 1318 σώματι.
637 1245 734 1301 Καὶ
793 1243 856 1299 σὺ
897 1247 1013 1306 πῶς
1058 1240 1261 1321 λέγεις,
1294 1240 1376 1298 ὅτι
1425 1243 1455 1310 ἦ
1500 1244 1656 1322 ψυχὴ
1699 1245 1867 1320 ἡγια-

1976 1242 2043 1304 rel
2075 1242 2318 1322 pulsere
2366 1241 2799 1316 sanctiﬁcatur,
2832 1259 2940 1320 ego
2973 1259 3110 1304 vero
3143 1243 3298 1307 insto
3351 1256 3410 1308 et
3459 1247 3595 1310 dico

225 1333 399 1408 σμὲνη
429 1335 573 1390 εστὶν
615 1332 724 1390 ἀπὸ
765 1340 862 1390 τοῦ
889 1338 1044 1411 Θεοῦ,
1091 1330 1186 1389 καί
1219 1333 1280 1388 τὸ
1325 1338 1508 1411 σῶμα,
1567 1331 1682 1390 ἐπεὶ
1737 1354 1870 1409 μια-

1976 1331 2211 1392 mimam
2238 1331 2462 1392 unitam
2486 1347 2618 1394 esse
2640 1331 2992 1410 corpori.Tu
3008 1349 3150 1394 vero
3172 1336 3474 1412 quomodo
3492 1356 3596 1400 as-

229 1422 318 1500 ρόν
379 1422 516 1497 ἐστι,
562 1422 674 1503 χρὴ
730 1421 1070 1488 ωθεκάστην
1127 1422 1255 1480 αὐτὸ
1314 1420 1531 1478 πλύνειν
1587 1423 1724 1496 μετὰ
1781 1427 1873 1479 τοῦ

1976 1420 2109 1482 seris
2130 1420 2391 1482 animam
2415 1439 2452 1482 a
2491 1421 2611 1481 Deo
2635 1420 3019 1495 sanctiﬁcari,
3047 1439 3264 1504 corpus
3294 1442 3433 1488 vero
3457 1446 3593 1492 cum

228 1511 416 1577 ὕδατος
455 1533 472 1589 ;
523 1514 580 1570 El
641 1512 742 1586 μὲν
805 1510 980 1588 λέγεις
1024 1508 1107 1568 ὅτι
1151 1508 1238 1566 διὰ
1275 1513 1338 1567 τὸ
1397 1510 1664 1586 συμϐῆναι
1731 1511 1874 1583 αὐτῷ

1976 1520 2046 1571 est
2067 1509 2530 1572 contaminatum
2556 1509 2779 1572 debere
2799 1510 3051 1588 singulis
3081 1511 3294 1575 diebus
3325 1534 3478 1595 aqua
3507 1517 3597 1580 la-

233 1606 493 1680 μιασμὸν,
552 1602 666 1659 εἴτε
722 1601 774 1667 ἐξ
834 1601 1121 1678 ἁμαρτίας,
1155 1599 1270 1657 εἴτε
1305 1600 1365 1656 ἐκ
1391 1601 1668 1679 ῥυπαρίας,
1703 1602 1872 1678 ἀναγ-

1976 1601 2079 1660 rari
2101 1607 2159 1661 et
2185 1598 2418 1688 purgari
2449 1596 2473 1660 ?
2511 1596 2574 1661 Si
2615 1617 2860 1677 regeras
2883 1599 3018 1662 ideo
3048 1601 3161 1664 hoc
3191 1602 3320 1665 ﬁeri
3351 1619 3602 1688 propter

236 1695 393 1750 κατόν
451 1693 594 1749 ἐστιν
678 1690 872 1748 πλῦναι
941 1692 1070 1749 αὐτὸ
1139 1687 1258 1746 καθ’
1329 1689 1539 1761 ὕδατος,
1596 1693 1684 1750 καὶ
1737 1690 1876 1747 οὕτω

1976 1687 2524 1750 :ontaminationem
2561 1705 2631 1751 ex
2664 1695 2908 1767 peccato
2937 1690 3026 1751 vel
3078 1707 3150 1752 ex
3199 1687 3499 1771 sordibus,
3533 1715 3602 1761 ac

234 1781 508 1862 εῧχεσθαι.
553 1781 714 1858 Κάγὼ
757 1779 925 1858 λέγω,
975 1777 1055 1835 ὅτι
1099 1781 1133 1846 ἡ
1178 1781 1357 1859 ψυχή,
1390 1784 1488 1836 καῖ
1518 1782 1578 1836 τὸ
1635 1784 1790 1853 σῶμα
1818 1778 1872 1834 ἓν

1976 1777 2209 1839 ποίιιάε
2233 1794 2382 1855 opus
2399 1795 2531 1840 esse
2553 1785 2622 1839 ut
2642 1795 2796 1857 aqua
2818 1785 3122 1857 purgetur,
3157 1788 3214 1842 et
3239 1792 3440 1860 postea
3460 1803 3601 1848 ora-

228 1871 374 1930 ὶστιν
409 1891 424 1908 ο
469 1872 560 1929 καὶ
613 1873 721 1928 τῶν
777 1868 869 1926 δύο
926 1868 1069 1926 ἐστὶν
1120 1868 1228 1925 ἀπὸ
1267 1872 1362 1926 τοῦ
1407 1872 1538 1926 Θεοῦ
1579 1870 1870 1947 ἁγιασμὸς,

1976 1867 2109 1928 .inni
2129 1873 2370 1928 vacetur
2399 1884 2550 1946 ;egu
2573 1866 2750 1927 etiam
2774 1883 2957 1944 arguo
3001 1875 3060 1929 et
3081 1867 3218 1930 dico
3247 1871 3510 1935 animam
3542 1882 3603 1936 et

227 1963 328 2028 τῆς
382 1965 592 2040 ψυχῆς,
654 1961 873 2016 καὶτοῦ
915 1957 1194 2033 σώματος,
1253 1958 1436 2037 ὥσπερ
1494 1961 1582 2016 καὶ
1640 1958 1725 2016 ἐπὶ
1783 1965 1876 2014 τοῦ

1976 1973 2177 2036 :orpus
2199 1973 2379 2018 unum
2406 1963 2464 2016 et
2485 1955 2644 2017 idem
2667 1971 2800 2017 esse
2816 1955 3007 2034 quoad
3041 1958 3602 2036 sanctiﬁcationem,

230 2053 470 2126 μιασμοῦ
539 2048 814 2128 ἀμφότερα
881 2045 1210 2126 τυγχάνουσι
1297 2047 1531 2126 μέτοχα.
1610 2049 1716 2106 Καὶ
1771 2053 1874 2104 πᾶν

1976 2054 2016 2106 ξι
2039 2053 2359 2125 utrumque
2381 2063 2410 2105 a
2433 2046 2555 2107 Deo
2577 2044 2812 2123 purgari
2839 2053 2897 2105 et
2918 2045 3300 2122 sanctiﬁcari,
3317 2049 3602 2116 nimirum

230 2140 372 2218 ἱερὸν
413 2141 605 2216 μιαρὸν
649 2137 710 2194 οὗ
752 2136 954 2212 γίνεται
999 2135 1243 2209 πώποτε,
1309 2135 1517 2211 μᾶλλον
1559 2138 1622 2194 τὸ
1683 2136 1876 2212 μιαρὸν

1976 2133 2217 2195 mimam
2250 2141 2308 2196 et
2337 2151 2579 2213 corpus,
2611 2151 2748 2194 cum
2773 2131 2953 2195 ambo
2976 2135 3220 2198 maculis
3243 2146 3303 2200 et
3327 2140 3604 2205 sordibus

231 2228 506 2307 ἁγιάζεται
562 2228 653 2284 καὶ
721 2226 976 2303 ἱεροῦται.
1045 2226 1142 2283 Καὶ
1206 2225 1297 2281 ἐὰν
1360 2228 1423 2282 τὸ
1463 2227 1605 2304 ἱερὸν
1654 2229 1872 2301 μιανθῇ,

1976 2224 2078 2284 sint
2110 2222 2454 2304 participes.
2489 2225 2561 2282 Et
2605 2239 2785 2284 omne
2836 2230 3108 2286 sanctum
3138 2228 3600 2294 contaminatum

234 2318 340 2398 οὐχ
398 2317 674 2396 ἁγιάζεται
716 2316 862 2392 παρὰ
918 2323 1014 2374 τοῦ
1065 2311 1254 2379 ὕδατος
1305 2315 1547 2375 πώποτε.
1585 2307 1738 2393 Ὀρᾷς
1797 2313 1892 2371 ἀεὶ.

1976 2331 2080 2374 λοη
2111 2311 2324 2386 evadit,
2351 2311 2456 2373 sed
2481 2310 2639 2391 quod
2672 2320 2760 2373 est
2800 2310 3176 2392 inquinatum
3204 2318 3610 2385 sanctilicatur

235 2409 350 2470 πῶς
383 2404 751 2472 πεπλάνησαι,
1962 2408 2020 2462 et
2044 2408 2348 2481 purgatur.
2385 2402 2458 2462 Et
2487 2402 2541 2463 si
2570 2419 2669 2463 res
2696 2401 2895 2482 aliqua
2916 2411 3119 2465 sancta
3139 2403 3289 2468 forte
3309 2410 3606 2473 contami-

237 2503 436 2575 netur,
466 2492 521 2556 vi
553 2502 612 2556 et
639 2511 808 2575 aqum
837 2489 1108 2554 subsidio
1138 2511 1443 2575 nunquam
1477 2491 1699 2574 poterit
1729 2490 2114 2555 sanctiﬁcari.
2153 2490 2336 2552 Vides
2351 2493 2472 2570 jam
2502 2490 2804 2572 quomodo
2830 2509 2864 2552 a
2893 2491 3157 2555 veritatis
3186 2504 3350 2560 recto
3377 2500 3611 2564 tramite

239 2585 525 2648 deﬂectas
555 2591 618 2645 et
645 2581 939 2646 declines.
2625 2645 2627 2648 ς

320 2673 487 2733 Πάλιν
515 2671 571 2730 δὲ
603 2673 719 2729 εἶπέ
750 2695 866 2747 μοι,
899 2675 1058 2732 πόθεν
1116 2675 1178 2730 τὸ
1238 2674 1521 2746 Κουράνιόν
1571 2699 1662 2732 σου
1707 2673 1882 2750 λέγεις

2049 2671 2277 2733 Rursus
2311 2687 2444 2732 vero
2505 2670 2600 2731 dic
2663 2669 2809 2731 mihi
2850 2687 3034 2750 quare
3062 2674 3284 2742 asseris
3314 2676 3607 2742 Coranum

241 2765 385 2822 εἶναι
417 2763 590 2840 Λόγον
622 2768 776 2837 Θεοῦ,
814 2762 1059 2842 ελθόντα,
1089 2764 1178 2820 καὶ
1234 2766 1295 2820 οὖ
1354 2763 1644 2830 ποιηθέντα
1680 2783 1695 2838 ;
1743 2761 1886 2840 Ἐγὼ

1976 2765 2132 2820 luum
2159 2777 2291 2821 esse
2321 2759 2581 2821 Verbum
2615 2759 2724 2846 Dei
2755 2777 2873 2821 non
2901 2760 3141 2842 factum,
3176 2773 3237 2830 et
3262 2767 3423 2845 quod
3451 2769 3613 2833 venit

244 2857 338 2912 τὸν
382 2853 552 2931 Λόγον
595 2861 688 2912 τοῦ
753 2859 886 2910 Θεοῦ
953 2859 1066 2932 φῶς
1121 2858 1183 2909 εκ
1237 2853 1411 2930 φωτὸς
1465 2854 1740 2932 γινώσκω.
1791 2855 1890 2912 Καὶ

1976 2866 2005 2909 e
2027 2849 2198 2910 cmlo.
2240 2849 2361 2927 Ego
2380 2848 2515 2910 novi
2539 2855 2761 2910 tantum
2786 2847 3048 2912 Verbum
3087 2851 3195 2914 Dei
3213 2856 3368 2934 quod
3392 2866 3483 2920 est
3509 2859 3611 2921 lu-

246 2945 362 3009 πῶς
420 2943 604 3029 ᾕνώθη
656 2944 692 3009 ἡ
744 2939 984 3009 ἄληπτος
1047 2942 1136 2999 καὶ
1186 2940 1334 3009 ἁπλῆ
1391 2943 1542 3021 φύσις
1587 2946 1662 3018 τῷ
1699 2941 1888 3020 βιϐλίῳ

1977 2956 2116 3029 men
2137 2956 2205 3000 ex
2238 2937 2488 3029 lumine.
2513 2936 2914 3029 Etguomodo
2944 2939 3102 3002 uniri
3127 2953 3328 3022 posset
3357 2946 3612 3029 simplex

246 3054 342 3091 σου
374 3051 394 3108 ;
427 3023 492 3090 Ἠ
537 3030 840 3098 λεπτοτάτη
887 3036 963 3104 τῷ
1004 3037 1213 3088 τοιοῦτο
1258 3031 1437 3109 πάχος
1481 3031 1692 3111 ἔχοντι,
1734 3032 1882 3099 ἆξαι·-

1976 3037 2030 3092 et
2059 3026 2685 3108 incomprehensibilis
2746 3037 2957 3092 natura
3011 3048 3147 3094 cum
3183 3031 3334 3098 libro
3361 3023 3496 3112 tuo;
3519 3045 3613 3100 te-

246 3122 414 3202 ρὲτως
443 3121 522 3196 τῷ
550 3118 788 3198 τομαρίῳ
843 3127 921 3194 τῷ
962 3121 1467 3194 καταπεπατημὲνῳ
1523 3123 1624 3178 ὑπὸ
1667 3129 1880 3203 χοΐκῶν

1976 3116 2252 3180 nuissima
2266 3127 2326 3180 et
2340 3115 2728 3204 subtilissima
2753 3119 3011 3182 essentia
3029 3137 3164 3182 cum
3183 3139 3250 3184 re
3266 3123 3396 3186 talis
3413 3124 3619 3190 densi-

244 3209 446 3285 ποδῶν,
481 3212 568 3268 καὶ
610 3208 748 3288 ἔργῳ
803 3213 1004 3290 χειρῶν
1052 3209 1367 3298 ᾅνθρώπων,
1399 3210 1564 3268 Πόθεν
1605 3214 1693 3269 οὗν
1737 3212 1879 3270 ἀπο-

1976 3207 2100 3269 tatis
2121 3216 2180 3268 et
2200 3207 2512 3298 crassitiei,
2547 3225 2681 3270 cum
2710 3216 2808 3269 tuo
2829 3208 3112 3298 nimirum
3132 3211 3432 3277 volumine
3451 3215 3612 3298 quod

241 3299 433 3365 καλεῖς
472 3299 646 3378 Λόγον
675 3305 809 3359 Θεοῦ
859 3301 1017 3356 αὐτὸν
1055 3297 1299 3378 ἐλθόντα,
1330 3300 1418 3356 καὶ
1449 3300 1510 3356 οῦ
1539 3300 1830 3367 ποιηθέντα
1862 3319 1881 3378 ;

1976 3313 2118 3374 saepe
2146 3295 2397 3376 pedibus
2415 3296 2698 3371 calcatur,
2731 3304 2794 3358 et
2839 3297 2994 3378 quod
3032 3306 3126 3362 est
3145 3319 3295 3381 opus
3329 3295 3614 3370 manuum

241 3391 315 3450 To‘
359 3388 416 3446 δὲ
457 3395 612 3464 σῶμα
653 3388 748 3446 τοῦ
804 3395 1033 3467 Χριστοῦ
1088 3409 1192 3463 μου
1236 3388 1330 3444 οὒκ
1373 3387 1484 3445 ἔστι
1527 3390 1739 3466 ποίημα
1781 3391 1876 3446 ἆν-

1976 3383 2390 3446 humanarum?
2408 3383 2536 3456 Qua
2557 3384 2789 3446 ratione
2810 3403 2951 3464 ergo
2975 3387 3124 3450 illud
3148 3406 3318 3453 vocas
3347 3393 3610 3456 Verbum

241 3480 479 3558 θρώπου,
537 3480 626 3536 καὶ
683 3477 1072 3552 καταπᾶτημα.
1138 3477 1260 3540 Πῶς
1329 3478 1418 3536 οὖν
1489 3478 1551 3534 οὗ
1600 3478 1884 3561 παραδὲχῃ

1976 3472 2074 3535 Dei
2115 3473 2272 3553 quod
2307 3481 2551 3561 non-est
2577 3473 2797 3536 factum
2831 3482 2890 3536 et
2919 3477 3078 3554 quod
3107 3479 3270 3539 venit
3300 3498 3377 3542 ex
3407 3481 3560 3545 coelo
3582 3489 3613 3548 ?

245 3591 313 3646 με
372 3569 619 3646 λέγοντα,
669 3569 696 3624 ὁ
741 3567 914 3646 Λόγος
964 3574 1060 3625 τοῦ
1103 3574 1236 3623 Θεοῦ
1278 3567 1458 3635 ἡνώθι,
1489 3573 1558 3644 τῇ
1585 3570 1762 3646 σαρκὶ,
1795 3559 1885 3627 καὶ

1976 3562 2197 3642 Corpus
2228 3579 2370 3624 vero
2429 3559 2650 3625 Christi
2702 3563 2820 3624 mei
2865 3581 2983 3626 non
3018 3573 3106 3626 est
3139 3585 3293 3646 opus
3323 3569 3612 3648 hominis,

246 3657 389 3715 ἔστιν
448 3657 745 3735 γεννηθεὶς,
804 3658 893 3714 καὶ
935 3659 996 3715 06
1044 3657 1327 3732 ποιηθείς;
1381 3656 1508 3714 Ἐὰν
1565 3659 1626 3714 τὸ
1682 3656 1886 3734 βιϐλίον

1976 3669 2082 3714 nec
2128 3667 2226 3714 res
2257 3668 2388 3732 quae
2429 3650 2620 3731 possit
2680 3651 2918 3714 calcari.
2973 3651 3168 3725 Quare
3197 3673 3340 3738 ergo
3371 3677 3468 3726 me
3496 3679 3618 3724 non

249 3768 342 3806 σου
397 3746 719 3824 ῥιπτόμενον
775 3747 850 3811 εἷς
905 3746 967 3803 τὸ
1013 3748 1099 3804 καὶ
1144 3746 1315 3819 ἑαυτῷ
1368 3747 1632 3823 βοηθῆται
1691 3749 1752 3804 06
1797 3747 1890 3806 δύ-

250 3857 427 3916 ναται,
471 3837 586 3898 πῶς
618 3834 746 3892 αὒτὸ
788 3835 962 3916 Λόγον
1006 3843 1138 3895 Θεοῦ
1191 3835 1396 3912 καλέσῃ
1439 3856 1520 3900 τις
1555 3851 1573 3910 ;
1623 3837 1728 3894 Καί
1800 3838 1891 3895 ἰὰν

251 3927 280 3983 ὁ
326 3926 510 4005 Κύριος
571 3926 757 3986 ἑαυτὸν
811 3925 872 3982 ἐκ
927 3933 1060 3986 τῶν
1105 3924 1370 3982 Ἰουδαίων
1431 3923 1749 4007 διεσώσατο,
1803 3929 1891 3984 καὶ

252 4017 324 4082 εἰς
377 4017 448 4074 τὰ
521 4015 736 4093 οὒράνια
820 4029 1096 4074 κατοικεῖν
1172 4013 1486 4088 ἀνελήλυθε,
1559 4017 1676 4080 πῶς
1734 4018 1892 4074 nam

257 4105 387 4161 Θεὸν
418 4104 590 4183 Λόγον
633 4104 694 4161 o6
718 4102 983 4179 καλουμεν
1011 4123 1028 4184 ;
1074 4103 1173 4162 Καὶ
1202 4101 1294 4158 εὰν
1342 4101 1545 4182 λέγεις,
1576 4105 1678 4161 Τὸν
1724 4104 1894 4182 Λόγον

255 4192 349 4251 τοῦ
378 4198 510 4252 Θεοῦ
551 4194 614 4250 06
667 4190 928 4268 δυνάμεθα
986 4203 1227 4270 κρατεῖν,
1260 4192 1350 4248 καὶ
1392 4195 1608 4268 νοῆσαι,
1638 4193 1728 4250 καὶ
1783 4215 1895 4269 μα-

1974 3742 2195 3804 toleras
2221 3748 2280 3800 et
2309 3739 2529 3820 probas
2577 3758 2715 3803 cum
2773 3759 2976 3804 assero
3002 3742 3265 3808 Verbum
3303 3745 3409 3812 Dei
3451 3749 3618 3813 carni

1975 3848 2108 3893 esse
2135 3829 2364 3891 unitum
2395 3839 2450 3892 et
2481 3829 2626 3892 illud
2659 3847 2794 3892 esse
2815 3838 3186 3908 generatum,
3224 3853 3345 3898 non
3377 3854 3515 3901 vero
3534 3838 3618 3902 fa-

1975 3929 2137 3982 ctum
2162 3927 2549 4010 autcreatum
2573 3925 2602 3984 ’ἶ
2620 3918 2684 3982 Si
2708 3919 2864 3982 liber
2883 3929 3018 3984 tuus
3040 3923 3395 4003 projiciatur
3413 3927 3476 3990 in
3505 3947 3619 4010 pu-

1977 4017 2164 4083 teum,
2189 4008 2279 4072 vel
2291 4008 2474 4072 alium
2488 4008 2747 4091 aliquem
2763 4010 2960 4074 locum
2976 4009 3210 4076 ubinon
3227 4017 3420 4096 possit
3433 4008 3622 4098 seip-

1978 4117 2109 4160 sum
2125 4098 2342 4178 juvare
2357 4098 2500 4188 etab
2514 4100 2628 4162 isto
2645 4099 2998 4162 discrimine
3013 4101 3626 4188 seliberare,quomo-

1979 4188 2054 4250 do
2079 4194 2141 4249 tu
2164 4197 2333 4267 potes
2352 4187 2521 4249 illum
2545 4188 2792 4252 nomine
2803 4188 2986 4254 Verbi
3003 4189 3114 4255 Dei
3135 4187 3624 4274 designare?Etsi

257 4283 372 4338 θεῖν
415 4279 500 4337 διὰ
566 4281 624 4337 τὸ
665 4281 844 4361 πάχος
885 4288 979 4338 τοῦ
1021 4279 1227 4358 βιϐλίου
1262 4296 1276 4311 ⁸
1334 4284 1450 4343 πῶς
1493 4280 1554 4337 06
1611 4279 1892 4362 παραδὲχῃ

1979 4276 2272 4340 Dominus
2324 4285 2531 4340 noster
2587 4277 2853 4359 seipsum
2883 4298 2918 4342 a
2946 4279 3149 4346 furore
3175 4283 3518 4353 Judaeon
3551 4285 3623 4350 li-

259 4391 352 4446 μοι
381 4368 468 4426 διὰ
497 4371 772 4449 μαρτύρων
803 4368 1043 4446 πολλῶν,
1075 4368 1155 4426 ὅτι
1188 4371 1216 4426 ὁ
1246 4370 1417 4448 Λόγος
1452 4376 1544 4428 τοῦ
1588 4376 1722 4429 Θεοῦ
1748 4370 1892 4440 ἠνώ-

1981 4365 2232 4468 beravit,
2255 4374 2314 4428 et
2344 4365 2534 4468 cgelos
2559 4385 2747 4449 usque
2769 4369 3262 4468 pervcnitiutibi
3279 4373 3458 4468 aedes
3485 4393 3623 4440 suas

257 4461 326 4528 θη
366 4464 437 4536 τῇ
494 4459 670 4538 σαρκὶ,
716 4461 804 4517 καὶ
866 4459 978 4516 ἔστι
1026 4459 1322 4538 γεννηθεὶς,
1369 4458 1456 4516 καὶ
1502 4459 1563 4516 06
1600 4460 1892 4532 ποιηθείς’;

1982 4455 2192 4536 ﬁgeret
2219 4463 2280 4517 et
2311 4454 2654 4534 collocaret,
2691 4459 2994 4539 quomodo
3024 4458 3286 4526 Verbum
3309 4463 3422 4527 Dei
3450 4464 3622 4530 illum

262 4551 371 4606 Καὶ
417 4547 560 4607 οὕτω
617 4554 711 4606 καί
752 4551 918 4625 ἡμεῖς
961 4549 1184 4628 εὕρομεν
1240 4546 1296 4604 ἐν
1327 4549 1405 4624 τῷ
1433 4548 1604 4628 πάχει
1633 4553 1734 4617 τῆς
1765 4571 1892 4627 σαρ-

1981 4563 2101 4608 non
2128 4543 2529 4608 vocaremus?
2567 4545 2740 4620 Quod
2771 4547 2822 4610 si
2851 4547 3038 4615 dicas:
3070 4549 3336 4616 Verbum
3365 4553 3476 4617 Dei
3501 4572 3626 4620 non

262 4639 356 4703 κὸς
399 4638 461 4694 τὰ
521 4635 680 4695 ἅΰλον
723 4637 820 4697 ιιαὲ
862 4637 1060 4700 λεπτὸν
1100 4645 1196 4696 τοῦ
1234 4644 1391 4718 Θεοῦ,
1421 4639 1508 4696 καὶ
1541 4636 1757 4715 εἴδομεν
1802 4640 1892 4710 τὴν

1984 4651 2299 4715 possumus
2311 4635 2828 4716 comprehendere
2841 4654 2953 4700 nec
2967 4640 3628 4722 percipere,necanim-

259 4725 412 4793 δόξαν
443 4731 624 4807 αὐτοῦ,
657 4725 810 4794 δόξαν
840 4733 1124 4808 προφανῶς
1155 4729 1332 4805 Λόγου
1360 4734 1518 4791 Θεοῦ.

1979 4725 2292 4788 advertere
2321 4723 2441 4786 nisi
2476 4743 2582 4806 per
2609 4725 2944 4791 crassitiem
2967 4736 3027 4790 et
3073 4731 3430 4811 opacitatem
3461 4732 3627 4808 libri,

260 4834 446 4898 quare
474 4817 833 4882 sententiam
868 4835 1058 4880 meam
1091 4834 1213 4880 non
1240 4815 1508 4881 admittis
1535 4816 1716 4880 variis
1745 4815 2103 4881 testimoniis
2131 4813 2497 4895 roboratam,
2548 4833 2665 4896 qua
2707 4833 2912 4882 assero
2946 4817 3210 4886 Verbum
3250 4821 3360 4884 Dei
3391 4823 3628 4888 unitum

261 4924 395 4972 esse
423 4907 593 4970 carni
622 4915 681 4969 et
710 4906 976 4985 genitum
1001 4924 1164 4986 esse,
1201 4922 1322 4968 non
1354 4923 1493 4969 vero
1518 4906 1826 4973 creatum?
1853 4904 1924 4970 Et
1949 4909 2066 4966 ista
2086 4904 2324 4966 ratione
2352 4902 2692 4968 invenimus
2717 4904 2778 4967 in
2805 4905 3078 4971 crassitie
3099 4914 3161 4971 et
3177 4908 3474 4975 densitate
3495 4931 3630 4977 car-

265 4995 360 5146 nlis
387 4996 930 5149 imma‘t’erilalti’nget
959 4985 1414 5060 subtilissimam
1447 4985 1844 5060 substantiam
1867 4992 2003 5074 Dei,
2033 5001 2092 5055 et
2121 4992 2401 5055 novimus
2449 4991 2614 5056 illius
2659 4994 2909 5074 gloriam
2939 5003 3220 5079 tanquam
3265 4999 3628 5081 ipsissimam

266 5102 516 5149 auriam
601 5103 732 5148 eri
843 5104 887 5149 ι.
2645 5147 2648 5149 λ

266 5102 516 5164 gloriam
555 5102 887 5150 vernum.

349 5177 549 5233 Λοιπὸν
577 5147 693 5242 πιῦς
742 5147 886 5252 {pia
941 5173 1242 5257 ὀνειδίζετε,
1275 5177 1348 5241 ὣς
1403 5173 1770 5252 ιπαοιδιστᾶς,
1815 5176 1892 5234 καῖ

2069 5171 2266 5245 Quare
2285 5188 2428 5235 vero
2455 5189 2566 5234 nos
2590 5147 2878 5237 conviciis
2907 5176 3198 5255 oneratis,
3229 5183 3513 5261 tanquam
3540 5180 3634 5244 in-

268 5262 484 5329 ἆσεϐεῖς
516 5265 572 5324 ὲν
601 5266 776 5339 τούτῳ
813 5264 1044 5340 μᾶλλον,
1073 5264 1159 5323 ὅτι
1197 5264 1423 5342 οἴδαμεν
1454 5287 1582 5354 Ῠσημ
1594 5278 1684 5324 εῖα
1737 5263 1892 5346 φοϐε-

1987 5270 2323 5354 cantatores
2351 5270 2416 5354 et
2445 5264 2660 5344 impios
2687 5265 2800 5328 hac
2829 5266 3130 5350 praecipue
3160 5268 3237 5333 de
3265 5270 3633 5354 causa,un

269 5355 358 5433 ρὰ,
415 5355 503 5412 καὶ
552 5354 746 5434 τέρατα
795 5354 1128 5433 ἀναρίθμητοι
1199 5354 1308 5412 ἀπὸ
1385 5353 1480 5412 τοῦ
1536 5355 1748 5436 πάχους
1805 5355 1892 5424 τῆι

1988 5352 2506 5433 tremendasigna,
2530 5363 2593 5417 et
2611 5354 2902 5418 miracula
2919 5357 3242 5422 innumera
3252 5352 3637 5427 admittimus

265 5445 406 5510 θείας
463 5446 659 5513 σαρκὸς
717 5454 812 5506 τοῦ
866 5445 1040 5525 Λόγου
1077 5451 1170 5503 τοῦ
1213 5451 1370 5508 Θεοῦ.
1421 5447 1520 5504 Καὶ
1574 5445 1637 5500 σὺ
1674 5443 1782 5502 ἀπὸ
1811 5450 1892 5502 τοί

1986 5441 2204 5522 quibus
2225 5442 2355 5524 ipsa
2376 5444 2703 5507 materialis
2730 5453 2791 5508 et
2817 5445 3016 5510 divina
3051 5465 3192 5512 caro
3220 5447 3407 5514 Verbi
3429 5450 3540 5515 Dei
3568 5468 3635 5514 se

273 5534 558 5613 Κουρανίου
614 5535 712 5592 σὸυ
766 5532 886 5623 οῦδὲ
927 5535 990 5591 τὸ
1033 5535 1261 5623 οἱονοῦν.
1321 5533 1422 5592 Καὶ
1467 5534 1680 5623 «ῦς-οὒκ
1707 5531 1892 5623 ἠδυνήτ

1987 5531 2456 5623 commendavit?
2470 5533 2646 5609 Nihil
2672 5551 2815 5598 vero
2845 5535 2922 5600 de
2947 5535 3311 5604 Coranotuo
3341 5541 3460 5606 tale
3491 5529 3637 5623 quid

268 5626 370 5693 θης
423 5626 620 5710 μαθεῖν
673 5625 736 5688 τὸ
789 5621 1012 5704 λεπτὸν,
1062 5623 1150 5698 καὶ
1200 5622 1430 5705 ἀόρατον
1489 5619 1690 5712 ἄλλως,
1741 5623 1790 5685 εί
1827 5622 1892 5703 μὶ

1978 5621 2213 5706 jactare
2232 5623 2556 5706 ροισι.ὼά
2573 5623 2864 5694 sicntnon
2879 5634 3050 5711 potes
3069 5628 3464 5698 substantiam
3481 5619 3634 5698 an.
