4032 6218
313 311 469 378 1413

1511 312 2010 381 CONFUTATIO
2051 310 2422 378 AGARENI.

3515 315 3665 382 1414

306 448 617 508 ἀπίπλυναν
660 446 797 523 μετὰ
854 447 1139 503 σαπουνίοο
1173 462 1187 477 ⁶
1242 449 1328 504 καὶ
1401 447 1766 515 ἆπῑλευκάνθη
1811 449 1947 506 κατὰ

2034 466 2191 510 mum
2222 448 2686 523 deduxerunt,et
2710 446 2872 511 illius
2901 456 3121 512 vestem
3154 461 3459 529 eruentes,
3488 461 3547 515 et
3584 453 3666 515 il-

305 540 370 596 τὸ
428 537 708 615 πρότερον.
752 537 855 595 Τὸν
899 533 952 591 δὲ
1006 535 1295 593 θλασθέντα
1339 532 1475 594 πόδα
1526 542 1587 597 o6
1633 536 1845 594 δύναται
1886 540 1948 593 τὸ

306 625 447 697 ὕδωρ
489 627 627 702 μετὰ
678 627 963 683 σαπουνὶου
1028 626 1322 705 ἰατρεῦσαι,
1364 627 1408 682 εί
1464 628 1543 700 μὴ
1608 629 1788 705 ἱατρου
1842 629 1947 702 ὶμ-

308 716 491 795 πείρου
534 712 933 780 καταλαϐόντος
976 714 1031 770 ἰν
1103 714 1284 792 πολλῇ
1336 714 1517 796 σχολῇ
1574 718 1661 773 καὶ
1719 714 1949 795 φροντίδι

307 806 764 863 ἀποδιαθίστασθαι
815 805 974 880 ὑγιῆ,
1026 805 1205 867 ὡςντὸ
1265 806 1544 883 πρότερον,
1606 797 1667 864 Ὀ
1711 806 1765 861 δὲ
1810 814 1947 882 προ-

305 895 487 975 φῆτης
520 915 615 951 σου
642 893 813 956 οὕτως
842 890 1092 963 ἐδίδαξεν,
1127 892 1209 951 ὅτι
1238 894 1341 951 ὑπὸ
1397 901 1490 951 τοῦ
1547 893 1733 961 ὕδατος
1777 898 1947 951 καθα-

304 985 505 1062 ρίζτται
562 985 651 1040 καὶ
693 980 1014 1039 ἂπολούιται
1058 988 1202 1040 πᾶσα
1234 982 1389 1046 νόσος
1445 988 1656 1063 ψυχῆς,
1688 986 1777 1040 καὶ
1829 984 1943 1039 σώ-

302 1092 502 1149 ματος.
546 1071 707 1151 ’Ἄρτι
735 1071 797 1129 τὸ
829 1068 967 1150 ὕδωρ
998 1075 1095 1131 οὒκ
1149 1071 1377 1153 ἴσχυσεν
1429 1074 1646 1151 ἁγιᾶσαι
1676 1076 1767 1130 τὸν
1808 1072 1944 1130 θλα-

305 1161 497 1220 σθέντα
526 1160 667 1219 πόδα
706 1163 897 1241 ὁρατόν
926 1182 984 1217 τε
1037 1162 1126 1219 καὶ
1178 1165 1515 1243 φαινόμενον.
1554 1164 1711 1235 Πόσῳ
1738 1162 1945 1239 μᾶλλον

302 1252 403 1320 τὴν
428 1250 656 1329 ἀόρατον
677 1249 981 1330 ψυχὴν]οὗ]
1002 1247 1221 1308 δύναται
1241 1252 1457 1330 ἁγιᾶσαι
1476 1253 1564 1308 καὶ
1594 1252 1897 1310 ἀποπλῦναι
1928 1271 1946 1327 ;

308 1343 370 1399 Εἰ
416 1340 515 1417 μὶν
545 1339 749 1420 λέγεις,
784 1338 940 1419 Εὐχή
970 1340 1084 1396 ὶστι
1116 1344 1303 1420 ψυχῆς
1352 1343 1642 1419 ἁγιασμὸς,
1694 1342 1808 1407 πῶς
1852 1343 1948 1398 οὐκ

304 1431 423 1488 ἔστι
466 1431 555 1487 καὶ
584 1435 677 1487 τοῦ
704 1428 954 1504 σώματος
989 1448 1007 1506 ;
1041 1436 1147 1488 Νῦν
1177 1428 1229 1485 δὲ
1262 1428 1406 1509 λέγω
1433 1451 1516 1487 σοι
1552 1447 1567 1461 ⁸
1606 1432 1805 1487 Λεκτόν
1835 1430 1947 1487 ἐστι

302 1521 567 1599 πρότιρον
621 1518 939 1599 θεραπεῦσαι
1021 1521 1082 1575 τὸ
1148 1518 1362 1595 θλᾶσμα
1423 1526 1509 1577 τοῦ
1578 1518 1765 1596 ποδὸς,
1825 1524 1945 1577 εἶτα

301 1611 500 1668 πλῦναι
543 1609 644 1676 τὴν
700 1608 895 1675 στολὴν
926 1610 1013 1665 καὶ
1071 1607 1347 1683 λευκᾶναι,
1378 1607 1543 1687 ἤγουν
1586 1610 1804 1688 πρώτην
1847 1610 1946 1677 τὴν

301 1701 498 1780 ψυχὴν
553 1699 802 1778 ἀγιᾶσαι,
847 1700 942 1755 καί
985 1698 1235 1779 φωτίσαι,
1269 1700 1354 1756 καὶ
1418 1700 1544 1758 αὐτό
1591 1720 1649 1756 τε
1699 1702 1759 1756 τὸ
1788 1701 1948 1774 σῶμα

302 1790 456 1865 νίψαι
486 1789 622 1864 μδτὰ
649 1786 837 1851 ὕδατος
891 1788 980 1844 καὶ
1036 1788 1344 1850 σαπουνίου,
1393 1788 1523 1847 Οὐαί
1551 1811 1660 1869 σοι,
1720 1788 1918 1845 ἒλεεινὲ

1924 1835 2007 1889 ’Β

2032 538 2222 599 lamin
2237 555 2447 619 aquam
2463 535 3018 617 projicientes,cum
3032 556 3256 620 sapone
3269 552 3669 624 etsmegmate

2034 626 2193 689 illam
2255 626 2544 699 laverunt,
2576 635 2639 703 et
2688 627 2940 707 pristino
2991 630 3296 708 splendori
3331 641 3394 693 et
3421 632 3669 696 candori

2033 716 2449 778 restituerunt.
2483 716 2803 795 Aquavero
2817 724 3153 796 etsmegma
3166 737 3282 782 non
3298 731 3550 801 possunt
3556 723 3666 802 jn-

2034 823 2177 867 vare
2208 806 2420 886 pedem
2446 803 2818 868 laborantem
2844 814 2901 868 et
2923 806 3382 884 contritum,sed
3413 829 3511 873 ars
3540 812 3669 875 sola

2032 895 2251 957 medici
2276 894 2915 977 esperientissimi,qui
2941 897 3000 959 in
3025 916 3090 960 se
3112 899 3326 980 reci-pit
3352 918 3503 963 onus
3532 920 3664 964 cum

2030 992 2301 1065 tempore
2318 992 2377 1046 et
2393 1001 2557 1062 cura,
2584 983 2753 1046 illum
2779 984 3046 1064 pristinae
3069 986 3581 1054 sanitatireddere
3609 998 3672 1054 et

2028 1076 2367 1137 restituere.
2396 1071 2690 1154 Propheta
2717 1090 2856 1135 vero
2895 1082 3032 1136 tuus
3058 1076 3159 1137 tali
3186 1084 3243 1138 te
3267 1077 3539 1143 doctrina
3568 1081 3666 1143 in-

2029 1162 2246 1238 stituit,
2281 1180 2494 1223 omnes
2537 1163 2767 1224 scilicet
2797 1163 3013 1225 anima;
3041 1172 3101 1226 et
3132 1165 3402 1247 corporis
3433 1169 3672 1232 morbos

2032 1269 2166 1312 cum
2197 1269 2353 1332 aqua
2385 1251 2646 1330 purgari,
2684 1251 2860 1313 lavari
2893 1260 2953 1314 et
3008 1256 3325 1318 removeri.
3361 1259 3489 1319 Jam
3536 1277 3674 1323 vero

2029 1359 2183 1421 aqua
2202 1358 2324 1401 non
2345 1339 2526 1401 valuit
2552 1358 2762 1402 curare
2784 1342 3107 1403 contritum
3139 1345 3351 1424 pedem
3374 1346 3672 1411 visibilem

2034 1438 2093 1490 et
2122 1430 2183 1491 in
2210 1448 2422 1491 sensus
2472 1431 2904 1505 incurrentem,
2940 1433 3239 1510 quomodo
3297 1452 3437 1515 ergo
3470 1448 3677 1517 posset

2030 1521 2288 1580 animam
2311 1519 2668 1581 invisibilem
2694 1521 2890 1583 lavare
2939 1530 2997 1582 et
3028 1524 3405 1588 sanctiﬁcare
3425 1532 3453 1589 ?
3483 1525 3546 1589 Si
3576 1528 3673 1589 di-

2030 1628 2151 1671 cas:
2179 1606 2381 1673 Oratio
2406 1616 2497 1670 est
2517 1608 2729 1672 animus
2752 1610 3167 1685 sanctiﬁcatio,
3194 1631 3378 1693 quare
3413 1634 3533 1678 non
3563 1634 3673 1680 va-

2032 1700 2110 1761 let
2129 1698 2306 1761 etiam
2334 1714 2554 1773 corpus
2579 1698 2770 1778 ipsum
2799 1699 3205 1762 sanctificare‘?
3226 1703 3398 1765 Nunc
3417 1722 3558 1767 vero
3587 1704 3674 1768 is-

2032 1788 2133 1849 tud
2165 1796 2223 1850 et
2252 1786 2514 1866 amplius
2540 1787 2675 1849 dico
2722 1786 2852 1861 tibi,
2881 1789 3337 1852 convenientius
3368 1800 3459 1854 est
3480 1792 3672 1874 primo

298 1878 466 1958 μέρος
508 1878 731 1957 κρίσεως
764 1895 781 1915 ο
827 1877 926 1946 τὴν
967 1876 1123 1955 ἁγίαν
1163 1878 1347 1958 ψυχὴν
1382 1877 1629 1936 καλοῦσιν
1680 1878 1736 1935 ἑν
1768 1901 1944 1960 παρα-

2034 1894 2240 1940 curare
2271 1876 2483 1938 vulnus
2516 1876 2708 1957 pedis,
2741 1884 2799 1939 et
2853 1877 3074 1938 deinde
3103 1879 3392 1942 accedere
3433 1882 3509 1943 ad
3539 1899 3676 1944 ves-

300 1968 486 2045 δείσῳ,
527 1967 559 2036 ἢ
601 1965 869 2046 λέγουσιν,
923 1964 1102 2045 Ἐλθὶ,
1155 1966 1467 2024 πλυνόκωλε
1523 1970 1581 2024 ἒν
1632 1975 1709 2044 τῷ
1763 1990 1944 2046 παρα-

2034 1976 2147 2029 tem
2182 1967 2489 2029 levandam
2523 1974 2582 2028 et
2611 1965 3031 2047 dealbandam,
3082 1967 3170 2029 sic
3228 1969 3423 2048 primo
3460 1972 3677 2035 animae

301 2057 487 2131 διίσῳ.
2027 2075 2169 2119 cura
2200 2057 2374 2119 debet
2398 2074 2506 2117 nos
2528 2055 2950 2131 sollicitare,ut
2969 2056 3350 2120 sit‘nimirum
3378 2068 3677 2142 sancta,et

298 2146 665 2221 illuminata,
696 2144 941 2220 deinde,
974 2146 1251 2226 corporis
1280 2163 1435 2225 aqua
1466 2153 1530 2209 et
1558 2156 1885 2226 smegmate
1916 2145 2148 2209 lavandi
2180 2153 2269 2208 est
2298 2143 2575 2207 habenda
2612 2146 2786 2206 ratio.
2814 2143 2919 2206 Va;
2943 2144 3075 2220 tibi,
3110 2146 3445 2211 miserrime
3475 2152 3673 2229 portio

298 2238 506 2300 futura
532 2234 727 2299 ultimi
732 2233 974 2315 judicii.
1009 2236 1103 2297 An
1118 2243 1363 2297 vocatur
1390 2236 1593 2297 anima
1622 2236 1695 2297 ad
1724 2235 2067 2317 paradisum
2084 2244 2143 2296 et
2172 2235 2434 2298 dicitur:
2458 2232 2632 2309 Veni,
2667 2254 2700 2296 ο
2724 2233 3032 2310 clunilote,
3051 2235 3188 2297 veni
3210 2236 3271 2298 in
3304 2239 3679 2318 paradisum?

389 2327 558 2386 Ὅταν
586 2336 713 2405 γοῦν
741 2324 1040 2403 τελευτήσῃ
1071 2328 1098 2381 ὁ
1156 2325 1430 2404 ἅνθρωπος
1487 2328 1575 2383 καὶ
1629 2333 1797 2407 ταφῇ,
1860 2330 1947 2383 καὶ

302 2417 448 2493 μιτᾶ
491 2428 640 2495 τρεῖς
676 2414 879 2491 ἡμέρας
944 2416 1049 2497 οὑχ
1092 2416 1352 2496 ὑπάρχει,
1412 2417 1602 2494 βρῶμα
1642 2415 1739 2473 χαί
1796 2416 1946 2473 σκώ-

302 2504 434 2580 ληξ,
492 2508 581 2563 καὶ
639 2505 746 2576 ἄδι
790 2506 879 2562 καὶ
921 2507 1211 2586 ιρθιίρεται,
1259 2508 1348 2563 καὶ
1379 2505 1460 2563 ὅτι
1506 2506 1596 2561 ἐὰν
1640 2506 1719 2580 μὴ
1762 2503 1949 2579 πολλῷ

303 2596 534 2677 χώματι
589 2594 686 2652 καί
752 2595 918 2652 πλακί
988 2617 1113 2671 τινι,
1176 2596 1261 2652 καὶ
1347 2594 1603 2660 ἆσπαλῶς
1659 2593 1950 2672 περικρυϐᾗ

298 2691 389 2759 τῷ
415 2686 649 2759 σώματι,
681 2687 709 2741 6
740 2684 956 2763 ἐγγίσας
1008 2686 1168 2745 αὑτοῦ
1218 2684 1443 2752 πλησίον
1473 2685 1582 2742 ἀπὸ
1610 2689 1709 2753 τῆς
1739 2682 1948 2751 πολλῆς

302 2770 567 2839 δυσωδίας
615 2772 861 2830 ἐτελεύτα
919 2773 1007 2834 ἅν.
1060 2782 1167 2833 Νῦν
1211 2773 1265 2831 δὲ
1308 2796 1389 2841 τις
1431 2772 1665 2853 ὠφέλεια
1728 2780 1806 2848 τῷ
1847 2773 1946 2829 ἀν-

284 2864 506 2943 ηθρώπῷ
558 2864 650 2921 τὸν
694 2862 869 2920 κῶλον
919 2865 1079 2921 αὺτοῦ
1130 2863 1348 2922 πλύνειν
1412 2865 1586 2927 πάσας
1620 2864 1714 2929 τὰς
1743 2861 1948 2941 ἡμέρας

302 2953 409 3021 τῆς
438 2958 580 3025 ζωῆς
604 2953 762 3012 αὺτοῦ
797 2974 813 3029 ς
846 2951 987 3033 σοισί
1014 2953 1117 3032 γὰρ
1144 2955 1171 3010 6
1199 2954 1477 3033 προφήτης
1514 2950 1696 3010 Δαϐίδ’
1737 2976 1764 3008 σ
1802 2962 1948 3029 Καρ-

302 3041 425 3099 δίαν
453 3042 683 3120 καθαρὰν
718 3042 894 3099 κτίσον
923 3041 979 3097 ἂν
1021 3041 1175 3121 ὲμοῖ,
1210 3045 1238 3098 6
1270 3045 1425 3106 Θιός,
1470 3064 1494 3099 ι
1534 3043 1631 3100 Καὶ
1662 3044 1690 3098 6
1720 3042 1950 3110 Μωῦσῆς

303 3131 709 3212 τεσσαράκοντα
768 3130 972 3206 ἡμέρας
1036 3133 1125 3189 καὶ
1195 3132 1386 3194 νύκτας
1449 3131 1788 3204 ἐνήστευσεν,
1862 3132 1950 3187 καὶ

303 3225 376 3281 τὸ
421 3224 592 3297 στόμα
631 3222 790 3279 αὐτοῦ
827 3219 1017 3295 ὥζετο,
1064 3216 1244 3277 λαϐὼν
1298 3220 1355 3277 δὲ
1410 3218 1580 3301 φύλλα
1612 3218 1821 3295 δένδρου
1850 3220 1950 3275 ἀτι-

2110 2323 2255 2388 Cum
2286 2342 2424 2387 vero
2455 2323 2674 2404 aliquis
2707 2331 2978 2387 mortuus
3007 2332 3098 2387 est
3126 2334 3184 2387 et
3214 2327 3490 2407 sepulcro
3520 2348 3674 2391 con-

2030 2413 2208 2486 ditus,
2244 2422 2304 2475 et
2334 2431 2635 2488 corrosus,
2668 2420 2728 2475 et
2773 2413 3056 2475 redactus
3112 2415 3172 2475 in
3204 2417 3583 2494 putredinem
3614 2428 3675 2483 et

2029 2504 2442 2573 vermes,fetet
2466 2516 2528 2564 et
2561 2521 2805 2583 prorsus
2834 2504 3334 2584 corrumpitur,et
3355 2507 3469 2571 nisi
3488 2509 3677 2571 multa

2034 2601 2195 2655 terra
2236 2593 2619 2669 tumulata,et
2648 2592 2976 2665 asseribus,
3004 2600 3062 2653 et
3088 2595 3342 2657 maxima
3369 2597 3679 2677 diligentia

2031 2683 2433 2743 abscondatur
2488 2699 2733 2762 corpus,
2780 2681 2959 2743 talem
3016 2681 3250 2745 exhalat
3302 2687 3578 2764 fetorem,
3614 2697 3680 2750 ut

2034 2772 2280 2851 propius
2310 2771 2669 2834 accedentes
2697 2779 2848 2832 tetro
2874 2770 3061 2833 odore
3090 2773 3287 2834 statim
3322 2786 3672 2844 enecentur.
3766 2818 3767 2823 η

2029 2860 2162 2924 Jam
2186 2878 2332 2924 vero
2356 2860 2498 2942 quid
2508 2862 2674 2940 juvat
2692 2860 2994 2922 hominem
3020 2860 3272 2939 singulis
3287 2862 3676 2931 diebustanta

2033 2968 2176 3012 cura
2198 2952 2400 3013 culum
2422 2960 2478 3013 et
2496 2952 2691 3011 colum
2712 2950 2937 3012 lavare?
2958 2948 3098 3012 [deo
3132 2950 3278 3013 dicit
3313 2954 3495 3016 David
3530 2975 3672 3036 pro-

2036 3041 2213 3121 pheta
2248 3059 2262 3103 :
2288 3039 2337 3103 Ο
2360 3040 2539 3115 Deus,
2575 3040 2787 3102 creain
2804 3057 2900 3100 me
2917 3056 3022 3100 cor
3043 3057 3256 3121 purum
3280 3052 3339 3105 et
3360 3047 3676 3110 mundum.

2032 3128 2255 3191 Etcum
2276 3129 2469 3191 Moses
2481 3131 2817 3210 jejunasset
2830 3128 3225 3209 quadraginta
3243 3132 3375 3194 dies
3391 3142 3448 3196 et
3469 3139 3680 3201 noctes

2031 3219 2258 3299 incepit
2280 3237 2559 3282 acescere
2585 3218 2747 3281 illius
2760 3218 3070 3297 halitus,et
3089 3238 3197 3283 ore
3217 3220 3515 3302 ingratum
3539 3226 3682 3289 odo-

307 3313 603 3391 εστιόγγιστ
628 3311 697 3368 τὰ
726 3308 890 3391 χείλη
950 3311 1130 3373 αὑτοῦ.
1176 3310 1275 3369 Καὶ
1325 3310 1583 3388 ὀργισθεὶς
1615 3310 1643 3365 6
1674 3309 1804 3373 Θεὸς
1846 3308 1947 3364 αὐ-

2034 3326 2159 3370 rem
2195 3309 2473 3371 emittere
2503 3328 2520 3387 ;
2543 3309 2848 3389 accipiens
2875 3326 3017 3371 vero
3045 3309 3185 3372 folia
3214 3312 3448 3375 arboris
3475 3316 3679 3395 cujus-

304 3409 417 3477 τῷ,
463 3401 620 3459 εἶπεν
654 3414 670 3434 ⁸
718 3401 819 3457 Διὰ
860 3400 911 3457 τὶ
952 3399 1278 3480 ἐσπόγγισας
1333 3399 1401 3456 τά
1456 3398 1618 3479 χείλη
1677 3420 1772 3455 σου
1815 3399 1952 3470 μετὰ

306 3498 423 3549 τῶν
480 3489 748 3570 quilla-iv;
801 3487 1033 3567 ’¹Υπαγε,
1112 3491 1400 3559 νήστευσον
1445 3489 1628 3569 ἐτέρας
1684 3486 1952 3566 τεσσαρά-

304 3601 502 3644 κοντα,
546 3576 713 3657 Κάγὼ
756 3585 845 3635 νῦν
890 3579 1152 3656 ἁγιασμὸν
1200 3581 1386 3658 ψυχῆς
1441 3598 1499 3634 τε
1555 3580 1644 3635 καὶ
1703 3578 1952 3653 σώματος

304 3672 488 3742 ζητῶ,
533 3666 624 3723 ἐὰν
665 3668 843 3743 βρομῇ
888 3668 951 3723 τὸ
1009 3667 1186 3743 στόμα
1228 3689 1344 3740 σου,
1380 3667 1429 3723 τί
1477 3668 1603 3744 πρός
1647 3688 1764 3743 pe;
1821 3673 1954 3732 Χοῦς

304 3758 603 3837 ὑπάρχεις,
663 3758 751 3812 καὶ
796 3757 871 3820 εἷς
926 3760 1028 3833 γῆν
1082 3754 1372 3832 ἀπιλεύσῃ,
1425 3752 1605 3833 ’¹Αρτι
1666 3755 1781 3812 εἰπέ
1833 3778 1946 3832 μοι,

305 3850 360 3905 ὦ
394 3845 682 3926 ’Δγαρηνὲ,
715 3844 828 3902 ’ἐπεὶ
880 3848 909 3901 6
958 3847 1089 3910 Θεὸς
1122 3844 1465 3910 ἐκατεδέξατο
1507 3847 1570 3901 τὸ
1630 3848 1804 3920 στόμα
1859 3851 1953 3903 τοῦ

304 3936 593 4016 προφήτου
642 3936 786 4015 ὄζον,
815 3938 903 3991 καὶ
952 3936 1045 3991 οὑκ
1102 3936 1283 4010 εἷπον,
1332 3934 1529 3991 Πλῦναι
1589 3937 1725 4010 μετὰ
1767 3933 1953 3998 ὕδατος

309 4027 483 4084 αὖτοῦ
532 4032 625 4081 τοῦ
682 4024 980 4103 προφήτου),
1041 4023 1078 4093 ἢ
1136 4024 1426 4102 σπόγγισαι
1461 4044 1473 4062 ο
1510 4026 1571 4080 σὺ
1601 4030 1717 4090 πῶς
1747 4022 1948 4102 λέγεις,

307 4116 401 4174 ὅτι
451 4117 589 4191 μετὰ
641 4124 736 4173 τοῦ
791 4113 978 4178 ὕδατος
1057 4115 1334 4194 ἁγιάζεται
1413 4115 1448 4182 ἡ
1507 4114 1687 4195 ψυχὴ,
1746 4115 1835 4170 καὶ
1891 4114 1954 4171 τὸ

307 4212 473 4281 σῶμα
504 4222 522 4283 ;
568 4203 937 4271 πεπλάνησαι.
969 4203 1083 4266 Καὶ
1146 4202 1275 4260 ὅταν
1330 4204 1665 4281 ἁμαρτάνῃς,
1702 4204 1761 4259 o6
1790 4204 1954 4279 μόνον

302 4298 380 4354 τὸ
406 4298 563 4371 σῶμα
595 4290 856 4372 λαμϐάνει
914 4293 1039 4374 ἰτ-ὴν⁴
1072 4293 1356 4373 ἁμαρτίαν,
1411 4292 1551 4353 ἀλλὰ
1578 4293 1668 4351 καὶ
1697 4293 1730 4362 ἡ
1775 4294 1953 4374 ψυχή.

2034 3396 2170 3459 dam
2201 3397 2422 3478 quibus
2474 3397 2632 3459 labia
2687 3397 2872 3458 voluit
2933 3397 3198 3461 irrorare
3249 3408 3307 3462 et
3336 3401 3675 3480 detergere,

2033 3487 2257 3548 exarsit
2288 3487 2485 3547 statim
2539 3486 2628 3547 ira
2680 3485 2787 3547 Dei
2819 3493 2877 3545 et
2913 3487 3080 3563 dixit;
3114 3504 3301 3566 quare
3331 3489 3490 3551 foliis
3519 3490 3677 3554 labia

2035 3575 2365 3637 detersisli?
2392 3573 2508 3637 Abi
2540 3582 2599 3635 et
2619 3573 2833 3653 jejuna
2862 3574 3057 3635 adhuc
3089 3575 3239 3636 alios
3283 3578 3677 3658 quadraginta

2035 3664 2186 3741 dies,
2227 3682 2362 3726 nam
2391 3682 2499 3743 ego
2527 3664 2659 3725 volo
2689 3663 3217 3725 sanctiﬁcationem
3256 3683 3375 3729 non
3406 3670 3679 3750 corporis

2035 3755 2141 3817 sed
2174 3754 2469 3835 animae,si
2503 3752 2656 3815 male
2687 3753 2809 3814 olet
2830 3770 2897 3814 os
2926 3753 3272 3834 tnum,quid
3305 3755 3514 3820 hocad
3546 3760 3677 3822 me?

2034 3841 2122 3904 Tu
2146 3860 2212 3905 es
2234 3851 2394 3905 terra
2415 3851 2473 3903 et
2493 3843 2553 3904 in
2567 3851 2784 3904 terram
2807 3852 2866 3902 et
2883 3841 3186 3921 pulverem
3200 3846 3677 3910 reverterisJam

2033 3950 2197 4013 vero,
2233 3953 2267 3994 ο
2299 3934 2597 4013 Agarene,
2650 3931 2747 3993 dic
2797 3930 2965 4005 mihi,
2999 3931 3486 4015 quandoquidem
3519 3938 3679 3999 Deus

2034 4023 2307 4086 toleravit
2336 4030 2396 4085 et
2425 4022 2668 4085 admisit
2696 4040 2763 4083 os
2794 4022 2990 4084 fetens
3046 4021 3352 4102 prophetae
3379 4023 3584 4103 Hosis,
3620 4038 3684 4092 et

2037 4130 2157 4175 non
2184 4113 2366 4190 jussit
2396 4112 2770 4193 prophetam,
2792 4119 2855 4171 ut
2886 4129 2953 4173 os
2984 4129 3159 4172 suum
3188 4129 3341 4193 aqua
3373 4113 3594 4179 lavaret
3623 4125 3684 4179 et

2037 4203 2400 4279 detergeret,
2439 4210 2498 4263 tu
2523 4219 2643 4278 qua
2672 4199 3038 4261 verecundia
3067 4208 3235 4278 potes
3259 4220 3532 4266 asserere
3552 4206 3678 4268 ani-

2043 4309 2197 4353 mam
2228 4300 2286 4354 et
2309 4308 2529 4372 corpus
2549 4307 2700 4371 aqua
2720 4288 2960 4370 purgari
2977 4296 3036 4350 et
3052 4290 3411 4354 sanctiﬁcari
3428 4295 3454 4355 ?
3470 4293 3675 4357 Erras.

309 4391 423 4445 Νῦν
456 4384 512 4441 δὲ
572 4386 636 4441 τὸ
695 4400 851 4454 σωμα
900 4379 1129 4447 ἕπλονας
1186 4382 1292 4439 ἆπὸ
1348 4387 1449 4450 τῆς
1521 4382 1775 4462 ῥυπαρίας
1820 4384 1947 4458 μετᾶ

2040 4382 2189 4444 Nam
2220 4398 2353 4443 cum
2384 4398 2599 4462 peccas
2630 4398 2750 4442 non
2781 4386 3008 4441 tantum
3055 4397 3276 4461 corpus
3306 4381 3677 4463 inquinatur,

308 4473 413 4534 τοῦ
438 4472 651 4547 ὕδατος,
711 4473 811 4540 τὴν
862 4470 919 4528 δέ
947 4472 1137 4554 ψυχὴν
1184 4472 1553 4551 τὴνηᾶόρατον
1611 4472 1749 4548 μετὰ
1804 4472 1947 4530 ποίου

2039 4471 2147 4533 sed
2173 4471 2354 4533 etiam
2385 4470 2586 4534 anima
2608 4468 2838 4551 peccati
2854 4467 2990 4531 labe
3014 4468 3375 4534 inﬁcitur.Si
3396 4490 3533 4536 vero
3552 4493 3682 4537 cor-

304 4564 505 4628 ὓδατος
560 4561 731 4625 θέλεις
777 4562 1042 4641 καθαίρειν
1103 4560 1271 4628 αὐτὴν
1328 4561 1436 4619 ἀπὸ
1491 4566 1592 4629 τῆς
1645 4562 1947 4638 ἁμαρτίαςῑ

2039 4560 2203 4639 poris
2226 4561 2434 4622 sordes
2454 4577 2610 4642 aqua
2629 4557 2921 4638 abstergis
2934 4566 2997 4620 et
3018 4557 3205 4636 deles,
3232 4578 3347 4641 qua
3365 4580 3517 4644 aqua
3547 4564 3679 4625 ani-

308 4652 426 4717 Καὶ
491 4651 608 4717 πῶς
663 4657 931 4731 προτιμᾷν
963 4652 1028 4708 τὸ
1081 4655 1238 4728 σῶμα
1278 4649 1557 4709 ἄκπλύνιιν
1585 4652 1703 4708 καθ’
1750 4651 1947 4730 ἡμέραν

2041 4668 2197 4712 mam
2231 4650 2592 4712 invisibilem
2611 4667 2645 4710 a
2666 4658 2908 4730 peccato
2930 4646 3187 4711 liberare
3211 4659 3271 4711 et
3294 4669 3549 4731 purgare
3577 4671 3680 4716 co.

309 4742 597 4822 πεντάκις,
659 4742 745 4799 καὶ
801 4742 899 4809 τὴν
955 4739 1142 4821 ψυχὴν
1200 4740 1469 4822 ἀφεῖναις
1525 4740 1662 4820 Οὺχὶ
1709 4742 1745 4810 ἡ
1798 4741 1947 4821 ψυχὴ

2040 4739 2234 4802 naris?
2264 4741 2341 4803 Et
2368 4756 2485 4820 qua
2514 4737 2749 4801 ratione
2780 4739 2937 4801 ﬁtut
2966 4735 3159 4817 primo
3189 4748 3435 4801 curetur
3460 4758 3682 4822 corpus

307 4834 549 4913 ὺπάρχει
585 4831 781 4907 μείζων
836 4836 932 4887 τοῦ
988 4831 1240 4907 σώματος
1278 4848 1295 4911 ;
1332 4822 1551 4908 ’Ὠσπιρ
1602 4830 1703 4898 τὴν
1760 4829 1947 4900 «olm

2039 4838 2099 4892 et
2115 4829 2433 4912 quinquies
2455 4828 2703 4908 singulis
2720 4825 2938 4890 diebus
2956 4834 3237 4906 purgetur
3251 4836 3310 4889 et
3329 4833 3676 4908 mundetur,

308 4923 632 4999 ἒλεύκα-δας,
692 4920 788 4979 καί
826 4921 889 4977 τὸ
924 4918 1137 4996 θλάσμα
1186 4926 1281 4978 τοῦ
1333 4919 1493 4983 ποδὸς
1552 4919 1648 4977 οὒκ
1693 4917 1947 4991 ἠδυνήθηι

2041 4921 2242 4983 anima
2271 4939 2410 4982 vero
2443 4919 2722 4997 neglecta
2747 4926 2807 4980 et
2833 4916 3001 4979 illata
3028 4916 3439 4998 relinquatur?
3469 4920 3681 4985 Annon

306 5015 636 5093 θεραπτῦσαι
691 5013 795 5070 ὑπὸ
850 5015 945 5068 τοῦ
997 5006 1212 5088 ὕδατος,
1243 5008 1382 5068 ἀλλὰ
1440 5008 1575 5087 μετὰ
1631 5010 1827 5087 ἰατρῶν
1871 5011 1947 5067 καῖ

2042 5011 2243 5072 anima
2273 5009 2563 5088 dignitate
2594 5025 2813 5088 corpus
2837 5006 3037 5088 ipsum
3086 5007 3366 5087 superat?
3394 5008 3563 5073 certe
3582 5027 3683 5074 res

307 5106 415 5183 βοτ
423 5105 561 5160 avan
602 5102 855 5181 ἀρίστων.
1584 5138 1591 5143 -

2043 5099 2124 5163 ita
2153 5118 2221 5164 se
2250 5099 2429 5163 habet
2457 5098 2601 5160 utin
2626 5095 2908 5178 parabola
2936 5098 3118 5157 vestis
3142 5103 3202 5157 et
3230 5096 3423 5177 pedis.
3440 5096 3683 5162 Vestem

307 5197 489 5279 potes
518 5206 731 5254 curare
758 5199 817 5252 et
845 5186 1147 5279 dealbare.
1167 5185 1301 5279 __Sed
1329 5186 1545 5279 pedem
1575 5185 2050 5279 minet-atumet
2104 5189 2428 5253 contritum
2484 5206 2605 5250 non
2640 5187 2866 5268 poteris
2906 5186 3119 5266 juvare
3145 5203 3323 5267 aqua,
3357 5188 3465 5251 sed
3496 5206 3684 5271 espe-

302 5276 534 5349 rientia
561 5279 959 5354 medicorum,
987 5286 1048 5341 et
1071 5276 1299 5341 viribus
1326 5276 1649 5339 herbarum
1681 5277 2180 5355 praestandorum.

400 5387 505 5440 Νῦν
561 5379 701 5438 θέλω
748 5401 833 5437 σοι
877 5380 1077 5441 εἰπεῖν.
1139 5379 1212 5434 Σὺ
1255 5376 1407 5457 ἔχεις
1468 5378 1634 5455 τάφον
1668 5374 1871 5457 ἔχοντᾶ
1910 5398 1947 5434 τι

2127 5371 2300 5433 Nunc
2316 5375 2374 5430 et
2386 5366 2547 5430 aliud
2564 5383 2780 5444 urgere
2802 5363 3163 5457 vololiabes
3178 5365 3521 5457 sepulcrum
3535 5367 3687 5457 mira

310 5467 509 5537 ἕξωθεν
566 5469 896 5549 ἐγχοίμισμα
967 5467 1107 5527 πάνυ
1188 5454 1491 5541 θαυμαστὸν
1554 5454 1947 5543 ίάπὸίνχρυσίοι

2046 5476 2293 5541 prorsus
2325 5458 2512 5519 lorica
2563 5454 3022 5530 circumdatum,
3051 5464 3115 5517 et
3140 5455 3319 5518 variis
3347 5454 3685 5535 margaritis

309 5558 409 5621 καὶ
465 5544 781 5641 μαργόρων,
824 5544 1047 5615 ἔσωθεν
1102 5555 1158 5613 δὲ
1214 5554 1472 5620 δυσωδίας
1523 5554 1611 5611 καὶ
1660 5551 1947 5641 σκωλήκωι

2044 5556 2105 5612 et
2128 5567 2277 5612 auro
2296 5547 2642 5641 decoratum
2649 5545 2933 5641 ,interius
2950 5552 3213 5641 τοῖο-σοι
3228 5544 3477 5641 plenam
3492 5544 3685 5606 fetore

309 5631 501 5731 γέμτι.
536 5631 919 5730 ὴὸλὶνιρωτῶ
945 5662 1034 5725 σε,
1088 5644 1217 5707 ὅταν
1274 5647 1521 5728 χωρισθῇ
1569 5643 1632 5703 τὸ
1661 5642 1856 5725 βρέφος
1900 5638 1947 5704 es

2046 5648 2108 5705 et
2131 5636 2463 5717 vermibus.
2502 5640 2763 5712 (Eunus
2804 5634 2973 5703 aliud
3002 5642 3061 5703 te
3089 5631 3511 5717 interrogabo,
3543 5646 3683 5695 cum
