3994 6232
176 398 329 482 1417
1397 390 1891 476 CONFUTATIO
1933 408 2308 474 AGARENI.
2606 379 2617 387 ’
3384 376 3540 478 me

165 561 279 620 πῶς
318 555 587 628 καλεῖται,
622 555 797 612 πάντα
840 556 899 612 οὗ
942 553 1246 630 γινώσκεις.
1283 547 1434 609 Ἀλλ’
1495 551 1605 626 ἐγὼ
1635 545 1801 625 γινώ-

1892 552 2058 623 pater
2106 542 2293 617 illius,
2329 550 2429 605 aut
2463 561 2607 606 avus
2647 542 2996 608 vocabatur.
3042 543 3159 607 Ista
3183 544 3387 608 omnia
3413 564 3537 608 non

166 666 304 720 σκω,
377 646 464 703 καὶ
512 644 691 709 καλῶς
777 642 1088 713 ἐπίσταμαι,
1150 639 1276 698 Ἐὰν
1337 640 1551 715 ἀγνοεῖς
1617 639 1682 693 τά
1743 638 1805 692 σὰ

1893 634 2070 707 nosti,
2100 632 2337 693 illorum
2366 651 2506 695 vero
2527 652 2646 696 non
2671 652 2805 696 sum
2828 634 3093 715 ignarus,
3119 632 3241 698 imo
3254 650 3325 698 ea
3350 634 3537 716 probe

168 736 483 815 γράμματα,
514 738 603 795 καὶ
657 734 724 789 τὰ
779 732 909 807 ἐμάν.
941 729 1056 792 Κᾶν
1088 731 1149 786 σὺ
1180 729 1246 785 τὰ
1280 729 1382 803 ἐμὰ
1414 731 1471 785 οὗ
1498 726 1805 805 γινώσκεις,

1891 722 2052 785 novi.
2093 724 2339 791 Ignoras
2369 724 2570 785 forsan
2606 733 2705 791 tua
2736 724 2892 815 sicut
2922 732 3148 815 nostra.
3187 723 3305 788 Sed
3338 725 3390 787 si
3420 744 3537 786 no—

167 823 392 880 ἄκουσον
450 826 634 881 λοιπὸν
693 820 786 878 ἀπ’
848 821 1000 899 ἐμοῦ,
1062 820 1151 877 καὶ
1192 816 1477 896 διδάχθητι
1533 817 1591 873 οὗ
1641 817 1804 891 μόνον

167 914 287 991 περὶ
342 920 435 971 τοῦ
488 914 707 975 πάππου
766 912 945 977 αὐτοῦ,
1003 909 1256 966 ἀλλὰκαὶ
1300 906 1402 971 ἕως
1432 908 1618 985 γενεὰς
1676 904 1801 962 δέκα

168 1016 286 1068 τοῖ;
342 1003 551 1066 ἑαυτοῦ.
598 1002 742 1082 Ἐγὼ
785 998 839 1057 δὲ
892 998 976 1056 διὰ
1006 996 1342 1057 ἀναδιδάσκω
1370 998 1462 1053 τὸν
1492 994 1601 1053 υἱόν
1645 1018 1746 1070 μου
1785 1012 1798 1025 ⁸

168 1093 261 1148 τὸν
320 1090 375 1148 δὲ
431 1094 541 1149 υἱόν
589 1114 689 1168 μου
734 1089 829 1146 οὒκ
878 1087 1157 1170 ἐνδέχεται
1208 1110 1367 1144 τουτο
1400 1100 1603 1164 ποιεῖν,
1633 1086 1713 1142 ὅτι
1744 1088 1804 1143 οὔ

169 1179 406 1241 δύναται.
468 1181 619 1240 Οῧτω
656 1181 757 1259 γὰρ
818 1178 910 1237 ιιαί
956 1184 1114 1254 ὒμεῖς
1172 1181 1230 1237 οὐ
1260 1175 1478 1232 δύνασθε
1537 1176 1655 1253 περὶ
1711 1197 1803 1231 του

169 1270 466 1349 Μουχάμετ
515 1267 745 1346 ἀκριϐῶς
790 1267 1006 1347 εἰδέναι,
1058 1268 1131 1330 ὡς
1162 1269 1328 1341 ἡμεῖς
1362 1266 1408 1321 οἱ
1442 1264 1749 1342 Χριστιανοί
1786 1283 1798 1296 ·

171 1356 307 1415 διότι
336 1360 504 1434 ἡμεῖς
561 1361 663 1437 πρὸ
710 1357 804 1415 τοῦ
855 1357 1150 1437 Μουχάμετ
1198 1356 1385 1428 ἐσμὲν,
1438 1355 1524 1410 καὶ
1578 1352 1805 1432 ἀκριϐῶς

170 1449 238 1505 τὰ
268 1447 389 1506 κατ’
420 1449 577 1506 αὐτού
630 1449 865 1511 ἅπαντα,
917 1447 1100 1510 Ὀμως
1140 1447 1226 1503 καὶ
1258 1445 1348 1501 ἐὰν
1393 1442 1574 1500 οἴδατε
1625 1444 1808 1517 ὑμεῖς,

1887 826 2009 873 stra
2036 811 2136 873 tibi
2172 821 2310 872 sunt
2339 812 2666 890 incognita,
2694 813 2834 875 audi
2866 821 2963 874 tua
2986 821 3048 876 et
3070 813 3287 877 discea
3308 832 3405 876 me
3419 833 3541 876 uon

1888 909 2114 962 tantum
2148 900 2284 980 quis
2308 898 2489 963 fuerit
2519 902 2684 963 illius
2708 912 2882 980 pater
2920 910 3022 965 aut
3050 920 3218 979 avus,
3251 902 3360 966 sed
3394 902 3542 966 audi

1888 1008 2127 1052 sursum
2144 999 2203 1050 et
2216 990 2485 1063 retro,de
2499 1009 2627 1052 cem
2642 989 2806 1052 illius
2823 991 3398 1071 generationesEgo
3411 990 3543 1073 qui-

1886 1079 2022 1141 dem
2049 1079 2233 1141 doceo
2257 1079 2444 1140 ﬁlium
2480 1079 2816 1154 meum,sed
2848 1080 2948 1142 ille
2967 1080 3267 1143 nonidem
3295 1090 3543 1162 praestat

1887 1178 1945 1229 et
1974 1186 2181 1230 revera
2214 1187 2330 1230 non
2364 1177 2579 1248 potest.
2609 1168 2710 1232 Sic
2740 1169 3077 1246 etiamnon
3129 1171 3380 1251 potestis
3419 1179 3540 1233 tam

1891 1265 2170 1320 accurate
2214 1276 2281 1318 ea
2332 1276 2507 1321 nosse
2556 1275 2689 1340 quae
2723 1267 3004 1340 spectant
3056 1259 3541 1323 Muhammedem

1892 1348 2046 1408 sicut
2069 1366 2177 1408 nos
2200 1345 2559 1424 Christiani;
2592 1367 2726 1410 nam
2751 1366 2960 1412 sumus
2977 1348 3545 1429 ipsoMuhammede

1897 1440 2083 1501 multo
2119 1441 2563 1517 velustiores,et
2584 1460 2715 1523 quae
2734 1442 2807 1505 ad
2835 1442 3004 1505 illum
3031 1444 3340 1523 pertinent
3358 1442 3540 1508 nobis

173 1536 371 1604 δείξατε
428 1541 565 1614 ἡμῖν
617 1539 738 1615 περὶ
793 1542 893 1606 τῆς
965 1538 1267 1615 γεννήσεως
1331 1535 1491 1590 αἱ)τοῦ
1544 1531 1642 1589 κᾶν
1687 1534 1805 1607 μίαν

1894 1533 2215 1613 perspicue
2247 1534 2484 1610 cognita
2513 1544 2673 1596 sunt.
2707 1536 2928 1600 Dicatis
2960 1554 3101 1617 ergo
3130 1536 3307 1600 nobis
3334 1537 3382 1599 si
3422 1537 3544 1601 hoc

174 1628 387 1708 ἑορτὴν,
441 1629 529 1685 καὶ
584 1630 701 1703 περὶ
757 1636 850 1686 τοῦ
908 1624 1278 1704 ἀναληφθῆναι
1344 1624 1498 1679 αὐτὸν
1578 1623 1650 1687 εἰς
1720 1625 1805 1678 τὸν

1893 1621 2061 1683 vobis
2099 1624 2528 1703 sitcognitum,
2568 1625 2874 1705 quodnam
2929 1626 3143 1689 festum
3190 1626 3539 1691 celebretur
3622 1632 3630 1639 “

172 1716 416 1796 οὐρανόν,
484 1717 620 1775 Εἴπέ
674 1740 793 1793 μοι,
837 1719 886 1772 τί
943 1715 1262 1793 ἐορτάζειςς
1324 1713 1361 1779 ἣ
1406 1713 1489 1768 καὶ
1552 1709 1636 1767 διὰ
1711 1714 1805 1779 τὴν

1891 1711 1952 1772 in
1986 1712 2340 1774 memoriam
2376 1713 2695 1777 nativitatis
2731 1722 2791 1775 et
2838 1715 3266 1795 assumptionis
3295 1715 3457 1779 illius
3481 1716 3545 1779 in

170 1810 333 1874 θανήν
380 1809 560 1878 αὐτοῦ,
609 1808 695 1864 καὶ
758 1807 862 1863 ποῦ
920 1803 1114 1884 ἐτάφη,
1161 1805 1249 1860 καὶ
1307 1803 1386 1866 τίς
1444 1804 1476 1869 ἡ
1524 1800 1805 1877 ψαλμῳδία

1892 1802 2095 1865 coelos.
2142 1802 2249 1863 Dic
2300 1802 2446 1864 mihi
2492 1821 2628 1880 quae
2678 1803 2809 1867 dies
2849 1804 3141 1867 solemnis
3174 1804 3544 1869 institutaad

170 1895 267 1964 τῆς
312 1897 621 1970 κοιμήσεως
653 1897 857 1969 minori;
908 1895 981 1953 Τὰ
1024 1891 1203 1970 βιϐλία
1247 1894 1396 1967 ὑμῶν
1441 1888 1538 1947 ὅλα
1580 1889 1805 1970 διῆλθον,

1905 1891 2219 1952 nativitatis
2248 1890 2339 1953 vel
2373 1892 2583 1955 mortis
2614 1892 2704 1955 vel
2750 1893 3076 1974 sepultura
3118 1894 3278 1958 illius
3311 1912 3545 1958 memo-

170 1987 256 2042 ιιαὶ
343 1983 590 2063 οὐδεμίαν
674 1992 823 2064 εὖρον
902 1985 1150 2040 ὑπόθεσιν
1238 1980 1621 2061 γεγραμμένην
1691 1981 1810 2058 περὶ

164 2074 382 2132 ἐπαίνου
454 2074 551 2132 καΐ
623 2073 810 2150 ὕμνου.
880 2070 1008 2131 Οὒδὲ
1055 2074 1086 2141 ἦ
1131 2069 1313 2150 μήτηρ
1384 2074 1543 2129 αὐτοῦ
1599 2069 1808 2145 ’ἱεμένα

167 2164 497 2245 ἐχαιρετήθη
555 2166 659 2221 ὑπὸ
730 2174 826 2222 τού
898 2160 1159 2241 Γαϐριὴλ,
1219 2159 1334 2220 οὔτε
1379 2162 1413 2228 ἡ
1481 2158 1698 2236 δύναμις
1756 2157 1808 2225 ἐξ

162 2253 327 2329 ὕψους
388 2254 623 2328 κατῴκει
680 2252 735 2309 ἐν
778 2252 939 2329 αὐτῇ,
1000 2252 1085 2308 καὶ
1137 2251 1329 2330 ἔγγυος
1384 2251 1627 2329 γέγονεν,
1689 2249 1807 2306 οὔτε

164 2348 379 2419 Πνεῦμα
435 2342 587 2421 ἅγιον
646 2341 901 2400 ἐκάλεσεν
950 2341 1107 2409 αὐτὴν
1168 2340 1350 2419 ἁγίαν,
1405 2338 1498 2396 καί
1561 2339 1662 2417 πρὸ
1715 2345 1809 2395 τοῦ

161 2432 323 2489 τόκου
382 2431 664 2510 παρθένον,
726 2433 814 2488 καὶ
872 2430 1009 2506 μετά
1065 2431 1222 2488 τόκον
1289 2429 1546 2505 παρθένον
1601 2426 1803 2503 μένειν.

165 2523 224 2578 Ei
270 2520 348 2596 μὴ
392 2520 470 2601 [ἒ]
517 2521 696 2601 γράφη
742 2518 935 2592 οὕτως,
973 2517 1054 2575 ὅτι
1099 2519 1199 2575 ὑπὸ
1258 2515 1472 2574 πολλῶν
1515 2517 1804 2596 ἀνθρώπων

163 2607 329 2677 δοῦλη
373 2611 669 2688 ἠγοράσθη.
719 2615 838 2673 Πῶς
911 2608 1078 2699 ριῦτὴν
1142 2607 1239 2677 τὴν
1302 2604 1518 2679 δούλην,
1546 2608 1652 2699 Δκαὶ
1706 2606 1806 2699 τῂν

161 2699 342 2778 ἁγίαν,
397 2701 486 2755 καὶ
539 2701 831 2776 μακαρίαν,
876 2695 962 2754 γαὶ
1008 2697 1343 2772 πανάμωμον
1388 2695 1652 2773 Παρθένον
1708 2696 1807 2763 τὴν

162 2788 382 2866 Μητέρα
425 2795 519 2844 τοῦ
555 2796 688 2847 Θεοῦ
720 2789 892 2864 Λόγου
924 2785 1050 2849 ἴσας
1092 2798 1293 2857 ποιεῖς,
1328 2784 1511 2863 ὥσπερ
1540 2784 1635 2839 οὐκ
1664 2783 1806 2840 ἔστιν

162 2876 218 2932 ἐν
249 2881 440 2942 αὒταῖς
494 2876 680 2944 ἰσότης
716 2896 733 2957 ς
770 2875 920 2933 Οὕτω
956 2876 1045 2931 καὶ
1089 2877 1116 2931 6
1162 2874 1456 2952 Μουχάμετ
1500 2873 1619 2938 ἴσος
1664 2875 1805 2930 ἐστὶν

165 2973 244 3040 τῷ
290 2966 517 3043 Χριστῷ,
554 2965 633 3022 ὅτι
679 2968 707 3022 6
753 2965 1053 3045 Μουχάμετ
1085 2964 1299 3043 νεκροὺς
1353 2965 1447 3020 οὒκ
1490 2962 1809 3043 ἀνέστησεν,

165 3054 289 3111 ἀλλ’
349 3053 465 3111 οὒδὲ
521 3057 595 3120 ὡς
636 3057 664 3112 ὁ
722 3057 949 3136 Χριστὸς
1008 3056 1100 3110 τὸν
1159 3054 1525 3131 τετραήμερον
1572 3053 1810 3132 Λάζαρον

168 3144 487 3219 ἀνέστησεν,
536 3143 653 3201 οὖδὲ
681 3152 774 3201 τοῦ
804 3143 1196 3222 γεγεννημένου
1227 3140 1423 3220 τυφλοῦ
1463 3140 1675 3209 ἤνοιξεν
1705 3143 1807 3219 ὀφ-

167 3233 428 3310 θαλμοὺς,
490 3232 606 3291 οὔτε
686 3240 859 3291 πᾶσαν
919 3235 1073 3291 νόσον
1145 3233 1231 3289 καὶ
1290 3237 1466 3288 πᾶσαν
1542 3230 1808 3306 μαλακίαν

162 3323 537 3404 ἐθεράπευσεν,
624 3323 851 3401 λεπροὺς
940 3327 1035 3383 οὒκ
1111 3322 1413 3401 ἐκαθάρισε,
1487 3321 1655 3399 κωφοὶ
1722 3322 1808 3376 καὶ

163 3411 353 3469 ἅλαλοι
399 3416 492 3471 οὐκ
547 3414 775 3482 ’ίάθησαν
841 3409 966 3491 παρ’
1033 3413 1211 3487 αὐτοῦ,
1262 3408 1379 3467 οὔτε
1424 3410 1540 3485 βίαν
1597 3409 1806 3484 ἀνέμων

161 3501 252 3559 καὶ
295 3502 633 3581 ἀγριαίνοντα
675 3502 885 3576 κύματα
931 3499 1181 3575 ἔστησεν,
1215 3500 1304 3556 καὶ
1361 3499 1415 3554 ἐν
1446 3496 1596 3554 ὕδατι
1627 3496 1806 3577 ὥσπερ

161 3592 324 3671 ξηρὰς
383 3593 797 3669 ἐπεριπάτησεν,
878 3591 967 3648 καὶ
1043 3592 1118 3653 εἷς
1177 3589 1298 3653 τοὺς
1357 3589 1600 3664 μαθητὰς
1646 3588 1805 3644 αὐτοῦ

162 3683 262 3737 οὒκ
318 3680 559 3749 εἰσῆλθεν
618 3684 722 3738 τῶν
779 3680 946 3757 θυρῶν
1018 3677 1436 3754 κεκλεισμένων,
1494 3676 1613 3733 οὕτε
1665 3699 1801 3753 μετ-

158 3773 446 3852 εμορφώθη
491 3773 719 3851 πρόσθεν
764 3775 871 3827 τῶν
915 3771 1170 3844 μαθητῶν
1204 3768 1386 3841 αὐτοῦ,
1433 3768 1521 3823 καὶ
1555 3768 1801 3846 ἀναμάρ-

151 3883 319 3927 τητος
388 3863 483 3919 οὒκ
556 3862 646 3936 ἦν,
717 3859 837 3917 οὕτε
897 3858 1181 3932 ἀθάνατος,
1248 3855 1367 3913 οὕτε
1412 3855 1797 3935 δικαιοκριτής.

155 3956 283 4013 Πῶς
325 3951 447 4007 ἴσον
492 3962 671 4014 ποιεῖς
719 3950 876 4007 αὐτὸν
922 3955 998 4024 τῷ
1028 3954 1242 4026 Χριστῷ
1275 3964 1292 4021 ;
1326 3947 1445 4003 ἐπεὶ
1478 3946 1720 4003 τοιοῦτόν
1753 3969 1802 4002 τι

160 4042 223 4097 οὗ
265 4042 557 4110 πεποίηκεν
600 4043 628 4097 6
674 4039 994 4119 Μουχάμετ,
1050 4035 1169 4094 οὐδὲ
1224 4035 1356 4093 ἄλλο
1386 4035 1565 4114 ἕτερον
1593 4038 1655 4092 τὸ
1687 4038 1801 4093 οἱο-

162 4137 307 4188 νοῦν.
381 4130 513 4189 Οὔτε
586 4130 838 4197 ἀληθείας
906 4126 1196 4207 ἐχόμενος,
1258 4124 1376 4182 οὕτε
1437 4124 1802 4206 δικαιοσύνης,

157 4218 302 4275 ἀλλά
372 4219 601 4296 μᾶλλον,
687 4219 769 4275 ὅτι
829 4216 1007 4286 πῆσαν
1082 4214 1286 4273 ἀδικίαν
1355 4212 1646 4281 ἐνεδείξατο
1716 4216 1804 4271 καὶ

158 4306 438 4373 διετάξατο
494 4309 801 4388 φονεύετθαι
859 4306 1035 4367 πάντα
1090 4307 1182 4361 τὸν
1253 4306 1333 4380 μὴ
1405 4304 1630 4382 λέγοντα
1705 4308 1802 4363 αὖ·

156 4397 254 4453 τὸν
313 4403 445 4454 Θεοῦ
508 4395 835 4457 ἀπόστολον.
899 4396 995 4452 Καὶ
1056 4395 1118 4451 σὺ
1163 4392 1339 4472 λέγεις
1398 4391 1648 4469 ἀναιδῶς,
1722 4392 1804 4450 ὅτι

162 4489 191 4541 6
254 4484 552 4567 Μουχσίμετ
600 4488 688 4543 καὶ
747 4488 775 4542 6
828 4485 1051 4562 Χριστός
1111 4481 1319 4550 Ἰησοῦς
1376 4481 1518 4539 ἐστιν
1552 4498 1568 4515 ⁸
1610 4483 1728 4561 περὶ
1752 4481 1806 4540 δὲ

169 4581 268 4633 τοῦ
296 4576 411 4653 βίου
439 4583 533 4633 τοῦ
561 4574 720 4633 αὒτοῦ
751 4572 1049 4653 Μουχᾶμετ
1078 4570 1221 4648 λέγω
1250 4594 1332 4630 σοι
1368 4592 1383 4609 ·

1891 1981 2040 2042 riam
2076 1980 2494 2057 recolendam;
2529 1983 2776 2064 quinam
2809 1983 3024 2064 psalmi
3053 1990 3114 2047 et
3144 1982 3284 2047 odm
3315 1983 3544 2048 decan-

1893 2077 2093 2132 tanlur
2123 2090 2182 2131 in
2218 2071 2508 2133 honorem
2541 2072 2954 2136 dormitionis?
2970 2069 3548 2139 Omnestuoslibros

1892 2159 2104 2239 evolvi,
2130 2161 2235 2221 sed
2271 2159 2500 2222 nullum
2533 2162 2738 2223 inveni
2769 2162 3544 2241 argumentum,veldecla-

1892 2255 2188 2310 rationem
2217 2251 2500 2330 scriptam
2530 2250 2611 2312 de
2654 2250 2935 2314 laudibus
2964 2264 3025 2314 et
3070 2251 3296 2333 hymno
3326 2250 3545 2334 quibus

1889 2337 2070 2399 fuerit
2102 2338 2465 2402 celebratus.
2516 2337 2643 2403 Nec
2692 2341 2947 2420 angelus
2994 2340 3237 2406 Gabriel
3265 2341 3548 2405 salutavit

1886 2426 2198 2490 Jemenam
2231 2425 2668 2491 Muhammedis
2698 2437 2976 2506 matrem,
3001 2449 3114 2494 nec
3143 2432 3331 2494 virtus
3351 2431 3538 2495 Altis-

1889 2517 2023 2578 simi
2054 2518 2115 2577 in
2147 2517 2249 2579 illa
2281 2518 2568 2581 habitavit
2597 2528 2659 2581 ut
2688 2538 2999 2600 praegnans
3028 2529 3088 2584 et
3113 2520 3355 2601 gravida
3386 2539 3531 2585 eva-

1891 2607 2204 2682 deret;nec
2221 2606 2479 2687 Spiritus
2517 2618 2759 2672 sanctus
2785 2608 2952 2672 illam
2976 2611 3209 2674 vocavit
3238 2619 3535 2687 sanctam,

1890 2714 2000 2757 nec
2032 2695 2143 2757 fuit
2173 2698 2337 2775 virgo
2364 2705 2500 2760 ante
2522 2707 2754 2778 partum
2786 2717 2899 2762 nec
2931 2707 3071 2780 post
3101 2708 3338 2780 partum
3368 2701 3534 2781 virgo

1893 2785 2132 2848 mansit.
2164 2786 2285 2848 Sed
2315 2794 2545 2849 tantum
2576 2788 2692 2851 hoc
2714 2788 3538 2873 scriptuminvenitur,quod,

1892 2894 2026 2935 cum
2079 2885 2243 2938 esset
2286 2894 2480 2953 serva,
2532 2894 2566 2939 a
2615 2878 2795 2942 variis
2839 2878 3188 2942 hominibus
3239 2880 3581 2963 redempta,

1893 2964 2101 3040 fuerit;
2136 2966 2439 3047 quomodo
2470 2984 2611 3046 ergo
2638 2968 2815 3029 istam
2847 2986 3106 3046 servam,
3141 2976 3198 3031 et
3243 2979 3539 3047 sanctam,

1892 3052 2128 3117 beatom
2141 3103 2156 3129 ,
2174 3055 2620 3119 immaculatam
2643 3058 2892 3120 Matrem
2910 3057 3016 3121 Dei
3034 3056 3242 3134 Verbi,
3255 3076 3545 3142 suppares

1895 3144 2060 3216 facis,
2089 3163 2224 3206 cum
2248 3145 2408 3206 inter
2430 3145 2566 3208 illas
2590 3146 2753 3208 nulla
2795 3149 2870 3210 sit
2911 3148 3249 3228 aequalitas.
3281 3147 3382 3213 Sic
3410 3151 3545 3211 Mu—
3604 3178 3607 3183 ν

1828 3223 1869 3276 C
1896 3233 2175 3294 hammed
2208 3234 2445 3296 scilicet
2483 3244 2574 3297 est
2602 3235 2847 3317 aequalis
2878 3223 3134 3311 Christo,
3166 3256 3304 3302 cum
3344 3245 3544 3302 tamen

1895 3330 2162 3411 mortuos
2192 3342 2311 3384 non
2343 3323 2714 3405 excitaverit,
2745 3344 2859 3388 nec
2890 3328 3045 3390 sicut
3074 3327 3351 3392 Christus
3389 3347 3543 3411 qua-

1893 3410 2233 3472 triduanum
2290 3411 2580 3476 Lazarum
2627 3414 2702 3474 ad
2752 3416 2933 3478 vitam
2988 3417 3378 3492 revocaverit,
3431 3435 3544 3480 nec

1890 3499 2031 3560 caeci
2057 3500 2261 3563 oculos
2292 3501 2546 3580 aperuit,
2578 3520 2689 3564 nec
2736 3504 2939 3567 omnia
2976 3504 3326 3568 morborum
3357 3514 3417 3568 et
3446 3507 3544 3568 in-

1890 3588 2242 3649 lirmitatum
2288 3608 2513 3668 genera
2544 3592 2792 3672 curavit,
2828 3611 2941 3654 nec
2980 3593 3150 3674 lepra
3204 3593 3547 3657 laborantes

1888 3678 2212 3751 mundavit,
2252 3697 2364 3741 nec
2394 3680 2563 3741 surdi
2596 3699 2709 3742 nec
2741 3682 2890 3744 muti
2934 3681 3010 3744 ab
3046 3683 3152 3746 illo
3183 3688 3398 3763 sanati,
3430 3703 3545 3749 nec

1884 3768 1999 3828 vim
2036 3776 2348 3829 ventorum
2382 3769 3402 3853 furentesqueﬁuctuscompescuit,
3424 3793 3541 3838 nec

1884 3858 2074 3920 salum
2107 3867 2171 3919 ut
2196 3860 2387 3921 solum
2422 3860 2676 3941 pedibus
2705 3861 3302 3943 calcavit,necjanuis
3321 3866 3545 3930 clausis

1885 3949 1957 4009 ad
1987 3947 2315 4028 discipulos
2355 3967 2496 4011 suos
2542 3952 2896 4034 penetravit,
2930 3971 3045 4016 nec
3076 3956 3543 4036 transﬁguratus

1888 4038 2209 4099 fuitcoram
2232 4039 2377 4113 illis,
2400 4040 2635 4101 necfuit
2659 4042 2885 4121 peccati
2901 4061 3113 4123 purus,
3152 4063 3267 4108 nec
3285 4047 3542 4109 immor-

1888 4128 2363 4208 talis,necjudex
2386 4129 3103 4210 aequissimusﬂuomodo
3118 4137 3545 4214 ergoMahum-

1889 4217 2126 4278 medem
2152 4217 2386 4279 Christo
2415 4237 2615 4298 parem
2638 4229 2809 4299 potes
2830 4239 3274 4300 asserere,cum
3300 4223 3543 4290 taliavel

1887 4304 2107 4367 similia
2139 4324 2443 4389 nunquam
2479 4306 2581 4370 ille
2614 4308 2980 4389 prmstiterit,
3029 4329 3144 4374 nec
3185 4311 3453 4377 veritatis
3484 4323 3544 4378 et

1880 4395 2128 4475 justitize
2152 4396 2347 4458 fautor
2365 4406 2423 4458 et
2450 4406 2759 4477 promotor
2781 4399 3225 4478 exstiterit,imo
3253 4404 3450 4485 potius
3473 4422 3540 4466 se

1895 4485 2203 4563 iniustitiae
2229 4487 2591 4568 mancipium
2615 4487 2979 4566 exhibuerit,
3012 4508 3149 4553 cum
3167 4510 3379 4557 omnes
3405 4501 3540 4559 tru-

1828 4573 2074 4636 Dcidari
2100 4574 2370 4654 jusserit,
2403 4582 2502 4657 qui
2535 4575 2702 4640 illum
2733 4577 2839 4641 Dei
2888 4580 3226 4660 apostolum
3260 4583 3538 4647 conﬁteri

167 4668 576 4726 recusarunt?
606 4661 694 4724 Tu
724 4680 866 4726 vero
898 4659 1301 4753 inverecunde
1338 4668 1397 4724 et
1421 4659 1821 4753 impudenter,
1854 4663 2074 4753 asseris
2121 4663 2604 4728 Muhammedem
2639 4677 2697 4730 et
2749 4659 3051 4732 Christum
3085 4672 3332 4735 omnino
3363 4691 3538 4753 pares

168 4753 356 4816 fuisse
384 4773 399 4834 ;
433 4758 539 4815 sed
571 4753 644 4814 ad
676 4770 747 4815 ea
776 4769 910 4834 quae
940 4756 1218 4831 spectant
1243 4749 1420 4812 vitam
1451 4756 1510 4811 et
1544 4768 1740 4813 mores
1770 4751 2210 4815 Muhammedis
2242 4773 2401 4817 nunc
2434 4773 2528 4817 me
2561 4765 2869 4834 converto,
2907 4767 2969 4821 et
2999 4759 3132 4822 dico
3168 4777 3183 4823 :

256 4836 316 4902 Ὀ
347 4842 637 4924 λεγόμενος
666 4839 1226 4919 Ἀμπτουλμουτάλεπ
1256 4839 1418 4904 οὒδεὶς
1449 4839 1516 4907 ἦν
1566 4840 1673 4897 ἀπὸ
1718 4840 1808 4897 τοῦ

168 4934 357 5014 γένους
401 4939 508 4989 τῶν
563 4942 650 4992 νῦν
716 4929 1148 5004 Μουσουλμανῶν
1204 4934 1402 5007 γνῶναι
1448 4930 1626 5003 αὐτὸν,
1689 4927 1806 4985 οὕτε

109 5038 123 5046 '
169 5011 377 5102 οἴδατε,
425 5022 544 5081 οὕτε
590 5023 893 5102 γνωρίζετε,
958 5011 1152 5095 Ἠμεῖς
1196 5016 1249 5074 δὲ
1294 5019 1341 5076 οἱ
1401 5020 1702 5097 Χριστιανοὶ
1757 5021 1804 5075 οἱ

168 5113 516 5177 πιστεύοντες
583 5116 661 5186 τῷ
716 5110 920 5190 λογικῷ
984 5110 1072 5167 καὶ
1129 5114 1286 5180 ζῶντι
1332 5116 1469 5184 Θεῷ,
1528 5109 1618 5165 καὶ
1672 5111 1802 5187 πρὸς

168 5204 332 5262 αὐτὸν
388 5202 702 5283 ὑπάρχομεν
771 5202 947 5264 καθὼς
1003 5201 1089 5256 καὶ
1165 5198 1490 5275 κληρονόμοι
1561 5199 1658 5267 τῆς
1703 5204 1806 5275 γῆς

165 5292 533 5372 τυγχάνομεν.
600 5290 698 5350 Καὶ
767 5289 990 5366 οἴδαμεν
1057 5289 1215 5348 αὐτὸν
1276 5289 1363 5346 καὶ
1417 5289 1806 5368 ἐγνωρίσαμεν,

164 5382 356 5442 λοιπὸν
415 5381 509 5439 ἀπ’
568 5380 700 5462 ἐμοῦ
751 5378 981 5462 ὀφείλεις
1026 5383 1218 5455 μαθεῖν
1276 5380 1394 5457 περὶ
1450 5378 1687 5453 πάντων,
1733 5382 1807 5434 ῶν

164 5477 230 5533 οὒ
286 5470 591 5551 γινώσκεις.
643 5461 702 5528 Ὀ
754 5470 1052 5550 Μουχάμετ
1083 5467 1296 5547 ἐγένετο
1324 5469 1437 5534 υἱὸς
1466 5466 1806 5548 Ἀμπτουλᾶ,

163 5568 194 5622 6
256 5560 600 5637 Ἀμπτουλᾶς
656 5560 768 5624 υίὸς
826 5556 1376 5638 Ἀμπταλμουταλὶπ,
1434 5559 1461 5613 ὁ
1519 5555 1808 5633 Ἀμπταλ-

164 5648 438 5730 μουταλὶπ
484 5651 595 5713 tibi:
682 5648 877 5723 Ἀσὲμ,
961 5645 1135 5724 Ἀσὲμ
1211 5647 1321 5709 υίὸς
1378 5642 1808 5727 Ἀδελμουνέφη,

162 5737 569 5820 Ἀδελμουνέφη
590 5739 709 5802 υἱὸς
762 5737 959 5817 Κουσῖ,
979 5738 1008 5793 6
1040 5737 1232 5802 Κουσὶς
1260 5735 1371 5802 υἱὸς
1404 5738 1604 5816 Λουαῒ,
1635 5740 1807 5796 Δουα’ί

569 5859 815 5927 Parnm.
841 5856 960 5926 Gn.
991 5851 1139 5927 CIV.

1896 4916 1923 4931 ἦ
1972 4841 2051 4918 Is,
2087 4844 2181 4905 cui
2215 4844 2841 4925 Amptoulmoutalepo
2873 4866 3094 4909 nomen
3127 4857 3275 4926 erat,
3299 4851 3538 4931 ignotus

1891 4941 2017 4994 erat
2035 4932 2142 4993 toti
2160 4933 2716 4996 Musulmannorum
2730 4938 2919 5016 genti,
2940 4945 2994 4997 et
3008 4938 3334 5019 nequidem
3349 4960 3534 5018 nunc,

1888 5019 2026 5102 quis
2052 5022 2150 5084 ille
2173 5022 2354 5085 fuerit
2385 5022 2543 5104 apud
2580 5042 2683 5086 vos
2715 5032 2919 5088 notum
2943 5038 3003 5087 et
3025 5036 3394 5108 compertum
3423 5041 3538 5100 est.

1890 5113 2011 5175 Nos
2040 5130 2177 5173 vero
2204 5112 2527 5176 Christiani
2557 5114 2656 5194 qui
2701 5116 3004 5178 credimus
3052 5116 3174 5179 Deo
3224 5119 3447 5183 viventi
3476 5130 3539 5186 et

1890 5200 2294 5281 rationali,qui
2318 5201 2404 5263 illi
2428 5202 3015 5282 adlueremus,etqui
3033 5206 3215 5269 totius
3237 5213 3537 5275 terrama-

1893 5291 1993 5351 red
2005 5309 2067 5351 es
2082 5292 2483 5365 sumus,illum
2503 5292 2688 5372 probe
2707 5294 3243 5372 cognovimus.Sed
3258 5299 3537 5365 hacdere

1890 5380 2200 5442 sicutetde
2216 5381 2418 5443 multis
2430 5381 2563 5442 aliis
2584 5401 2711 5462 quae
2727 5382 2832 5445 tibi
2862 5392 3001 5446 sunt
3024 5384 3328 5465 incognita
3348 5388 3536 5453 debes

1890 5488 1924 5532 a
1949 5488 2042 5530 me
2065 5470 2683 5534 doceriMuhammed
2707 5471 2816 5533 luit
2844 5471 3001 5535 ﬁlius
3019 5474 3536 5555 Amptoulte,Am-

1894 5557 2127 5650 ptoulas
2147 5578 2290 5650 vero
2315 5559 2423 5650 fuit
2447 5559 2606 5650 ﬁlius
2623 5560 3201 5650 Amptalmoutalipi,
3217 5564 3536 5650 Amptaul-

1895 5647 2333 5739 mutalip,ﬁlius
2358 5648 2864 5739 Asemi,Asemus
2889 5651 3046 5714 ﬁlius
3067 5647 3534 5739 Adelmunapbi,

1893 5735 2348 5820 Adelmunaphe
2400 5737 2558 5802 ﬁlius
2581 5738 2746 5817 Cusi,
2781 5738 2951 5819 Cusis
2970 5740 3132 5805 ﬁlius
3166 5745 3360 5824 Lovaa,
3383 5735 3540 5811 Lava

3018 5862 3098 5927 45
