4032 6218
565 237 721 305 1423
928 246 937 249 ’
1768 243 2157 309 BARTHOH

2261 245 2345 309 ΕΙ
2386 247 2722 317 EDESSEN
2728 248 2756 310 Ι
3743 252 3853 316 1424

560 374 779 456 opibus
796 374 1414 457 Amptulmutalepum
1438 376 1682 439 fratrem
1713 378 2064 458 longissime
2094 383 2152 440 sti

2259 378 2458 453 .δοξος,
2505 381 2615 459 ἐγὼ
2658 381 2711 438 δὲ
2755 382 3007 462 πτωχὸς,
3056 382 3144 439 καὶ
3189 379 3280 437 ἐὰν
3322 389 3413 441 τοῦ
3452 381 3616 456 εἴπω,
3668 383 3851 459 θέλειμε

559 465 823 545 perabat.
848 463 1186 543 Regerebat
1213 482 1353 527 vero
1377 473 1544 544 pater
1572 466 1868 545 Amptula)
1895 491 1907 526 :
1946 467 2151 528 Patrue

2281 468 2548 533 ὁνειδίσει,
2586 473 2679 528 Καὶ
2725 474 2878 535 οὗτος
2923 472 3083 528 πάλιν
3129 469 3338 552 ὄχλησε
3381 472 3469 527 τὸν
3515 472 3703 548 πατὶρα
3740 474 3853 530 αἰτῶ

558 564 699 619 tuus
717 554 937 635 opibus
957 555 1220 628 ﬂoret,et
1235 554 1338 617 ille
1356 573 1539 618 vanos
1553 564 1611 619 et
1629 557 1814 621 elatos
1826 558 2096 620 alitanim
2107 577 2150 617 οε

2282 563 2400 638 περὶ
2442 562 2539 629 τὴν
2595 562 2818 637 ἀνεψιάν
2872 568 2988 634 τοῦ,
3052 563 3117 630 ἢν
3191 562 3399 639 ἠγάπα,
3457 561 3554 627 τὴν
3626 562 3852 641 ἐξαδέλφην

557 662 663 722 ego
690 663 830 706 vero
860 663 990 707 sum
1021 645 1080 706 in
1110 662 1179 706 re
1200 654 1468 726 angusta,
1496 654 1554 708 et
1575 665 1706 709 cum
1741 665 1811 709 ea
1839 648 1914 709 de
1942 667 2008 709 re
2029 648 2149 709 illul

2281 649 2465 712 αὐτοῦ.
2531 650 2635 707 Καὶ
2680 656 2779 726 μιᾷ
2820 651 2926 707 τῶν
2968 652 3186 730 ἡμερῶν
3228 650 3487 726 ἐμήνυσεν
3547 653 3633 707 τὸν
3682 652 3852 729 Stridet}:

553 736 1122 808 convenero,statim
1142 753 1239 798 me
1261 743 1610 815 contemptu
1634 745 1692 799 et
1717 738 2005 800 conviciis
2032 756 2145 798 exc.

2279 761 2374 796 του
2418 748 2509 797 τοῦ
2542 737 2731 798 λαϐεῖν
2773 741 2874 808 τὴν
2903 740 3127 818 ἀνεψιαν
3170 743 3262 797 τοῦ
3311 740 3517 819 νύμρην
3560 743 3629 803 εἷς
3659 741 3736 797 τόν
3781 766 3850 816 μω

552 824 703 905 piet.
729 823 836 886 Ille
874 842 1014 886 vero
1043 823 1320 901 instabat,
1345 836 1404 886 et
1425 828 1675 903 urgebat
1696 837 1918 904 patrem
1956 838 2018 889 ut
2047 845 2144 888 uxc

1345 828 1675 903 eturgebat
1696 837 1918 904 patrem
1956 838 2018 889 ut
2047 845 2194 888 uxo-
2277 828 2388 883 υἱὸν
2421 829 2518 895 τὴν
2552 826 2918 905 Ἀμπτουλάν.

549 930 680 976 rem
713 912 830 976 sibi
860 922 1154 993 quareret
1183 914 1604 979 consobrinam
1653 916 1832 977 tiliam
1867 916 2090 992 fratris,
2146 912 2319 994 cujus
2368 934 2577 979 amore
2619 918 2927 980 urebatur.
2977 917 3344 999 Importunis
3372 936 3514 998 ergo
3549 919 3855 1000 efflagitatio-

548 1002 727 1065 nibus
756 1012 1123 1084 expugnatus
1154 1012 1212 1065 et
1233 1004 1424 1067 victus
1455 1014 1645 1085 pater,
1677 1005 1842 1067 fratri
1870 1014 2053 1068 totum
2089 1005 2392 1084 negotium
2426 1006 2777 1090 declaravit,
2808 1015 2868 1070 et
2896 1007 3130 1088 rogavit
3156 1016 3221 1071 ut
3249 1008 3371 1070 filia
3401 1009 3759 1071 matrimonio
3782 1029 3852 1072 co-

548 1092 857 1173 pularetur
886 1094 1185 1175 Amptulas
1215 1093 1335 1156 filio
1366 1113 1499 1158 suo.

623 1183 718 1245 Ira
748 1200 887 1245 vero
918 1201 1215 1245 accensus
1247 1181 1433 1247 frater
1463 1184 1777 1267 respondit
1811 1204 1824 1247 :
1861 1182 1976 1246 Per
1997 1184 2187 1246 Deum

2353 1190 2622 1261 Θυμωθεὶς
2654 1186 2709 1244 δὲ
2739 1190 2962 1265 ἒκείνος,
2997 1188 3088 1244 καί
3128 1188 3317 1262 εἰπὼν,
3354 1189 3438 1246 Μὰ
3497 1190 3588 1245 τὸν
3637 1191 3751 1246 Θεὸν
3785 1197 3851 1246 τοῦ

544 1272 681 1335 οωίί
699 1280 758 1336 et
776 1282 971 1350 terrm,
993 1272 1043 1334 si
1058 1284 1123 1334 tu
1141 1291 1261 1334 non
1284 1291 1449 1336 esses
1467 1274 1649 1336 frater
1663 1292 1829 1335 meus
1843 1293 2136 1353 germanu;

2272 1275 2492 1354 οὖρανοῦ
2535 1278 2629 1335 sui
2671 1282 2767 1344 τῆς
2810 1283 2935 1358 γῆς,
2970 1278 3051 1336 ὅτι
3096 1278 3185 1336 ἐὰν
3231 1278 3319 1334 δὲν
3358 1276 3524 1347 ἤσουν
3553 1280 3752 1357 γνήσιός
3775 1301 3850 1353 μου

539 1379 652 1442 ego
665 1362 760 1424 his
770 1362 939 1425 horis
951 1369 1008 1424 te
1019 1380 1268 1444 prorsus
1280 1381 1350 1425 ex
1359 1363 1940 1443 pellerem,etsolum
1956 1374 2131 1425 verte:

2270 1363 2520 1445 ἀδελφὸς,
2582 1367 2804 1448 ὲχάωσα
2879 1366 2941 1428 ἄν
2986 1390 3046 1424 σε
3092 1367 3151 1424 ἐκ
3194 1374 3291 1435 τῆς
3363 1373 3469 1445 γῆς
3524 1368 3729 1435 ταύτης.
3782 1370 3852 1425 Καὶ

544 1457 602 1514 te
624 1452 827 1514 statim
850 1469 1156 1532 cogerem.
1193 1453 1267 1515 Et
1305 1452 1365 1514 in
1392 1461 1695 1533 posterum
1722 1471 1855 1514 cum
1884 1452 1986 1515 illo
2009 1471 2136 1515 acet

2270 1452 2522 1523 ἐποίησεν
2595 1454 2713 1531 μετ’
2775 1459 2931 1514 αὐτὸν
2988 1456 3187 1538 ἔχθραν
3243 1455 3476 1531 πολλὴν,
3538 1457 3697 1537 Εἷχεν
3744 1454 3852 1511 δὲό

539 1538 821 1604 bissimas
847 1542 1117 1605 exercuit
1147 1543 1519 1606 inimicitias.
1549 1542 2061 1622 Amptulmutalep
2083 1563 2131 1605 at

2269 1543 2827 1621 Ἀμπτουλμουτάλεπ
2869 1547 2997 1604 κύνα
3044 1548 3181 1604 πάνυ
3235 1547 3559 1622 ὀνομαστὸν,
3600 1552 3682 1603 καί
3718 1545 3851 1618 ἄπερ-

541 1639 661 1694 tem
689 1631 953 1695 habebat
982 1650 1194 1694 canem
1226 1631 1809 1712 praestantissimam,
1846 1640 1903 1693 et
1930 1632 2133 1711 famigi

2266 1634 2510 1715 χομένην
2579 1637 2653 1701 εἰς
2724 1637 2821 1705 τὴν
2892 1638 3061 1693 οἰκίων
3118 1644 3211 1694 τοῦ
3268 1636 3536 1716 Κουρέση,
3594 1635 3849 1691 ἀπέκτεινεν

536 1721 902 1784 ratissimam
934 1738 1068 1803 qua;
1094 1740 1229 1783 cum
1256 1722 1420 1784 mdes
1442 1721 1678 1785 Coresaa
1698 1722 1965 1801 ingressa
1998 1740 2128 1785 esse

2264 1725 2353 1780 καὶ
2386 1724 2691 1802 ἀπέκρυψεν
2722 1728 2888 1794 αὐτὴν
2918 1727 3007 1784 καὶ
3039 1725 3249 1806 ἔχωσεν
3280 1728 3354 1789 είς
3398 1726 3502 1793 τήν
3543 1729 3641 1805 γῆν
3684 1732 3763 1781 τοῦ
3794 1724 3852 1799 μὴ

537 1808 700 1873 illam
730 1811 1046 1886 occidit,et
1072 1810 1260 1873 multa
1276 1821 1560 1887 congesta
1590 1819 1770 1885 terra,
1791 1811 1951 1872 illam
1986 1831 2129 1873 nccu

2262 1806 2523 1892 φανῆναι.
2553 1815 2614 1872 Ὀ
2672 1813 2726 1871 δὲ
2772 1816 3023 1894 Κωρέσης
3067 1815 3227 1896 εἶχεν
3271 1814 3475 1893 φοράδα
3520 1815 3649 1871 πάνυ
3685 1818 3850 1889 θαυμα-

534 1900 788 1976 tavit,ne
809 1899 1028 1963 factum
1048 1901 1478 1963 iunotesceret.
1504 1900 1755 1963 Coreses
1768 1919 1907 1962 vero
1923 1899 2126 1964 habeb.

2263 1900 2420 1977 στὴν,
2494 1902 2895 1983 προτρέχουσαν
2955 1903 3089 1979 μετὰ
3164 1913 3257 1963 τοῦ
3326 1904 3552 1978 ἆνέμόυ,
3623 1904 3750 1958 Μετὰ
3784 1900 3849 1957 6'30

532 2005 750 2072 equam
784 1990 1293 2071 praestantissimae
1322 1988 1530 2051 formas
1560 1997 1619 2051 et
1646 1990 2003 2063 velocitatis,
2041 2010 2120 2067 qu

2258 1994 2450 2068 ζυγιών
2509 1982 2742 2072 σιδηρῶν
2792 1992 3332 2069 πεπεδουκλωμὲνην,
3393 1994 3494 2051 Καὶ
3538 1993 3847 2061 νοήσαντεςῦ

531 2083 593 2140 et
622 2087 864 2141 ventum
890 2077 1088 2160 ipsum
1119 2077 1427 2141 celeritate
1445 2077 1917 2151 antecederet,et
1940 2079 2123 2140 duobt

2257 2077 2621 2155 Ἀμπτουλᾶς,
2674 2083 2760 2138 καὶ
2792 2084 2817 2139 6
2852 2083 3028 2162 πατὴρ
3074 2085 3255 2155 αὐτοῦ,
3289 2081 3370 2139 ὅτι
3421 2083 3521 2150 τὴν
3580 2083 3701 2140 κύνα
3747 2080 3848 2160 ἐρό-

529 2166 747 2231 ferreis
778 2167 1028 2230 vinculis
1057 2176 1116 2232 et
1144 2168 1376 2247 pedicis
1404 2176 1529 2230 erat
1558 2167 1813 2245 alligata.
1852 2166 1995 2229 Cum
2030 2188 2121 2231 vet

2259 2189 2436 2225 νευσεν
2489 2172 2516 2226 6
2587 2171 2838 2248 Κωρέσης
2896 2174 2984 2229 καὶ
3036 2172 3114 2245 μὴ
3175 2171 3350 2252 φέρων
3403 2173 3508 2239 τήν
3568 2170 3727 2237 λύπην
3776 2176 3845 2236 τῆς

528 2255 591 2319 in
618 2262 820 2319 animo
852 2258 1165 2321 volverent
1194 2276 1302 2319 suo
1337 2257 1650 2337 Amptulas
1682 2267 1742 2320 et
1784 2256 1943 2318 illius
1976 2267 2120 2339 pate]

2256 2260 2411 2319 κυνὸς
2474 2261 2502 2317 6
2542 2260 2913 2335 Ἀμπτουλᾶς,
2961 2260 3141 2318 λαλὼν
3185 2263 3461 2318 κανίσκιον
3517 2260 3735 2327 ἀπῆλθεν
3790 2261 3845 2323 εἷς

527 2348 686 2430 quod
721 2350 976 2412 Coreses
1006 2348 1314 2411 occiderat
1340 2367 1572 2424 canem,
1606 2349 2043 2427 necAmptulas
2066 2369 2119 2431 pz

2253 2354 2345 2405 τοῦ
2390 2347 2642 2427 Κωρέσου
2689 2351 2825 2420 μετᾶ
2869 2352 3106 2428 εἰρήνης.
3152 2348 3258 2411 Καὶ
3301 2353 3347 2406 οἱ
3408 2348 3666 2429 ’Ἃῤῥαϐες
3717 2350 3845 2427 ἔχουν

527 2446 687 2501 esset
741 2439 844 2501 tali
895 2439 1133 2520 injuria;
1180 2438 1646 2511 dissimulanda},
1693 2446 1750 2500 et
1784 2447 1943 2499 tanto
1975 2430 2112 2499 dolo

2253 2438 2349 2505 τὴν
2406 2438 2623 2517 εἰρήνην
2665 2441 2738 2504 ὡς
2784 2439 2924 2520 μέγα
2964 2463 3016 2496 τι
3048 2430 3292 2519 πρᾶγμα.
3324 2440 3435 2502 Καὶ
3462 2438 3656 2501 ἰδόντες
3687 2442 3728 2495 οἱ
3752 2435 3844 2500 Κω-

522 2526 802 2609 ferendo,
855 2530 1157 2610 accipiens
1187 2546 1391 2591 secum
1447 2530 1792 2605 canistrum,
1836 2528 2025 2590 adivit
2050 2531 2114 2592 Ct

2251 2535 2506 2602 ρασιῶται
2552 2531 2711 2588 αὖτὸν
2768 2530 3065 2611 ἐρχόμενον
3115 2532 3252 2605 μετὰ
3299 2538 3391 2587 τοῦ
3451 2532 3733 2607 κανισκὶου,
3771 2529 3843 2584 καὶ

522 2635 755 2699 resum,
790 2619 1107 2680 consilium
1140 2618 1472 2694 occultans,
1498 2628 1557 2680 et
1586 2635 1707 2698 prae
1738 2636 1802 2679 se
1832 2618 2033 2679 ferens
2058 2638 2114 2698 pr

2249 2615 2405 2674 δόντα
2464 2618 2648 2682 αὐτοῖς
2708 2619 2806 2686 τὴν
2878 2620 3118 2695 εἰρήνην,
3186 2619 3630 2696 ἀπεμερίμνησαν
3697 2624 3840 2687 αὖτοῦ,

522 2724 655 2769 cem
688 2716 746 2769 et
775 2709 1046 2772 animum
1080 2707 1459 2772 benevolum.
1507 2706 1740 2770 Arabes
1787 2726 1924 2768 vero
1956 2727 2114 2788 pacet

2252 2705 2328 2762 ὅτι
2379 2706 2529 2773 οὗτος
2588 2710 2682 2765 οὐκ
2738 2708 2974 2783 ἐθυμήθη
3034 2731 3083 2766 τι
3130 2712 3316 2784 κακὸν,
3360 2711 3457 2766 καὶ
3515 2708 3844 2789 ἑφιλοξένησαν

522 2805 586 2860 et
612 2815 743 2860 rem
765 2799 1006 2860 maximi
1032 2798 1319 2860 momenti
1335 2799 1630 2859 aestimare
1652 2796 2114 2859 solent.Vitlentt

2247 2794 2430 2860 αὑτόν,
2480 2798 2585 2857 Καὶ
2632 2799 2785 2863 αὐτὸς
2832 2800 3063 2864 αναστὰς
3118 2801 3305 2862 νυκτὸς
3348 2799 3601 2879 ἐφόνευσε
3634 2800 3724 2865 τὴν
3760 2821 3839 2877 φο·

519 2904 663 2967 ergo
696 2886 867 2950 illum
898 2886 1221 2950 Corasiotaa
1247 2891 1584 2949 venientem
1617 2905 1751 2948 cum
1786 2886 2067 2963 canistro,
2104 2911 2111 2945 t

2248 2884 2372 2965 ράδα
2418 2884 2501 2942 διὰ
2552 2888 2834 2968 μαχαίρας
2871 2903 2885 2919 ⁹
2937 2891 3024 2945 καὶ
3071 2890 3220 2952 εὒθὺς
3250 2888 3471 2967 ἔφυγεν,
3521 2896 3597 2966 Τῇ
3626 2886 3677 2945 δὲ
3703 2887 3840 2944 ἐπαΰ-

517 2974 641 3037 illis
669 2976 875 3039 omnia
905 2980 1064 3057 pacis
1093 2976 1289 3039 officia
1318 2975 1789 3056 impertientem,
1823 2974 1897 3035 de
1930 2994 1999 3035 eo
2032 2992 2109 3038 ca

2246 2998 2356 3054 ριον
2404 2975 2727 3040 ἀναστάντες
2770 2978 2916 3055 εὗρον
2962 2978 3060 3045 τὴν
3106 2976 3306 3057 φορᾶδα
3360 2982 3700 3054 τεθνηκυῖαν,
3771 2978 3838 3032 καὶ

518 3074 737 3146 perunt
767 3083 903 3128 esse
919 3065 1119 3127 minus
1148 3065 1806 3142 solliciti,exstimantes
1839 3063 2007 3124 illum
2037 3084 2110 3127 no

2245 3066 2400 3122 εἶπεν
2435 3068 2463 3121 6
2492 3063 2750 3144 Κωρὲσης
2783 3084 2797 3099 ·
2837 3067 3013 3146 Εἴχεν
3042 3069 3141 3134 τὴν
3169 3069 3334 3145 ὀργὴν
3365 3066 3427 3123 ἐν
3460 3076 3528 3146 τῇ
3557 3066 3725 3147 καρδία
3760 3070 3834 3125 αὖ·

515 3171 697 3234 prava
726 3160 786 3215 in
818 3156 1020 3216 animo
1041 3153 1246 3217 fovere
1267 3164 1326 3218 et
1354 3155 1591 3216 volvere
1622 3153 1964 3229 consilia,et
1986 3153 2107 3216 illul

2241 3156 2352 3236 τοῦ,
2398 3156 2485 3212 καὶ
2528 3154 2828 3224 ἐπλάνησεν
2873 3158 3019 3233 ἡμᾶς
3068 3158 3204 3233 μετὰ
3232 3159 3332 3224 τῆς
3363 3159 3586 3237 εἰρήνης
3611 3167 3697 3217 τοῦ
3731 3167 3833 3230 μεῖ-

515 3250 582 3304 ut
629 3242 929 3324 hospitem
979 3243 1388 3323 gratissimum
1453 3252 1844 3325 exceperunt.
1896 3245 2009 3305 Ast
2054 3243 2107 3304 ili

2241 3268 2324 3301 ναι
2393 3244 2539 3320 ἡμᾶς
2598 3246 2946 3326 ἀμερίμνους.
3039 3239 3097 3306 Ὀ
3170 3246 3225 3302 δὲ
3300 3244 3645 3323 Ἀμπτουλᾶς
3702 3245 3833 3303 ἐλθὼν

513 3342 696 3397 noctu
758 3333 913 3396 lecto
971 3332 1256 3396 exsiliens
1306 3341 1365 3396 et
1412 3351 1684 3414 surgens,
1720 3334 1912 3396 cultro
1940 3351 2105 3414 equal

2242 3334 2369 3413 πρὸς
2412 3336 2503 3391 τὸν
2547 3335 2752 3413 πατέρα
2795 3336 2954 3396 αὐτοῦ
2996 3335 3317 3416 ἆνήγγειλει
3345 3338 3419 3394 τὰ
3482 3360 3668 3412 παντα,
3710 3337 3834 3392 καὶό

514 3423 859 3500 trucidavit,
883 3430 942 3485 et
973 3424 1172 3486 statim
1203 3442 1271 3485 se
1304 3423 1600 3505 proripuit
1629 3432 1688 3487 et
1716 3425 1850 3503 fuga
1879 3420 2106 3485 sibicor

2241 3424 2409 3503 πατὴρ
2444 3426 2605 3482 αὗτοῦ
2665 3423 2811 3502 λέγει
2844 3441 2858 3456 ’
2922 3427 2993 3484 Τὸ
3036 3424 3226 3483 λοιπὸν
3291 3424 3688 3503 ἑτοιμαζόμενοι
3719 3428 3833 3500 ὦμεν

510 3514 715 3578 suluit.
750 3515 1040 3597 Sequenti
1073 3535 1207 3577 vero
1242 3534 1419 3577 mane
1448 3536 1660 3577 somno
1692 3524 1751 3579 et
1793 3517 1947 3577 lecto
1987 3519 2102 3577 exci

2240 3515 2368 3592 πρὸς
2432 3514 2698 3590 πόλεμον.
2746 3506 2803 3572 Ὀ
2849 3514 2902 3571 δὲ
2946 3512 3207 3594 Κωρέσης
3268 3514 3553 3574 ἀναλαϐὼν
3614 3519 3696 3572 τὸν
3731 3515 3832 3571 λαὸν

510 3604 615 3666 tati
645 3605 973 3669 Corasiotaa
994 3604 1352 3667 invenerunt
1375 3624 1588 3685 equam
1618 3613 1935 3681 mortuam,
1971 3615 2033 3666 et
2058 3624 2102 3666 Vt

2239 3602 2395 3660 αὐτοῦ
2466 3605 2602 3675 μετὰ
2673 3605 2925 3683 ἁρμάτων
3016 3605 3255 3673 ἀπῆλθεν
3344 3605 3422 3669 εἰς
3496 3609 3585 3664 τὸν
3648 3604 3831 3682 ἆδελρὸτ

508 3694 621 3757 riis
643 3693 994 3757 vulneribus
1020 3694 1564 3759 confossam.Unde
1594 3694 1834 3758 dicebat
1864 3696 2100 3757 Corases

2238 3693 2394 3750 αὖτοῦ
2452 3698 2547 3750 καὶ
2608 3693 2943 3770 ἐπολέμησεν
3016 3694 3199 3754 αὖτόν.
3244 3695 3349 3755 Καὶ
3415 3697 3751 3764 ἐπονεύθησαν
3790 3690 3830 3756 ἑξ

506 3782 661 3846 Iram
695 3792 753 3846 et
782 3784 1105 3845 vindictam
1138 3783 1322 3846 corde
1352 3785 1674 3846 occultavit
1719 3783 2057 3865 Amptulas,
2094 3812 2098 3838 ι

2236 3783 2548 3864 ἀμφοτέρων
2592 3783 2719 3851 λαὸς
2749 3784 2943 3866 πολὺς,
3004 3785 3091 3842 καὶ
3136 3786 3214 3853 μὴ
3258 3785 3552 3861 δυνάμενος
3598 3788 3735 3857 ζῆσαι
3759 3782 3828 3837 διὰ

505 3872 680 3935 nobis
709 3874 908 3935 fucum
941 3870 1083 3936 fecit
1115 3893 1251 3935 cum
1302 3892 1407 3935 sua
1440 3873 1720 3936 simulata
1771 3891 1957 3955 pace:
2007 3873 2097 3935 ide

2236 3875 2324 3929 τὸν
2351 3871 2514 3953 φόϐον
2573 3877 2601 3930 6
2645 3875 2821 3954 πατὴρ
2884 3882 2977 3933 τοῦ
3035 3876 3347 3952 ’Λμπτουλᾶ
3391 3877 3582 3957 ἔφυγεν
3634 3878 3702 3941 εἷς
3749 3877 3828 3951 γῆν

505 3964 674 4028 illum
705 3965 1062 4027 observandi
1103 3965 1266 4027 nulla
1316 3984 1425 4028 nos
1457 3970 1650 4029 tenuit
1677 3985 1819 4029 cura
1847 3966 1939 4027 vel
1974 3964 2097 4027 solli

2235 3964 2413 4038 Μάκα,
2469 3965 2683 4042 ἡμερῶν
2749 3963 2788 4021 ι’
2849 3964 3143 4040 διάστημα,
3204 3966 3341 4042 μετᾶ
3394 3966 3661 4045 ὀλιγίστου
3725 3963 3827 4018 latr]

502 4055 727 4119 citudo.
762 4055 1070 4137 Amptulas
1101 4071 1240 4117 vero
1272 4074 1551 4118 reversus
1579 4056 1655 4119 ad
1686 4064 1911 4138 patrem
1947 4073 2094 4117 omn;

1958 4054 2149 4117 omnia
2231 4055 2316 4111 καὶ
2343 4059 2436 4109 τοῦ
2464 4055 2575 4109 υἱοῦ
2604 4053 2793 4135 αὐτοῦ,
2816 4057 2864 4111 οἱ
2894 4054 2949 4110 δὲ
2981 4053 3137 4112 ἄλλοι
3167 4054 3550 4135 ἔφονεύθησαι.

495 4145 702 4226 (prout
729 4155 892 4226 gesta
920 4143 1157 4208 fuerant
1183 4145 1450 4227 gestiens
1480 4147 1801 4209 enarravit.
1836 4148 2012 4208 Pater
2040 4163 2179 4206 vero
2212 4139 2527 4221 regerebat
2560 4161 2578 4205 :
2630 4140 2791 4205 Nihil
2823 4161 2983 4205 nunc
3014 4143 3189 4205 nobis
3241 4144 3648 4224 peragendum
3674 4159 3822 4222 supe-

497 4242 642 4312 rest,
676 4252 854 4317 quam
886 4242 950 4296 ut
975 4234 1048 4296 ad
1082 4234 1306 4298 bellum
1344 4236 1677 4317 proximum
1713 4254 1820 4298 nos
1851 4235 1968 4296 cito
2004 4235 2411 4313 accingamus.
2438 4229 2512 4292 Et
2542 4248 2751 4295 revera
2780 4232 3035 4296 Corases
3065 4250 3276 4310 magna
3308 4233 3517 4315 populi
3550 4232 3823 4297 comitante

496 4310 753 4400 caterva,
786 4332 846 4386 et
873 4325 1053 4386 variis
1083 4310 1360 4388 curribus
1384 4335 1440 4387 et
1468 4326 1651 4388 armis
1684 4328 2027 4397 instructus,
2066 4310 2336 4385 adoritur
2365 4320 2633 4398 fratrem,
2668 4328 2726 4383 et
2767 4321 2986 4385 acerbo
3019 4321 3174 4384 bello
3205 4310 3459 4389 invadit.
3491 4323 3586 4387 Ab
3615 4332 3822 4402 utraque
3954 4310 3955 4391 ί

495 4419 663 4494 parte
693 4412 868 4475 multi
900 4413 1082 4476 dubia
1112 4421 1172 4476 et
1194 4415 1438 4496 ancipiti
1472 4416 1717 4478 victoria
1747 4414 2072 4477 occnbere.
2120 4411 2298 4475 Pater
2329 4428 2474 4472 vero
2500 4408 2825 4493 Amptulae,
2856 4411 3080 4474 viribus
3112 4411 3388 4494 inferior,
3426 4421 3487 4475 et
3516 4421 3668 4476 tanto
3696 4418 3820 4473 metu

491 4510 833 4585 correptus,
868 4511 931 4565 ut
958 4510 1218 4565 animam
1271 4505 1445 4567 modo
1476 4516 1638 4568 esset
1666 4506 2000 4579 efﬂaturus,
2049 4503 2184 4582 fuga
2213 4500 2403 4564 tendit
2453 4502 2713 4564 Meccam
2748 4501 2959 4564 decem
3012 4501 3246 4567 dierum
3295 4503 3519 4567 itinere
3548 4504 3817 4567 distantem

491 4611 628 4656 cum
661 4592 782 4656 ﬁlio
814 4601 874 4658 et
900 4593 1173 4675 reliquiis
1204 4595 1408 4675 populi
1454 4596 1586 4671 sui;
1631 4596 1801 4659 multi
1836 4595 1995 4657 enim
2029 4594 2091 4655 in
2125 4590 2307 4655 variis
2333 4589 2555 4672 praeliis
2584 4591 2935 4673 perierant?

572 4681 719 4748 Cum
743 4701 885 4748 vero
898 4683 1075 4747 sedes
1098 4683 1243 4747 fixas
1256 4684 1613 4748 collocasset
1642 4687 1700 4747 in
1720 4686 1975 4748 desertis
1991 4684 2142 4746 Mec-

2305 4679 2411 4743 Καὶ
2454 4681 2767 4748 καθίσαντες
2797 4685 2872 4747 εἷς
2902 4682 3000 4748 τὰς
3048 4682 3273 4760 ἐρημίας
3315 4691 3407 4741 τοῦ
3452 4686 3608 4741 Μακὰ
3633 4684 3814 4764 χρόνον(

488 4774 840 4856 chre,spatio
865 4773 1045 4837 trium
1069 4793 1363 4837 annorum
1391 4775 1695 4850 animalia,
1713 4793 1939 4850 servos,
1970 4794 2080 4837 mei

2218 4784 2390 4851 τρεῖς,
2463 4770 2833 4842 ἐπεκτήσαντο
2887 4774 3034 4837 αὖθις
3078 4776 3189 4844 ζῶα
3239 4774 3328 4831 καὶ
3385 4773 3696 4854 ἀνθρώπους,
3746 4769 3810 4825 καὶ

485 4863 818 4928 cesiterum
843 4863 958 4927 sibi
978 4874 1491 4946 comparaverunt,
1527 4873 1586 4925 et
1606 4884 1738 4927 cum
1768 4866 1970 4929 omnia
2000 4866 2077 4928 loc

2217 4865 2525 4945 πράγματα,
2587 4863 2691 4928 Καὶ
2762 4867 2828 4923 τὰ
2897 4866 3060 4924 τόπια
3132 4867 3305 4923 πάντα
3378 4869 3686 4948 ὲγνώρισαν,
3743 4862 3809 4921 καί

484 4953 675 5033 probe
696 4955 1337 5037 noscent,inceperunt
1360 4955 2076 5036 negotiarietmercatural

2213 4952 2391 5011 ἔκτοτε
2449 4952 2673 5032 ἤρξαντο
2743 4957 3231 5035 πραγματεύεσθαι,
3321 4957 3383 5015 Ol
3455 4956 3510 5012 δὲ
3588 4950 3805 5034 ’Ἃρραὸες

484 5045 985 5109 exercere.Moris
1015 5052 1215 5108 autem
1251 5053 1379 5109 erat
1408 5043 1570 5107 soliti
1600 5044 1755 5125 apud
1785 5044 2034 5119 Arabas,
2064 5066 2076 5106 ι

2211 5043 2373 5124 εἶχον
2418 5052 2653 5101 τοιοῦτον
2684 5044 2802 5109 ἔθος
2845 5048 2939 5103 τοῦ
2982 5044 3259 5127 ἀίοράζειν
3302 5044 3531 5112 ἕκαστος
3584 5046 3706 5103 κατὰ
3729 5043 3803 5109 τὴν

480 5132 897 5207 δὶηευιί,ρι·οιιι
915 5151 1119 5193 eorum
1146 5134 1853 5198 facultatesferebant.sibi
1870 5151 2072 5192 emeret

2209 5132 2338 5190 ἰδίαν
2413 5132 2632 5209 δύναμιν
2677 5132 2915 5201 σκλσίϐας
2975 5137 3062 5193 καὶ
3149 5135 3471 5211 προτάσσειν
3555 5136 3701 5196 αὐτὰς
3746 5132 3801 5191 εἷς

479 5214 951 5304 guamplurimas
974 5218 1257 5300 captivas,
1277 5234 1422 5299 quas
1445 5215 1878 5297 prostituebant
1897 5217 2071 5297 juven

2210 5224 2328 5288 τοὺς
2376 5224 2521 5290 νέους
2552 5224 2881 5302 ἀνθρώπους,
2921 5225 3018 5281 καί
3061 5225 3136 5288 είς
3182 5217 3479 5304 Ἐὕραίους,
3526 5225 3611 5282 καὶ
3647 5224 3802 5299 μίγνδ-

480 5293 596 5359 bus
629 5310 800 5365 aetate
831 5293 1211 5379 florentibus,
1246 5293 1311 5369 et
1350 5293 1652 5387 praecipue
1711 5293 2002 5381 Hebraeis,
2053 5325 2072 5367 ε

2206 5316 2322 5371 σθαι
2368 5310 2486 5392 μετ’
2533 5315 2718 5390 αὐτὰς,
2751 5314 2889 5371 ὥστε
2939 5316 3251 5392 ἑγκυοῦσθαι
3299 5317 3387 5371 καὶ
3429 5322 3661 5372 ποιοῦσιν
3696 5331 3798 5367 mt-

477 5403 731 5490 quoroum
765 5410 899 5454 cum
932 5395 1051 5457 illis
1098 5396 1425 5458 concubitu
1468 5395 1729 5475 gravidte
1781 5396 2069 5459 evaderen

2204 5400 2287 5459 δία
2318 5403 2581 5485 εὔμορφα,
2607 5401 2701 5461 ἵνα
2720 5404 2919 5483 φέρωσι
2944 5405 3107 5479 τιμὴν
3132 5403 3340 5472 πολλὴν
3372 5405 3448 5467 τίς
3477 5406 3537 5460 τὸ
3565 5401 3794 5490 πωλῆσαι.

475 5483 1224 5572 susciperentqueliberos
1247 5485 1636 5566 elegantioris
1660 5487 1955 5562 formaa,in
1975 5487 2067 5549 for

2205 5492 2312 5567 Μιᾷ
2343 5493 2433 5550 οὖν
2489 5483 2596 5550 τῶν
2653 5496 2868 5572 ἡμερῶν
2931 5492 3078 5571 λέγει
3135 5495 3163 5550 6
3207 5491 3550 5567 ’Λμπτουλᾶς
3592 5495 3617 5548 ὁ
3657 5488 3794 5562 πατὴρ

472 5578 535 5634 et
554 5567 846 5665 nundinis
859 5570 1115 5665 publicis
1128 5592 1341 5665 magno
1359 5575 1551 5665 pretio
1566 5576 2058 5641 vendendos.Cer

2202 5589 2295 5639 τοῦ
2325 5584 2646 5665 Μουχᾶμετ,
2680 5586 2810 5662 πρὸς
2852 5584 2947 5641 τὸν
2976 5583 3177 5663 πατέρα
3220 5582 3380 5642 αὐτοῦ
3412 5601 3429 5619 ⁸
3482 5582 3662 5660 Πάτερ,
3688 5575 3791 5665 θέλοξ

469 5677 617 5743 ergo
630 5658 897 5743 quodam
909 5659 1010 5725 die
1020 5659 1168 5726 dixit
1184 5663 1338 5745 patri
1358 5663 1669 5745 Amptulas
1684 5665 2061 5732 Muhammed

2201 5658 2484 5752 yuvatxat';
2518 5658 2818 5733 itabat-nev
2846 5673 2994 5749 αὖτῷ
3022 5675 3052 5732 6
3094 5658 3273 5753 πατὴρ
3309 5666 3477 5733 ἀὑτοῦ
3507 5658 3788 5743 "‘AvM
