4032 6218
143 372 306 438 1429

1383 369 1873 442 CONFUTATIO
1911 377 2273 444 AGARENI.

3363 379 3517 448 1430

133 509 378 578 ἑκάστην
433 510 567 585 μετᾶ
614 517 708 569 τοῦ
755 517 1003 592 Παχυρᾶ.
1065 513 1170 577 Καὶ
1201 515 1230 571 6
1286 515 1530 595 μοναχὸς
1582 512 1667 570 διὰ
1722 517 1784 569 τὸ

1878 512 2109 591 triginta
2129 510 2365 573 dierum
2383 518 2442 574 et
2459 512 2723 574 noctium
2737 512 2892 586 ,volo
2914 513 3164 594 jejunus
3183 513 3384 576 vivere
3402 523 3462 576 et
3483 533 3516 576 a

133 599 395 675 βαπτίσαι
458 602 636 681 αὒτὸν,
696 600 1002 681 ἀνέτρεφεν,
1077 601 1336 683 Ἐσφέρας
1384 603 1439 659 δὲ
1493 603 1784 680 γενομένης

133 688 350 770 ἤρχετο
406 693 812 769 κορεννύμενος,
847 693 935 748 καὶ
975 694 1070 750 οὒκ
1126 691 1376 756 ἐδείπνει,
1412 691 1640 770 ’Ἔλεγεν
1698 699 1786 749 οὖν

132 782 276 855 πρὸς
311 781 465 836 αὑτὸν
499 781 528 836 6
579 778 988 848 Ἀπουταλέπης
1021 783 1049 838 6
1079 785 1227 847 Οεϊος
1279 805 1372 839 του
1405 799 1421 816 ⁶
1483 784 1635 840 Θέλω
1691 781 1786 838 ἵνα

131 892 230 944 μοι
286 869 512 935 ἒξεῖποις
564 870 736 926 πᾶσάν
795 892 889 927 σου
949 872 1045 940 τὴν
1096 874 1368 932 ⁸ἷιπόθεσιν.
1430 873 1622 929 Βλέπω
1684 873 1785 948 γὰρ

126 959 239 1017 οὔκ
301 959 493 1024 ἐσθίεις
543 957 774 1023 οὖδόλως
833 982 884 1016 τι
921 977 934 990 ’
976 960 1114 1017 ἀλλὰ
1143 963 1232 1019 καὶ
1265 963 1319 1019 ἰν
1347 967 1468 1027 τοὶς
1498 962 1642 1041 ὄρεσι
1673 958 1791 1017 καθ’

129 1048 376 1116 ἑκάστην
410 1061 750 1128 περιπατεῖς,
785 1051 872 1106 καὶ
931 1053 991 1106 τὸ
1024 1052 1251 1128 ἑσπέρας
1286 1053 1592 1117 κατάκοπος
1626 1051 1790 1132 ἔρχε-

129 1160 252 1201 σαι.
316 1137 664 1217 Ἀνάγγειλον
720 1147 810 1197 οὖν
863 1141 1028 1215 mihi,
1092 1143 1119 1198 8
1179 1164 1229 1200 τι
1289 1143 1789 1223 χρηματιζόμενος.

135 1227 307 1306 Λέγει
335 1229 479 1300 αὒτιρ
509 1229 536 1286 ὀ
569 1226 872 1308 Μουχάμετ
905 1249 921 1265 ο
957 1229 1086 1289 Ἐὰν
1117 1230 1279 1308 Θέλῃς
1307 1230 1541 1298 ἐξειπεῖν
1574 1229 1786 1306 με,σώ-

131 1340 328 1398 ρευσον
365 1318 548 1396 πρῶτα
605 1319 696 1374 τὸν
754 1317 884 1376 λαὸν
945 1327 1039 1377 τοῦ
1103 1321 1288 1400 Muci,
1348 1328 1435 1378 καί
1490 1321 1787 1400 ἐρχόμενος

135 1407 328 1486 αἶίριον
385 1408 493 1465 ἀπὸ
549 1413 642 1465 τοῦ
700 1409 849 1486 ὅρους
898 1408 1045 1466 εἴπω
1099 1433 1182 1467 σοι
1231 1411 1404 1467 πάντα
1455 1409 1785 1467 κατενώπιον

132 1500 340 1560 αὐτῶν,
401 1506 557 1556 Οὗτοι
607 1497 663 1554 δὲ
721 1501 816 1556 οὒκ
866 1499 1121 1575 ἐνόησαν,
1156 1502 1238 1557 ὃτι
1271 1499 1326 1557 ἐκ
1359 1499 1452 1556 τοῦ
1481 1497 1786 1574 καλογήρου

129 1585 446 1644 διδασκετσι
491 1588 578 1643 καὶ
637 1588 908 1670 τρέφεται,
938 1587 1060 1646 ἀλλ’
1120 1588 1237 1648 οὒδὲ
1290 1591 1318 1647 6
1349 1591 1596 1670 μονσχὸς
1627 1587 1786 1645 ἐτόλ-

129 1699 285 1752 μησε
321 1679 448 1753 πρὸς
501 1699 615 1734 τινα
665 1684 770 1734 τῶν
824 1677 1097 1757 Ἀῤῥάϐων
1130 1677 1393 1758 ἐξειπεῖν,
1429 1679 1510 1735 ὃτι
1573 1677 1787 1756 σχολα-

126 1774 217 1840 ζει
248 1767 377 1844 παρ’
410 1771 568 1826 αὑτοῦ
619 1768 648 1824 6
707 1768 1038 1849 Μουχάμετ,
1071 1768 1162 1825 ἵνα
1215 1771 1299 1825 xui
1334 1769 1573 1846 βαπτίσῃ
1603 1770 1783 1846 αὕτόν,

1871 601 2024 662 cibis
2053 619 2298 682 prorsus
2324 602 2654 678 abstinere,
2684 611 2747 663 ut
2779 603 2982 664 tenuis
3016 615 3070 664 et
3105 603 3342 665 subtilis
3376 624 3516 666 eva-

1870 691 2004 753 dam
2038 693 2224 754 instar
2251 692 2546 772 angeli,et
2573 712 2708 755 cum
2731 693 2801 754 ad
2829 711 2923 754 me
2955 694 3202 755 accedet
3231 695 3514 772 angelus,

1869 781 1954 844 sic
1988 792 2194 862 potero
2229 784 2459 843 latrilius
2482 803 2613 844 cum
2640 783 2744 844 illo
2775 801 3091 845 sermones
3124 799 3180 845 et
3213 785 3520 864 colloquia

1878 871 2272 934 miscereJlle
2296 891 2433 935 vero
2465 873 2619 935 clam
2645 883 2705 933 et
2733 875 3002 953 privatim
3031 875 3282 952 singulis
3305 874 3520 936 diebus

1874 961 2145 1023 alebatur
2168 963 2324 1042 apud
2368 964 2717 1026 Pachuram.
2745 965 2818 1026 Et
2841 965 3171 1026 monachus
3197 965 3312 1026 iste
3342 973 3407 1026 ut
3439 965 3515 1025 il-

1875 1050 2003 1115 lum
2033 1052 2268 1114 tandem
2295 1055 2365 1113 ad
2393 1051 2753 1134 baptismum
2781 1053 3160 1134 perduceret,
3185 1053 3273 1116 illi
3294 1054 3514 1115 victum

1875 1140 2320 1221 suppeditabat.
2339 1142 2592 1222 Vesperi
2614 1161 2754 1205 vero
2780 1142 3014 1205 redibat
3038 1143 3189 1206 beue
3221 1151 3428 1224 pastus
3460 1153 3519 1206 et

1870 1241 2080 1293 ventre
2100 1233 2338 1312 plenus,
2365 1243 2422 1296 et
2449 1242 2590 1295 tunc
2614 1252 2681 1295 se
2704 1233 2866 1295 nolle
2896 1252 3142 1297 caenare
3172 1233 3514 1297 simulabat.

1869 1320 1956 1383 Ad
1973 1320 2138 1382 illum
2156 1339 2294 1383 vero
2309 1322 2391 1383 sic
2409 1323 2646 1385 tandem
2665 1323 3516 1386 inlitavunculusilliusAbou-

1871 1409 2088 1491 talipa:
2142 1408 2263 1491 Ego
2323 1414 2454 1474 volo
2506 1421 2569 1473 ut
2621 1412 2766 1476 mihi
2798 1414 3099 1492 significes
3130 1421 3306 1474 totam
3339 1413 3514 1474 istam

1873 1506 2029 1560 tuam
2063 1501 2276 1579 agendi
2307 1501 2824 1564 rationem.Video
2845 1503 3004 1563 enim
3032 1513 3088 1563 te
3119 1503 3370 1582 singulis
3390 1503 3516 1564 die-

1871 1587 1983 1651 bus
2003 1589 2077 1651 ad
2105 1600 2340 1653 montes
2360 1591 2698 1666 discedere,
2736 1600 2791 1656 te
2817 1593 3051 1674 vesperi
3076 1592 3278 1655 redire
3309 1592 3517 1654 labore

1869 1679 2212 1740 confectum
2239 1690 2295 1743 et
2324 1682 2775 1759 exhaustum,et
2795 1690 2992 1744 tamen
3015 1692 3070 1745 te
3098 1682 3246 1744 nihil
3272 1699 3517 1761 prorsus

1869 1777 2108 1847 gustare
2141 1778 2198 1832 et
2227 1771 2438 1836 edere.
2473 1771 2722 1834 Declara
2753 1789 2894 1850 ergo
2927 1771 3102 1834 nobis
3131 1792 3246 1852 quo
3273 1773 3514 1834 oraculo

127 1857 234 1915 καὶ
279 1856 486 1937 διδάξῃ,
540 1859 624 1914 καὶ
675 1855 898 1939 διαφύγῃ
932 1861 1038 1916 ἀπὸ
1098 1859 1206 1915 τῶν
1235 1855 1508 1938 Ἀῤῥᾶὅων
1542 1860 1633 1915 τὸν
1663 1859 1784 1914 κίν-

1878 1861 2309 1922 etcommercio
2326 1863 2440 1924 hoc
2454 1861 2660 1924 facias.
2678 1861 2768 1925 Ad
2789 1862 2899 1923 ista
2911 1863 3227 1940 regerebat
3245 1863 3514 1924 .Vlubam-

127 1947 316 2008 δυνον.
1870 1948 2030 2008 med:
2057 1948 2118 2012 Si
2145 1951 2289 2012 velis
2314 1970 2409 2013 me
2436 1952 2594 2014 istud
2623 1951 2914 2032 quidquid
2940 1962 3030 2014 est
3057 1952 3304 2032 negotii,
3331 1969 3512 2015 enar-

125 2055 298 2104 rare.
333 2054 628 2115 congrega
660 2035 852 2117 primo
882 2036 1172 2118 populum
1204 2045 1263 2100 et
1289 2035 1516 2098 incolas
1543 2034 1780 2104 Meccae.
1815 2044 1876 2097 et
1905 2046 2185 2115 sequenti
2217 2039 2337 2114 die,
2373 2059 2446 2103 ex
2506 2043 2813 2104 montibus
2862 2043 3132 2116 rediens,
3167 2061 3281 2118 ego
3311 2042 3516 2104 omnia

127 2126 458 2191 declarabo
489 2127 548 2187 in
577 2137 903 2206 conspectu
930 2127 1226 2202 omnium,
1263 2135 1322 2189 et
1351 2135 1546 2189 stante
1583 2125 1784 2207 populi
1821 2145 2146 2191 numerosa
2181 2149 2423 2192 corona.
2461 2131 2552 2194 Illi
2583 2150 2722 2194 vero
2753 2132 3110 2210 ignorabant
3139 2135 3294 2213 quod
3329 2151 3362 2193 a
3392 2134 3509 2194 Ca-

126 2220 344 2298 logero
373 2235 478 2279 seu
510 2216 805 2278 monacho
834 2216 1188 2291 ducebatur,
1222 2228 1281 2279 et
1311 2217 1605 2290 alebatur,
1643 2233 1754 2278 nec
1780 2218 2110 2281 monachus
2140 2221 2442 2282 Arabibus
2463 2221 2720 2283 audebat
2745 2221 3014 2284 revelare
3043 2223 3202 2303 Quod
3235 2221 3509 2284 Muham-

127 2308 276 2372 med
310 2306 466 2388 apud
499 2323 564 2369 se
595 2307 853 2368 haereret
882 2315 942 2369 et
972 2316 1332 2385 moraretur,
1367 2315 1431 2368 ut
1463 2315 1874 2377 exerceretur,
1913 2307 2258 2381 doceretur,
2293 2310 2591 2392 baptismo
2624 2312 2976 2391 tingeretur,
3014 2322 3074 2374 et
3122 2313 3236 2374 isto
3265 2311 3510 2374 silentio

127 2398 477 2476 periculum
510 2395 583 2458 ab
611 2396 910 2459 Arabibus
938 2406 1102 2460 certo
1138 2396 1586 2470 intentandum,
1620 2414 1687 2459 se
1717 2394 2167 2463 declinaturum
2202 2404 2508 2482 sperabat.

217 2488 283 2547 Ὀ
341 2487 397 2544 δὲ
444 2486 854 2556 ’Δπουταλέπης
917 2491 992 2552 εἷς
1052 2491 1144 2546 τὸν
1208 2491 1366 2546 Mani
1419 2489 1664 2564 σωρεύων
1696 2489 1789 2544 τὸν

128 2580 298 2656 λαὸο,
337 2579 426 2635 καὶ
483 2575 654 2653 λεγων
717 2579 790 2638 εἷς
852 2579 973 2643 τοὺς
1007 2585 1352 2657 προεστῶτας
1380 2578 1486 2633 τῶν
1518 2575 1791 2655 Ἀῤῥᾶϐων

127 2671 292 2742 υἱ-ὖν,
325 2666 407 2723 ὅτι
438 2676 530 2730 Εἷς
561 2665 613 2732 ἐξ
643 2669 799 2741 ἡμῶν
832 2668 1003 2747 sepem
1057 2669 1337 2746 προιρήτης
1371 2666 1602 2739 τοῦνομα
1633 2665 1789 2728 Μου-

131 2780 325 2839 χαρετ
375 2759 668 2823 νηστεύσας
720 2757 930 2835 ἡμέρας
987 2779 1300 2836 τριακοντα,
1360 2761 1448 2813 καὶ
1499 2754 1646 2816 δεῦτε
1695 2757 1789 2812 τοὺ

129 2847 183 2905 ἶὸ
344 2845 362 2884 .’
409 2848 425 2866 ἱ
611 2849 625 2866 \
686 2847 700 2866 ν
780 2849 803 2884 II
1097 2849 1109 2868 ε
1186 2850 1199 2867 1
1290 2848 1312 2866 Β
1424 2870 1441 2884 “
1529 2848 1577 2878 .\
1690 2844 1716 2865 ν

183 2860 274 2904 εῖν
309 2867 488 2910 αδτον,
523 2847 629 2906 Και
678 2869 1001 2909 ακοδσαντες
1057 2869 1226 2917 αυτοι,
1287 2869 1370 2903 οτι
1430 2859 1622 2926 ίοϊιιος
1685 2869 1782 2901 αν-

128 2942 352 3016 θρωπος
412 2938 703 3003 νηστεύσας
753 2936 963 3013 ἡμέρας
993 2936 1075 3011 λ’,
1138 2938 1224 2993 καὶ
1280 2939 1374 2994 οὑκ
1430 2936 1781 3011 ἀποθνήσκει,

1914 2487 2078 2552 Tunc
2102 2509 2243 2571 ergo
2273 2491 2640 2572 Abutelepes
2662 2490 2920 2554 Meceam
2942 2511 3009 2554 se
3029 2493 3302 2573 contulit,
3330 2511 3516 2574 popu-

1873 2577 1991 2640 lum
2013 2581 2636 2662 congregavitsicque
2651 2581 2851 2661 populi
2874 2593 3176 2660 magnetes
3190 2592 3248 2644 et
3261 2583 3515 2645 nobilio-

1872 2677 1968 2721 res
1990 2671 2083 2722 est
2104 2661 2421 2727 allocutus:
2446 2661 2611 2726 Unus
2631 2663 2787 2725 inter
2814 2683 2923 2726 nos
2951 2665 3241 2743 propheta
3270 2682 3402 2726 exot
3421 2672 3516 2726 tus

1872 2749 2374 2822 est,MtlhatItnted
2396 2753 2816 2830 nimirum,qui
2841 2752 3326 2832 trigintadierum
3348 2755 3513 2833 jeju-

1873 2839 2036 2900 nium
2063 2841 2236 2904 facile
2264 2852 2458 2920 potest
2486 2843 2767 2916 tolerare;
2789 2845 2992 2912 venite
3015 2859 3263 2920 ergo,ut
3289 2853 3514 2905 tantum

1873 2927 2202 3010 prodigium
2258 2931 2482 2994 intueri
2540 2941 2600 2994 et
2636 2933 2838 2996 videre
2870 2933 3138 3010 possitis.
3183 2933 3518 2995 Audientes

131 3025 394 3103 μεγαλως
453 3024 706 3090 ἒδόξασαν
754 3027 847 3084 τὸν
901 3029 1056 3098 Θεὸν,
1090 3028 1176 3083 καὶ
1207 3027 1447 3095 ἠκούσθη
1499 3035 1655 3086 τοῦτο
1709 3027 1785 3089 εἷς

1878 3037 2008 3080 vero
2039 3020 2121 3081 illi
2146 3022 2303 3101 quod
2339 3023 2520 3082 homo
2541 3040 2816 3083 terrenus
2838 3023 3074 3101 jejunio
3107 3023 3350 3097 triginta
3381 3023 3517 3084 die-

130 3123 319 3174 πᾶσαν
368 3115 468 3182 τὴν
523 3116 624 3192 γῆν
686 3113 992 3194 Ἀρὁὄίας,
1052 3115 1158 3178 Καὶ
1216 3116 1569 3194 συιαχοέντες
1622 3114 1786 3183 ἦλθον

1878 3127 2002 3169 rum
2029 3129 2147 3171 non
2173 3121 2557 3192 enecaretur,
2591 3111 2867 3173 maximis
2901 3111 3173 3174 laudibus
3205 3111 3390 3174 Deum
3423 3131 3519 3175 ce-

133 3207 278 3280 μετὰ
310 3214 405 3264 τοῦ
435 3203 844 3279 Ἀπονταλέπη,
895 3205 988 3262 καῖ
1039 3205 1184 3284 λέγει
1246 3205 1429 3266 αὐτοῖς
1463 3220 1478 3235 ⁸

130 3294 267 3367 ὦδε,
315 3293 397 3350 ὅτι
447 3295 674 3372 ἑσπέρας
736 3294 925 3370 μέ)λει
982 3295 1184 3359 ἒλθεϊρ,
1218 3293 1498 3360 Ἐλθόντος
1557 3296 1646 3350 οὖν
1698 3301 1792 3350 τοῦ

130 3385 474 3465 Maelium,
522 3386 924 3463 συναγείρονται
970 3385 1167 3449 πάντες
1199 3387 1272 3450 εἷς
1327 3397 1646 3450 συνάντησιν
1692 3384 1789 3440 αὖ·

131 3486 260 3549 τοῦ,
293 3477 384 3531 καὶ
429 3473 654 3542 ὶόόησεν
686 3478 714 3532 6
772 3473 1073 3554 ἀναθρέψας
1133 3476 1291 3532 αὐτὸν
1350 3472 1787 3552 Ἀπουταλέπης,

137 3564 341 3628 Καλῶς
384 3563 544 3633 ἦλθεν
599 3568 626 3619 ὁ
684 3570 905 3642 φωστὴρ
943 3571 1043 3632 τῆς
1091 3561 1394 3642 Ἀῤῥαϐίας,
1432 3566 1459 3620 6
1501 3563 1790 3631 νηστεύσας

131 3655 428 3730 τριάκοντα
462 3655 800 3735 νυχθήμερι,
842 3656 939 3712 Καὶ
996 3655 1320 3718 ἀκούσαντες
1348 3657 1394 3710 οἱ
1447 3651 1605 3734 ὄχλοι
1637 3653 1790 3734 ἔφρι-

132 3745 257 3812 ξαν,
306 3747 396 3801 καὶ
431 3743 748 3822 ἐτρόμαξαν,
781 3743 939 3822 Λέγει
961 3745 990 3801 6
1025 3746 1351 3826 Μουχάμετ,
1385 3743 1645 3815 ⁹⁹Ακουσε,
1679 3747 1792 3800 Θετε

134 3832 555 3907 Ἀπουταλέπη,
587 3835 675 3890 καὶ
706 3834 971 3914 ἀνάτροφε
1003 3857 1130 3910 μου,
1186 3834 1322 3910 μετὰ
1353 3841 1447 3891 τοῦ
1500 3840 1630 3890 λαοῦ
1673 3855 1792 3914 σου,

132 3923 224 3982 ὅτι
255 3922 382 3980 ὅταν
412 3922 550 3990 ἧλϐα
581 3924 656 3988 εἷς
705 3924 805 3992 τὴν
866 3926 1180 3998 Δαμασκὸν,
1215 3924 1312 3992 τὴν
1367 3923 1642 4002 ὖστερινήν
1685 3944 1792 4000 φο-

133 4015 266 4094 ρὰν,
311 4013 402 4070 καὶ
435 4013 611 4093 Elaea
668 4014 725 4069 τὸ
768 4011 1004 4089 καμῆλι,
1035 4020 1124 4070 καὶ
1172 4011 1362 4086 ἔδειρές
1393 4034 1482 4088 με,
1518 4015 1604 4069 καὶ
1634 4011 1790 4069 ἐδίω-

135 4103 228 4170 ξές
261 4125 333 4179 με
381 4103 490 4160 ἀπὸ
519 4105 615 4160 τοῦ
643 4102 799 4160 οἴκου
829 4125 952 4168 σου,
989 4105 1086 4162 Καὶ
1117 4105 1222 4161 ἀπὸ
1261 4103 1436 4171 λύπης
1483 4125 1586 4179 μου
1628 4102 1790 4172 ἦλθον

133 4195 216 4256 εἰς
269 4195 335 4250 τὸ
395 4191 682 4250 Βασιλικὸν
745 4193 972 4270 πηγάδι,
1037 4195 1127 4249 καὶ
1187 4193 1377 4250 ἔπεσον
1441 4193 1641 4272 ἐκεῖσε,
1699 4195 1792 4250 καί

133 4283 552 4356 ἂπεκοιμήθην,
614 4283 706 4339 καὶ
758 4281 902 4340 εἶδον
953 4282 1102 4362 ὄναρ,
1138 4281 1217 4339 ὅτι
1251 4286 1277 4340 6
1308 4281 1461 4351 ἥλιος
1495 4283 1662 4340 κλίνει
1705 4285 1796 4341 καὶ

138 4385 444 4444 προσκυνεῖ
475 4393 566 4446 με,
605 4373 704 4429 Καὶ
753 4371 838 4428 ἐπὶ
887 4373 988 4439 τὴν
1033 4371 1210 4450 αὔριον
1274 4373 1547 4450 ἐγείρομαι
1593 4371 1792 4452 φοϐού-

135 4484 334 4540 μενος,
371 4464 461 4518 καὶ
489 4461 889 4536 ἰννοιαζόμενος
946 4466 1041 4521 οὒκ
1086 4466 1244 4518 εἷπον
1289 4463 1420 4536 πρός
1478 4463 1597 4518 τινά
1641 4486 1692 4520 τι
1738 4464 1797 4520 τὸ

1532 3208 1848 3266 Καθίσατεο
1875 3197 2203 3272 lebrarunt,
2241 3209 2298 3260 et
2326 3201 2521 3262 statim
2560 3200 2837 3262 miraculi
2874 3220 3080 3263 rumor
3103 3214 3153 3262 et
3189 3201 3344 3263 fama
3378 3221 3516 3282 per-

1874 3287 2023 3349 vasit
2053 3295 2236 3348 totam
2297 3289 2602 3352 Arabiam.
2639 3287 2992 3369 Congregati
3048 3310 3190 3369 ergo
3225 3299 3520 3353 venerunt

1875 3394 2008 3436 cum
2034 3375 2486 3458 Abutalipa,qui
2512 3380 2580 3440 ad
2609 3379 2744 3439 illos
2768 3380 2914 3440 dixit
2941 3402 2954 3444 :
2981 3379 3059 3442 Se
3085 3383 3198 3441 lete
3223 3380 3344 3452 hic,
3383 3399 3517 3440 nam

1875 3465 2354 3543 circavesperam
2380 3475 2665 3528 venturus
2699 3478 2790 3529 est
2824 3471 3136 3548 prOpheta.
3171 3469 3520 3530 Accedente

1875 3573 2017 3635 ergo
2037 3553 2478 3627 Muhammede,
2511 3569 3156 3628 surrexeruntomues,
3185 3567 3241 3617 et
3266 3561 3323 3617 in
3360 3557 3522 3618 illius

1876 3664 2188 3707 occursum
2213 3655 2490 3716 ruerunt,
2518 3645 2739 3708 boante
2769 3658 2820 3707 et
2851 3647 3148 3714 clamante
3180 3646 3518 3725 Abutalipe,

1874 3736 2318 3800 Muhammedis
2333 3746 2579 3813 patrono
2594 3745 2651 3797 et
2667 3737 2856 3797 altore
2884 3757 2896 3796 :
2923 3737 3312 3800 Gratissimus
3336 3737 3518 3798 adve-

1881 3826 2065 3888 nitSUl
2083 3826 2524 3906 Arabiaecujus
2537 3827 2695 3887 vires
2711 3826 2957 3904 triginta
2978 3826 3516 3905 dierumjejunium

1880 3936 1996 3978 non
2023 3924 2216 3997 potest
2237 3915 2814 3988 exhaurireQuibus
2833 3915 3073 3986 auditis,
3102 3915 3297 3976 turbae
3320 3917 3520 3977 statim

1877 4007 2132 4069 honore
2151 4014 2208 4067 et
2227 4015 2486 4067 tremore
2506 4025 2624 4067 coro
2644 4007 3006 4087 ipiebantur.
3022 4004 3251 4068 Osvero
3269 4023 3438 4065 suum
3458 4006 3520 4066 in

1879 4096 2006 4158 haec
2029 4094 2207 4156 verba
2225 4095 2397 4156 solvit
2420 4094 2822 4157 Muhammed:
2846 4093 3520 4172 Audi,Abutalepavun-

1878 4187 2035 4266 cule,
2070 4196 2128 4247 tu
2163 4187 2264 4267 qui
2299 4186 2666 4263 benignitate
2701 4196 2797 4248 tua
2829 4204 2922 4246 me
2954 4183 3148 4246 fovisti
3179 4195 3236 4244 et
3266 4185 3471 4246 aluisti
3501 4207 3517 4256 ;

1876 4277 2382 4358 audi,inquam,tu
2415 4286 2474 4336 et
2506 4276 2762 4354 pupulus
2799 4277 3119 4337 tuus.Cum
3151 4274 3358 4335 ultima
3393 4275 3522 4335 vice

1877 4366 2166 4429 Damasco
2191 4365 2547 4440 retlirem,et
2570 4367 2864 4427 camelum
2891 4363 3525 4436 amisissem,verberi-

1880 4458 1990 4519 bus
2022 4476 2116 4518 me
2149 4456 2512 4538 excipiebas,
2548 4467 2605 4517 et
2633 4456 2811 4518 domo
2838 4467 2932 4516 tua
2966 4456 3523 4536 pelleliathBrore

134 4550 396 4611 σᾶνολον.
459 4549 734 4618 Ἀπῆλθον
792 4552 882 4608 οὖν
935 4554 1007 4618 εἰς
1057 4552 1122 4608 τὰ
1153 4550 1276 4630 ὅρη,
1324 4552 1378 4608 ἐν
1409 4552 1494 4615 οἷς
1541 4552 1790 4630 πρότερον

1880 4566 2018 4609 vero
2051 4549 2354 4608 cruciatus
2387 4555 2446 4607 et
2491 4565 2719 4619 errans,
2757 4547 2993 4608 tandem
3052 4564 3274 4625 perven
3314 4545 3371 4605 in
3406 4547 3524 4607 Rev

135 4643 237 4704 τὰς
297 4641 579 4716 καμήλους
639 4639 886 4722 ἔϐοσκον,
944 4644 1077 4720 πρὸς
1137 4645 1198 4699 τὸ
1261 4640 1522 4708 ἀναϐῆναί
1581 4662 1672 4717 με,
1707 4645 1796 4702 καὶ

136 4732 314 4804 εὑρὼν
361 4731 580 4808 πέτραν,
632 4730 848 4789 ἐκάθισα
905 4733 1008 4789 ὑπὸ
1055 4732 1281 4812 ταύτης,
1337 4733 1438 4800 τὴν
1471 4733 1622 4791 σκιὰν
1678 4731 1798 4789 δια-

145 4822 437 4895 νοούμενος
495 4823 558 4878 τὸ
607 4819 806 4900 ὅραμα.
876 4823 974 4880 Καὶ
1028 4821 1189 4890 ἦλθεν
1248 4823 1401 4902 φωνὴ
1462 4821 1514 4888 ἐξ
1579 4825 1800 4900 οὖρανοῦ

136 4912 280 4988 πρός
314 4932 386 4985 με
444 4909 677 4990 λέγουσα
708 4929 724 4944 ⁸
766 4909 1092 4992 Μουχάμετ,
1132 4913 1210 4986 μὶ,
1243 4913 1513 4985 ἑννοιάζου
1544 4914 1672 4991 ὅπέρ
1709 4921 1800 4971 τοῦ

140 5001 451 5080 δράματος.
486 5001 745 5073 Ἀπελθε,
779 5005 866 5058 καὶ
917 5004 1208 5070 νήστευσον
1257 5003 1459 5080 ἡμέρας
1495 5003 1798 5082 τριάκοντα,

137 5094 234 5150 καὶ
268 5091 450 5170 στέφη
485 5089 610 5161 Ηδε,
643 5090 736 5147 ἵνα
768 5092 911 5147 εἴπω
943 5113 1048 5151 σοι.

1879 4640 2039 4719 gium
2078 4637 2336 4718 aliquem
2388 4637 2738 4699 fonticulum
2775 4655 2881 4699 seu
2917 4647 3157 4714 puteum
3192 4633 3354 4711 regia
3388 4651 3531 4694 cura

1883 4737 2247 4791 excavatum.
2291 4726 2496 4788 Statim
2524 4745 2662 4788 vero
2696 4725 3190 4806 procumbebam,
3226 4733 3282 4785 et
3316 4740 3530 4784 somno

1884 4828 2184 4880 metotum
2210 4815 2922 4898 permittebam.Contigit
2946 4833 3084 4876 vero
3111 4831 3204 4873 me
3227 4811 3529 4873 somnium

1885 4909 2202 4982 habere,et
2233 4905 2437 4968 videre
2462 4910 2650 4968 solem
2687 4925 2754 4968 ex
2781 4907 2900 4966 alto
2933 4923 2999 4967 se
3032 4901 3446 4963 -.lemittentem
3472 4909 3534 4960 et

1884 4997 2093 5062 humili
2119 5007 2176 5060 et
2211 5006 2502 5077 prostrata
2536 4997 2671 5060 luce
2707 5014 2798 5057 me
2830 4994 3204 5056 adorantem.
3240 4989 3531 5069 Sequenti

1884 5108 2022 5151 vero
2048 5105 2222 5149 mane
2255 5087 2728 5167 experrel‘actus,
2756 5094 2913 5147 totus
2945 5085 3402 5153 cohorresco,et
3432 5080 3536 5167 du:

136 5180 283 5242 bius
315 5167 460 5260 quid
492 5178 581 5241 rei
612 5189 794 5270 esset,
847 5187 1033 5241 totum
1085 5179 1384 5270 negotium
1439 5179 1587 5242 nulli
1614 5179 1981 5270 _signiﬁcavi.
2037 5177 2344 5240 Profectus
2394 5175 2992 5270 remamore-solito
3024 5173 3116 5270 ad
3170 5179 3404 5270 montes
3435 5167 3537 5270 ubi

136 5269 416 5330 camelos
448 5267 792 5349 pascebam,
824 5287 958 5331 cum
992 5286 1102 5347 ego
1132 5267 1570 5341 ascenuissem,
1611 5268 1988 5335 inveniebam
2027 5277 2278 5348 petram,
2325 5267 2418 5329 cui
2463 5266 2754 5336 insidens,
2791 5265 3156 5345 incipiebam
3207 5261 3408 5322 animo
3442 5261 3538 5320 vi-

135 5359 387 5422 sionem
423 5377 616 5420 meam
651 5358 910 5431 volvere,
947 5367 1006 5418 et
1061 5357 1224 5420 illam
1259 5377 1368 5438 pro
1394 5357 1606 5422 umbra
1659 5370 1718 5421 et
1756 5377 1823 5423 re
1877 5378 2122 5443 prorsus
2173 5375 2325 5420 vana
2373 5369 2678 5439 reputare.
2717 5356 2926 5419 Statim
2981 5370 3128 5416 vero
3179 5349 3538 5443 voxe‘cuelo

137 5447 508 5527 erumpebat
537 5447 751 5509 dicens
781 5469 796 5506 :
832 5446 1243 5524 Multammed,
1278 5466 1351 5509 ne
1407 5457 1464 5509 te
1512 5447 1708 5511 turbet
1739 5439 1910 5513 anxia
1961 5449 2037 5511 de
2091 5448 2324 5509 visione
2363 5446 2691 5526 cogitatio;
2752 5446 2875 5517 abi,
2912 5460 3148 5506 macera
3207 5454 3264 5503 te
3301 5439 3540 5521 jejunio

139 5537 402 5618 triginta
432 5535 695 5611 dierum,
730 5545 789 5599 et
820 5548 1027 5619 postea
1059 5538 1174 5600 huc
1205 5546 1607 5619 reverterant
1636 5539 1778 5619 quid
1811 5541 1887 5603 sit
1917 5541 2214 5619 agendum
2251 5537 2358 5599 tibi
2389 5537 2752 5616 signiﬁcem.

230 5628 419 5694 Οὕτως
450 5627 681 5706 ἥκουσα,
716 5618 832 5686 καὶί
860 5630 1150 5706 ἐπλήρωσα
1194 5629 1422 5709 ἡμέρας,
1485 5618 1540 5686 λ’
1568 5618 1799 5710 νήστης,

139 5721 248 5777 καί
279 5717 335 5775 λ’
373 5719 555 5794 mirae,
588 5720 680 5776 καὶ
708 5718 1023 5804 ἆπέριομαι
1069 5719 1185 5778 καθ’
1236 5720 1468 5789 ἑκάστην
1513 5721 1642 5800 πρὸς
1677 5720 1798 5795 σήν,

1971 5630 2079 5692 His
2109 5629 2331 5694 auditis
2355 5628 2595 5703 triginta
2617 5627 2748 5689 dies
2775 5633 2833 5687 et
2866 5623 3108 5704 triginta
3137 5629 3344 5685 noctes
3377 5633 3541 5697 pror-

1886 5737 1988 5782 sus
2011 5722 2260 5805 jejunus
2313 5717 2540 5802 peregi,
2598 5725 2658 5780 et
2705 5717 2871 5780 solus
2903 5732 3180 5778 reversus
3207 5711 3281 5774 ad
3314 5715 3538 5788 petram
