3994 6232
334 309 496 408 1435
1520 344 1911 412 amnem

2170 339 2508 406 iDESSENI
3561 335 3747 402 1436

326 474 657 555 Venitergo
670 479 1072 544 Abubakerad
1087 479 1659 552 Muhammedem,et
1674 480 1763 544 illi
1790 479 1903 542 dixi

2165 501 2188 537 ε
2219 479 2632 559 ὀλιγοθῦμησιν.
2682 477 2787 536 Καὶ
2827 475 2985 534 εἴπεν
3027 473 3178 550 αὖτῷ
3217 478 3248 534 6
3292 473 3676 554 ’Λποπᾶιρης
3715 518 3742 542 .

325 566 398 628 ad
438 577 494 629 te
524 570 774 651 accessi,
811 581 871 631 ut
923 584 978 633 te
1024 571 1284 633 brachiis
1315 571 1574 633 vinctum
1616 578 1677 632 et
1705 581 1902 632 constr

2166 571 2339 645 ἱησον,
2382 573 2429 626 ὦ
2484 567 2633 626 δοῦλε
2692 575 2786 626 τοῦ
2845 569 2979 624 Θεοῦ
3011 583 3024 596 ⁸
3075 573 3167 622 νῦν
3213 568 3318 644 γὰρ
3380 566 3590 643 ἔγνων,
3643 566 3743 623 ὅτι

325 664 484 718 ctum
543 659 614 719 ad
669 659 890 722 Arabas
945 662 1367 743 perducerem.
1431 663 1774 737 Exsurgens
1829 680 1898 723 ve

2166 661 2330 741 ρήτῃς
2362 659 2418 717 εἴ
2449 659 2533 731 σὺ,
2571 659 2658 714 καὶ
2690 655 2994 720 ἀπόστολος
3039 657 3199 718 Θεοῦ.
3237 658 3337 714 Kzi
3368 657 3543 714 εἶπεν
3581 657 3743 730 αὖτῷ

324 746 735 824 Mohammed,
770 749 1190 812 Abubakerum
1226 750 1383 812 ulnis
1413 759 1473 812 et
1505 750 1766 812 brachiis
1795 769 1901 813 con

2167 751 2409 830 ουχάμετ
2438 764 2454 781 ·
2518 745 2646 806 Ἐἀν
2685 745 2982 821 ἀληθεύεις,
3031 743 3388 823 Ἀποπὰιιρη,
3455 747 3744 809 ἑνωθᾶσιι

326 833 538 916 plexus
586 846 677 899 est
721 847 780 901 et
826 841 903 902 ita
935 842 1328 903 vehementer
1359 840 1524 902 illum
1561 841 1884 920 stringebat

2170 841 2232 896 σὺ
2260 837 2381 914 μετ’
2413 837 2564 912 ἑμοῦ.
2603 837 2699 895 Καὶ
2733 835 2890 893 εἶπεν
2941 835 2970 891 ὃ
3019 832 3383 914 ’Λποπᾶκρης
3441 844 3525 907 τῷ
3578 842 3747 894 Βου-

325 925 783 999 comprimebat,
821 943 885 989 ul.
908 931 1031 1012 jam
1066 932 1254 992 animi
1301 930 1634 1011 deliquium
1667 930 1895 993 videret

2164 949 2276 986 ιετο
2325 925 2702 1006 Ἀρματώθητι
2739 926 2875 1000 μετά
2934 924 3028 982 τοῖ’)
3086 924 3220 982 λαοῦ
3272 947 3394 997 σου,
3458 928 3556 982 axi
3604 925 3741 983 ἐλθὲ

327 1031 631 1094 passurus.
647 1019 984 1098 Regerebat
1004 1038 1146 1100 ergo
1161 1019 1504 1083 Abubalter:
1528 1018 1808 1082 Miserere
1825 1039 1904 1082 me

2203 1019 2355 1099 ἐμοῦ,
2406 1016 2554 1080 ὅπως
2613 1014 2966 1096 ἰξαςρήσωμεν
3025 1013 3239 1094 αὐτοὺς,
3277 1013 3360 1072 ὅτι
3425 1015 3749 1090 ἀμέριμνοὶ

324 1105 741 1184 potentissime
763 1108 868 1172 Dei
889 1128 1082 1184 serve,
1111 1129 1268 1171 nunc
1301 1128 1410 1187 ego
1448 1127 1706 1188 agnosco
1733 1119 1790 1171 te
1835 1129 1900 1172 es

1201 1129 1268 1171 nc
1301 1128 1410 1187 ego
1448 1127 1706 1188 agnosco
1733 1119 1790 1171 ιιι
1835 1129 1970 1175 esse
2053 1112 2206 1184 εἶσιν,
2236 1110 2324 1165 καὶ
2367 1106 2778 1184 ἀρματώθησαν.

322 1195 675 1274 prophetam
707 1208 769 1260 et
803 1201 1137 1280 apostolum
1171 1199 1301 1261 Dei.
1339 1199 1429 1262 Illi
1460 1217 1602 1259 vero
1636 1197 1722 1260 sic
1750 1200 1880 1261 iniit
1934 1196 2317 1266 Muliammed
2351 1215 2365 1258 :
2419 1194 2483 1256 Si
2535 1211 2674 1256 vera
2722 1191 2899 1265 dicis,
2934 1210 2968 1253 ο
3001 1190 3347 1273 Abubaker,
3384 1211 3622 1273 operas
3669 1205 3746 1258 et

320 1283 571 1346 consilia
600 1297 802 1350 nostra
832 1290 1012 1352 simul
1050 1292 1325 1351 uniamus
1356 1297 1415 1350 et
1442 1287 1766 1353 sociemus.
1806 1290 1958 1354 Dixit
1990 1309 2130 1353 vero
2181 1283 2502 1352 Abubaker
2535 1305 2550 1343 :
2584 1284 2765 1346 Arma
2795 1298 3045 1362 capesse
3083 1301 3222 1345 cum
3255 1283 3486 1364 populo
3521 1292 3638 1347 tuo
3669 1293 3743 1348 et

317 1374 451 1435 veni
486 1393 715 1439 mecum
750 1388 813 1440 ut
843 1378 1068 1442 Arabas
1099 1379 1431 1452 deleamus,
1467 1377 1550 1440 illi
1583 1379 1804 1460 quippe
1842 1389 1982 1442 sunt
2015 1377 2292 1461 imparati
2324 1382 2384 1438 et
2414 1373 2536 1436 otio
2564 1373 2810 1454 sepulti.

387 1461 683 1528 Continuo
701 1487 840 1550 ergo
867 1469 934 1530 ad
958 1487 1124 1532 arma
1142 1457 1964 1551 proruperunt.etAbubaker

2159 1467 2316 1526 λαϐὼν
2387 1468 2477 1522 οὖν
2534 1467 2562 1520 6
2620 1462 2973 1540 ’Anonz’xpnc
3056 1464 3148 1520 τον
3218 1463 3558 1543 Μουχάμετ,
3628 1457 3736 1522 ui

323 1569 458 1640 cum
485 1549 900 1621 Muhamm’ede
923 1558 1119 1621 subita
1139 1549 1472 1640 irruptioue
1495 1557 1800 1638 fregerunt
1823 1562 1900 1624 Ar

2154 1557 2288 1626 ,λθον
2345 1556 2476 1626 πρὸς
2557 1554 2680 1616 τοὺς
2750 1549 3041 1632 ”Λρῤαόας,
3115 1553 3209 1610 καὶ
3284 1552 3544 1619 ἐνίκησεν
3623 1553 3731 1610 ἀπ’

323 1639 454 1715 bas,
487 1653 544 1706 et
565 1646 640 1708 ab
664 1647 768 1710 illo
795 1657 1068 1730 tempore
1115 1639 1303 1710 victor
1334 1666 1577 1726 semper
1605 1650 1816 1712 evasit.
1855 1651 1900 1710 V

2157 1670 2252 1715 νης
2311 1649 2410 1714 τῆς
2469 1643 2609 1722 ὥρας
2697 1640 2920 1705 Ἰδόντες
2983 1645 3012 1697 6
3073 1640 3205 1706 λαὸς
3263 1647 3361 1698 τοῦ
3402 1643 3731 1720 Meo-lips:

323 1731 536 1796 dentes
551 1754 687 1799 vero
707 1739 895 1802 turbae
912 1729 1391 1801 Muhammedem
1414 1737 1636 1819 ubique
1654 1739 1900 1801 victorer

2156 1738 2365 1808 ﬁcum,
2420 1731 2670 1806 ὶμαζώθη
2728 1729 2893 1792 πολὺς
2950 1729 3106 1798 λαὸς,
3168 1732 3259 1787 καὶ
3312 1729 3733 1791 inquitth

229 1825 231 1827 ’
322 1819 396 1910 ad
421 1821 586 1885 illum
613 1828 824 1908 majori
846 1829 1014 1910 copia
1042 1829 1100 1890 iu
1127 1827 1258 1889 dies
1275 1804 1712 1891 conﬂuxerunt.
1738 1827 1806 1889 Et

2164 1826 2295 1882 νέων
2353 1826 2380 1880 6
2439 1822 2734 1901 Μουχάμετ
2796 1821 3082 1877 κατεπᾶνω
3149 1840 3298 1895 τους,
3370 1823 3468 1877 καὶ
3544 1821 3731 1878 ἐλθὼν

324 1909 603 1973 bammed
627 1907 877 1978 denovo
899 1907 969 1981 ex
984 1916 1330 1998 junioribus
1350 1929 1406 1978 et
1427 1916 1901 1997 praestantioribu

2152 1917 2244 1972 τὸν
2294 1917 2451 1969 Μαιᾶ
2513 1910 2785 1981 ἐτζακισεν
2829 1911 2951 1972 τοὺς
3005 1907 3296 1987 ”Αῤῥαϐας,
3353 1911 3450 1966 καὶ
3504 1909 3725 1966 ἆνελᾶ-

323 2001 654 2064 exercitum
681 1996 1063 2088 conscripsit,
1099 2016 1157 2069 et
1187 1996 1436 2068 veniens
1469 2008 1727 2067 Meccam
1763 2008 1900 2088 prun

2150 2027 2170 2062 ο
2211 2005 2274 2060 τὸ
2329 2002 2583 2077 κάστρον.
2644 1999 2741 2063 Καὶ
2800 1996 3195 2074 ἐνεδυναμώθη.
3244 2001 3336 2055 καὶ
3399 1997 3608 2056 ’ἐλαϐεν
3656 2002 3727 2057 τά

321 2090 477 2168 gavit
505 2092 756 2169 Arabas,
795 2105 854 2159 et
885 2087 1095 2160 urbem
1128 2105 1188 2160 et
1218 2114 1418 2158 arcem
1451 2087 1829 2172 exuugnavit.
1858 2095 1898 2157 V

2153 2094 2351 2174 ἔχωρα,
2397 2092 2486 2147 καὶ
2543 2089 2932 2163 ἐνομοθέτησεν
2966 2102 2981 2118 ⁸
3029 2087 3220 2153 "Osci:
3283 2090 3345 2146 οὗ
3402 2087 3562 2166 λέγει
3622 2093 3727 2147 τὸν

322 2177 491 2242 ribus
522 2201 660 2244 vero
690 2187 883 2248 auctis
912 2204 1122 2251 omnes
1161 2185 1658 2267 cireumjacentes
1689 2187 1894 2266 region

2146 2184 2347 2265 ›χάμ.ετ
2393 2180 2675 2260 προφήτην
2735 2181 2824 2236 καὶ
2879 2177 3205 2252 ἀπόστολον,
3252 2178 3472 2253 θανάτῳ
3512 2179 3723 2237 ul”-

323 2273 652 2349 occupavit.
686 2274 763 2336 Et
814 2275 1002 2355 legem
1055 2275 1188 2336 ﬁxit
1236 2293 1351 2354 qua
1383 2273 1786 2346 sanciebatur,
1825 2285 1886 2336 ut

2146 2295 2228 2335 rei.
2264 2272 2361 2331 Καὶ
2387 2269 2472 2327 διὰ
2507 2271 2599 2326 τὸν
2639 2267 2805 2350 φόϐον
2863 2275 2955 2325 τοῦ
3001 2271 3228 2325 θανάτου
3259 2268 3433 2333 πολὺς
3480 2270 3723 2347 ἀριθμὸς

323 2356 461 2436 quis
480 2356 960 2425 Muhamunedem
1003 2362 1352 2446 prophetam
1395 2373 1453 2423 et
1494 2363 1826 2441 apostolum
1861 2365 1900 2428 D

2143 2385 2264 2420 νετο
2337 2367 2458 2436 μετ’
2532 2361 2714 2431 αὐτοῦ,
2793 2359 2882 2416 καὶ
2953 2358 3260 2415 ἐπίστευσεν
3332 2359 3523 2422 αὖτόν,
3619 2363 3719 2420 καὶ

323 2464 441 2507 non
466 2451 1082 2538 conﬁtereturstatiru
1117 2445 1305 2514 morte
1331 2452 1784 2535 plecteretur,et
1807 2471 1900 2515 me

2148 2451 2240 2509 ὄιν
2271 2451 2475 2527 κάστρη
2507 2449 2595 2505 καὶ
2624 2449 2810 2526 χώρας
2864 2453 2970 2504 τῶν
3031 2445 3325 2538 Ἀῤῥέὸωᾞ

323 2537 532 2599 mortis
547 2543 1361 2604 numerosissimaturbarum
1379 2541 1743 2622 copia,illius
1757 2542 1900 2605 vein

2179 2542 2344 2600 τόπον
2395 2539 2689 2616 λεγόμενον
2748 2537 3108 2611 Ζουνζούμην,
3169 2536 3314 2595 τοῦτ’
3365 2536 3719 2616 ἕστυῖβυθὸς

319 2632 708 2708 sequebatur,
731 2641 791 2693 et
821 2632 984 2711 illius
1005 2632 1341 2694 doctrinam
1366 2649 1458 2693 am
1470 2631 1896 2712 plectebatur.S

2139 2632 2232 2697 idq.
2265 2628 2369 2692 Καὶ
2411 2628 2569 2708 ἐγγὺς
2617 2627 2774 2684 αὒτοῦ
2800 2627 2867 2694 ἦν
2921 2627 3147 2704 despexi
3188 2626 3363 2685 ὅνοαα
3395 2632 3716 2701 Σουσαῗτα,

322 2716 514 2780 varias
535 2719 799 2783 Arabum
827 2723 1030 2805 plagas
1051 2731 1110 2784 et
1136 2722 1316 2783 urbes
1340 2722 1899 2802 occupavit,tanden

2144 2718 2191 2780 τ’
2249 2720 2394 2777 ἔστιν
2467 2725 2668 2795 μαῦρον
2727 2715 2896 2791 λίθον,
2944 2717 3038 2773 καί
3097 2715 3400 2795 παρέλαϐεν
3461 2721 3600 2776 αὐτὸ
3631 2717 3721 2776 διά

321 2825 438 2886 que
459 2812 822 2888 pervenitad
849 2815 1044 2875 locum
1087 2813 1332 2875 nomine
1351 2813 1720 2884 Tsumtsum,
1756 2815 1815 2875 id
1849 2832 1898 2874 ei

2140 2811 2308 2886 tipou.
2361 2808 2732 2887 Κρατησαντες
2791 2809 2915 2884 γοῦν
2973 2818 3206 2885 γυναῖκα
3262 2807 3428 2884 γραῦν
3498 2812 3604 2865 σὺν
3665 2807 3717 2878 ζ’

321 2905 537 2977 puteus
557 2902 1094 2980 profundusJuxta
1115 2919 1255 2966 vero
1284 2911 1528 2982 puteum
1550 2911 1676 2963 erat
1694 2901 1836 2964 urbs
1857 2921 1898 2963 Si

2146 2922 2280 2978 νοις,
2313 2899 2402 2955 καὶ
2432 2897 2592 2954 εἶπον
2637 2897 2770 2972 αὒτῇ
2805 2915 2820 2930 ⁸
2869 2897 3156 2952 Πίστευσον
3207 2895 3301 2951 σὺν
3330 2909 3455 2962 τοῖς
3499 2898 3723 2962 τέκνοις

322 2993 580 3050 castrum
607 2993 850 3053 nomine
870 2990 1128 3066 Susaita,
1150 2991 1207 3052 id
1236 3003 1350 3070 est,
1386 2991 1536 3069 lapis
1563 2992 1730 3069 niger
1763 3001 1822 3052 et
1852 2990 1899 3052 ol

2196 2990 2268 3052 εἷς
2325 2987 2417 3045 τόν
2478 2985 2800 3066 Μουχάμετ,
2843 2987 2931 3041 καὶ
2975 2986 3048 3048 εἰς
3091 2987 3183 3041 τὸν
3217 2988 3352 3042 Θεὸν
3394 2988 3596 3061 αὖτοῦ,
3632 2988 3719 3045 ὅτι

321 3091 558 3153 scurus,
583 3079 739 3159 quod
775 3098 910 3142 cum
945 3089 1412 3162 expugnassent,
1448 3080 1507 3140 in
1539 3079 1644 3141 illo
1674 3081 1898 3161 captiva

2135 3077 2198 3133 εἰν
2228 3077 2511 3155 προφήτης
2540 3077 2625 3132 καὶ
2673 3072 2972 3140 ἀπόστολος
3017 3081 3172 3138 Θεοῦ,
3233 3075 3391 3152 Λέγει
3456 3075 3661 3140 αὒτοῖς
3693 3096 3712 3115 ο

320 3168 911 3246 comprehenderunt
941 3161 1199 3232 vetulam
1229 3168 1549 3251 quamdam
1575 3187 1709 3230 cum
1733 3180 1897 3250 septe

2144 3164 2278 3232 ;’t'6ui
2321 3167 2501 3237 αὐτὸν,
2532 3162 2627 3220 ἵνα
2660 3166 2909 3243 συν-τύχω
2967 3161 3085 3237 μετ’
3145 3169 3328 3224 αὑτοῦ.
3379 3161 3721 3244 ’Λπήγαγον

322 3252 530 3336 liberis
559 3256 708 3322 suis.
744 3257 909 3321 Illam
943 3277 1087 3322 vero
1120 3261 1207 3320 sic
1264 3267 1404 3320 sunt
1432 3259 1626 3320 adorti
1667 3281 1681 3318 :
1714 3260 1798 3321 Tu
1829 3279 1899 3321 cu

2169 3255 2332 3323 αὕτη»
2379 3256 2509 3332 πρὸς
2553 3255 2732 3328 αὐτὸν,
2777 3253 2868 3310 καί
2915 3275 3045 3334 φησι
3076 3253 3206 3331 πρὸς
3235 3254 3327 3309 τὸν
3374 3257 3717 3336 ilo-slain?

321 3333 528 3423 liberis
560 3338 700 3413 tuis,
735 3341 915 3402 crede
948 3340 1008 3401 in
1050 3338 1557 3413 Muhammedem,
1592 3347 1650 3400 et
1684 3340 1742 3401 in
1776 3340 1898 3403 Deu

2140 3350 2212 3404 δεν
2256 3344 2446 3405 καλεῖς
2505 3345 2691 3401 ἑαυτὸν
2750 3333 3057 3423 προφήτην,
3100 3344 3190 3399 καὶ
3243 3333 3584 3417 ἀπόστολον,
3623 3349 3717 3403 καὶ

319 3422 507 3498 illius,
540 3426 680 3508 quia
713 3435 805 3490 est
833 3428 1126 3509 propheta
1165 3437 1223 3489 et
1252 3428 1557 3510 apostolus
1587 3427 1828 3492 Dei.llla
1857 3448 1890 3492 a

2136 3437 2206 3500 ῐός
2266 3435 2408 3491 ἐστιν
2468 3436 2495 3491 6
2547 3434 2678 3498 Θεός
2738 3422 2882 3512 σου,
2934 3431 3080 3510 Ἐγὼ
3128 3433 3259 3489 Θεὸν
3288 3433 3575 3510 γινώσκω,
3609 3437 3713 3504 τὴν

324 3521 441 3604 tem
465 3515 553 3578 sic
573 3516 644 3578 ad
670 3535 796 3581 eos:
818 3517 1029 3592 Quaeso
1055 3518 1219 3580 illum
1245 3518 1442 3580 statim
1462 3519 1717 3592 videam,
1742 3527 1800 3580 et
1827 3538 1900 3581 cu

2137 3523 2388 3604 ρροδίτην,
2421 3526 2482 3581 τὸ
2513 3523 2784 3602 ὲωσψόρον
2817 3519 3032 3599 ἄστρον,
3086 3521 3175 3579 ἒσὺ
3217 3535 3382 3581 ποῖον
3424 3526 3525 3580 τὸν
3573 3527 3714 3582 Θεὸν

320 3602 422 3665 ἰΙΙο
453 3605 781 3694 conferam.
816 3607 944 3682 Qua
972 3607 1284 3670 confestim
1347 3607 1422 3669 ad
1480 3608 1897 3671 Muhammede

2137 3602 2235 3682 ιέτς
2264 3632 2280 3694 ;
2317 3612 2472 3692 Λέγει
2506 3615 2639 3690 αὖτῇ
2671 3631 2688 3648 ⁸
2724 3610 2927 3675 ’Ἄλλος
2950 3613 3081 3677 Θεός
3112 3610 3280 3677 ἐστιν,
3311 3613 3486 3693 ’Ἔχει
3514 3611 3714 3671 δοῦλον

322 3693 628 3785 perducta,
664 3696 833 3760 dixit:
860 3696 1055 3771 Quare
1077 3705 1135 3760 te
1149 3716 1322 3759 vocas
1346 3697 1696 3778 prophetam
1721 3705 1779 3759 et
1798 3717 1899 3775 ape

2137 3693 2278 3785 μὴλ
2321 3706 2414 3762 καί
2463 3700 2722 3780 Γαϐριήλ,
2753 3701 2996 3760 Ἐκείνου
3027 3703 3139 3774 εἱμί
3170 3701 3510 3765 ἀπόστολος.
3541 3707 3714 3783 Λέγει

322 3782 535 3856 tolum,
570 3785 763 3866 qualis
792 3797 882 3848 est
928 3789 1086 3850 Deus
1132 3796 1268 3848 tuus
1299 3807 1316 3863 ;
1349 3805 1456 3864 ego
1487 3786 1729 3868 quidem
1763 3785 1899 3850 Veni

2133 3782 2276 3872 γραῦς
2309 3811 2324 3828 ·
2367 3793 2463 3851 Καὶ
2492 3801 2596 3851 ποῦ
2623 3804 2878 3850 κατοικεῖ
2909 3793 3065 3857 αὒτὸς
3109 3793 3136 3848 6
3167 3793 3322 3866 Θεὸς,
3371 3792 3430 3848 ὃν
3465 3782 3658 3872 λέγεις
3693 3817 3710 3868 ;

319 3890 448 3934 rem
481 3882 541 3935 et
564 3875 935 3956 Phosporum
961 3875 1129 3937 sidus
1151 3894 1258 3958 pro
1288 3875 1639 3964 numinibus
1661 3875 1878 3952 habeo,

2136 3884 2154 3940 i
2183 3886 2338 3940 εἶπεν
2371 3883 2505 3958 αὖτῇ
2542 3902 2557 3917 ·
2593 3878 2683 3939 Ἐν
2712 3887 2790 3955 τῷ
2822 3882 3052 3960 οὖρανῷ,
3087 3879 3198 3937 ἄνω
3227 3881 3398 3948 δείξας
3425 3889 3500 3959 τῇ
3535 3887 3712 3964 χειρί,

320 3981 460 4025 vero
487 3964 720 4052 qualem
749 3965 932 4027 Deum
959 3965 1141 4026 habes
1167 3973 1224 4027 et
1244 3965 1395 4028 colis
1418 3963 1443 4025 Υ
1469 3965 1800 4044 Respondit
1829 3968 1884 4029 Μ
1892 3989 1897 4024 ι

2142 3994 2208 4052 γει
2245 3974 2279 4040 ἡ
2325 3978 2486 4050 γραῦς
2522 3990 2536 4005 ·
2581 3972 2655 4027 Σὺ
2690 3970 2852 4045 μόνος
2897 3968 3050 4032 οἶδας
3095 3972 3278 4046 αὒτὺν,
3310 3972 3345 4039 ἦ
3389 3974 3482 4028 καὶ
3515 3963 3719 4039 δίλαός

324 4053 627 4143 bammed:
654 4051 756 4116 Est
782 4055 939 4116 alius
968 4053 1147 4128 Deus,
1172 4054 1351 4117 habet
1381 4072 1586 4116 servos
1611 4053 1900 4120 Micliacle

2140 4051 2146 4109 ί
2179 4082 2196 4137 ;
2249 4062 2338 4118 καὶ
2366 4063 2401 4129 ἡ
2446 4063 2600 4140 φωνή
2646 4063 2825 4133 αὒτοῦ,
2855 4061 2928 4122 ὡς
2953 4061 2990 4128 ἡ
3018 4061 3176 4133 ἡμῶν
3209 4066 3427 4141 χοΐκῶν
3459 4062 3643 4143 ἐστιν,
3680 4065 3717 4132 ἣ

323 4149 381 4230 et
411 4141 780 4230 Gabrielem.
817 4143 980 4206 Illius
1013 4161 1142 4204 sum
1175 4143 1506 4225 apostolus.
1531 4143 1687 4206 Dixit
1725 4145 1900 4206 vetula

2140 4151 2176 4209 3'
2209 4151 2372 4218 αὐτὴν
2403 4148 2527 4216 ξένη
2559 4167 2576 4230 ;
2612 4147 2770 4228 Λέγει
2801 4152 2829 4206 6
2873 4149 3169 4230 Μουχάμετ
3204 4166 3219 4181 ⁹
3253 4148 3375 4210 Οὐδ’
3420 4151 3538 4230 ἕγὼ
3582 4141 3717 4210 οἶδα

324 4229 436 4292 Ubi
470 4230 695 4293 habitat
727 4233 838 4295 iste
870 4232 1028 4294 Deus
1059 4251 1236 4314 quem
1289 4232 1612 4295 annuntias
1635 4239 1664 4296 ?
1692 4235 1901 4297 Muban

2137 4267 2144 4292 ι
2188 4243 2342 4319 Θεὸν,
2388 4239 2508 4297 οὔτε
2563 4229 2618 4297 0i
2673 4229 3049 4317 περιεστῶτες.
3118 4239 3276 4318 Λέγει
3319 4240 3355 4307 ἡ
3401 4229 3599 4318 γραῦς·
3640 4245 3714 4299 Σὺ

333 4320 468 4382 med
504 4321 729 4398 palmas
760 4323 829 4384 ad
865 4322 1062 4384 sidera
1088 4323 1331 4397 tollens,
1365 4323 1698 4404 respondit:
1732 4322 1903 4385 Habit

2139 4353 2229 4406 τεις
2274 4328 2354 4386 ὅτι
2399 4329 2525 4404 μίαν
2556 4327 2881 4386 διασκέλισιν
2912 4326 3109 4395 ἀνὲὄης
3163 4330 3234 4394 εἷς
3303 4332 3390 4385 τὸν
3435 4338 3576 4388 Θεον
3619 4333 3716 4388 σὺν

331 4409 390 4470 in
423 4409 864 4489 caslollrgehat
893 4411 1112 4474 vetula:
1151 4415 1240 4474 An
1299 4422 1356 4473 tu
1388 4411 1552 4473 solus
1583 4411 1750 4473 illum
1787 4423 1908 4475 nosl

2138 4433 2174 4485 ῖς
2219 4417 2526 4485 σανδαλίοις
2555 4440 2669 4476 σω.
2710 4419 2806 4477 Καὶ
2833 4418 2976 4496 τώρα
3008 4417 3206 4496 λέγεις,
3264 4421 3373 4478 Οὔκ
3429 4419 3562 4477 οἶδα
3609 4425 3715 4481 αὖ·

329 4519 402 4563 an
433 4515 571 4561 vero
598 4502 856 4582 populus
892 4512 1024 4563 tuus
1047 4503 1224 4563 etiam
1261 4513 1454 4564 tecum
1479 4503 1645 4565 illum
1672 4504 1906 4568 novit”.

2138 4530 2193 4591 νς
2227 4515 2341 4574 πῶς
2375 4508 2629 4565 ααλεῐσαι
2672 4506 2956 4588 προφήτης
3009 4510 3098 4565 καὶ
3141 4508 3444 4575 ἀπόστολος
3484 4529 3503 4584 ;
3550 4510 3715 4590 Λέγει

329 4590 490 4653 illius
521 4609 628 4652 vox
657 4591 979 4653 acceditad
1003 4610 1205 4654 vocem
1231 4593 1543 4654 hominum
1562 4602 1904 4656 terrenorui

2141 4590 2452 4678 Μουχάμετο
2490 4594 2657 4654 Ἀλλά
2689 4596 3031 4678 ἀρχάγγελος
3055 4604 3188 4658 Θεοὺ
3215 4597 3437 4678 ἔρχεται
3471 4599 3611 4676 πρός
3647 4622 3718 4670 με

331 4699 404 4742 an
419 4700 557 4743 vero
570 4682 643 4743 ab
660 4681 758 4743 illa
772 4681 1425 4762 discrepatBespondit
1441 4683 1901 4748 lliubammedzN

2135 4686 2174 4745 θ’
2236 4686 2471 4752 ἑκάστην
2515 4687 2576 4743 τδ
2606 4685 2778 4761 ὄνομα
2812 4685 3078 4766 Γαεριὴλ,
3113 4688 3202 4743 καὶ
3241 4686 3568 4765 ἀναγγέλλει
3614 4712 3712 4762 μοι

331 4789 439 4850 ego
456 4769 642 4833 Deum
664 4771 890 4844 novi,et
905 4773 1196 4852 primores
1213 4772 1414 4854 populi
1429 4775 1499 4833 ad
1518 4772 1676 4834 illius
1691 4775 1908 4853 cogniti

2136 4779 2179 4854 ρὶ
2208 4781 2283 4834 ὧν
2312 4775 2478 4853 λέγω.
2513 4775 2670 4853 Λέγει
2700 4777 2735 4844 ἡ
2764 4783 2951 4854 γραῦςο
2985 4775 3155 4834 Ὀταν
3186 4798 3280 4834 σου
3310 4775 3470 4834 λαλεῖ
3500 4779 3532 4834 6
3564 4777 3713 4860 ἀρχ-

332 4884 462 4928 nem
485 4886 596 4927 non
614 4883 926 4943 potuerunt
942 4874 1114 4928 etiam
1129 4887 1456 4941 assurgere.
1481 4871 1731 4929 Instabat
1751 4874 1909 4931 vetul.

1906 4891 1935 4932 a
1963 4893 1975 4933 :
2064 4866 2322 4946 ἄγγελος,
2354 4867 2417 4923 σὺ
2445 4865 2611 4941 μόνος
2655 4865 2890 4946 ἀκούεις,
2927 4865 2962 4932 ἢ
2994 4866 3080 4922 καὶ
3113 4867 3140 4922 6
3171 4864 3300 4932 λαός
3333 4888 3428 4923 σου
3457 4889 3475 4940 ;

331 4950 639 5024 Quomodo
674 4955 796 5015 hinc
825 4952 1168 5035 quadrant?
1203 4953 1377 5012 modo
1406 4951 1652 5014 dicebas
1686 4962 1740 5014 te
1773 4956 1948 5018 unico
1983 4975 2156 5038 passu
2187 4963 2244 5016 et
2271 4955 2442 5036 quasi
2470 4954 2650 5016 unica
2678 4953 3120 5016 subsultatione
3151 4962 3210 5016 te
3239 4973 3376 5016 cum
3407 4955 3714 5019 sandaliis

331 5041 444 5101 tuis
477 5044 657 5105 ccelos
689 5044 1020 5105 ascendere
1055 5053 1112 5104 et
1140 5055 1195 5104 te
1227 5043 1299 5104 ad
1337 5044 1519 5105 Deum
1555 5062 1741 5125 usque
1778 5047 2138 5124 pervenire;
2181 5063 2340 5106 nunc
2371 5063 2514 5106 vero
2545 5043 2697 5107 dicis
2728 5054 2786 5106 te
2819 5063 2938 5106 non
2964 5062 3142 5106 nosse
3166 5043 3714 5118 Deum.0u0modo

329 5140 494 5210 potes
525 5151 663 5212 ergo
696 5133 859 5196 illius
890 5139 1182 5216 propheta
1215 5142 1274 5195 et
1301 5134 1608 5214 apostolus
1639 5133 1838 5196 vocari
1865 5136 1890 5197 ’ί
1916 5138 2015 5199 Sic
2047 5147 2159 5207 est,
2198 5133 2391 5215 inquit
2419 5131 2822 5207 Muhammed,
2860 5133 2965 5196 sed
3017 5132 3258 5198 Gabriel
3308 5136 3717 5215 archangelus

334 5219 436 5279 Dei
463 5221 536 5282 ad
571 5242 662 5283 me
693 5224 967 5299 queiidie
999 5222 1232 5286 accedit
1255 5233 1314 5285 et
1345 5242 1416 5286 ea
1447 5223 1590 5285 mihi
1625 5223 1850 5286 revelat
1883 5246 2015 5307 quas
2043 5224 2209 5288 vobis
2239 5226 2532 5287 annuntio
2565 5223 2857 5303 Pergebat
2887 5222 3108 5298 vetula,
3143 5233 3204 5286 et
3242 5223 3526 5290 dicebat:
3568 5228 3720 5290 Cum

329 5309 560 5371 accedit
590 5330 657 5372 ac
689 5313 954 5389 loquitur
981 5313 1252 5394 angelus,
1288 5332 1361 5375 an
1397 5321 1458 5374 tu
1490 5313 1653 5374 solus
1687 5313 1854 5376 illum
1883 5333 1956 5378 an
1991 5334 2132 5379 vero
2164 5315 2421 5396 populus
2451 5314 2620 5376 illum
2655 5316 2837 5376 etiam
2870 5313 3088 5376 audit?

417 5397 478 5461 Si
501 5418 712 5461 omnes
742 5402 1014 5473 audiunt.
1041 5422 1253 5465 omnes
1277 5413 1414 5466 sunt
1437 5403 1688 5482 apostoli
1721 5406 1980 5468 archan-

2148 5409 2204 5464 Εἰ
2265 5405 2359 5478 μὲι
2421 5405 2513 5462 σὺν
2574 5417 2690 5462 τοῖς
2749 5403 2968 5484 ὄχλοις,
3019 5403 3217 5465 πάντες
3249 5405 3381 5460 εἰσιν
3416 5403 3719 5463 ἀπόσταλοι

334 5489 477 5567 geli,
503 5497 562 5549 et
593 5495 653 5549 tu
685 5489 932 5568 gratiam
967 5492 1225 5569 aliquam
1259 5502 1316 5554 et
1349 5491 1712 5554 beneﬁcium
1735 5494 1911 5573 aliqui

2143 5494 2154 5550 ἱ
2210 5493 2576 5575 ἀρχαγγέλου,
2621 5493 2717 5550 καὶ
2768 5495 2831 5552 σὺ
2874 5495 3037 5574 χάριν
3081 5495 3175 5551 οὒκ
3217 5492 3391 5573 ἔχεις.
3447 5496 3508 5552 Ei
3552 5493 3609 5551 δί
3658 5497 3720 5553 σὺ

339 5577 644 5659 peculiare
662 5580 892 5659 jactare
917 5600 1034 5642 non
1061 5581 1322 5659 potes.Si
1345 5601 1486 5645 vero
1509 5581 1670 5644 solus
1687 5583 1916 5658 audis,a

2145 5605 2254 5655 νος,
2314 5585 2341 5639 6
2393 5581 2733 5663 ἀρχάγγελος
2785 5585 2930 5641 ἔστιν
2975 5581 3302 5656 ἀπόστολος,
3333 5584 3512 5641 καὶσὺ
3545 5583 3722 5662 οὖδέο,

338 5669 664 5746 changelus
687 5679 778 5732 est
800 5670 1128 5752 apostolus,
1159 5681 1221 5732 tu
1245 5688 1386 5735 vero
1409 5690 1650 5751 prorsus
1678 5672 1852 5750 nihil;
1887 5685 1915 5733 ti

2161 5674 2249 5732 οὖν
2282 5673 2469 5731 ἑαυτὸν
2499 5671 2800 5732 ἀπόστολον
2831 5672 2911 5750 μὴ
2959 5671 3176 5739 καλεῖς.
3233 5673 3392 5752 Λέγει
3423 5675 3452 5730 6
3484 5677 3722 5757 Πουχᾶο
