3994 6232
1817 43 2109 62 ε,,......ε-..,,,
2129 42 2233 61 ___
2250 28 2459 61 ,π
2458 25 2665 63 imi»:

3461 398 3616 465 1488

258 419 408 486 1437
1486 407 1977 481 GONFUTATIO
2017 408 2391 474 AGARENI.

248 577 350 633 μετ
382 573 399 592 ⁸
449 554 690 634 Στρέψον
735 551 990 628 σεαυτὴν,
1035 554 1114 629 μή
1158 573 1275 617 πως
1318 553 1632 629 κατακόπῇς
1682 549 1766 624 σὺ,
1800 546 1888 604 καὶ

1976 542 2168 634 ipsum
2202 560 2344 634 ergo
2394 541 2729 634 apostolum
2763 558 2884 603 non
2929 540 3188 621 amplius
3216 554 3417 634 voces.
3447 535 3608 634 fles-

246 627 315 704 τά
343 644 504 703 τέκνα
527 627 643 702 ⁷σου
697 642 785 701 διὰ
814 627 1011 721 ξίφους.
1039 627 1189 712 ἡψησὶ
1218 641 1270 698 δὲ
1301 644 1336 710 ἡ
1368 650 1528 721 γραῦς
1565 627 1588 675 ’⁷
1613 636 1888 707 Φοϐήθητι

1976 633 2183 713 pondit
2210 632 2588 696 Muhammed
2625 654 2639 697 :
2677 632 2970 696 Converte
2999 640 3076 721 te.
3115 649 3190 692 ne
3220 639 3281 691 tu
3313 627 3613 706 liberique

246 738 340 793 τὸν
371 738 528 815 Θεὸν,
574 735 634 791 ὃν
680 737 990 812 γινώσκεις.
1025 740 1241 811 Πρῶτον
1285 732 1582 810 πρόσταξον
1623 731 1691 787 τὰ
1732 728 1888 785 τέκνα

1976 722 2058 783 tui
2080 722 2285 815 gladio
2309 722 2757 803 pereatis.Dixit
2779 722 2994 784 vetula:
3017 720 3187 815 Time
3214 722 3403 815 Deum
3434 731 3612 815 quem

249 849 353 897 μου
398 830 798 897 κατακοπῆναι,
826 838 949 881 εῐτα
987 823 1118 903 ἐγὼ,
1150 825 1228 898 μή
1260 844 1392 881 ποτε
1423 820 1687 885 πολλάκις
1718 819 1892 876 ὀπίσω

249 939 352 993 μου
392 916 815 986 ἐναπομείναντα
859 916 909 971 ot
951 913 1142 975 παῖδες
1204 915 1278 977 ὡς
1324 910 1546 993 ἄφρονεξ
1593 911 1681 967 καὶ
1723 910 1893 988 μωροὶ

248 1009 623 1065 πιστεύσουσιν
682 1006 737 1063 ἐν
799 1004 1155 1085 ἐσφαλμένοις
1215 1002 1447 1081 δόγμασί
1503 1024 1619 1078 σου,
1666 1001 1754 1059 καὶ
1795 1019 1896 1078 γε·

249 1098 461 1174 νώμεθα
502 1097 727 1174 ἁρνηταὶ
755 1102 848 1154 τοῦ
871 1103 1003 1154 Θεοῦ
1022 1095 1181 1169 ἡμῶν
1236 1094 1393 1170 Λέγει
1424 1090 1479 1149 δὲ
1509 1093 1539 1150 6
1571 1091 1893 1171 Μουχάμετο

245 1188 384 1247 Ἕνα
415 1186 580 1263 μόνον
610 1185 749 1260 εἰπὲ,
781 1184 862 1242 ὅτι
920 1187 947 1241 6
989 1182 1290 1264 ηουχὰμετ
1321 1182 1463 1239 ἐστὶν
1492 1182 1778 1260 προφήτης
1807 1178 1895 1235 καὶ

246 1276 574 1351 ἀπόστολος,
633 1276 725 1333 καὶ
782 1274 1039 1333 ἀπολύσω
1081 1296 1167 1354 σε,
1209 1271 1308 1330 καὶ
1350 1271 1435 1346 σὲ,
1480 1272 1570 1329 καὶ
1612 1271 1680 1328 τὰ
1732 1268 1894 1326 τέκνα

246 1388 364 1428 σου.
411 1366 568 1444 Λέγει
611 1367 645 1434 ἡ
691 1366 851 1444 γραῦς
886 1383 899 1397 '
948 1362 1130 1430 ’ίΑπαξ
1172 1363 1251 1439 μὴ
1302 1362 1515 1441 γένοιτο
1547 1362 1725 1418 εἰπεῖν
1755 1358 1894 1434 μετά

245 1458 355 1515 τῶν
396 1457 597 1514 τέκνων
637 1476 740 1531 μου
801 1460 1041 1511 τοιοῦτον
1096 1453 1281 1532 λόγον.
1332 1449 1621 1529 Προστάξει
1677 1448 1769 1507 οὖν
1799 1454 1894 1505 τοῦ

243 1546 554 1628 Μουχάμετ
606 1543 914 1620 κατέκοψαν
960 1543 1027 1599 τὰ
1074 1542 1234 1600 τέκνα
1275 1545 1375 1611 τῆς
1406 1542 1595 1620 γραὸς,
1626 1553 1749 1597 εϊτα
1791 1539 1893 1595 αὖ·

243 1639 346 1705 τὴν
408 1637 590 1694 ἐπάνω
633 1636 740 1691 τῶν
789 1633 991 1690 τέκνων
1043 1633 1235 1698 αὐτῆς.
1270 1631 1403 1690 Τότε
1445 1629 1592 1709 λέγει
1631 1631 1659 1687 ὀ
1690 1629 1893 1687 Ἀπου-

245 1726 486 1794 ταλέπης
530 1726 559 1785 ό
588 1728 732 1790 θεῖος
784 1724 965 1804 αὐτοῦ,
1026 1721 1056 1779 ὂ
1111 1720 1210 1778 καὶ
1270 1721 1565 1801 ἀνάτροφος
1614 1729 1708 1780 τοῦ
1734 1718 1891 1782 Mou-

244 1816 453 1899 χάμετ.

325 1984 484 2062 Μέγα
515 1996 688 2061 κρῖμα
715 1980 927 2060 ἐγένετο
974 1984 1049 2047 είς
1097 1979 1198 2049 τὴν
1255 1990 1441 2060 γραῦν,
1488 1981 1574 2038 καὶ
1629 1981 1696 2037 τὰ
1737 1978 1898 2036 τέκνα

242 2074 409 2142 αὖτῆς
442 2088 460 2107 ⁸
494 2075 539 2130 εἱ
569 2071 668 2148 μὲν
698 2073 799 2151 γὰρ
848 2068 1125 2147 ἐψεύδετο,
1161 2085 1319 2152 εἶχες
1370 2068 1580 2149 ἐλέγξαι
1613 2068 1805 2148 αύτὴν,
1850 2075 1896 2131 εἰ

238 2163 296 2221 δὲ
326 2162 567 2237 ἀληθῶς,
603 2160 690 2219 διὰ
733 2166 784 2218 τί
826 2159 950 2218 ἀντὶ
982 2170 1076 2221 τοῦ
1114 2167 1311 2241 σῶσαι,
1362 2160 1648 2224 ἀπώλεσας
1686 2178 1703 2235 ;
1734 2158 1897 2236 Λέγει

238 2255 384 2328 αὒτῷ
428 2254 459 2310 ὅ
485 2250 792 2333 Μουχάμετ
825 2266 840 2282 ⁸
895 2248 1143 2318 Ἀληθῶς
1200 2250 1495 2329 ἀνέθρεψας
1526 2271 1620 2326 με,
1652 2248 1771 2306 ἀλλ⁹
1803 2259 1895 2308 οὖν

239 2341 405 2413 ἤθελα
451 2340 623 2409 δεῖξαι
684 2342 749 2398 τὰ
807 2340 1085 2416 θελήματα
1143 2350 1236 2401 τοῦ
1295 2343 1429 2398 Θεοῦ
1469 2340 1633 2419 ποιῶ,
1698 2339 1893 2396 καὶσὺ

239 2434 599 2510 ἀνθίστασαι;
674 2424 913 2511 φύλασσε
971 2430 1053 2505 μὴ
1111 2429 1389 2509 ἀποῤῥίψω
1445 2429 1546 2499 τὰν
1604 2427 1737 2486 αὶδὼ
1792 2430 1892 2496 τῆς

238 2522 570 2603 ἀνατροφῆς,
619 2522 708 2579 γαὶ
751 2521 990 2601 φονεύσω
1035 2540 1120 2581 σε.
1151 2521 1310 2599 Λέγει
1354 2520 1385 2577 ὅ
1426 2518 1834 2586 Ἀπουταλέπης
1870 2535 1886 2551 ·

241 2610 389 2691 Ἐγὼ
421 2614 481 2670 οὗ
524 2611 757 2669 πιστεύω
800 2612 956 2685 Θεὸν,
1017 2619 1080 2670 οὔ
1132 2611 1262 2666 εἰσιν
1299 2610 1366 2667 τὰ
1397 2608 1677 2685 θελήματα
1707 2609 1887 2683 αὐτοῦ,

242 2700 343 2761 ὅσα
386 2701 448 2758 ἂν
494 2702 555 2758 σὺ
587 2712 794 2762 ποιεῖς.
830 2697 986 2776 Λέγει
1020 2700 1048 2757 ό
1077 2699 1381 2779 Μουχάμετ
1418 2715 1434 2732 ⁶
1477 2701 1550 2759 Οὔ
1594 2699 1886 2778 πιστεύεις,

243 2790 355 2853 ὅτις
388 2813 457 2867 με
486 2790 790 2851 ἀπόστολος
824 2795 990 2862 Θεοῦς
1025 2788 1207 2867 Λέγει⁶
1240 2785 1332 2857 Μὴ
1363 2788 1599 2867 γένοιτο.
1631 2789 1737 2849 Καὶ
1766 2787 1891 2865 ὥρι-

245 2902 334 2938 σεν
378 2881 408 2938 ὀ
438 2880 745 2959 Μουχᾶμετ
774 2884 1071 2944 τηνικαῦτα
1100 2882 1495 2945 κατακοπῆναι.
1533 2874 1639 2939 Καὶ
1688 2875 1885 2943 ἐποίη-

242 2991 342 3027 σαν
385 2968 580 3031 οὕτως.
651 2966 895 3035 ’Λληθῶς
967 2966 1181 3033 πάντως
1245 2965 1525 3034 ἀληθεύειν
1568 2987 1659 3043 με,
1722 2966 1887 3046 μέχρι

243 3059 337 3116 τοῦ
379 3066 468 3116 νῦν
509 3057 700 3139 ἔχουσι
750 3057 854 3115 τῶν
915 3057 1170 3115 τοιούτων
1212 3058 1429 3134 τρόπων
1472 3062 1580 3115 τῶν
1630 3053 1886 3133 ἐϐδελυγο

1974 811 2153 874 nosti.
2193 814 2394 877 Primo
2454 830 2595 875 vero
2654 814 2919 875 decerne
2969 822 3030 873 ut
3059 811 3232 874 liberi
3268 808 3386 871 mei
3418 805 3613 885 capite

1979 910 2354 974 truncentur,
2388 922 2498 982 ego
2531 921 2669 965 vero
2704 912 3004 976 postrema
3034 899 3332 981 supplicio
3356 916 3473 979 quo
3503 914 3611 957 vo-

1980 992 2167 1055 lueris
2187 993 2537 1073 plectar.Ne
2551 993 2755 1054 forsan
2779 993 2956 1055 liberi
2983 1002 3114 1073 post
3129 1010 3223 1052 me
3235 987 3607 1069 superstites,

1979 1082 2228 1145 stultitia
2264 1093 2325 1144 et
2347 1084 2564 1149 mentis
2586 1082 2937 1163 impotentia
2964 1087 3132 1157 muti,
3160 1079 3407 1142 credant
3435 1094 3608 1138 erro-

1980 1172 2113 1235 neis
2133 1172 2247 1234 tuis
2266 1172 2733 1252 dogmatibus,et
2752 1172 2856 1234 Dei
2882 1173 3069 1235 nostri
3090 1170 3318 1234 cultum
3340 1166 3611 1244 etcogni-

1977 1261 2201 1325 tionem
2225 1261 2653 1342 ejurent.Dixit
2672 1260 3073 1324 Muhammed:
3090 1259 3362 1322 Proferas
3380 1264 3609 1319 tantum

1977 1351 2103 1414 base
2118 1351 2300 1415 verba
2324 1370 2341 1412 :
2365 1352 2749 1417 Muhammed
2789 1360 2880 1415 est
2910 1352 3204 1434 propheta
3227 1359 3286 1412 et
3306 1346 3613 1428 apostolus

1975 1440 2177 1517 Dei,et
2194 1450 2249 1505 te
2262 1462 2400 1505 cum
2418 1442 2627 1504 liberis
2639 1442 2934 1504 dimittam
2954 1443 3148 1504 salvos
3169 1448 3228 1502 et
3248 1437 3608 1500 incolumes.

1976 1528 2306 1612 Respondit
2348 1534 2585 1595 vetula:
2622 1532 2795 1595 Absit
2826 1541 2890 1594 ut
2921 1532 3061 1594 talia
3089 1529 3273 1593 verba
3303 1528 3393 1589 vel
3423 1524 3615 1587 semel

1976 1621 2153 1683 nobis
2194 1622 2494 1686 excidant.
2519 1620 2701 1685 Jubet
2731 1640 2876 1703 ergo
2907 1622 3116 1684 furens
3140 1614 3520 1683 Mubammed
3551 1621 3616 1676 ut

1975 1710 2149 1773 liberi
2180 1711 2760 1781 interimerentur.et
2790 1731 2996 1773 eorum
3031 1706 3484 1786 funera,matris
3512 1705 3611 1765 fu-

1978 1819 2122 1863 nere
2145 1802 2615 1864 cumularentur.
2640 1802 2729 1864 Ad
2758 1802 2885 1865 haec
2906 1799 3243 1883 excipiebat
3261 1794 3615 1874 Abutalipes

1906 1897 1945 1950 Β
1964 1890 2290 1954 avunculus
2319 1901 2382 1954 et
2403 1890 2698 1954 enutritor
2727 1889 3165 1954 Muhammedis
3192 1908 3208 1953 :

2058 1981 2236 2045 Certe
2267 1999 2481 2057 magna
2508 1980 2726 2061 injuria
2756 1980 2969 2044 affecta
2996 1989 3091 2042 est
3120 1980 3232 2041 ista
3254 1976 3452 2039 vetula
3472 1993 3608 2038 cum

1977 2070 2189 2134 liberis
2218 2076 2381 2146 suis;
2412 2088 2547 2131 nam
2581 2071 2630 2132 si
2665 2071 3071 2134 mentiebatur
3117 2078 3176 2132 et
3207 2066 3470 2145 errabat,
3503 2082 3609 2127 ar-

1977 2158 2217 2235 gnenda
2237 2158 2585 2221 etdocenda
2608 2167 2758 2234 erat,
2792 2160 2842 2221 si
2874 2167 3073 2221 autem
3097 2175 3235 2220 vera
3259 2165 3420 2218 esset
3448 2154 3613 2216 illius

1980 2247 2345 2329 ﬁdes.quare
2365 2249 2521 2310 illam
2543 2248 2893 2310 interimere
2922 2249 3120 2328 potius
3140 2265 3317 2328 quam
3340 2244 3501 2307 illam
3524 2244 3612 2306 in-

1977 2337 2275 2401 columem
2292 2337 2594 2400 dimittere
2608 2338 2879 2401 voluisti?
2892 2335 3456 2400 DixitMnhammed:
3484 2334 3611 2398 Re-

1974 2445 2114 2490 vera
2132 2435 2196 2489 tu
2217 2445 2312 2489 me
2332 2426 2679 2501 aluisti,seil
2714 2428 3022 2491 ostendam
3056 2426 3216 2507 quod
3246 2426 3610 2487 voluntatem

1976 2518 2084 2581 Dei
2115 2516 2291 2590 facio,
2325 2529 2384 2579 tu
2440 2535 2580 2581 vero
2638 2518 2825 2581 audes
2856 2517 3297 2581 contradicere.
3328 2516 3482 2578 Cave
3532 2531 3612 2576 ne

1976 2607 2138 2669 omni
2159 2606 2451 2670 memoria
2467 2617 2525 2669 et
2539 2609 2904 2670 conscientia
2921 2607 3350 2670 beneﬁciorum
3366 2613 3607 2667 tuorum

1971 2706 2288 2772 remota,te
2312 2697 2512 2759 statim
2540 2697 2905 2762 interimam.
2924 2695 3461 2777 DixitAbutalipes:
3486 2693 3609 2773 Ego

1972 2788 2288 2849 noncredo
2311 2787 2370 2849 in
2398 2789 2585 2850 Deum
2610 2790 2813 2859 istum,
2842 2788 3017 2868 cujus
3039 2795 3178 2850 sunt
3197 2801 3612 2866 operaeaquaa

1970 2875 2887 2958 facis.EvcipiehatMuhammed
2920 2879 3088 2941 :Non
3110 2895 3252 2956 ergo
3285 2874 3482 2938 credis
3514 2890 3609 2935 me

1969 2984 2105 3029 esse
2137 2967 2489 3047 prophetam
2504 2966 2653 3029 Dei?
2672 2966 3210 3049 DixitAbutalipes:
3239 2965 3484 3029 Absitut
3498 2963 3611 3025 hoc

1968 3055 2208 3118 credam
2235 3056 2251 3115 ι
2286 3056 2460 3121 Unde
2488 3056 2704 3118 furoris
2733 3065 2914 3119 (nstro
2939 3057 3201 3137 percitus
3224 3051 3606 3119 Mubammed

245 3149 442 3225 μένων,
476 3145 577 3208 Καὶ
606 3145 788 3226 ἕτερον
817 3159 1052 3219 σημεῖον
1086 3161 1101 3176 ’
1138 3146 1204 3203 σύ
1232 3145 1409 3223 λέγεις
1446 3147 1780 3227 εἶσέρχεσθαι
1812 3145 1887 3209 εἰς

1976 3145 2141 3225 iussit
2172 3153 2236 3207 ut
2266 3146 2468 3210 statim
2496 3144 2901 3218 occideretur,
2927 3145 3086 3228 quod
3119 3146 3337 3208 factum
3368 3153 3483 3208 est.
3520 3146 3612 3204 Me

243 3240 336 3296 τὸν
378 3238 546 3301 Μακᾶ
586 3239 736 3312 ὑμῶν
768 3238 843 3301 ὡς
888 3235 976 3293 ἐπ’
1007 3238 1177 3316 εὐχῇ,
1220 3233 1557 3293 λιθοϐολεῐτε
1601 3237 1692 3292 τὸν
1722 3235 1888 3293 τόπον

1976 3244 2168 3299 autem
2200 3254 2405 3301 verum
2437 3236 2643 3299 dicere
2691 3246 2944 3299 testatur
2991 3236 3363 3299 consuetudo
3396 3243 3455 3297 et
3482 3252 3612 3296 mos

242 3329 451 3387 τοῦτον.
476 3326 582 3390 Καὶ
611 3325 985 3408 ἐρωτώμενος,
1009 3328 1056 3382 ὦ
1086 3324 1500 3405 Μουσουλμανέ,
1530 3326 1625 3381 Διά
1653 3324 1704 3380 τί
1739 3324 1885 3381 λιθο-

1976 3326 2072 3404 qui
2092 3326 2250 3388 inter
2271 3327 2713 3390 abominandos
2734 3328 2884 3389 ritus
2899 3334 3130 3389 vestros
3141 3324 3605 3406 usurparisolet.

240 3415 455 3477 ϐολεϊτε
511 3420 604 3476 τὸν
646 3418 812 3475 τόπον
844 3436 862 3487 ς
898 3417 983 3472 καὶ
1030 3415 1243 3495 λέγετε,
1276 3413 1360 3471 ὅτι
1392 3413 1491 3472 οὒκ
1521 3414 1828 3471 ἐπίστευσεν
1858 3416 1887 3470 6

1976 3416 2165 3479 Unum
2186 3417 2405 3496 quippe
2427 3417 2666 3493 signum
2688 3417 2898 3479 soletis
2922 3418 3141 3480 aﬁ'erre
3160 3436 3228 3478 ex
3247 3416 3323 3477 iis
3343 3414 3443 3496 qui
3463 3414 3613 3477 Mec-

242 3506 655 3575 Ἀπουταλέπης
713 3508 806 3564 τὸν
863 3503 1190 3586 Βουλόμετ.
1253 3504 1365 3567 Καὶ
1418 3503 1600 3581 ἕτερον
1654 3516 1888 3579 σημεῖον

1976 3504 2141 3566 cbam
2174 3505 2247 3565 ad
2307 3506 2604 3567 orandum
2664 3506 3108 3584 ingrediuntur.
3143 3506 3357 3569 Solent
3388 3503 3609 3585 quippe

242 3596 386 3677 λέγω
427 3599 583 3677 ὕμϊν,
613 3595 695 3654 ὅτι
726 3597 884 3676 ἐγγὺς
915 3606 1006 3655 τοῦ
1036 3596 1206 3653 τόπου
1264 3595 1469 3653 ἐκείνου
1524 3594 1665 3652 ἐστὶν
1722 3594 1887 3674 φρέαρ

248 3696 334 3745 τοῦ
371 3698 461 3748 νῦν
519 3688 884 3766 Ζουνζούμην,
928 3684 1060 3765 ἕχον
1108 3685 1242 3743 πολὺ
1282 3682 1444 3764 ὕδωρ,
1491 3685 1580 3740 καὶ
1629 3687 1751 3749 τοὺς
1781 3706 1884 3765 φυ-

241 3799 434 3857 γοντας
464 3777 644 3835 ἐκεῖσε
675 3774 926 3841 ἔϐαλλον,
960 3776 1066 3836 Καὶ
1120 3777 1183 3833 σὺ
1214 3773 1584 3843 πεπλάνησαι,
1618 3777 1701 3830 καὶ
1731 3774 1885 3852 ἅγιον

239 3869 408 3928 τόπον
438 3865 773 3939 λιθοϐολεῖς,
806 3868 895 3922 καὶ
943 3868 998 3923 ἐν
1029 3872 1105 3940 τῷ
1132 3866 1487 3944 ὑποστρέφειν
1517 3863 1577 3921 έκ
1606 3866 1696 3921 τὸν
1725 3860 1887 3924 κακᾶ

240 3955 532 4032 λαμϐάνεις
589 3954 727 4034 ὕδωρ
758 3956 814 4012 ἐν
874 3963 965 4013 τοῦ
1008 3955 1237 4036 φρέατος
1285 3955 1509 4013 ἐκείνου.
1556 3951 1662 4016 Καὶ
1720 3976 1885 4028 κομι-

238 4050 463 4122 ζόμενος
517 4047 593 4113 εἷς
645 4047 741 4115 τὴν
787 4045 954 4102 οἰκίαν
1008 4044 1124 4102 ἀντὶ
1156 4043 1427 4123 εὐλογίας,
1475 4044 1564 4101 καὶ
1600 4045 1674 4105 εἷς
1702 4043 1887 4121 ἐτέρας

238 4139 452 4217 χώρας,
497 4137 587 4194 καὶ
629 4134 976 4215 ἐρωτώμενος
1035 4133 1163 4213 παρ’
1195 4134 1349 4209 ἐμοῦ.
1382 4132 1444 4192 Τί
1473 4132 1619 4191 ἐστιν
1648 4134 1710 4188 τὸ
1751 4132 1889 4211 ὕδωρ

1971 3594 2130 3656 hunc
2153 3595 2349 3657 locum
2378 3594 2674 3674 lapidibus
2693 3594 3091 3675 impotere.Et
3111 3593 3465 3673 interrogati
3486 3596 3612 3656 Mu-

1970 3683 2263 3745 sulmanni
2296 3701 2479 3765 quare
2511 3684 2741 3765 lapides
2770 3685 2857 3746 sic
2888 3681 3610 3765 projiciant,respondent

1969 3772 2106 3835 ideo
2127 3773 2183 3835 id
2210 3774 2336 3836 ﬁeri
2359 3773 2498 3855 quia
2510 3774 2854 3854 Abutalipes
2870 3774 3321 3836 noluitcredere
3334 3773 3606 3835 lluham-

1972 3862 2132 3923 medi
2163 3863 2366 3926 Altero
2389 3881 2527 3925 vero
2552 3864 2722 3942 signo
2744 3871 2802 3925 te
2824 3863 3243 3926 confutaturus
3265 3882 3421 3926 sum.
3455 3863 3605 3925 Nam

1965 3952 2134 4032 juxta
2164 3953 2341 4014 istum
2376 3954 2568 4014 locum
2618 3962 2707 4014 est
2758 3962 2976 4031 puteus
3017 3951 3361 4015 Tsumtsum
3396 3953 3453 4013 in
3488 3958 3608 4033 quo

1972 4041 2227 4103 maxima
2258 4059 2545 4121 aquarum
2578 4041 2814 4121 copia,a
2845 4043 3377 4123 quo,accedentes,
3411 4041 3611 4103 solent

1969 4148 2177 4193 arcere
2207 4138 2265 4193 et
2293 4130 2615 4211 ejicereEt
2651 4141 2714 4193 tu
2759 4132 3052 4211 impostor
3080 4141 3140 4193 et
3165 4132 3477 4212 deceptus,
3515 4132 3603 4192 la-

238 4227 418 4300 τοῦτο,
479 4228 570 4283 καὶ
626 4227 791 4284 πόθεν
834 4224 955 4305 ἔχει
1015 4225 1118 4291 τὴν
1177 4223 1475 4302 εὐλογίαν;
1536 4225 1622 4280 καὶ
1673 4222 1882 4302 λέγετε⁰

1976 4220 2213 4301 pidibus
2269 4220 2504 4300 impetis
2553 4220 2749 4282 locum
2785 4223 2966 4284 istum
3012 4223 3317 4284 Sanctum.
3370 4220 3438 4283 Et
3467 4240 3603 4282 cum

239 4323 407 4373 Τοῦτο
435 4318 550 4373 ἐστι
580 4317 641 4372 τὸ
670 4312 808 4393 ὕδωρ
833 4315 894 4371 τὸ
930 4315 1291 4393 Ζουνζούμην,
1327 4312 1410 4370 ὅτι
1432 4313 1564 4370 ποτὲ
1593 4315 1622 4369 6
1650 4313 1762 4377 υίὸς
1794 4320 1886 4370 τοῦ

1976 4309 2208 4372 Meccha
2228 4310 2550 4372 reverteris
2574 4310 3065 4392 domum,aqnam
3091 4331 3159 4374 ex
3183 4313 3293 4372 isto
3320 4320 3497 4392 puteo
3514 4329 3607 4372 ac-

239 4401 482 4483 Ἀϐραὰμ
525 4405 793 4479 ἐκοιμήθη
845 4405 989 4483 ἐκεῖ,
1024 4404 1115 4459 καὶ
1165 4402 1442 4468 ἐξυπνίσας
1487 4400 1762 4478 ἐδίψησεν,
1796 4405 1885 4459 καὶ

1976 4399 2119 4479 cipis
2142 4418 2317 4481 quam
2345 4399 2477 4461 loco
2503 4400 2940 4462 benedictionis
2965 4401 3068 4463 tibi
3084 4402 3444 4477 servas,etin
3460 4401 3609 4462 alias

238 4493 319 4568 μὴ
375 4493 631 4572 εὑρίσκων
687 4490 849 4567 ὕδωρ,
908 4492 1092 4569 ἕτριψε
1158 4492 1252 4560 την
1306 4494 1534 4569 πτέρναν
1590 4491 1750 4548 αὖτοῧ
1808 4493 1883 4556 εἰς

1976 4491 2247 4569 regiones
2270 4491 2428 4552 soles
2447 4490 3019 4570 circumgestare.Et
3042 4510 3075 4551 a
3099 4510 3192 4552 me
3211 4491 3608 4569 interrogatus

237 4583 339 4649 τὴν
397 4588 527 4661 γῆν,
587 4584 672 4639 καὶ
720 4578 874 4648 ἐξέϐη
918 4583 980 4638 τὸ
1022 4580 1183 4659 ὕδωρ,
1225 4583 1313 4639 καὶ
1343 4580 1563 4660 παρέκει
1595 4581 1736 4638 ἐστὶν
1766 4582 1884 4659 βω-

283 4675 296 4688 .
497 4675 511 4688 .
580 4673 593 4688 .
675 4670 705 4688 ι,
750 4673 761 4688 ,
891 4675 905 4688 .
958 4671 977 4688 ς
1032 4673 1044 4688 ι
1146 4673 1160 4688 .
1225 4677 1252 4688 ..
1419 4674 1434 4688 .
1592 4678 1617 4688 ..
1745 4673 1758 4688 .
1833 4672 1842 4688 .

1976 4579 2160 4660 qualis
2183 4591 2273 4641 est
2295 4579 2406 4642 ista
2438 4600 2614 4660 aqua,
2648 4590 2707 4641 et
2738 4580 2899 4642 unde
2923 4580 3091 4641 istam
3128 4581 3605 4643 benedictionem

237 4675 364 4753 μὸς,
427 4675 516 4730 καὶ
570 4670 841 4729 ἀναϐαίνει
886 4675 913 4729 6
958 4671 1088 4736 λαὸς
1141 4673 1317 4751 ὑμῶν,
1350 4674 1437 4728 καὶ
1467 4678 1708 4729 ποιοῦσιν
1738 4672 1880 4746 ἠμέ-

1976 4669 2224 4730 hauserit
2243 4669 2705 4743 etcoutraxerit;
2725 4670 3120 4750 respondetis:
3141 4670 3407 4751 Estaqna
3427 4673 3606 4731 Zum-

236 4784 331 4840 ρας
387 4763 464 4843 γ’,
526 4762 621 4819 καὶ
682 4763 879 4839 βοῶσιν
920 4761 1089 4825 οὕτως
1145 4760 1419 4842 λέγοντες,
1454 4764 1586 4835 πρὸς
1627 4763 1718 4819 τὸν
1750 4764 1882 4819 Θεὸν

1976 4758 2269 4839 tum.quia
2300 4758 2379 4819 ibi
2412 4760 2567 4821 ﬁlius
2599 4760 2926 4823 Abrahami
2957 4778 3167 4820 somno
3196 4760 3605 4819 obrutnsdor-

234 4850 479 4926 δεόμενοι
513 4871 528 4884 ·
565 4853 626 4912 Τί
671 4851 909 4918 κελεύεις
944 4868 960 4925 ;
1021 4851 1082 4909 ἐκ
1124 4853 1326 4931 τρίτου,
1387 4854 1475 4909 καὶ
1534 4853 1879 4931 ἐρωτώμενος

1976 4849 2419 4921 mivit,excusw
2444 4868 2582 4913 vero
2610 4868 2990 4929 sumno,cum
3016 4848 3116 4909 siti
3142 4858 3473 4927 urgeretar,
3498 4866 3607 4908 nec

234 4941 360 5020 παρ’
393 4942 548 5023 ἐμοῦ,
582 4943 734 5005 Τίνος
766 4944 928 5022 χάριν
952 4950 1111 5000 τοῦτο
1140 4955 1349 4999 ποιεῖτε
1381 4958 1398 5016 ;
1432 4941 1641 5023 λέγετε,
1676 4942 1757 5001 ὅτι
1789 4945 1881 5000 τὸν

234 5029 430 5111 Ἀδὰμ,
462 5035 551 5089 καὶ
610 5033 711 5100 τὴν
762 5031 867 5090 Εὕα
916 5030 1019 5088 ὧδε
1051 5031 1259 5099 ἣνωσεν
1291 5034 1319 5089 6
1385 5034 1540 5112 Θεὸς,
1601 5034 1689 5089 καὶ
1745 5035 1883 5107 μετὰ

235 5126 342 5176 τῶν
391 5120 567 5177 ἄλλων
626 5119 897 5201 φλυαριῶν
957 5119 1247 5199 φλυαρεϊτε
1310 5122 1398 5177 καὶ
1440 5131 1597 5181 τοῦτο
1644 5122 1878 5183 ἐοίκατε.

234 5211 343 5265 Φεῦ
396 5215 497 5277 τῆς
553 5210 779 5277 ἀτοπίας
836 5211 923 5267 καὶ
981 5218 1077 5268 τοῦ
1106 5208 1481 5290 τολμήματος,
1517 5208 1671 5268 ἄθεον
1702 5224 1883 5268 ποιεῖν

233 5301 324 5356 τὸν
355 5300 485 5357 Θεόν
518 5298 533 5359 ί

1966 4938 2205 5001 adesset
2223 4957 2375 5020 aqua
2405 4958 2520 5020 qua
2552 4939 2714 4999 sitim
2743 4938 3456 5017 restingueret,ralcaneo
3481 4949 3605 4998 ter-

1965 5048 2092 5092 ram
2128 5031 2286 5090 trivit
2320 5042 2373 5093 et
2414 5031 2757 5110 pulsavit,et
2790 5030 2989 5090 statim
3023 5047 3190 5109 aqum
3220 5030 3513 5091 scaturire
3545 5038 3606 5089 et

1968 5138 2209 5181 munere
2232 5120 2628 5199 incipiebant;
2649 5120 2816 5199 juxta
2842 5137 2978 5180 vero
3001 5130 3091 5181 est
3115 5118 3324 5196 altare,
3357 5118 3428 5178 ad
3450 5117 3608 5198 quod

1967 5209 2226 5292 populus
2252 5209 2574 5284 accedit,et
2595 5216 2853 5271 statione
2872 5208 3049 5271 trium
3085 5208 3316 5269 dierum
3338 5205 3417 5267 ibi
3440 5226 3609 5268 com-

1969 5308 2258 5369 moratur,
2290 5300 2597 5361 incondita
2619 5316 2763 5360 voce
2795 5298 3059 5361 clamans
3083 5307 3139 5360 et
3163 5297 3610 5360 orationesl’un-

228 5386 377 5449 dens
408 5387 480 5450 ad
517 5390 726 5461 Deum,
761 5398 819 5452 et
847 5389 1097 5452 dicens:
1131 5388 1285 5464 Quid
1321 5388 1645 5469 pracipis‘?
1676 5388 1880 5453 Tertio
1902 5390 2092 5470 rogati
2124 5408 2365 5473 quoque
2398 5409 2429 5450 a
2465 5408 2560 5451 me
2591 5407 2776 5471 quare
2800 5389 2907 5450 hos
2935 5387 3189 5455 faciatis.
3220 5388 3606 5469 respondetis

222 5477 361 5558 quia
391 5476 682 5541 Adamum
716 5488 775 5539 et
805 5479 985 5541 Evam
1029 5480 1110 5541 ibi
1146 5479 1299 5541 Deus
1326 5480 1711 5542 matrimonio
1739 5480 2061 5561 cepulavit.
2097 5480 2293 5542 ethoc
2326 5480 2607 5558 ﬁgmento
2630 5478 2945 5551 etdolirio,
2970 5488 3198 5541 vestras
3224 5478 3375 5543 alias
3410 5496 3597 5557 nugas

228 5575 287 5629 et
316 5566 573 5650 ineptias
601 5568 943 5634 cumulatis.
978 5568 1104 5633 Vab
1137 5568 1526 5633 absurditatis
1558 5577 1616 5633 et
1648 5571 2022 5649 temeritatis,
2058 5588 2175 5649 qua
2216 5569 2373 5631 Deus
2405 5570 2468 5630 ﬁt
2498 5570 2713 5631 atheus
2747 5572 2760 5629 !

308 5659 414 5718 Καὶ
445 5658 718 5738 προάγων,
766 5662 904 5734 μετᾶ
955 5658 1009 5717 δέ
1069 5671 1162 5721 τοῦ
1212 5665 1555 5743 φονευθῆναι,
1590 5664 1687 5729 τὴν
1717 5667 1879 5740 γραῦν

227 5749 363 5823 μετά
417 5750 541 5812 so"):
612 5745 813 5812 παῖδας
900 5749 1091 5833 αὐτῆς,
1154 5753 1243 5808 καὶ
1300 5754 1394 5809 τὸν
1470 5749 1876 5832 ’Δπουταλέπη,

2045 5657 2161 5722 Sed
2194 5678 2401 5739 pergo.
2419 5658 2736 5741 Postquam
2759 5657 3140 5722 Mubammed
3162 5657 3482 5719 occidisset
3503 5672 3607 5715 ve-

1963 5750 2150 5812 tulam
2183 5749 2355 5812 istam
2392 5767 2525 5812 cum
2557 5748 2767 5813 liberis
2794 5752 2945 5830 suis,
2967 5755 3027 5812 et
3048 5746 3472 5827 Abutalepum,
3504 5759 3605 5805 re-
