4032 6218
260 280 410 366 1441

1485 296 1971 368 GONFUTATIO
2011 299 2379 369 AGARENI.

3388 278 3408 336 κ’
3476 300 3627 368 1442

256 441 353 492 τοῦ
408 443 564 509 Θεοῦ,
610 436 698 493 καὶ
740 435 821 493 ὅτι
876 436 970 493 τὸν
1016 437 1155 493 Θεὸν
1202 434 1519 515 ἑγνώρισας,
1576 436 1665 495 καὶ
1721 434 1904 493 ἀκούει

1992 442 2262 497 nostrum
2319 444 2378 498 et
2407 455 2566 513 suos,
2605 438 2865 499 humana
2897 434 3256 499 salutatione
3280 445 3338 499 et
3367 437 3630 500 ofﬁciosa

257 546 355 580 σου
412 527 485 590 εἰς
544 527 741 605 πάντα,
801 526 1104 592 ἀνάσεησον
1153 527 1254 592 τὴν
1284 522 1505 604 φοραδα,
1541 523 1607 599 ἢν
1657 524 1899 582 ἐσκότω·

256 636 351 669 σεν
384 616 412 671 ὀ
454 616 634 693 πατήρ
678 638 795 687 σου,
857 616 945 672 καὶ
992 617 1158 690 ημετς
1205 613 1365 670 πλέον
1398 614 1571 689 θαῦμα
1615 616 1675 670 οὗ
1702 622 1898 685 ζητοῦ-

255 724 361 777 μεν
404 704 547 780 παρὰ
575 712 691 767 σοῦ.
730 704 802 762 Ού
844 705 1009 777 μόνον
1040 703 1125 760 διὰ
1154 708 1247 759 τὸν
1303 704 1467 760 πόθον
1526 708 1626 769 τῆς
1670 702 1898 783 φοραδος

253 790 512 869 λέγομεν,
546 792 686 849 ἀλλὰ
716 793 778 848 νέι
808 792 1003 850 ἰδοῦσιν
1052 793 1143 849 καί
1201 794 1248 848 οἱ
1296 789 1557 870 ’Ἃῤῥαϐες
1606 793 1665 848 τὸ
1695 795 1894 866 θαῦμα,

251 883 341 957 κρὶ
400 884 744 940 πιστεύσουσί
799 903 885 952 σε,
931 879 1014 937 ὅτι
1058 879 1273 959 ἀληθῶς
1333 882 1614 959 προφήτης
1670 880 1749 960 εἴ,
1813 882 1898 937 καὶ

249 969 557 1036 ἀπόστολος
618 978 773 1032 Θεοῦ.
820 977 981 1048 Λεγει
1014 974 1197 1032 αὺτοῖς
1232 970 1259 1025 ὀ
1290 964 1613 1047 Μουχάμετο
1653 960 1899 1026 'rmast-

250 1058 379 1125 ξατέ
424 1083 516 1135 μοι
558 1061 717 1137 ὑμεῖς
773 1063 863 1117 τὸν
920 1061 1111 1139 τάφον,
1174 1058 1228 1115 ἐν
1287 1063 1332 1134 ᾧ
1394 1058 1567 1138 ἐτάφη
1626 1060 1661 1126 ἡ
1706 1081 1895 1138 φορας.

253 1149 516 1227 Λέγουσιν
545 1153 691 1226 αὒτῷ
717 1150 914 1214 πάντες
949 1167 966 1185 ⁸
1024 1149 1131 1207 Οὔκ
1182 1148 1248 1217 ἦν
1279 1146 1573 1227 ἅνθρωπος,
1607 1146 1699 1204 ’ἕνα
1729 1153 1896 1226 ταφῇ,

252 1235 458 1317 ἄλογον
508 1240 601 1315 ἦν,
659 1241 747 1298 καὶ
798 1239 1090 1319 ἒῤῥίψαμεν
1176 1238 1326 1311 αὐτὸ,
1388 1239 1476 1293 καὶ
1533 1236 1739 1315 ἐϐρώθη
1797 1239 1901 1294 ὑπὸ

257 1328 621 1407 τῶνηθηρίων.
681 1328 838 1407 Λέγει
872 1329 900 1385 ὃ
957 1325 1282 1407 Μουχαμετ,
1333 1324 1485 1384 Ἐπεὶ
1518 1325 1578 1383 οὗ
1608 1325 1899 1405 γινώσκετε

255 1418 356 1473 τὸν
402 1439 595 1499 ταφον,
675 1420 724 1475 τί
777 1417 963 1493 μέλλω
1018 1418 1372 1495 ἀναστῆσαι,
1432 1415 1688 1494 Λέγουσιν
1758 1416 1901 1492 αὐτῷ

260 1509 464 1572 πάντες
497 1524 512 1539 ⁸
574 1505 798 1576 Ἐπειδὴ
851 1509 1137 1587 προφήτης
1216 1507 1297 1580 εἴ,
1352 1507 1441 1563 καὶ
1499 1504 1751 1569 ἐκλεκτὸς
1806 1505 1901 1563 τοῦ

258 1604 421 1671 Θεοῦ,
477 1601 538 1656 οὗ
580 1598 862 1674 γινώσκεις
914 1604 1007 1654 τοῦ
1053 1611 1233 1654 γετται
1286 1597 1321 1665 ἡ
1379 1596 1544 1676 φορὰς
1583 1615 1600 1671 ;
1633 1593 1784 1654 Ἀλλ’
1842 1600 1902 1655 οὔ

1983 534 2074 586 est
2090 526 2334 588 adortus
2357 535 2419 588 ut
2441 527 2577 589 illos
2607 528 2878 590 incautos
2900 533 2959 587 et
2984 525 3629 608 incogitantesdecipe-

1982 622 2094 677 ret.
2131 614 2198 676 Et
2221 634 2428 677 revera
2453 629 2630 679 noctu
2652 634 2983 697 exsurgens
3014 634 3224 696 equam
3246 616 3442 695 gladio
3473 636 3626 679 con-

1981 702 2129 764 fodit
2148 713 2206 765 et
2226 722 2293 765 se
2313 706 2463 766 clam
2485 707 2866 786 proripuit,et
2884 705 3023 766 hino
3040 704 3180 766 mali
3196 706 3406 767 etbelli
3423 726 3624 784 causa,

1982 793 2142 872 quod
2165 793 2382 857 fratres
2403 812 2544 873 erga
2563 814 2628 857 se
2646 796 2898 857 invicem
2940 795 3019 855 ita
3042 796 3431 873 exasperavit.
3457 795 3630 859 Nunc

1981 890 2178 943 autem
2241 891 2298 944 te
2353 884 2744 945 vehementer
2789 900 3068 962 rogamus
3122 884 3305 963 quod,
3360 904 3495 946 cum
3544 886 3628 947 sis

1982 970 2091 1033 Dei
2117 971 2563 1049 electus,Deum
2595 973 2788 1054 ipsum
2823 988 3174 1052 cognoscas,
3211 980 3270 1033 et
3302 982 3356 1034 te
3386 992 3630 1055 semper

1984 1059 2284 1137 exaudiat,
2320 1061 2513 1122 excita
2563 1080 2635 1127 ex
2668 1061 2916 1123 mortuis
2973 1079 3221 1141 equam,
3252 1081 3428 1142 quam
3465 1073 3629 1143 pater

1986 1156 2121 1209 tuus
2148 1148 2456 1212 interfecit
2489 1170 2504 1210 :
2545 1150 2702 1231 quod
2723 1149 3243 1231 prmstitomullum
3269 1151 3428 1213 aliud
3456 1153 3630 1216 mira-

1984 1236 2182 1315 culum
2201 1246 2313 1300 ate
2337 1238 2931 1319 postulabimns.Hoc
2956 1256 3094 1301 vero
3120 1241 3629 1316 rogamus,minus

1984 1324 2285 1388 desiderio
2301 1346 2472 1408 equa:
2486 1328 3128 1411 recuperandae,quam
3144 1328 3441 1391 utArabes
3454 1333 3627 1393 mira-

1984 1417 2182 1479 culum
2233 1418 2475 1481 videant
2514 1439 2634 1501 quo
2684 1428 3035 1489 moveantur
3064 1418 3138 1480 ad
3168 1420 3538 1483 credendum
3573 1432 3631 1489 te

1982 1524 2195 1577 revera
2246 1527 2381 1572 esse
2439 1510 2791 1590 prophetam
2847 1518 2904 1572 et
2933 1509 3268 1590 apostolum
3301 1509 3432 1574 Dei.
3469 1510 3631 1575 Dixit

1985 1597 2387 1660 Muhammed:
2415 1596 2724 1662 Ostendite
2748 1598 3255 1680 mihisepulcrum
3274 1599 3333 1660 in
3348 1619 3465 1681 quo
3478 1620 3634 1682 equa

255 1685 479 1751 δύνασαι
509 1687 810 1755 ἀναστῆσαι
854 1689 1040 1761 αὑτήν.
1076 1686 1245 1746 Ἀλλὰ
1280 1686 1461 1750 καλῶς
1506 1708 1567 1743 σε
1606 1685 1845 1764 ¹εὕραμεν
1881 1701 1895 1716 ⁸

1988 1685 2426 1769 conditajacet.
2458 1687 2685 1751 Omnes
2717 1708 2833 1749 uno
2863 1706 2968 1750 ore
2990 1697 3275 1766 regerunt
3302 1710 3316 1753 :
3349 1691 3482 1753 Non
3505 1697 3632 1753 erat

253 1780 351 1835 καὶ
424 1777 837 1840 ἀποστείλαντες
925 1784 1076 1857 εὖρον
1158 1776 1406 1855 καμηλον
1465 1775 1897 1857 μεμεθυσμένην,

254 1866 359 1924 καῖ
404 1866 649 1945 λέγουσιν
694 1872 862 1942 αὐτῷ,
917 1867 999 1924 ὅτι
1056 1872 1275 1927 Πάντως
1320 1867 1524 1923 ἑκείνου
1570 1867 1680 1931 υἱὸς
1729 1868 1904 1941 ὑπαρ-

256 1978 388 2037 χσις
426 1958 522 2015 τοῦ
563 1955 746 2023 δόντος
789 1957 887 2025 τὴν
933 1956 1150 2035 εἰρήνην
1212 1962 1302 2031 τοῦ
1364 1955 1607 2027 πάππου,
1666 1956 1755 2013 καὶ
1803 1955 1899 2012 τέ-

252 2047 373 2112 λος.
411 2046 821 2125 πληρώσαντες,
867 2045 1090 2121 ἄδηλον,
1148 2045 1273 2103 εἶτα
1322 2046 1684 2124 κρατήσαντες
1743 2044 1900 2103 αὒτὸν

253 2138 349 2195 καὶ
415 2135 673 2201 δήσαντες
759 2135 1177 2214 ὀπισθαγκώνων
1249 2134 1501 2215 λέγουσιν
1577 2137 1720 2209 αὐτῷ
1750 2154 1766 2171 ⁰
1828 2135 1900 2191 Σὺ

253 2227 437 2305 λέγεις
483 2226 563 2284 ὅτι
596 2228 678 2290 εἰς
720 2226 846 2287 τοὺς
907 2225 1157 2304 οὐρανοὺς
1201 2222 1421 2299 ἀνὲὅης,
1473 2226 1561 2281 καὶ
1618 2221 1901 2293 ἆπήδησον

255 2316 323 2375 ἐκ
378 2324 478 2387 τῆς
536 2321 639 2396 γῆς
697 2319 783 2373 καὶ
837 2314 1067 2394 πέρασον
1122 2314 1320 2372 ἄνωθεν
1376 2319 1474 2383 τῆς
1515 2312 1763 2389 καμήλου
1821 2316 1901 2389 μὴ

256 2406 573 2486 ἒγγίσαντες
604 2412 711 2463 τῶν
754 2404 929 2464 ποδῶν
960 2427 1055 2462 σου
1098 2405 1195 2473 την
1250 2404 1430 2484 ῥάχην
1472 2408 1574 2469 τῆς
1630 2405 1720 2459 καὶ
1780 2403 1901 2460 τότε

258 2495 647 2574 πιστεύσομεν,
710 2493 790 2552 ὅτι
841 2492 1037 2562 ἀνέϐης
1094 2496 1166 2560 εἷς
1220 2496 1312 2551 τὸν
1343 2491 1586 2572 οὐρανόν.
1619 2493 1787 2558 Αὐτὸς
1846 2490 1901 2548 δὲ

257 2584 443 2643 πολλὰ
472 2583 796 2664 σπουδασας,
827 2585 918 2641 καὶ
974 2588 1051 2657 μὴ
1110 2582 1424 2662 δυναμενος,
1476 2584 1565 2639 καὶ
1597 2585 1753 2638 εἷπον
1787 2579 1913 2638 ’ὅλοι

261 2677 398 2752 πρὸς
430 2675 586 2731 αὐτόν
616 2693 631 2707 '
679 2671 881 2731 Ἐλθὼν
911 2671 1137 2730 δέδωκεν
1166 2675 1303 2750 ἡμῖν
1336 2674 1550 2752 εἰρήνην
1581 2673 1643 2728 νὰ
1675 2671 1900 2751 χαώσῃς

259 2769 411 2840 ἡμᾶς
442 2764 504 2821 ἐκ
525 2766 623 2831 τῆς
652 2764 880 2827 πίστεως
909 2763 1088 2836 ἡμῶν.

1987 1775 2166 1838 homo
2190 1783 2255 1837 ut
2275 1776 2553 1858 sepulcro
2576 1778 2961 1860 conderetur;
2989 1786 3116 1839 erat
3137 1795 3369 1841 merum
3385 1778 3631 1858 jumen-

1989 1873 2135 1939 tum,
2167 1875 2228 1927 et
2248 1865 2468 1928 animal
2491 1866 2860 1937 irrationale.
2892 1879 2949 1929 et
2981 1867 3141 1929 illam
3173 1866 3335 1929 foras
3363 1870 3625 1949 projeci-

1986 1972 2138 2029 mus,
2167 1963 2225 2015 et
2249 1953 2575 2018 bestiarum
2600 1956 2835 2019 latranti
2858 1964 2918 2020 et
2936 1956 3132 2019 voraci
3157 1959 3464 2020 stomacho
3486 1978 3622 2022 esca

1986 2044 2227 2107 tandem
2263 2044 2470 2105 evasit.
2503 2044 2662 2107 Dixit
2688 2045 3060 2109 Muhammed
3088 2043 3619 2129 :Quaudoquidem

1985 2133 2229 2195 nescitis
2250 2132 2439 2195 ubisit
2458 2133 2617 2197 illius
2629 2135 3306 2217 sepulcrum,quomodo
3323 2138 3625 2200 existima-

1987 2221 2061 2285 tis
2098 2241 2193 2284 me
2245 2240 2420 2301 posse
2445 2224 2608 2293 illam
2642 2242 2714 2287 ex
2743 2225 2994 2288 mortuis
3021 2224 3301 2288 excitare.
3337 2226 3627 2291 Dixerunt

1986 2329 2218 2376 omnes:
2244 2310 2332 2373 Tu
2355 2331 2419 2374 es
2448 2314 2740 2395 propheta
2763 2326 2822 2377 et
2841 2315 3067 2377 electus
3087 2315 3286 2388 Dei,et
3308 2322 3506 2380 nescis
3522 2317 3620 2381 ubi

1978 2401 2175 2482 jaceat
2196 2419 2348 2483 equa
2370 2401 2512 2465 ista?
2535 2403 2787 2466 multum
2807 2403 2974 2467 abest
2993 2423 3132 2484 ergo
3158 2415 3222 2467 ut
3243 2406 3404 2469 illam
3428 2408 3623 2487 possis

1984 2491 2058 2553 ad
2092 2492 2266 2554 vitam
2298 2511 2606 2559 revocare.
2663 2493 2781 2556 Sed
2827 2514 2936 2557 nos
2976 2498 3231 2576 teipsum
3268 2496 3421 2560 bene
3450 2497 3623 2560 inve-

1986 2580 2325 2645 niemusEt
2353 2602 2486 2649 cum
2517 2583 2753 2663 aliquos
2776 2584 3102 2660 misissent,
3130 2585 3496 2649 invenerunt
3517 2607 3622 2650 ea-

1989 2670 2201 2732 melam
2240 2673 2414 2737 thure
2455 2684 2515 2734 et
2550 2674 2685 2737 vino
2716 2673 3094 2750 inebriatam,
3130 2694 3307 2756 quam
3342 2695 3477 2738 cum
3508 2678 3618 2739 ad-

1988 2759 2298 2823 duxissent
2326 2761 2605 2825 dixerunt
2636 2764 2750 2845 ipsi
2787 2786 2800 2823 :
2835 2766 3063 2828 Revera
3089 2774 3146 2825 tu
3180 2784 3244 2829 es
3276 2766 3435 2835 ﬁlius
3463 2767 3624 2830 illius
3655 2786 3661 2793 '

261 2852 366 2935 qui
398 2853 489 2914 avi
524 2852 606 2914 tui
634 2850 881 2935 nomine
911 2850 1102 2935 salute
1127 2850 1429 2935 impertita
1461 2857 1696 2935 nostros
1723 2848 1983 2935 decepit.
2016 2848 2204 2935 Illum
2221 2868 2362 2930 ergo
2387 2853 2811 2935 corripuerunt
2850 2854 3133 2935 manibus
3164 2864 3297 2935 post
3328 2866 3491 2935 terga
3519 2874 3624 2920 rev-

255 2928 549 3008 v'inctum,
586 2940 645 2995 et
676 2931 956 2995 dixerunt
979 2949 1003 3012 γε
1029 2928 1118 3012 Tu
1147 2928 1365 2993 asseris
1389 2929 1545 3012 quod
1576 2930 1640 3012 in
1671 2930 1858 3012 ccelos
1882 2928 2234 3012 ascendisti,
2259 2928 2423 3012 nunc
2458 2928 2599 2996 vero
2632 2933 2785 2997 saltu
2818 2942 2873 2997 te
2901 2933 2964 2996 in
3010 2928 3266 2996 sublime
3295 2928 3527 3008 attolle,
3559 2946 3623 3001 et

260 3022 326 3078 te
355 3022 566 3077 excute
590 3029 770 3093 supra
798 3008 1307 3094 camelae_dorsu_rn
1343 3008 1492 3072 adeo
1525 3017 1587 3071 ut
1614 3009 1863 3094 in‘illud
1898 3008 2154 3089 pedibus
2188 3008 2306 3094 tuis
2339 3031 2457 3074 non
2491 3012 2825 3094 impingas;
2876 3022 3019 3076 tunc
3050 3032 3188 3076 vero
3219 3016 3537 3078 credemus
3569 3025 3627 3080 te

251 3094 562 3176 reverain
593 3089 1205 3176 omiumascendisse.
1235 3089 1550 3176 ϐαίη-νοιςο
1585 3089 1769 3153 multa
1799 3099 2053 3176 tentaret
2085 3100 2141 3152 et
2173 3092 2276 3155 tali
2324 3089 2732 3173 experimento
2786 3089 2905 3176 non
2960 3105 3158 3176 posset
3210 3114 3274 3157 se
3305 3116 3620 3159 commen-

253 3175 428 3259 dare,
463 3171 842 3259 dixerun_t_ad
875 3172 1286 3253 illum'omnes
1323 3192 1337 3235 :
1365 3171 1629 3234 Veniens
1655 3189 1766 3233 nos
1794 3170 1985 3234 salute
2014 3188 2123 3233 sua
2148 3181 2238 3234 est
2269 3170 2620 3253 prosecutus
2652 3184 2711 3238 et
2739 3174 2924 3238 voluit
2954 3170 3063 3239 nos
3092 3184 3380 3259 quotquot
3418 3196 3626 3241 sumus

250 3275 287 3319 a
318 3256 440 3317 ﬁde
471 3261 677 3316 nostra
705 3253 1034 3317 dimovere.
2994 3282 2999 3285 -

335 3344 441 3407 Καὶ
500 3344 725 3401 δεικνύω
782 3367 866 3402 σοι
922 3343 1033 3423 ἐγὼ
1090 3344 1118 3401 ὀ
1176 3341 1465 3410 ’Νδεσηνὸς
1510 3342 1756 3422 μοναχὸς
1790 3364 1897 3398 πο-

2059 3341 2186 3419 Ego
2209 3350 2405 3405 autem
2430 3345 2759 3407 monachus
2776 3344 3122 3407 Εάθεεοηιιε
3134 3346 3331 3426 qualis
3346 3348 3630 3409 sitvestra

248 3437 405 3503 τοιπὴ
439 3434 582 3492 εἶναι
610 3434 765 3511 ὐμῶν
794 3436 826 3503 ἡ
858 3434 1056 3508 πίστις,
1104 3432 1268 3512 ἤγιουν
1321 3441 1480 3492 τοῦτο
1528 3431 1717 3509 ἔλεγον
1764 3433 1897 3509 πρός

1988 3437 2041 3492 et
2071 3429 2311 3492 illorum
2337 3431 2509 3507 ﬁdes,
2537 3433 2645 3494 tibi
2674 3433 2864 3513 palam
2888 3434 3124 3495 faciam.
3163 3433 3381 3496 Dicunt
3406 3436 3628 3516 quippe

250 3529 317 3583 τὸ
342 3525 620 3604 ἑωσφόρον
649 3523 868 3604 ἄστρον,
901 3524 990 3588 Τίς
1025 3524 1155 3587 Θεὸς
1189 3522 1359 3603 μέγας
1388 3525 1471 3586 ὡς
1493 3523 1523 3578 ό
1555 3523 1687 3588 Θεὸς
1718 3524 1898 3597 ἦμῶνς

1988 3517 2331 3599 Phosphoro
2359 3542 2373 3584 :
2396 3520 2538 3594 Quis
2561 3525 2724 3585 Deus
2746 3540 2997 3600 magnus
3018 3524 3172 3586 sicut
3187 3523 3345 3585 Deus
3376 3532 3579 3586 noster
3597 3525 3629 3585 Ἰ

252 3617 365 3676 Καὶ
424 3615 518 3671 οὐκ
574 3613 726 3671 ἔστιν
781 3613 987 3679 δικαιος
1046 3612 1192 3682 πλήν
1243 3622 1340 3673 τοῦ
1396 3619 1529 3669 Θεοῦ
1583 3613 1743 3685 ἡμῶν
1805 3619 1900 3669 τοῦ

1988 3606 2186 3670 Etnon
2200 3609 2459 3673 estDeus
2466 3611 2666 3691 justus
2679 3618 2736 3673 et
2751 3612 3043 3690 benignus
3058 3624 3275 3692 praeter
3288 3613 3473 3676 Deum
3494 3633 3629 3675 nos-

252 3704 559 3783 ἒλεοῦντος,
619 3706 709 3762 καὶ
738 3702 1058 3781 ἐλεημὲνου.
1097 3700 1202 3764 Καὶ
1253 3701 1375 3768 δόξει
1417 3707 1486 3779 τῇ
1531 3700 1750 3776 δυνάμει
1780 3724 1896 3783 σου,

256 3795 453 3873 Κύριε,
504 3792 686 3872 Κύριε,
748 3794 827 3870 μὴ
885 3794 1130 3875 χωρίσῃς
1182 3794 1327 3866 ἡμᾶς
1383 3799 1477 3850 τοῦ
1529 3790 1710 3853 ἐλέους
1779 3813 1898 3866 σου,

259 3883 409 3941 ἀλλὰ
438 3890 612 3941 σῶσον
639 3886 799 3960 ἡμᾶς-
828 3885 897 3959 τῇ
955 3880 1176 3959 δυνάμει
1235 3904 1331 3939 σου
1365 3899 1378 3914 ⁸
1440 3880 1641 3956 Ἀμήν,
1679 3882 1783 3940 Καὶ
1839 3882 1905 3937 τὰ

260 3975 509 4050 ὀνόματα
563 3977 671 4030 τῶν
746 3972 1039 4052 ἀνθρώπων
1094 3970 1155 4029 ἐκ
1206 3972 1391 4051 γένους
1455 3974 1563 4029 τῶν
1628 3968 1906 4049 Ἀρῤσίϐων

259 4063 502 4143 ὓπάρχει
561 4062 728 4127 οὕτως
763 4078 777 4092 '
834 4060 1170 4123 Θεόὸουλος.
1235 4062 1623 4140 Θεοχάριστος,
1691 4061 1909 4118 Θεόκτι-

266 4173 424 4232 στος,
481 4152 895 4228 Θεοστήρικτος,
944 4149 1039 4208 καὶ
1098 4148 1367 4229 Θεόδωρος
1402 4167 1417 4182 ⁸
1451 4150 1615 4229 μέχρι
1671 4157 1779 4206 τοῦ
1819 4152 1908 4208 νῦν

264 4242 433 4320 γενεὰ
489 4240 583 4315 μία
667 4241 778 4297 τῶν
835 4237 1113 4319 Ἀῤῥάὸων
1199 4238 1481 4318 λεγόμενοι
1538 4237 1905 4315 Κουλπιῶται,

264 4330 439 4409 ἤγουν
497 4327 823 4410 Σκυλιῶται,
883 4329 1136 4396 τοιαύτην
1182 4329 1359 4386 πίστιν
1413 4328 1632 4409 ἔχουσιν
1687 4330 1776 4386 καὶ
1817 4331 1927 4386 τὸν

264 4418 578 4500 Μουχάμετ
628 4418 1121 4495 ἂναθεματίζουσιν,
1183 4418 1408 4497 Λέγουσι
1483 4417 1645 4475 πάλιν
1702 4419 1730 4474 ὀ
1780 4418 1910 4483 λαὸς

266 4516 368 4568 τοῦ
408 4507 710 4590 Μουχαμετ
742 4526 762 4546 ⁶
805 4508 961 4567 Ἐπεὶ
1017 4511 1118 4576 τὴν
1172 4507 1425 4583 κάμηλον
1495 4511 1591 4567 οὒκ
1644 4506 1910 4579 ἠδυνήθης

264 4599 522 4678 περᾶσαι,
582 4595 758 4664 δεῖξον
804 4598 945 4673 ἡμῖν
994 4610 1230 4672 σημεῖον
1273 4619 1326 4655 τι
1386 4598 1599 4676 μικρὸν,
1662 4596 1908 4664 Ἐκεῖνος

1938 3698 1941 3701 ’
1986 3705 2140 3760 trum
2156 3699 2608 3763 misericordem
2629 3710 2687 3763 et
2702 3701 3635 3782 miseratorem.Sitgloriavirtu-

1988 3788 2031 3849 ti
2046 3789 2865 3866 tuae,oDomine,Domine,ne
2879 3809 2988 3853 nos
2999 3809 3243 3872 separes
3257 3800 3633 3856 etremoveas

1988 3896 2021 3940 a
2049 3878 2462 3942 misericordia
2483 3888 2610 3955 tua,
2647 3881 2751 3943 sed
2775 3880 2962 3942 libera
2987 3890 3045 3943 et
3061 3898 3234 3943 serva
3263 3900 3370 3944 nos
3406 3883 3633 3962 potenti

1988 3967 2207 4029 robore
2237 3971 2609 4032 tuo..Amen.
2645 3969 2784 4032 Haec
2805 3987 2945 4033 vero
2978 3980 3118 4033 sunt
3151 3974 3630 4050 praestandorum

1991 4058 2299 4120 hominum
2325 4060 2569 4121 nomina
2589 4061 2747 4141 apud
2770 4061 3024 4124 Arabas.
3050 4058 3634 4137 Theodulus,Theo-

1989 4147 2291 4211 charistus
2319 4147 2723 4225 Theoctistus,
2747 4157 2807 4213 et
2833 4149 3301 4227 Theosterictus,
3336 4160 3396 4214 et
3426 4150 3627 4216 Theo-

1992 4235 2195 4299 dorus.
2229 4238 2317 4299 Ad
2343 4239 2470 4300 hinc
2486 4249 2687 4302 autem
2710 4257 2907 4317 usque
2926 4252 3196 4321 tempora
3219 4250 3307 4304 est
3328 4259 3448 4303 una
3464 4259 3631 4325 quae-

1992 4325 2127 4387 dam
2162 4326 2388 4390 familia
2438 4329 2698 4390 Arabum
2750 4330 2855 4411 qui
2897 4329 3181 4392 dicuntur
3208 4330 3505 4412 Colpiolae
3524 4349 3632 4395 seu

1991 4415 2277 4479 Sculiotae
2299 4425 2358 4479 et
2373 4418 2549 4480 talem
2571 4418 2793 4482 habent
2816 4420 2993 4483 ﬁdem
3014 4439 3130 4501 qua
3152 4421 3630 4485 Muhammedem

1989 4507 2369 4569 anathemate
2430 4510 2795 4588 percutiunt.
2826 4509 3050 4572 Iterum
3108 4528 3252 4574 vero
3285 4512 3472 4575 turbae
3500 4512 3632 4574 istae

1990 4596 2469 4660 Muhammedem
2482 4598 2835 4662 adoriuntur
2846 4599 3635 4682 dicentes.Quandoquidem

265 4687 550 4764 δεδεμένος
582 4686 681 4761 ὢν,
714 4686 894 4753 ἐξεῖπε
924 4701 938 4714 ·
975 4682 1118 4748 Ἀπὸ
1152 4689 1247 4745 τοῦ
1291 4689 1380 4744 νῦν
1412 4691 1507 4747 οὐκ
1538 4687 1656 4767 ἔχω
1686 4702 1904 4764 omnem

2004 4685 2299 4748 camelum
2328 4686 2480 4749 saltu
2512 4705 2628 4749 non
2659 4688 2900 4769 potuisti
2940 4706 3250 4769 superare,
3284 4690 3490 4752 saltem
3544 4689 3639 4750 vel

267 4780 403 4856 πρὸς
435 4779 598 4857 ὑμᾶς,
638 4776 718 4835 ὅτι
750 4775 968 4835 ἄπιστοί
1016 4776 1160 4839 ἐστε.
1222 4776 1483 4858 Λέγουσιν
1524 4779 1667 4851 αὒτῷ
1699 4793 1714 4807 ⁹
1763 4781 1837 4835 Συ
1867 4781 1913 4836 εἰ

262 4869 517 4942 ἄπιστος,
562 4867 645 4923 ὅτι
699 4865 902 4933 πολλὰς
959 4866 1142 4946 ψυχὰς
1200 4865 1485 4933 ἀπώλεσας
1538 4864 1758 4931 ἀδίκως.
1808 4868 1913 4929 Καὶ

265 4957 535 5027 δήσαντες
564 4956 720 5014 αὐτὸν
750 4957 827 5021 εἰς
857 4958 957 5024 τὴν
991 4956 1148 5034 οὐρὰν
1194 4961 1296 5024 τῆς
1348 4956 1752 5032 μεμεθυσμένης
1809 4978 1915 5014 κα-

264 5046 475 5126 μῆλου,
534 5046 623 5103 καὶ
695 5046 1052 5115 κεντήσαντες
1135 5047 1301 5115 αὐτὴν
1360 5044 1634 5103 ἀπέλυσαν
1692 5048 1765 5108 εἰς
1821 5049 1915 5104 τὸν

263 5138 514 5216 κάμπον,
571 5136 660 5193 καὶ
726 5135 1062 5211 σκιαζομένη
1114 5137 1149 5205 ἡ
1208 5136 1456 5212 κάμηλος
1513 5136 1645 5192 ποτὲ
1704 5137 1909 5218 φεύγει,

263 5228 405 5287 ποτὲ
451 5225 507 5284 δὲ
551 5239 858 5284 καταπατεϊ
899 5227 1061 5286 αὐτὸν
1104 5227 1240 5283 κατὰ
1281 5226 1593 5305 πρόσωπον,
1627 5228 1715 5283 καὶ
1743 5226 1912 5292 οὕτως

265 5316 625 5388 κατεπατήθη
655 5317 764 5373 bene
795 5321 895 5384 τῆς
925 5314 1202 5396 καμήλου,
1240 5316 1332 5372 καὶ
1384 5320 1564 5379 κακῶς
1618 5315 1901 5395 ἐφυτεύθη,

269 5410 446 5471 Οὗτος
490 5406 519 5461 ὅ
575 5406 689 5482 βίος
742 5408 921 5478 αὐτοῦ,
980 5408 1070 5461 καὶ
1117 5409 1222 5462 τῶν
1293 5402 1532 5461 πάππων
1602 5406 1784 5483 αὐτοῦ,
1843 5408 1917 5470 ὡς

269 5496 540 5570 ἤκουσας,
576 5497 623 5550 ὦ
679 5493 1091 5572 Μουσουλμιινέ,
1146 5495 1220 5551 Σὺ
1275 5492 1487 5573 πρῶτον
1543 5494 1919 5572 ὀμολόγησας,

273 5585 365 5647 ὅτι
423 5582 795 5663 ἑϐδομήκοντα
850 5583 944 5644 δύο
991 5583 1151 5665 φυλαὶ
1195 5583 1303 5643 ἀπὸ
1353 5585 1416 5641 τὸ
1444 5582 1601 5663 γένος
1631 5586 1736 5643 τῶν
1766 5587 1919 5646 Μου-

1997 4775 2311 4837 minimum
2335 4777 2585 4839 ostende
2604 4778 2777 4839 nobis
2794 4779 3027 4858 signum
3053 4788 3110 4840 et
3132 4778 3508 4841 miraculum.
3532 4778 3641 4851 Ille

1996 4864 2195 4928 adhuc
2218 4865 2470 4928 vinculis
2483 4867 2845 4930 constrictus
2858 4866 3189 4947 respondit:
3207 4866 3335 4929 Non
3353 4869 3521 4931 eritis
3541 4886 3641 4931 vo-

2000 4962 2197 5019 torum
2230 4965 2562 5038 compotes,
2593 4973 2704 5018 nec
2748 4957 2934 5018 ullum
2965 4974 3166 5018 coram
3201 4956 3368 5019 vobis
3398 4958 3642 5039 patrabo

2000 5045 2522 5120 miraculum,nam
2542 5061 2646 5106 vos
2667 5044 3106 5108 estisinﬁdeles
3129 5055 3188 5108 et
3219 5046 3643 5113 increduli.llli

1996 5138 2190 5200 statim
2203 5144 2514 5216 regerunt:
2532 5134 2620 5199 Tu
2635 5136 2767 5216 ipse
2780 5154 2845 5198 es
2858 5135 3144 5211 inﬁdelis,
3168 5155 3303 5201 nam
3319 5156 3494 5219 quam
3504 5139 3643 5220 plu-

1996 5230 2180 5290 rimos
2201 5227 2595 5305 injustissime
2620 5226 2953 5307 peremisti.
2986 5226 3281 5308 illumque
3301 5229 3505 5291 caudae
3533 5246 3639 5291 ca-

1999 5312 2497 5378 melaainebriatze
2511 5315 2856 5396 alligarent,
2879 5334 3057 5397 quam
3072 5318 3299 5381 aculeis
3317 5320 3647 5383 vehemen-

2004 5415 2095 5469 ter
2128 5414 2460 5486 pungentes
2483 5423 2593 5488 per
2613 5422 2860 5486 campos
2882 5414 2941 5468 et
2957 5422 3133 5483 agros
3152 5406 3648 5473 dimiserunt.llla

2002 5514 2142 5560 vero
2163 5495 2236 5557 ad
2260 5494 2504 5558 umbras
2518 5495 2888 5559 commoveri
2907 5495 3103 5573 solita,
3132 5499 3309 5561 modo
3326 5499 3556 5579 fugiens
3571 5498 3650 5560 il-
3702 5528 3705 5535 ν

2003 5585 2126 5649 lum
2150 5584 2634 5665 trahebat,modo
2659 5595 2843 5669 caput
2864 5585 3123 5669 pedibus
3141 5589 3564 5670 conculcabat;
3597 5593 3658 5649 et
3700 5640 3705 5645 .
