4032 6218
207 249 427 390 ’κιιιε

1509 289 1999 361 ΟΟΝΕἮΤΔΤΙΟ
2037 287 2407 358 AGARENI.

3485 293 3640 365 1446

387 443 572 522 θρόνον
603 448 700 500 τοῦ
738 447 893 521 Θεοῦ,
941 441 1037 500 οῦκ
1071 441 1215 500 ἔστιν
1249 441 1379 506 Θεὸς
1423 439 1488 497 π)
1504 440 1569 508 ὴν
1611 445 1706 498 τοῦ
1750 446 1906 512 Θεοῦ,

1997 434 2202 500 lenam
2238 435 2569 510 voraverit;
2613 433 2770 516 quod
2804 433 3076 499 Christus
3108 444 3378 504 mortuos
3406 444 3632 508 excita-

409 535 418 544 ’
479 533 772 611 Μουχᾶμετ
818 531 1122 598 ἀπόστολος
1170 529 1321 588 Θεοῦ.
1375 531 1474 589 Καὶ
1521 530 1666 608 λέγει
1717 531 1744 586 6
1780 531 1910 592 Θεὸς

481 645 536 690 ἰν
568 624 735 680 τόπον
777 622 832 679 ἐν
873 629 943 694 τῷ
991 623 1262 700 Κουρανίῳ
1293 644 1388 680 σου
1426 639 1439 656 '
1503 621 1798 698 Χαιρετίζω
1827 639 1908 688 σε,

507 737 586 783 ετ,
637 713 730 769 σὺν
789 718 866 787 τῷ
910 712 1051 786 οἴκῳ
1093 714 1182 770 καὶ
1228 711 1344 786 λαῷ
1387 734 1482 771 σου
1514 729 1531 748 ⁶
1578 709 1826 789 ἀλλαχοῦ
1854 705 1910 764 δὲ

466 806 529 860 τὸ
577 813 865 880 Κουρανιον
911 826 1005 860 σου
1039 817 1054 833 ⁶
1103 801 1169 860 Ἦ
1220 803 1439 882 Μαριὰμ
1497 801 1660 882 ἔφαγε
1705 801 1910 877 καρπὸν

338 895 514 951 ,νίκων
577 893 666 948 καὶ
725 891 1098 971 ὶγγαστρὼθη.
1147 891 1556 969 Μουσουλμανὲ,
1617 887 1806 957 ἕπειδή
1849 891 1910 945 τὸ

265 983 558 1062 άουρᾶνιον
601 1002 696 1042 σου
750 980 929 1060 λέγεις
987 981 1040 1049 ἐξ
1086 984 1308 1062 οὖρανοῦ
1336 981 1595 1039 κατελθὸν
1636 983 1726 1038 καὶ
1767 979 1912 1036 ’ἐστιν

260 1070 424 1150 λόγος
486 1079 640 1145 Θεου,
711 1072 801 1130 καὶ
854 1073 1211 1154 συναναρχος,
1280 1074 1354 1136 ὡς
1404 1071 1608 1149 λέγεις,
1656 1073 1772 1135 πῶς
1818 1069 1914 1128 οῦκ

264 1164 395 1220 εἰσὶν
452 1163 508 1220 ἰν
551 1164 696 1236 αῦτῷ
752 1160 1058 1237 δηλούμενα
1111 1163 1267 1242 λόγια
1299 1163 1594 1240 νουθετικὰ,
1642 1162 1732 1218 καὶ
1788 1162 1906 1238 ὁρι-

263 1254 448 1329 στικὰ,
493 1255 582 1310 καὶ
623 1257 917 1329 θεοπρεπῆ,
965 1255 1140 1318 καθὼς
1197 1255 1287 1311 καὶ
1331 1259 1410 1328 τῷ
1471 1257 1672 1328 Μωῦσῇ
1726 1249 1909 1327 ἔλεγεν

265 1344 294 1401 6
349 1344 506 1416 Θεὸς,
564 1341 644 1400 ὅτι
690 1343 923 1409 Ποίησον
965 1341 1088 1401 τάδε
1141 1344 1231 1402 καὶ
1274 1341 1398 1400 τάδε
1433 1365 1448 1414 ς
1502 1340 1641 1399 ἀλλᾶ
1674 1342 1818 1419 λέγει
1847 1340 1911 1396 τὸ

264 1429 474 1511 βιϐλίον
533 1453 650 1506 σου,
695 1434 769 1494 ὡς
813 1431 1014 1511 λέγεις,
1069 1432 1153 1492 ὅτι
1208 1425 1266 1492 ’0
1323 1429 1503 1497 δεῖνας
1565 1430 1761 1511 ἔφαγεν
1823 1430 1911 1486 τὸν

262 1523 495 1603 καρπὸν,
541 1523 570 1579 6
623 1519 804 1600 ἕτερος
845 1523 1040 1600 ὑπάγει
1083 1523 1437 1602 κοιμηθῆναι,
1487 1524 1515 1578 6
1573 1519 1739 1584 ἄλλος
1770 1517 1910 1576 πλύ-

265 1633 344 1670 νει
402 1613 471 1670 τὰ
522 1612 710 1687 ἱμάτια
768 1611 952 1688 αῦτοῦ,
985 1615 1015 1670 6
1066 1611 1230 1677 ἄλλος
1278 1611 1521 1680 εἰσῆλθεν
1553 1611 1629 1676 εἰς
1658 1611 1756 1677 τήν
1785 1630 1910 1667 κοι-

264 1700 384 1759 λίαν
429 1710 522 1761 τοῦ
561 1701 794 1776 κήπους,
860 1704 888 1759 6
961 1701 1123 1766 ἄλλος
1183 1701 1426 1770 εἰσῆλθεν
1485 1702 1560 1766 εἷς
1617 1700 1718 1767 τὴν
1789 1719 1911 1755 κοι-

265 1789 389 1850 λίαν
432 1797 524 1850 τοῦ
569 1793 788 1866 κήτους,
822 1792 852 1848 6
882 1789 1044 1858 ἄλλος
1088 1791 1367 1870 συνέτριψε
1414 1791 1482 1848 τὰ
1534 1787 1760 1862 εἴδωλα,
1808 1786 1910 1844 ἄλ-

1993 528 2104 601 rit;
2140 528 2298 606 qqu
2330 523 2557 615 Joseph
2591 525 2904 615 :Egyptum
2942 537 3003 587 ut
3050 527 3460 595 hazreditatem
3496 553 3638 615 pos-
3699 565 3704 568 -

1994 616 2266 690 sederit;
2319 614 2476 696 quod
2534 614 2716 675 David
2779 614 3128 694 psalterium
3185 614 3638 703 composuerit;

1993 705 2154 788 quod
2177 703 2458 768 Salomon
2473 703 2826 765 animalium
2844 707 3223 768 terrestrium
3240 709 3639 775 etvolatilium

1994 797 2228 876 linguas
2255 803 2316 856 et
2346 812 2524 857 voces
2552 792 2780 872 optime
2821 795 3136 868 calluerit;
3171 800 3327 878 quod
3362 802 3639 864 Muham-

1997 886 2134 946 rned
2169 893 2226 947 in
2287 883 2505 947 coelum
2556 883 2922 958 ascenderit,
2959 885 3169 947 obvius
3217 888 3410 950 factus
3461 890 3644 954 fuorit

1995 976 2234 1040 Christo
2264 995 2383 1058 quo
2432 993 2568 1038 cum
2626 973 2790 1036 varia
2838 973 3118 1036 habuerit
3149 974 3450 1059 colloquia
3478 982 3636 1062 quod

1997 1067 2294 1130 invenerit
2325 1064 2724 1138 Muhammed,
2760 1083 2895 1126 cum
2927 1065 2988 1126 in
3020 1065 3212 1128 caelos
3241 1071 3636 1148 pervenisset,

1996 1160 2124 1222 haec
2143 1156 2326 1220 verba
2368 1157 2584 1218 throno
2609 1155 2716 1218 Dei
2738 1155 2995 1233 ascripta
3024 1173 3038 1217 :
3065 1157 3196 1219 Non
3221 1167 3311 1219 est
3336 1161 3493 1223 Deus
3525 1161 3639 1223 nisi

2000 1251 2248 1325 Deus,et
2269 1245 2656 1311 Muhammed
2677 1243 2982 1325 apostolus
2995 1243 3125 1307 Dei.
3149 1246 3394 1309 Alicubi
3417 1267 3558 1312 vero
3580 1251 3644 1312 in

1996 1340 2296 1403 Alcorano
2321 1347 2419 1399 tuo
2442 1337 2588 1398 dicit
2606 1337 2797 1399 Deus:
2824 1333 2910 1396 Te
2932 1334 3152 1415 saluto,
3174 1355 3209 1397 o
3231 1335 3644 1416 Euhan-ed,

1997 1448 2135 1492 cum
2184 1427 2407 1490 familia
2434 1436 2491 1488 et
2536 1434 2658 1487 toto
2685 1423 2903 1505 populo
2933 1433 3066 1489 tuo.
3089 1424 3256 1488 Alibi
3282 1429 3462 1491 etiam
3494 1429 3641 1493 dicit

1997 1520 2329 1583 Alcoranus
2360 1515 2520 1599 quod
2548 1515 2740 1579 Maria
2759 1515 2988 1577 fructus
3017 1517 3346 1596 palmarum
3382 1520 3643 1586 ediderit

1997 1607 2161 1670 unde
2192 1606 2440 1686 gravida
2463 1605 2641 1666 fuerit
2661 1613 2720 1666 et
2747 1611 2982 1666 uterum
3015 1607 3291 1681 gesserit.
3321 1606 3635 1675 OMulsul-

1997 1703 3248 1787 mane,quandoquidemjactasAlcoranum
3266 1716 3428 1770 tuum
3443 1728 3476 1772 e
3490 1711 3640 1775 ccelo

1995 1805 2410 1885 descendisse,
2445 1804 2738 1884 illumque
2761 1821 2896 1866 esse
2925 1802 3174 1865 verbum
3192 1803 3456 1881 Dei,Deo
3478 1827 3638 1874 coae-

257 1880 356 1946 λος
386 1881 540 1961 φησί,
574 1882 663 1949 Μὴ
693 1880 916 1960 τρώγεις
947 1883 1180 1963 χοίριον,
1214 1889 1292 1956 τῷ
1348 1878 1498 1955 ἄλλῳ
1529 1882 1685 1937 εἶπεν
1717 1896 1732 1912 ο
1772 1876 1910 1984 Θᾶλε

1998 1917 2260 1980 ternum,
2293 1913 2358 1967 ut
2379 1903 2622 1977 asseris,
2653 1920 2844 1984 quare
2873 1903 2931 1964 iu
2955 1901 3059 1965 illo
3099 1921 3219 1965 non
3241 1906 3638 1974 continentur

256 1971 352 2030 τὸν
394 1969 654 2028 δάκτυλον
708 1992 804 2028 σου
865 1973 937 2033 εἱς
983 1973 1085 2040 τήν
1129 1970 1384 2050 καθέδραν
1427 1991 1546 2051 σου,
1603 1969 1690 2026 καὶ
1749 1965 1911 2025 πλῦνε

256 2061 472 2130 ὲαῦτὸν,
541 2061 628 2117 καὶ
685 2057 879 2117 ἔκϐαλε
923 2062 987 2118 τὸ
1043 2059 1299 2119 δάκτυλον
1347 2081 1466 2134 σου,
1513 2062 1612 2116 καὶ
1650 2055 1780 2135 βάλε
1835 2057 1910 2119 είς

251 2152 321 2208 τὸ
390 2150 568 2225 στόμα
622 2171 744 2224 σου,
805 2153 883 2226 τῷ
953 2151 1090 2227 μετὰ
1134 2149 1467 2212 δακτυλιδίου
1526 2153 1755 2229 χρυσοῦ,
1817 2149 1914 2202 καί

255 2235 702 2317 γουνακατουδίου
772 2246 948 2319 φορῶν
1025 2241 1106 2309 μὴ
1185 2239 1434 2321 εὔχεται,
1516 2244 1683 2296 ταῦτα
1772 2232 1911 2301 ὅλως

253 2330 473 2410 ἄπρεπα
503 2328 663 2409 λόγια
708 2331 833 2394 εἶσι.
879 2330 986 2392 Καὶ
1029 2335 1145 2394 πῶς
1201 2333 1230 2389 6
1289 2333 1422 2395 Θεὸς
1482 2327 1642 2408 λόγια
1700 2323 1910 2405 σφαλτᾶ

255 2422 350 2478 καὶ
378 2418 582 2498 βέϐηλῑ
613 2419 901 2500 φθέγγεται
938 2443 956 2492 ;

1996 2005 2238 2069 oracula
2259 2015 2318 2068 et
2339 2005 2612 2084 dogmata
2634 2000 3062 2080 consolatoria,
3085 2002 3510 2079 exhortatoria,
3534 2008 3635 2073 de-

1899 2101 1909 2184 ξ
1994 2114 2182 2184 creta,
2217 2104 2406 2184 leges,
2438 2102 2754 2165 sententia:
2781 2120 2913 2183 quae
2927 2099 3034 2164 Dei
3062 2101 3432 2180 majestatem
3457 2116 3516 2168 et
3532 2125 3634 2170 sa-

1997 2205 2284 2289 pientiam
2316 2204 2629 2266 redoleant
2663 2224 2678 2268 :
2717 2201 2873 2264 sicut
2904 2201 3056 2266 Mosi
3085 2201 3234 2265 dixit
3275 2201 3435 2268 Deus
3467 2223 3484 2270 :
3520 2205 3636 2275 Fac

1995 2310 2126 2382 ista,
2159 2313 2220 2368 et
2249 2306 2384 2378 ista,
2421 2321 2588 2366 more
2609 2302 3054 2384 sapientissimo
3095 2300 3297 2363 omnia
3327 2299 3552 2370 docens
3580 2319 3639 2374 et

1995 2409 2316 2488 imperans.
2353 2402 2470 2466 Sed
2509 2402 2662 2464 liber
2693 2411 2853 2480 tuus,
2901 2411 2965 2464 ut
3007 2399 3140 2482 ipse
3185 2419 3304 2463 non
3335 2401 3634 2487 diffiterls,

258 2489 412 2571 dicit
443 2524 460 2572 :
493 2505 610 2570 Iste
628 2489 907 2571 comedit
934 2489 1216 2584 fructum,
1251 2510 1408 2573 alius
1438 2508 1539 2571 ivit
1575 2503 1867 2571 cubitum.
1899 2499 2054 2564 alius
2102 2496 2243 2592 lavit
2290 2492 2824 2592 vestimenta-sua,
2858 2492 3008 2592 alter
3052 2489 3366 2592 descendit
3393 2493 3636 2592 in_ven-

257 2607 412 2661 trem
441 2602 589 2661 cotis
621 2619 638 2659 :
665 2598 818 2661 allus
850 2600 1144 2682 confregit
1175 2579 1376 2677 idola;
1408 2597 1563 2662 alius
1591 2595 1736 2657 dicit
1765 2592 1908 2683 :ANe
1953 2586 2238 2683 comedas
2286 2602 2528 2646 carnem
2579 2582 2858 2683 suillam;
2915 2580 3089 2683 alteri
3141 2579 3374 2683 dicitur
3396 2603 3412 2645 :
3468 2588 3638 2683 nisi-

255 2695 388 2751 tum
418 2687 674 2750 immitte
705 2688 766 2751 in
801 2671 1091 2772 podiceni
1099 2698 1265 2754 tuum
1297 2671 1372 2754 et
1387 2690 1516 2752 lava
1543 2681 1850 2762 te,deinde
1879 2687 2094 2772 excute
2117 2677 2369 2772 digitum
2407 2684 2596 2747 tuum,
2627 2683 2692 2772 et
2715 2673 2884 2772 illum
2907 2671 3136 2772 iterum
3169 2671 3229 2732 in
3263 2689 3330 2772 os
3356 2672 3638 2768 immitte;

255 2777 434 2841 alteri
466 2778 733 2841 dicitur:
787 2763 876 2844 Ne
921 2799 1094 2846 vaces
1139 2781 1398 2844 orationi
1451 2796 1590 2842 cum
1642 2791 1829 2838 aureo
1876 2769 2123 2842 annulo,
2177 2765 2268 2828 vel
2302 2784 2436 2827 cum
2469 2773 2636 2826 veste
2665 2763 2799 2825 felis
2829 2765 2984 2845 pelle
3025 2778 3254 2831 ornata.
3291 2771 3407 2833 lsta
3436 2763 3642 2836 omnia

263 2885 515 2950 prorsus
535 2878 673 2932 sunt
701 2869 1010 2943 indecora,
1043 2884 1104 2934 et
1132 2890 1337 2954 quasso
1366 2866 1670 2950 quomodo
1705 2867 1871 2954 Deus
1893 2857 2370 2954 vana,_p_rufaua,
2405 2872 2661 2954 errones
2689 2854 3093 2954 eloqueretur.

349 2957 458 3018 Ἴδε
489 2959 599 3036 οῦν,
643 2969 927 3042 πανταχοῦ
975 2953 1273 3042 εῦρίσκεσθε
1326 2969 1552 3039 ψεῦσται
1610 2961 1708 3017 καὶ
1768 2953 1912 3013 πλά-

263 3071 372 3114 νοι.
422 3051 520 3108 Καὶ
561 3050 880 3129 καταγελῶν
924 3051 1068 3129 λέγω
1117 3075 1226 3128 σοι,
1258 3051 1376 3110 οὔτε
1419 3052 1561 3131 ἱερὸν
1605 3047 1910 3128 γνωρίζετε,

260 3138 386 3197 οῦτε
440 3139 566 3196 ναόν
625 3147 778 3215 Θεοῦ,
811 3143 929 3198 οὔτε
987 3143 1166 3218 βῆμα,
1199 3140 1317 3199 οὔτε
1359 3145 1503 3198 θείαν
1534 3141 1694 3220 χάριν
1725 3135 1912 3216 ἔχετε,

260 3226 384 3327 οὔτε
443 3227 638 3309 εὐχὴν,
699 3229 816 3287 οὔτε
877 3231 1182 3310 βάπτισμα,
1215 3231 1334 3288 οὔτε
1391 3227 1730 3306 ψαλμῳδίαν,
1793 3222 1972 3327 οῦτεο

256 3319 450 3399 ἄφεσιν
522 3320 826 3398 ἁμαρτιῶν,
888 3320 1005 3378 οῦτε
1088 3322 1364 3399 βασιλείαν
1447 3322 1706 3399 οὖρανῶν,
1793 3311 1912 3370 οὔτε

259 3405 614 3488 παράδεισον,
677 3411 722 3466 εἰ
777 3411 858 3486 μὴ
919 3411 1000 3469 ὅτι
1046 3410 1317 3470 ἀναϐαίνει
1372 3411 1459 3474 εἷς
1513 3409 1566 3475 ἕξ
1629 3409 1780 3482 ὑμῶν
1835 3406 1909 3468 εἷς

258 3499 432 3557 τόπον
461 3498 694 3576 ὕψηλὸν,
729 3523 816 3557 και
845 3503 950 3564 θεὶς
1008 3503 1101 3558 τὸν
1147 3503 1238 3559 ινα
1283 3498 1540 3559 δάκτυλον
1569 3503 1670 3565 τῆς
1723 3496 1910 3576 χειρὸς

257 3589 427 3646 αὖτοῦ
455 3589 529 3654 εἷς
558 3591 620 3646 τὸ
665 3590 846 3669 ὠτίον,
893 3589 991 3648 καί
1034 3593 1096 3648 τὸ
1153 3591 1284 3649 ἄλλο
1327 3589 1586 3649 δάκτδλον
1643 3595 1740 3652 τῆς
1787 3584 1906 3641 ἐτέ-

257 3699 358 3756 ρας
391 3679 580 3758 χειρὸς
611 3679 686 3742 εἰς
713 3700 815 3748 την
865 3679 1121 3761 καθέδραν
1173 3685 1354 3754 αὐτοῦ,
1385 3681 1472 3738 καὶ
1527 3680 1628 3756 βοᾷ
1687 3675 1856 3740 οὕτως
1890 3693 1906 3711 ⁸

262 3769 399 3833 Θεὸς
447 3768 660 3846 μέγαςί
721 3770 812 3827 καὶ
857 3771 990 3836 Θεὸς
1033 3769 1248 3849 μέγαςί
1310 3774 1396 3828 καὶ
1457 3777 1739 3846 μαρτῦρεϊ,
1802 3764 1912 3822 Οῦιι

259 3856 410 3914 ἔστιν
469 3859 626 3929 Θεὸς,
685 3860 760 3923 ὡς
819 3861 848 3917 6
892 3861 1024 3924 Θεὸς
1054 3862 1236 3942 ἡμῶν,
1296 3862 1385 3918 καὶ
1442 3858 1716 3937 μαρτυρῶ,
1749 3855 1832 3912 ὅτι
1882 3857 1912 3911 6

256 3946 563 4027 Χουχάιιετ
591 3947 896 4012 ἀπόστολος
955 3958 1088 4008 Θεοῦ
1147 3951 1312 4016 ἔστιν,
1373 3954 1478 4009 Καὶ
1533 3956 1694 4007 ταῦτα
1725 3944 1911 4024 πρώην

258 4037 400 4115 πρὸς
433 4036 552 4100 τοὺς
610 4035 868 4115 Ἀῥραόας
926 4037 1066 4106 δῆλα
1123 4039 1260 4109 ἦσαν
1317 4041 1420 4115 πρό
1450 4041 1544 4097 τοῦ
1587 4037 1908 4117 Μουχάμετ,

260 4123 434 4204 παρὲξ
482 4135 638 4185 τοῦτο
679 4129 768 4184 καὶ
811 4127 975 4202 μόνον
1016 4129 1096 4187 ὅτι
1161 4133 1190 4187 ὃ
1247 4127 1548 4210 Μοιιχάιιετ
1607 4123 1908 4189 ἀποστολος

263 4221 406 4273 Θεοῦ
431 4216 525 4282 ἦν.
584 4211 688 4276 Καὶ
746 4216 1053 4299 εἰσέρχεται
1085 4220 1113 4276 ὁ
1147 4229 1385 4280 τοιοῦτος
1439 4218 1712 4295 ἄνθρωπος
1743 4217 1818 4281 εἷς
1847 4215 1909 4272 τὸ

261 4302 552 4384 μασγίδιον
609 4303 902 4384 ἵμπροσθεν
933 4317 1027 4368 τοῦ
1067 4307 1219 4390 λαοῦ,
1252 4312 1344 4367 καί
1375 4307 1614 4382 ἵσταται,
1645 4309 1719 4372 ὡς
1750 4304 1908 4384 εἴρη-

257 4416 379 4470 ται,
425 4397 515 4452 καὶ
550 4393 768 4474 εὔχεται
833 4398 933 4466 τὴν
992 4397 1190 4480 εῦχὴν,
1221 4398 1290 4469 ἣν
1348 4401 1530 4457 εἷπον.
1577 4399 1650 4457 Τὸ
1697 4394 1752 4454 δὲ
1801 4419 1910 4472 μα-

259 4483 466 4563 σγίδιον
509 4486 657 4562 ὑμῶν
725 4495 970 4546 τοιοῦτον
1024 4492 1192 4550 ἔστιν.
1231 4545 1237 4552 ,
1273 4488 1447 4549 ’Ὅταν
1505 4487 1723 4563 μέλλεις
1784 4489 1911 4547 αὐτὸ

255 4575 614 4652 θεμελιῶσαι,
669 4576 947 4652 θεμελιοτς
1000 4579 1095 4637 σὺν
1138 4581 1283 4654 αῦτῷ
1336 4581 1424 4636 καὶ
1468 4580 1571 4658 πρὸ
1628 4577 1728 4644 τὴν
1771 4580 1904 4636 καθ-

2077 2947 2230 3010 Vide
2251 2965 2394 3024 ergo
2427 2953 2489 3007 et
2515 2942 2946 3022 animadverte,
2975 2965 3077 3010 vos
3121 2947 3343 3032 ubique
3370 2951 3552 3016 falsos
3581 2962 3640 3018 et

1995 3038 2355 3120 impostores
2375 3034 2776 3116 deprehendi.
2801 3033 2872 3098 Et
2894 3036 2998 3100 tibi
3022 3037 3281 3103 illudens
3303 3060 3509 3106 assero
3534 3061 3640 3107 vos

1997 3148 2115 3190 non
2142 3127 2364 3189 habere
2383 3143 2697 3201 sacra,nec
2720 3126 3008 3209 templum
3039 3127 3170 3211 Dei,
3206 3150 3401 3214 neque
3422 3133 3633 3209 altare,

1997 3235 2194 3298 neque
2220 3215 2485 3279 divinam
2540 3215 2816 3296 gratiam,
2851 3237 3045 3301 neque
3085 3217 3406 3301 baptisma,
3441 3242 3639 3302 neque

1997 3307 2412 3383 psalmodiam,
2432 3325 2630 3386 neque
2652 3309 3073 3371 remissionem
3095 3322 3502 3390 peccatorum,
3526 3332 3637 3376 ne-

1995 3414 2112 3478 que
2134 3414 2383 3474 regnum
2413 3396 2728 3471 caelorum,
2759 3416 2952 3479 neque
2977 3400 3318 3480 paradisum
3339 3403 3498 3483 apud
3531 3421 3636 3467 vos

1995 3487 2130 3565 quis
2141 3505 2210 3548 co
2220 3486 2669 3562 nsequitur,sed
2684 3496 2912 3550 tantum
2932 3507 3088 3550 unus
3101 3508 3171 3552 ex
3187 3491 3638 3556 vobisascendit

1995 3577 2057 3639 in
2082 3576 2280 3639 locum
2303 3575 2562 3657 aliquem
2586 3576 3000 3654 sublimem,et
3021 3579 3272 3659 digitum
3291 3598 3475 3642 unum
3506 3583 3637 3646 auri

1997 3665 2601 3750 imponens,alterum
2627 3684 2768 3731 vero
2792 3667 3096 3750 podici,ad
3117 3676 3301 3731 ravim
3324 3672 3641 3753 usquecla-

1996 3769 2138 3820 mat:
2157 3760 2318 3823 Deus
2333 3763 2600 3836 magnus!
2620 3756 2776 3820 Deus
2793 3759 3058 3839 ruaguus!
3075 3761 3642 3827 etconfessionesua

1995 3855 2266 3911 testatur:
2283 3845 2413 3910 Non
2428 3858 2519 3910 est
2537 3848 2696 3910 Deus
2717 3847 2875 3909 sicut
2895 3847 2978 3910 De
2987 3867 3056 3911 us
3071 3859 3296 3926 noster,
3306 3859 3365 3914 et
3377 3871 3486 3932 ego
3502 3871 3636 3934 pro-

1995 3937 2173 4002 fiteor
2201 3940 2358 4019 quod
2405 3938 2781 4000 Muhammed
2809 3940 2884 4001 sit
2907 3940 3215 4019 apostolus
3250 3940 3384 4004 Dei.
3419 3943 3493 4005 Et
3522 3943 3642 4007 ista

1993 4027 2092 4089 diu
2115 4040 2254 4091 nota
2270 4036 2441 4090 erant
2463 4026 2620 4109 apud
2656 4026 2890 4090 Arabas
2905 4038 3226 4110 antequam
3253 4035 3300 4092 Μ
3310 4033 3488 4096 ubam
3499 4033 3632 4096 med

1993 4120 2754 4199 exoriretur,pmterquam
2779 4119 2934 4182 istud
2956 4120 3342 4202 solum,quod
3357 4123 3592 4186 Mubam

1994 4211 2131 4273 med
2149 4209 2558 4286 estapostalus
2581 4209 2709 4272 Dei.
2744 4207 2882 4271 Post
2928 4211 3098 4273 istam
3137 4231 3276 4275 vero
3297 4214 3594 4278 confessio

1995 4299 2502 4380 nem,ingreditur
2523 4300 2703 4362 homo
2726 4299 3634 4382 istemosqueam,etstatcoram

1995 4390 2550 4473 populo,utdictum
2564 4390 3086 4464 est,etorationem
3102 4391 3228 4474 jam
3247 4405 3635 4458 memoratam

1993 4478 2519 4544 deblaterat.Talis
2547 4497 2690 4543 vero
2721 4488 2813 4543 est
2841 4482 2997 4563 apud
3031 4500 3134 4544 vos
3167 4502 3473 4566 mosquea.
3489 4488 3635 4550 Cum

1994 4569 2156 4632 illius
2167 4570 2448 4651 jacienda
2471 4579 2611 4633 sunt
2630 4570 3229 4646 fundamenta,simul
3254 4575 3433 4637 etiam
3458 4574 3640 4637 aadifi-

258 4663 420 4744 ἕδραν
471 4688 566 4724 σου
632 4669 973 4748 χρηματίσαι
1046 4671 1316 4750 σωτήριον
1354 4668 1580 4748 μέλλον,
1628 4666 1778 4748 ἔχεις
1819 4670 1910 4724 καὶ

1997 4671 2204 4725 cantur
2233 4659 2448 4722 balnea
2478 4669 2539 4723 et
2566 4660 2798 4723 lavacra
2838 4672 2903 4723 ut
2931 4660 3332 4724 Musulmanni
3375 4665 3633 4726 futuram

253 4753 399 4836 ὕδωρ
431 4753 549 4837 [καὶ
602 4755 791 4839 ῦϐωρ],
843 4762 918 4826 ὡς
963 4761 1102 4834 μετᾶ
1131 4763 1192 4818 τὸ
1234 4759 1556 4828 καθεσθῆναί
1586 4780 1644 4816 σε
1677 4758 1906 4821 ἐκτενῶς

1997 4753 2243 4816 salutem
2273 4750 2836 4832 adepturi,babeant
2851 4769 3064 4833 aquam
3083 4751 3157 4813 ad
3181 4771 3354 4814 usum
3377 4752 3630 4829 podicis,

253 4847 365 4914 τὴν
407 4847 609 4918 συνήθη
653 4868 750 4906 σου
813 4848 1095 4931 καθέδραν,
1159 4852 1248 4908 καὶ
1307 4851 1447 4925 μετὰ
1497 4851 1663 4906 ταῦτα
1719 4847 1905 4928 εὔιον,

1997 4862 2110 4924 quo
2134 4859 2346 4921 magna
2370 4859 2504 4902 cum
2538 4847 2922 4931 contentione
2955 4849 3156 4922 parato
3188 4851 3248 4903 et
3275 4841 3632 4931 composito,

255 4934 408 4992 ἕστιν
452 4933 508 4992 δε
570 4938 634 4994 τὸ
691 4935 972 5017 μασγίδιον
1028 4929 1404 5018 ἱστρωμένων,
1465 4938 1646 5016 ὥσπερ
1723 4936 1904 5012 κλίνη,

1997 4932 2066 4996 ad
2092 4949 2302 5012 preces
2323 4948 2388 4992 se
2401 4929 2854 5011 accingunt.Est
2873 4948 3014 4994 vero
3031 4949 3324 5010 mosquea
3338 4929 3637 5012 tapetibus

254 5026 360 5085 ’ίνα
389 5027 468 5103 μὴ
511 5029 775 5100 μιαίνεται
827 5033 1248 5110 περιπατοῦντος
1295 5039 1388 5089 τοῦ
1429 5028 1712 5107 ἀνθρώπου
1761 5027 1906 5084 ἕίνω-

1997 5031 2174 5088 strata
2196 5021 2350 5083 sicut
2367 5021 2665 5093 lectus,ne
2677 5020 2990 5082 hominum
3004 5020 3632 5102 superambulantium

255 5120 354 5174 θεν
400 5120 582 5181 αῦτοῦ.
632 5115 804 5176 Ἀλλὰ
858 5125 953 5178 καὶ
1011 5119 1238 5178 σανίδων
1284 5121 1396 5179 ἐστί
1444 5142 1539 5178 στο
1563 5117 1721 5176 ϐασία
1773 5115 1908 5175 ἅνω-

1997 5123 2266 5177 conlamu
2289 5111 2732 5174 contaminetur
2762 5110 2876 5174 Sed
2891 5119 2950 5172 et
2969 5129 3151 5191 supra
3168 5124 3308 5173 sunt
3329 5130 3399 5174 es
3421 5112 3637 5176 asseri-

253 5211 352 5264 θεν
381 5208 470 5264 καὶ
499 5209 728 5286 γοὶρωθεν
790 5219 882 5270 τοῦ
939 5208 1242 5290 μασγιδίου,
1293 5213 1381 5268 καὶ
1441 5212 1501 5267 τὸ
1558 5209 1908 5284 συνενόμενον

1997 5204 2104 5265 bus
2133 5201 2526 5277 structioues,
2559 5211 2620 5264 et
2653 5201 2915 5264 tabulata
2967 5201 3240 5276 quadam
3275 5203 3437 5265 circa
3467 5222 3632 5266 mos-

256 5301 426 5357 αῦτοῦ
473 5296 814 5378 καθεδράριον
861 5301 926 5358 οῦ
968 5301 1290 5376 μιαίνουσιν,
1347 5303 1374 5358 6
1428 5300 1626 5379 ἠνηρεῐ
1681 5301 1743 5355 τὸ
1801 5298 1908 5355 τῶν

1997 5312 2230 5375 queam;
2258 5301 2458 5374 partvs
2480 5300 2680 5354 autem
2735 5290 3234 5372 circuinjaceutes
3263 5301 3320 5354 et
3349 5293 3636 5356 sessionis

255 5385 560 5445 σανδαλίων
602 5391 698 5446 σοῦ
737 5391 991 5448 ὑποκάτω
1037 5397 1144 5448 τῶν
1195 5388 1372 5448 ποδῶν
1413 5411 1508 5446 σου
1559 5391 1606 5446 ος
1653 5390 1906 5446 ἀπέναντι

1997 5385 2188 5446 locum
2217 5401 2519 5464 mosqueaa
2537 5383 2882 5461 contiguum
2913 5400 3031 5442 non
3057 5379 3371 5464 inquinant
3391 5391 3450 5445 et
3480 5403 3634 5446 con-

252 5484 354 5536 τοῦ
406 5480 696 5556 προσώπου
753 5478 809 5535 ἔν
866 5486 944 5555 τῷ
975 5479 1306 5562 εἶσᾶρχςσθνί
1362 5499 1420 5538 σε
1476 5481 1550 5546 είς
1603 5478 1702 5547 τὴν
1745 5500 1905 5556 προσο

1997 5473 2426 5557 spurcant.Alii
2445 5472 2710 5535 sandalia
2732 5489 2804 5562 es
2827 5470 3082 5562 pedibus
3106 5471 3408 5545 tollunt,et
3429 5491 3465 5536 a
3485 5492 3633 5536 con-

251 5565 436 5648 ευχάν
492 5589 606 5628 σου.
674 5568 816 5628 Οἶδά
889 5590 950 5627 σε
1020 5559 1475 5648 καὶίνμανδήλιον
1545 5569 1902 5650 βαστάζοντα,

1997 5573 2202 5648 spectu
2233 5583 2340 5628 suo
2372 5571 2706 5628 removent.
2740 5559 2889 5624 Novi
2918 5560 3099 5623 etiam
3128 5561 3288 5644 quod
3317 5580 3454 5625 cum
3481 5579 3640 5650 mos:-

252 5646 408 5739 ὥπερ
463 5657 722 5729 ἁπλώνης
771 5658 1070 5742 ¹ἔμπροσθεν
1124 5646 1245 5740 σου,
1309 5662 1397 5721 καὶ
1460 5646 1625 5744 εὔχῃ,
1679 5658 1774 5718 ’ίνα
1824 5646 1904 5736 μῆ

1997 5646 2205 5742 queam
2220 5653 2564 5746 ingrederis
2577 5651 2739 5718 soles
2757 5651 3003 5746 mantile
3021 5659 3218 5718 tecum
3229 5660 3465 5746 gestare
3477 5646 3634 5746 quod

252 5751 465 5830 μιανθῇ
501 5748 570 5809 τὸ
617 5741 914 5832 προσωπαν
955 5772 1080 5838 σου,
1125 5748 1320 5824 hami.
1371 5741 1710 5835 δστρὼμᾶνον
1732 5750 1803 5820 ἦν
1843 5749 1909 5809 τὸ

1997 5764 2194 5813 noram
2223 5754 2283 5813 te
2318 5743 2588 5829 explicas
2613 5753 2676 5810 et
2701 5743 2983 5812 extendis
3031 5749 3100 5809 ut
3139 5741 3337 5825 possis
3377 5741 3639 5800 orationi
