4032 6218
3672 45 4000 149 'r

552 285 697 352 1451
1738 277 2144 341 BARTHOLO

2262 278 2316 342 EI
2354 278 2692 343 EDESSEN
2696 280 2723 342 Ι
3734 276 3854 342 1452

541 423 761 505 posuit,
797 423 1035 502 plenum
1062 416 1259 480 omnis
1287 418 1539 496 impurae
1564 417 1862 480 doctrinae
1904 419 2030 481 istis
2062 421 2133 483 ho

2264 424 2361 481 Καὶ
2423 424 2626 501 Κουρὰν
2687 423 2887 490 ταύτην
2948 421 3225 502 ἐκάλεσεν,
3271 421 3540 480 τουτέστιν
3604 425 3737 481 θείαν
3782 424 3856 492 δτι-

553 512 817 573 minibus
840 508 1395 589 gratissimaaﬁllum
1418 507 1567 568 cmlo
1598 507 1670 568 ad
1698 527 1763 569 se
1784 508 2047 571 delatum
2073 530 2145 587 pe

2266 509 2398 579 λαδὴ
2471 513 2805 586 νομοθεσίαν,
2867 512 3044 589 ῥητῶς
3123 510 3487 590 διοριζομένην
3564 513 3743 587 αὐτὴν,
3791 517 3858 571 τὸθα

544 599 966 679 archangelum
1000 598 1340 661 Gabrielem
1389 598 1665 671 asseruit,
1714 598 2042 660 doctrinam
2077 600 2136 660 ill

2267 601 2455 657 καθένα
2497 608 2603 658 τῶν
2649 602 2963 679 Ἀγαρηνῶν
3006 600 3099 658 ὑπ’
3150 601 3386 668 ἐξουσίαν
3429 600 3582 681 ’ἐχειν
3626 602 3859 682 τέσσαρσιν

542 696 879 753 contentam
913 687 1177 748 medium
1206 688 1267 748 in
1298 686 1505 765 vulgus
1537 686 1965 763 disseminavit,
1999 707 2134 768 qua:

2267 689 2493 768 γυναιξὶν
2536 704 2942 768 συγκοινωνεῖν,
3004 691 3096 748 καὶ
3153 692 3369 756 ταύταις
3414 691 3719 766 συνομιὶεῖν
3752 715 3859 771 προ-

538 782 836 841 Coranum
849 778 1102 851 vocavit,
1121 776 1181 839 id
1195 785 1283 838 est
1304 777 1570 836 divinam
1605 776 2025 854 legem.Sancit
2041 796 2130 838 ver

2269 786 2466 857 φανῶς,
2524 779 2801 842 παλλακὰς
2846 780 2901 836 δὲ
2959 780 3109 860 ἔχειν
3171 781 3262 837 τὸν
3326 778 3444 837 καθ’
3487 779 3605 860 ἕνα,
3651 781 3770 844 ὅσας
3816 783 3861 837 ἂν

536 869 640 955 illa
661 867 904 930 disertis
934 867 1133 928 verbis
1164 864 1492 946 quemlibet
1521 864 1970 943 Hagarenorum
2005 885 2128 945 p08!

2273 868 2480 945 αἰρέτω,
2531 870 2629 926 Καὶ
2674 869 2840 933 οὕτως
2893 871 3008 934 τοὺς
3053 870 3385 948 Ἀγαρηνοὸς
3446 871 3521 934 εἷς
3576 871 3674 937 τὴν
3714 871 3865 928 ἑαυτοῦ

538 954 654 1021 sibi
676 968 929 1039 quatuor
952 973 1169 1020 uxores
1205 954 1590 1016 matrimonio
1617 955 1924 1034 copulare,
1959 965 2017 1017 et
2042 975 2130 1017 Cll!

2271 958 2426 1031 τιμὴν
2469 956 2695 1035 ἤγαγεν,
2741 962 2831 1015 καὶ
2876 957 3042 1023 οὕτως
3079 960 3269 1023 αὖτοὺς
3311 957 3562 1032 ἐδίδαξεν,
3593 962 3688 1015 καὶ
3726 981 3863 1034 μετι-

539 1049 661 1110 illis
706 1047 949 1128 publice
1011 1062 1427 1118 consuescere,
1478 1044 1844 1105 concubinas
1906 1063 2044 1105 vero
2093 1051 2131 1107 ιε

2271 1047 2408 1108 νοίας
2469 1045 2826 1125 καταγγείλας
2874 1060 3074 1107 ποιεῖν.
3113 1050 3211 1106 Καὶ
3257 1046 3306 1103 τ’
3337 1046 3476 1104 ἄλλα
3538 1049 3749 1121 τούτων,
3788 1047 3863 1102 ὅσα

540 1151 681 1219 quot
710 1138 795 1198 illi
818 1135 1128 1215 placuerit.
1160 1137 1282 1198 Hac
1304 1143 1500 1195 autem
1531 1134 1761 1194 ratione
1785 1135 2131 1211 Agarenosi

2270 1157 2314 1190 εν
2347 1141 2413 1211 τῇ
2457 1135 2622 1212 βίϐλῳ
2682 1138 2976 1216 ἐγράψατο.
3010 1136 3182 1194 Ἀλλά
3241 1138 3330 1195 καί
3359 1159 3490 1195 ποτε
3523 1136 3702 1201 ἁπλῶς
3730 1137 3862 1216 ἐκρά-

536 1247 706 1291 suum
739 1227 962 1287 cultum
997 1223 1292 1304 perduxit,
1328 1223 1465 1283 illos
1513 1241 1619 1284 sua
1650 1223 1924 1283 doctrina
1957 1222 2121 1283 imbu

1230 1223 1292 1296 ξι,
1328 1223 1465 1283 illos
1513 1241 1619 1284 sua
1650 1223 1924 1283 doctrina
1957 1222 2177 1283 imbuit
2260 1246 2409 1280 τυνεν
2451 1226 2818 1301 νομοθέτημα.

534 1334 786 1378 monens
800 1315 977 1376 etiam
992 1322 1053 1373 ut
1071 1312 1485 1392 frequentibus
1511 1311 2428 1391 inclinationibusindulgerent.
2459 1313 2659 1375 Etalia
2673 1314 2811 1376 talia
2833 1316 3036 1378 docuit
3065 1334 3197 1397 qua;
3219 1316 3279 1377 in
3306 1314 3646 1377 illiuslibro
3673 1315 3863 1396 scripta

537 1411 937 1474 continentur.
973 1405 1091 1469 Sed
1126 1414 1184 1466 et
1210 1405 1530 1485 aliquando
1561 1405 1892 1466 absolutam
1926 1405 2117 1482 legem
2149 1406 2404 1488 aliquam
2443 1406 2590 1479 ﬁxit,
2624 1426 2799 1488 quam
2834 1409 3020 1471 voluit
3051 1411 3168 1471 vim
3220 1409 3443 1471 habere
3475 1418 3537 1471 et
3597 1409 3859 1471 obtinere.

618 1499 893 1562 Habebat
918 1496 1141 1575 quippe
1158 1495 1415 1556 amicum
1448 1496 1690 1554 nomine
1708 1494 1816 1555 Zez
1834 1495 1931 1554 cui
1962 1493 2172 1555 matri-

2334 1496 2498 1552 Φίλον
2550 1498 2650 1575 γὰρ
2706 1499 2837 1578 εἶχέ
2904 1522 3024 1556 τινα
3067 1501 3163 1571 Ζὲζ
3207 1509 3724 1578 προσηγορευμένον,
3779 1519 3859 1575 γυ·

537 1588 961 1666 moniojuncta
982 1593 1269 1645 eratuxor
1289 1583 1497 1643 forma}
1518 1582 2129 1661 elegantissimaﬂlliu

2267 1599 2418 1642 ναῖκα
2462 1585 2660 1668 ἔχοντα
2705 1588 2889 1645 κάλλει
2933 1590 3132 1667 ὡραίαν
3175 1590 3335 1663 πάνυ,
3380 1590 3470 1646 καὶ
3513 1590 3706 1655 ταύτης

532 1696 673 1739 vero
698 1693 904 1736 amore
921 1692 1209 1735 accensus
1234 1672 1632 1746 Mubammed,
1664 1672 1848 1732 voluit
1870 1672 2029 1732 illam
2057 1671 2124 1731 sil

2264 1673 2426 1750 ἔρωτα
2468 1678 2726 1752 κινηθεὶς,
2787 1681 2875 1734 καὶ
2928 1677 3159 1749 θελήσας
3191 1676 3382 1735 λαϐεῖν
3414 1678 3584 1744 αὐτὴν
3611 1678 3856 1753 δμὸζυγον,

535 1785 780 1829 uxorem
801 1765 1047 1835 habere,
1066 1771 1126 1823 et
1149 1761 1403 1821 amicum
1427 1761 1500 1821 ad
1525 1779 1589 1822 se
1615 1763 1836 1821 curavit
1862 1760 2127 1822 accersir.

2268 1764 2686 1842 προσεκαλέσατο
2743 1774 2952 1843 τοῦτον,
3012 1769 3103 1824 καὶ
3144 1768 3303 1825 εἶπεν
3347 1768 3496 1841 αὐτῷ
3526 1787 3542 1803 ·
3603 1767 3780 1839 Οἶδας,
3826 1768 3860 1821 ὦ

534 1874 711 1937 quem
738 1853 961 1915 talibus
986 1851 1184 1913 verbis
1205 1850 2019 1930 adoritur.Nosti,amice,me
2037 1868 2126 1910 ess

2269 1855 2458 1931 ἑταῖρε,
2513 1856 2588 1918 ὡς
2657 1856 2935 1936 προφήτης
2993 1856 3102 1934 ἐγὼ
3156 1858 3417 1937 τυγχάνω
3481 1865 3638 1930 Θεοῦ,
3680 1858 3768 1911 καὶ
3813 1856 3861 1908 τὸ

532 1927 881 2026 prophetam
898 1944 1147 2014 Dei,nec
1164 1949 1287 2000 tuto
1303 1957 1413 2000 nec
1425 1949 1627 2001 sancte
1641 1927 1818 2001 dictis
1833 1927 1977 2001 meis
1992 1939 2124 2001 ﬁdei

2264 1927 2388 2005 toto
2432 1943 2586 2018 ἐμοῖς
2641 1927 2873 2021 ῥήμασιν
2930 1927 3049 2004 τινα
3092 1927 3370 2027 ἀπιστεῖν,
3412 1948 3514 2005 οὒκ
3555 1927 3721 2005 ὅσιον.
3749 1945 3856 2001 Ἴσοι

533 2043 595 2095 et
624 2032 1065 2095 observantiam
1101 2029 1329 2108 negari.
1360 2030 1529 2090 Scias
1570 2048 1709 2107 ergo
1742 2029 1799 2088 id
1834 2029 1991 2109 quod
2022 2029 2125 2089 mil

2269 2031 2367 2107 ’δνν
2414 2034 2489 2096 ὡς
2533 2034 2849 2110 προσέταξεν
2881 2057 2974 2110 μοι
3006 2038 3034 2092 6
3065 2038 3217 2112 Θεὸς,
3269 2036 3329 2092 σὲ
3356 2026 3474 2111 γμὲν
3505 2035 3760 2093 ἀπολῦσαι
3783 2034 3861 2099 τὴν

530 2122 689 2185 Deus
713 2120 1188 2203 ipseimperavit.
1207 2118 1495 2180 Nimirum
1522 2128 1584 2180 ut
1616 2137 1864 2179 uxorem
1894 2127 2052 2178 tuam
2073 2118 2122 2178 di

2273 2118 2383 2177 δίαν
2442 2134 2696 2198 γυναῖκα,
2761 2122 2856 2199 ἐμὲ
2914 2122 2969 2179 δὲ
3027 2126 3225 2192 ταύτην
3283 2124 3499 2189 λαϐεῖν,
3580 2124 3725 2183 Ἐπεὶ
3760 2128 3861 2199 γοῦν

533 2213 1047 2293 mittas,illamque
1067 2212 1213 2273 mihi
1230 2211 1604 2272 matrimonio
1614 2212 1860 2290 jungam
1874 2208 2125 2281 .Quandr

2266 2208 2536 2286 προφήτην
2593 2215 2756 2291 εἶχον
2836 2221 3019 2270 τοῦτον
3069 2214 3289 2293 πάντες,
3335 2218 3412 2281 ὡς
3486 2214 3733 2289 εἴπομεν,
3782 2213 3858 2267 καὶ

532 2309 775 2391 quidem
803 2326 943 2369 vero
974 2307 1141 2367 illum
1186 2306 1532 2386 praphetam
1565 2323 1696 2365 esse
1718 2304 2124 2366 existimabant

2268 2296 2499 2379 ᾐδοῦντο,
2549 2302 2829 2357 κατένευσε
2889 2309 2964 2376 τῷ
3007 2301 3157 2379 λόγῳ
3200 2307 3361 2362 αὐτοῦ
3404 2306 3433 2360 6
3473 2304 3595 2383 Ζὲζ,
3652 2304 3735 2359 καὶ
3782 2302 3860 2367 τὴν

533 2390 591 2461 et
615 2398 783 2459 illum
812 2396 1133 2459 admodum
1160 2395 1510 2475 probabant,
1528 2394 1894 2455 annuitvotis
1918 2401 1974 2453 et
1994 2393 2125 2453 dicti

2268 2401 2477 2463 (uvam:
2522 2390 2680 2446 αὐτοῦ
2735 2392 3029 2470 ἐχωρίσθη,
3095 2393 3184 2448 καὶ
3239 2394 3439 2459 ταύτην
3491 2395 3519 2448 6
3595 2390 3860 2471 Μαχοῦμετ

532 2489 759 2550 amicus
779 2487 974 2562 Zez,et
999 2485 1073 2546 ab
1096 2503 1278 2545 uxore
1308 2498 1618 2562 separatus
1651 2493 1938 2558 estquam
1975 2482 2124 2543 tradi

2267 2475 2608 2553 τροσελάϐετο
2664 2480 2736 2543 είς
2792 2493 3042 2559 γυναῖκα,
3124 2481 3299 2544 καθὼς
3379 2481 3569 2562 εἶπεν.
3631 2487 3859 2543 Γυναῖκες

534 2578 621 2640 dit
651 2560 899 2637 uxorem
928 2576 1183 2635 futuram
1226 2560 1662 2635 Muhammedis
1690 2571 1844 2632 sicut
1877 2571 2004 2651 ipse
2025 2571 2126 2649 jus

2266 2564 2304 2619 tt
2348 2564 2508 2645 ἔσχεν
2538 2568 2633 2630 τὰς
2690 2570 2902 2646 πρώτας
2952 2572 3041 2625 καὶ
3088 2567 3219 2632 ἰδίας
3269 2569 3433 2627 αὺτοῦ
3462 2560 3516 2626 δ’
3547 2586 3562 2601 ⁸
3599 2570 3753 2647 ἤγουν
3776 2569 3858 2633 τὴν

534 2677 716 2731 serat.
741 2667 969 2730 Uxores
988 2683 1126 2726 vero
1158 2666 1378 2744 primas
1402 2681 1460 2726 et
1505 2683 1755 2725 numero
1775 2673 2027 2742 quatuor
2055 2665 2126 2725 ha

2264 2654 2454 2731 ζαδιζὲ,
2487 2658 2575 2713 καὶ
2606 2658 2706 2724 τὴν
2751 2655 2927 2733 Ἀ’ίσὲ,
2963 2660 3048 2714 καὶ
3091 2664 3191 2725 την
3233 2659 3467 2734 Ζηϊνὲπ,
3517 2663 3608 2716 καὶ
3636 2657 3856 2734 Ὀμειελ-

533 2757 663 2821 butt
692 2775 707 2821 :
734 2754 1255 2827 videlicetZadize,
1281 2753 1697 2833 Aise,Zeinep,
1724 2751 2125 2815 etOmieltein

2263 2746 2390 2819 ὶείμ.
2450 2744 2674 2803 ’Έτεκεν
2730 2745 2785 2802 δὲ
2838 2750 2927 2804 καὶ
2984 2749 3294 2827 θυγατέραν,
3360 2750 3464 2817 τὴν
3524 2750 3764 2826 Φᾶτμαν,
3802 2748 3855 2812 ἢν

533 2847 754 2912 Habuit
772 2864 909 2906 vero
932 2844 1111 2905 filiam
1134 2843 1377 2903 nomine
1404 2841 1917 2922 Phatmam,quam
1945 2860 2125 2920 gener

2263 2834 2340 2889 ui
2385 2833 2813 2913 ἐπεγάμϐρευσεν
2869 2834 2955 2893 ἐπ’
2999 2837 3165 2904 αὐτὴν
3210 2835 3455 2916 γαμϐρὸν
3529 2841 3623 2895 τὸν
3673 2836 3855 2911 Ἀλείμ.

531 2938 689 3000 Alim
738 2934 1120 2997 matrimonio
1179 2932 1645 2993 locavit.Habuit
1705 2940 1764 2992 et
1814 2934 1964 2992 duos
2016 2931 2123 2990 [ilic

2263 2931 2353 3007 Ιξαι
2409 2925 2551 2986 υἱοὺς
2614 2922 2728 3005 δύο,
2788 2926 2879 2982 τὸν
2938 2926 3215 3007 Χασάνην,
3256 2929 3345 2982 καὶ
3413 2928 3509 2983 τὸν
3574 2929 3855 2992 Χουσείνην.

535 3026 885 3089 Chousanen
934 3031 995 3084 et
1045 3021 1445 3084 Chousainen.
1496 3021 1764 3081 Aderant
1813 3038 1951 3080 vero
1987 3020 2073 3079 illi
2115 3039 2127 3079 ι

2266 2998 2420 3069 Ἠσαν
2464 3011 2517 3069 δὲ
2562 3016 2657 3070 καὶ
2700 3016 2749 3071 οἰ
2791 3014 2959 3091 ἕτεροι
2990 2998 3315 3091 συμμύσται,
3347 3017 3444 3073 καὶ
3492 3018 3749 3096 συνεργοὶ,
3784 3012 3858 3069 καί

534 3114 635 3177 alii
660 3121 995 3193 symmystze
1024 3119 1083 3171 et
1113 3111 1171 3169 in
1205 3127 1387 3189 opere
1418 3109 1565 3169 socii
1612 3119 1669 3169 et
1702 3113 1761 3169 in
1795 3108 2126 3188 propagand

2269 3100 2496 3182 Βιάδοχοι
2554 3103 2735 3164 αὐτοῦ.
2795 3103 2999 3182 ⁶Ήγουν
3068 3107 3097 3161 6
3158 3104 3550 3184 Πουπικέρτος,
3611 3108 3695 3164 καὶ
3750 3114 3861 3164 Koo-

534 3189 809 3266 doctrina
858 3189 985 3261 vsua
1054 3216 1434 3259 successores
1506 3197 1813 3261 indefessi.
1876 3197 2126 3259 Videlicr

2266 3189 2419 3267 ἵίκερ,
2477 3195 2566 3249 καὶ
2622 3195 2826 3271 Οὖμὰρ,
2886 3200 2975 3250 καί
3016 3193 3265 3274 Τάλχης,
3308 3196 3400 3251 καὶ
3462 3198 3494 3252 6
3554 3197 3858 3272 Πωπάκρης,

530 3291 993 3374 Apoupicertas,
1026 3298 1085 3350 et
1123 3287 1444 3366 Coubiker,
1478 3297 1536 3348 et
1567 3286 1769 3349 Omar.
1807 3296 1864 3349 et
1894 3286 2122 3349 Talche:

2271 3285 2281 3336 l
2340 3280 2567 3357 Σαδοὺκ,
2627 3285 2717 3338 καὶ
2776 3282 2999 3356 Μαυσιὲ,
3063 3286 3091 3339 6
3155 3284 3430 3364 Σωπεὴρ,
3491 3287 3522 3342 6
3584 3282 3863 3356 Ἀδελαῦ,ὁ

535 3372 1028 3462 etOpuupacres,
1063 3386 1121 3439 et
1152 3379 1370 3451 Saduc,
1427 3385 1485 3437 et
1537 3378 1789 3451 Mausie,
1827 3387 1884 3438 et
1915 3380 2127 3457 Supeei

2272 3373 2404 3443 ῐεῖτ,
2464 3372 2553 3427 καὶ
2609 3373 2637 3427 6
2704 3373 2890 3452 Ζίτων,
2938 3374 3024 3428 καὶ
3067 3376 3231 3453 Σαῖτ,
3277 3375 3364 3429 καὶ
3436 3376 3672 3450 Οὖθμαν,
3726 3374 3864 3450 ἤγουν

536 3481 595 3534 et.
623 3457 877 3543 Adelau,
912 3482 970 3529 et
1000 3467 1146 3543 Zeit,
1182 3477 1233 3527 et
1268 3464 1497 3541 Ze'iton,
1525 3476 1584 3528 et
1614 3467 1758 3547 Zait,
1794 3476 1851 3528 et
1881 3466 2128 3529 Othman

2275 3458 2357 3535 β’.
2401 3457 2690 3539 Ἀγγὲλους
2750 3458 2804 3515 δὲ
2861 3461 3228 3540 τερατεύεσθαι
3285 3462 3346 3519 ἐκ
3391 3470 3501 3522 τῶν
3547 3463 3863 3538 σεδασμάτων

534 3578 784 3622 nnmero
815 3557 1097 3618 videlicet
1146 3556 1493 3616 duodecim.
1536 3557 1801 3634 Angelos
1850 3574 1991 3618 veto
2026 3573 2126 3635 por

2267 3549 2421 3622 εἶναι,
2481 3551 2571 3606 τὸν
2630 3571 2687 3606 τε
2733 3550 2925 3629 Ἀρὼθ,
2972 3552 3061 3607 καὶ
3109 3553 3203 3607 τὸν
3262 3554 3489 3632 Μαρὼθ,
3546 3556 3636 3611 καὶ
3689 3553 3859 3629 Tia”:

533 3657 696 3711 tento
728 3647 901 3725 miro,
929 3655 988 3707 et
1014 3664 1083 3706 ex
1118 3662 1319 3706 rerum
1344 3645 1728 3705 colendarum
1763 3662 2012 3706 numero
2038 3662 2125 3705 ess

2269 3639 2336 3696 ιαί
2382 3640 2471 3695 τὸν
2529 3640 2779 3717 Μαρούα.
2830 3645 3104 3719 Προφῆται
3148 3640 3226 3712 δὲ,
3268 3645 3356 3697 καὶ
3386 3643 3683 3701 ἀπόστολοι
3719 3661 3861 3717 προσ·

534 3738 862 3811 dictitabat,
895 3736 1136 3796 Aratum
1162 3733 1416 3807 scilicet,
1449 3736 1759 3808 Maratum,
1796 3733 2126 3813 Tsaphamt

2270 3728 2629 3805 ιγορεύομενοι
2698 3726 2823 3807 παρ’
2883 3730 3037 3786 αὐτοῦ
3093 3737 3186 3787 τοῦ
3256 3732 3522 3808 Πωάμεθ,
3586 3733 3752 3791 εἴτοον
3787 3731 3862 3785 τὸν

533 3829 821 3892 Maruam.
879 3826 1063 3886 Erant
1114 3841 1252 3883 vero
1305 3830 1363 3884 et
1411 3825 1717 3902 propheta:
1759 3833 1817 3884 et
1857 3824 2109 3904 apostoli

2267 3814 2407 3892 Κοὺδ,
2471 3819 2556 3874 καὶ
2612 3816 2833 3892 Τζάλετ,
2893 3818 2929 3886 ἢ
2974 3817 3173 3894 Σάλεκ,
3219 3821 3309 3876 καὶ
3365 3823 3466 3877 τὸν
3523 3826 3752 3899 Σουαῖπ,
3788 3816 3859 3874 καὶ

534 3914 952 3981 Mubammede
999 3913 1332 3985 memorati,
1391 3914 1669 3973 nimirum
1726 3913 1916 3986 Chud,
1964 3913 2126 3974 Tsalt

2265 3907 2342 3962 τὸν
2398 3904 2617 3985 Ἐδρὴς,
2676 3909 2763 3962 καὶ
2806 3907 2898 3962 τὸν
2942 3906 3292 3986 Χουαλκιφὶλ,
3338 3911 3433 3967 καὶ
3495 3914 3589 3968 τὸν
3643 3910 3857 3984 Αοημὰν,

534 4024 638 4068 seu
670 4008 860 4071 Salec,
894 4002 1092 4083 Soaip,
1126 4002 1325 4075 Edris,
1353 4001 1789 4082 Choualciphil,
1823 4010 1881 4063 et
1906 4001 2124 4063 Loema

2268 3994 2407 4051 ιῦτόν
2456 3996 2594 4071 μετὰ
2648 3996 2871 4055 τούτων.
2906 3996 3132 4075 Παρέγει
3162 3995 3281 4073 μετ’
3311 3998 3510 4066 αὖτοὺς
3560 4001 3648 4057 καὶ
3688 4003 3743 4057 ὲκ
3785 4002 3860 4062 τῆς

537 4097 667 4177 ipse
714 4113 849 4157 cum
900 4093 1033 4153 illis.
1096 4094 1235 4154 Post
1288 4090 1423 4151 illos
1449 4091 1645 4170 jungit
1697 4090 2129 4172 quamplurima

2262 4084 2511 4177 uallata};
2542 4084 2715 4177 δῆθεν,
2748 4090 2985 4177 Γραφῆς,
3040 4093 3133 4142 τοῦ
3176 4107 3234 4142 τε
3286 4089 3431 4164 Νῶε,
3467 4090 3558 4147 καὶ
3616 4086 3854 4167 Ἀϐρααμ,

535 4172 684 4249 alios
714 4183 955 4261 scriptis
984 4180 1219 4243 Veteris
1249 4179 1614 4242 Testamenti
1648 4181 1987 4242 notissimos
2005 4182 2127 4243 Noa

2269 4176 2339 4231 ιαὶ
2384 4172 2587 4250 Ἰσαὰκ,
2638 4175 2725 4231 καὶ
2782 4172 2997 4251 Ἰακὼϐ,
3033 4176 3120 4232 καὶ
3170 4175 3399 4256 Ἰωσὴφ,
3455 4183 3546 4235 καὶ
3605 4176 3739 4252 Ἰὼϐ,
3794 4175 3861 4231 ui

538 4277 738 4344 chum,
763 4269 2130 4349 Abrahamum,lsaacum,Jacobnm,Josephum

2266 4264 2516 4343 Μωσέως,
2569 4267 2662 4321 καί
2721 4263 2959 4343 Ἀαρὼν,
3021 4266 3109 4321 καὶ
3171 4265 3354 4339 Δαόὶό,
3389 4269 3485 4324 καὶ
3517 4267 3858 4337 Σολομῶντος,

536 4362 763 4439 Mosen,
795 4363 1036 4436 Jobum,
1068 4363 1387 4431 Aaronem,
1425 4362 1731 4435 Davidem,
1764 4362 2128 4423 Salomonen

2269 4355 2342 4410 ιαὶ
2402 4352 2581 4434 Ἠλία,
2639 4354 2726 4410 καὶ
2814 4351 2989 4428 Ἰωνᾶ,
3051 4356 3137 4410 καὶ
3211 4357 3489 4435 Ζαχαρίου
3547 4369 3641 4415 τοὺ
3693 4356 3861 4431 πατρὸς

535 4453 753 4528 Eliam,
776 4450 1363 4517 Jonam.Zachariam
1383 4462 1605 4528 patrem
1628 4451 1875 4511 Joannis
1894 4449 2127 4529 Baptist:

2263 4442 2501 4500 Ἰωάννου
2544 4453 2638 4502 τοῦ
2681 4441 3007 4523 Προδρόμου,
3053 4445 3142 4501 καὶ
3199 4442 3479 4523 Ἰερεμίου,
3535 4449 3624 4504 καὶ
3666 4442 3855 4520 Δανιὴλ,

534 4538 2126 4625 praecursorisJeremiam,Danielein,Melcbisedecun

2262 4534 2339 4591 ui
2396 4532 2755 4613 Μελχισέδεκ,
2801 4534 2888 4589 καὶ
2946 4534 3149 4598 πάντας
3212 4535 3337 4599 τοὺς
3398 4533 3636 4594 ἔκπαλαι
3679 4534 3854 4615 προφή-

531 4621 592 4696 et
624 4650 835 4694 omnes
865 4639 1094 4692 veteres
1127 4629 1443 4709 prophetas
1472 4638 1531 4690 et
1560 4628 1681 4690 Deo
1715 4629 1947 4689 ﬁdeles.

1399 4647 1443 4689 IS
1472 4638 1531 4690 et
1560 4628 1681 4690 Deo
1715 4629 1947 4689 ﬁdeles.
2183 4647 2366 4711 οτας,
2398 4625 2486 4680 καὶ
2516 4623 2571 4679 ἐν
2602 4623 2717 4711 Θεῷ
2749 4621 2991 4687 πιστούς,

613 4722 883 4787 Jactabat
926 4732 987 4783 et
1034 4718 1394 4782 sententiam
1448 4737 1480 4779 e
1546 4719 1696 4780 coelo
1750 4736 1815 4779 se
1862 4709 2205 4796 accepisse—

2327 4713 2567 4770 "Avatv
2596 4709 2982 4788 ἐπιλαϐόμενος
3027 4710 3195 4769 δοκῶν
3243 4710 3424 4770 τοιάδε
3458 4713 3708 4794 λέγουσα,
3737 4710 3849 4769 ὅτιὸ

532 4821 926 4886 asserentem,
982 4808 1146 4887 quod
1194 4807 1351 4869 Deus
1396 4826 1573 4887 quem
1644 4807 1765 4868 vult
1820 4806 1891 4866 ad
1943 4806 2124 4867 bonui

2257 4805 2406 4877 Θεὸς,
2439 4801 2498 4857 ’ὃν
2535 4801 2675 4858 θέλει
2718 4800 2911 4877 ὁδηγεῖ
2941 4803 3015 4866 εἷς
3047 4802 3270 4880 ἀγαθὸν,
3316 4802 3375 4858 ὅν
3408 4801 3469 4859 δὲ
3498 4806 3664 4882 θέλει,
3708 4800 3849 4865 σιλη-

532 4905 739 4982 ﬂectit,
773 4901 1017 4964 alterius
1038 4916 1178 4961 vere
1202 4915 1305 4959 cor
1330 4896 1567 4957 indurat
1589 4904 1647 4957 et
1676 4894 1871 4956 reddit
1892 4893 2124 4955 immori

2255 4893 2437 4982 pdvstf
2483 4894 2572 4948 καὶ
2614 4891 2719 4982 δτι,
2772 4891 2818 4946 εί
2860 4891 2888 4946 6
2934 4892 3065 4982 Θεὸς
3115 4889 3326 4965 ἤθελεν,
3368 4895 3470 4952 οὒκ
3499 4892 3565 4948 ἂν
3592 4891 3847 4966 timum

530 4976 761 5073 gerum.
786 4990 856 5053 Et
879 4989 1037 5071 quod
1059 4989 1109 5050 si
1130 4987 1285 5049 Deus
1308 4986 1490 5048 vellet
1525 4985 1743 5045 mutuis
1775 4983 1944 5045 bellis
1967 4984 2122 5045 homi

2256 4979 2505 5051 αλλήλοις
2538 4983 2582 5036 οἳ
2616 4977 2907 5059 ἄνθρωποι.
2948 4976 3097 5036 Ἀλλ’
3131 4980 3288 5045 αὐτὸς
3324 4994 3483 5038 ποιεῖ
3523 4984 3553 5038 ὃ
3597 4984 3720 5045 Θεὸς
3743 4978 3848 5054 ὅπερ

533 5068 643 5144 nes
680 5100 744 5144 se
778 5068 1280 5142 non—invaderent
1330 5084 1387 5137 et
1416 5076 1806 5136 lacesserent.
1849 5073 1966 5135 Sed
2006 5092 2123 5149 quo

2255 5070 2519 5148 βούλεται,
2578 5070 2666 5125 καὶ
2737 5069 2935 5132 παντὸς
2992 5068 3215 5150 ἀγαθοῦ,
3272 5073 3373 5126 καὶ
3433 5078 3673 5150 πονηροῦ
3722 5068 3847 5125 αὐτὸς

531 5168 692 5230 Deus
713 5170 1292 5249 faciatquaecumque
1315 5164 1457 5233 vult,
1476 5166 1551 5225 sit
1567 5182 1741 5225 causa
1762 5161 1904 5224 boni
1925 5171 1983 5223 et
2007 5164 2118 5224 mal

2256 5161 2395 5217 ἐστιν
2468 5157 2665 5223 αἴτιος.
2719 5158 2826 5217 Καὶ
2880 5158 3022 5238 τύχη
3081 5159 3168 5214 καὶ
3224 5158 3531 5237 εἱμαρμένη
3586 5158 3675 5216 ὑπ’
3724 5160 3848 5215 αὐτοῦ

531 5244 1045 5337 imperetquei‘ato
1077 5244 1425 5318 etl’ortume.
1453 5252 1824 5315 Obtrudebat
1843 5261 1899 5312 et
1918 5251 2031 5312 alia
2054 5251 2123 5312 do

2256 5250 2417 5309 ἔστιν.
2481 5247 2638 5325 Λέγει
2695 5245 2751 5303 δὲ
2807 5247 3131 5337 καί-ἐτέρας
3182 5244 3529 5312 διδασκαλίας
3582 5250 3708 5326 πρὸς
3753 5244 3848 5305 τοὺς

531 5352 728 5425 gmata
750 5334 1256 5426 lsmaelutis,quod
1286 5344 1567 5404 nimirum
1595 5342 1879 5403 Dominus
1904 5343 2060 5403 Deus
2077 5340 2123 5401 δε

2259 5337 2626 5415 Ἰσμαηλίτας,
2675 5337 2756 5394 ὅτι
2800 5339 2828 5394 6
2886 5334 3081 5415 Κύριος
3151 5339 3241 5393 καὶ
3296 5339 3433 5403 Θεὸς
3489 5338 3693 5406 Ἰησοῦς
3742 5342 3847 5413 Χρι-

533 5452 636 5497 sus
656 5433 953 5503 Christus,
973 5455 1041 5495 ex
1071 5425 1312 5513 Virgine
1338 5433 1520 5497 Maria
1549 5432 1679 5493 sine
1696 5430 2125 5508 seminegenitt

2256 5432 2379 5495 στὸς
2428 5428 2534 5485 ἀπὸ
2579 5428 2780 5506 Μαρίας
2834 5431 2933 5494 τῆς
2988 5426 3252 5505 Παρθένου
3309 5425 3435 5485 ἄνευ
3498 5432 3693 5505 σπορᾶς
3743 5444 3845 5501 τεν·

532 5523 713 5589 fnerit
746 5540 850 5601 per
880 5524 1140 5583 Verbum
1176 5534 1232 5584 et
1262 5524 1547 5603 Spiritum
1583 5521 1711 5583 Dei.
1750 5523 1821 5583 Et
1851 5522 2009 5601 quod
2034 5540 2124 5581 Clll

2253 5520 2427 5587 νηθεὶς
2470 5518 2531 5574 ἐκ
2587 5519 2681 5574 τοῦ
2724 5517 2899 5596 Λόγοδ
2941 5526 3033 5575 τοῦ
3092 5522 3226 5574 Θεοῦ
3275 5518 3368 5573 καὶ
3406 5518 3507 5573 τοῦ
3560 5516 3838 5590 Πνςύματοςι

532 5613 799 5685 infantiae
822 5620 1063 5679 teneros
1077 5632 1266 5681 annos
1289 5615 1551 5679 nondum
1574 5623 1733 5679 esset
1751 5631 2124 5694 supergresso

2251 5609 2354 5672 Καὶ
2387 5608 2463 5665 ἔτι
2494 5608 2682 5680 νήπιος
2733 5605 2807 5664 ὢν
2859 5606 3076 5666 πετεινὰ
3129 5605 3190 5663 ὶκ
3242 5605 3433 5675 πηλῶν
3476 5604 3835 5684 ἔπλαστούργει,
