4032 6218
259 342 414 410 1453
1383 346 1867 413 CONFUTATIO

1952 351 2451 414 lUHAMMEDIS.
3457 356 3607 421 1454

246 492 339 549 καὶ
383 490 632 572 ἐμφυσῶν
664 490 826 550 ἐποίει
860 493 994 551 αὐτοὶ
1040 500 1174 570 ζῶα,
1204 496 1292 553 καὶ
1341 496 1569 578 τυφλοὺς
1610 500 1750 574 ἰᾶτο,
1797 500 1868 555 κα

1970 499 2241 561 volucres
2273 517 2343 561 ex
2374 500 2498 560 luto
2544 499 2908 579 formaverit,
2943 497 3005 560 in
3054 517 3199 580 quas
3228 518 3367 562 cum
3409 503 3607 565 insuf-

251 582 472 658 νεκροὺς
516 580 719 658 ἤγειρε.
773 580 876 640 Καὶ
922 582 1003 639 ὅτι
1048 584 1107 640 ἐκ
1161 585 1553 663 παρακλήσεως
1597 593 1704 643 τῶν
1746 586 1868 643 ἆπο-

1972 589 2194 663 flasset,
2216 588 2853 669 incmperuntmoveri,
2882 589 3108 650 sentire
3131 596 3189 650 et
3206 590 3390 652 halitu
3412 592 3610 653 efﬁca-

242 669 456 728 στόλων
501 671 741 750 ᾔτήσατο
810 673 901 729 τὸν
975 674 1127 754 Θεὸν,
1177 675 1265 731 καὶ
1326 678 1655 756 κατήνεγκεν
1694 679 1758 734 ἐκ
1798 685 1868 733 τοέ

1971 676 2214 738 cissimo
2245 678 2498 738 animari
2529 686 2588 738 et
2619 677 2924 738 viviﬁcari.
2955 678 3393 759 Insuper,quod
3416 698 3606 742 caecos

238 762 465 837 οὐρανοῦ
507 760 791 840 τράπεζαν,
852 762 942 818 καὶ
996 761 1271 838 ἐξέτρεψεν
1337 766 1551 837 αὐτοὺς,
1599 765 1695 822 καὶ
1739 765 1868 841 μάλα

1968 767 2285 841 sanaverit,
2315 778 2581 828 mortuos
2595 768 2884 847 excitarit,
2907 768 3066 847 quod
3097 767 3170 828 ad
3202 768 3602 847 apostolorum

237 849 396 907 λαόν.
448 850 546 907 Καὶ
589 847 670 906 ὅτι
714 848 829 906 οὔτε
888 850 1219 927 ἐσταυρώθη,
1274 852 1392 911 οὕτε
1451 854 1571 912 κατ’
1629 854 1868 926 ἀλήθειαπ

1968 873 2211 916 suorum
2247 855 2706 935 postulationem
2756 856 2942 917 Deum
2994 857 3292 932 rogaverit
3320 859 3421 937 qui
3454 857 3605 918 caelo

238 940 504 996 ἀπέθανεν
562 940 636 1001 ὡς
686 937 982 1018 ἄνθρωπος,
1029 940 1165 998 ἀλλὰ
1210 943 1346 1000 κατὰ
1376 945 1667 1023 φαντασίαν
1713 946 1868 1020 μόνηε

1967 944 2264 1005 dimiserit
2318 962 2584 1005 mensam
2629 944 2808 1005 variis
2853 944 3105 1024 dapibus
3157 953 3428 1008 onustam
3459 945 3601 1026 qui-

236 1049 411 1087 ταυτα
479 1027 623 1096 παρὰ
671 1048 778 1084 των
839 1026 1099 1108 Ἐϐραίων
1154 1030 1384 1106 ὑπέστη,
1467 1040 1654 1091 τοῦτον
1726 1034 1868 1109 νομί-

1965 1032 2078 1094 bus
2112 1031 2412 1112 apostolos
2444 1033 2605 1112 ipsos
2651 1041 2710 1093 et
2753 1032 2955 1094 turbas
2983 1033 3459 1114 quamplurimas
3509 1034 3602 1096 ei-

238 1137 435 1181 σαντες
477 1115 837 1197 ἐσταύρωσαν,
895 1116 1017 1174 ἀλλ’
1060 1117 1176 1177 οὕτε
1219 1142 1299 1187 τις
1360 1120 1519 1181 αὒτοῦ
1574 1119 1718 1188 ὅλως
1777 1122 1868 1203 οὔχ

1966 1120 2194 1183 baverit
2226 1131 2285 1183 et
2312 1121 2934 1194 refocillaverit.Quod
2957 1123 3145 1184 crucit
3175 1141 3292 1184 non
3318 1122 3497 1184 fuerit
3518 1122 3605 1186 af-

239 1206 446 1283 ἥψατο,
495 1204 634 1262 ἆλλὰ
676 1206 805 1282 πρὸς
852 1206 1060 1288 ἂθεΐαν,
1105 1210 1195 1266 καὶ
1248 1210 1519 1283 ἀπιστίαν,
1554 1212 1643 1268 καὶ
1702 1211 1868 1268 ἁπαν-

1963 1211 2132 1285 ﬁxus,
2167 1228 2278 1271 nec
2296 1228 2503 1271 revera
2528 1220 2591 1272 ut
2613 1211 2792 1271 homo
2821 1217 3088 1272 mortuus
3111 1210 3315 1287 fuerit,
3349 1211 3456 1272 sed
3486 1212 3601 1274 ista

1960 1306 2186 1360 tantum
2220 1299 2542 1377 contigisse
2574 1300 2901 1361 secundum
2932 1300 3346 1380 apparentiam
3379 1308 3437 1361 et
3468 1318 3602 1379 spe-

1961 1394 2140 1468 ciem,
2163 1406 2352 1469 eaque
2374 1388 2446 1450 ab
2472 1387 2739 1450 Hebraeis
2763 1407 2895 1450 esse
2917 1390 3241 1468 supposita,
3264 1390 3363 1471 qui
3386 1390 3599 1451 existi-

1962 1485 2197 1537 marunt
2226 1476 2285 1537 in
2318 1495 2495 1538 cruce
2518 1478 2899 1557 illumipsum
2922 1478 3238 1539 sustulisse
3270 1488 3328 1539 et
3349 1497 3600 1558 suspen-

1963 1566 2145 1627 disse.
2172 1566 2285 1628 Sed
2310 1584 2515 1627 revera
2541 1567 2743 1627 nullus
2764 1568 2927 1628 illum
2952 1568 3367 1647 apprehendit,
3394 1570 3499 1629 sed
3520 1568 3597 1628 ad

237 1297 479 1376 θρωπίαν
539 1294 724 1352 τοῦτον
784 1294 988 1377 ἑώρων,
1078 1296 1201 1355 ὅσον
1285 1299 1419 1355 κατὰ
1496 1301 1590 1363 τὰς
1663 1300 1879 1380 ἐφικτὰς

238 1388 334 1444 καὶ
377 1383 704 1460 δυσωνυμίας
763 1386 935 1443 αὐτῶν
1006 1388 1365 1450 πεπονθότων.
1416 1390 1513 1447 Καὶ
1584 1397 1740 1446 τοῦτο
1783 1389 1877 1446 λέ-

237 1499 380 1557 γων,
425 1474 505 1531 ὅτι
550 1474 840 1552 ἐρωτηθεὶς
884 1473 1027 1551 παρὰ
1089 1478 1182 1532 106
1238 1484 1371 1534 Θεοῦ
1406 1496 1421 1512 ⁸
1486 1480 1542 1535 Εἰ
1592 1479 1878 1552 ὠνόμασας

239 1563 433 1621 ἑαυτὸν
464 1561 596 1618 Θεὸν
653 1559 709 1616 ἐν
749 1567 826 1635 τῷ
855 1561 1043 1636 κόσμῷ
1080 1579 1095 1594 ⁸
1130 1565 1157 1620 ὁ
1190 1561 1245 1619 δὲ
1280 1565 1435 1622 εἶπεν
1471 1581 1484 1596 ⁹
1532 1560 1596 1620 Ὠ
1630 1566 1875 1642 Ἰωαννη,

236 1656 305 1711 σὺ
349 1656 509 1714 εἶπας
538 1652 630 1707 τὸν
673 1648 836 1727 λόγον
880 1658 1089 1724 τοῦτον,
1122 1652 1202 1709 ὅτι
1255 1655 1372 1720 Υἱός
1415 1657 1525 1730 εἶμι
1572 1662 1662 1711 τοῦ
1721 1664 1868 1730 Θεοῦ,

1962 1656 2196 1716 illorum
2233 1656 2625 1735 impietatem,
2656 1656 3155 1730 incredulitatem,
3184 1656 3595 1718 inhumanita-

238 1744 331 1800 καὶ
376 1741 531 1804 Θεός,
576 1739 905 1826 Ἤρνήσατο,
954 1737 1150 1818 λέγων,
1206 1740 1287 1799 ὅτι
1345 1743 1418 1799 Σὺ
1476 1745 1645 1801 πάντα
1702 1745 1868 1823 γινώ-

1961 1754 2076 1807 tem
2107 1745 2457 1819 testandam,
2495 1746 2952 1806 videruntillum
2986 1755 3268 1826 quantum
3294 1765 3364 1807 ex
3386 1764 3595 1806 eorum

237 1853 414 1905 σκεις,
472 1829 563 1885 καὶ
619 1825 799 1900 οἶδας,
861 1827 942 1883 ὅτι
1004 1828 1101 1885 οὒκ
1156 1830 1412 1905 ὠνόμασα
1479 1833 1665 1889 ἑαυτὸν
1717 1836 1868 1907 Θεὸν,

1956 1833 2465 1895 infaustisviribus
2498 1834 2819 1915 pendebat,
2839 1825 3044 1896 revera
3058 1835 3598 1915 patientem.Addit

228 1923 270 1992 ἢ
318 1919 438 1977 Υῖόν
471 1940 565 1974 σου
597 1935 613 1951 °
660 1914 844 1980 δοῦλος
898 1915 999 1995 γάρ
1058 1919 1153 1974 σού
1195 1921 1326 1993 εἰμι,
1386 1922 1475 1978 καὶ
1532 1924 1637 2001 οὔχ
1666 1923 1868 1999 ὑπερη-

1956 1932 2014 1984 et
2041 1922 2195 1982 istud
2230 1923 2388 2002 quod
2441 1914 2574 1983 cum
2623 1922 2799 1985 Jesus
2842 1925 2914 1984 ad
2967 1914 3150 1986 ccelos
3199 1918 3590 2004 pervenisset,

225 2010 527 2092 φανεύομαι
572 2014 728 2064 τοῦτο
799 2004 1104 2069 καλεῖσθαι.
1170 2009 1267 2066 Καὶ
1309 2008 1391 2065 ὅτι
1440 2009 1467 2067 δ
1510 2011 1639 2074 Θεὸς
1684 2008 1868 2067 ἔλαϐεν

1955 2015 2112 2074 Deus
2142 2012 2214 2071 ab
2246 2013 2377 2091 ipso
2407 2013 2710 2089 rogaverit
2763 2032 2777 2075 :
2836 2012 3030 2085 Quare
3079 2031 3212 2074 cum
3258 2014 3321 2075 in
3372 2013 3592 2074 mundo

226 2101 391 2158 αὐτὸν
458 2099 529 2161 εἷς
596 2097 690 2150 τὸν
747 2095 965 2172 οὖρανὸν
1019 2093 1103 2151 διὰ
1146 2098 1207 2152 τὸ
1260 2096 1378 2153 λίαν
1435 2098 1613 2177 φιλεῖν
1682 2099 1864 2163 αὐτόν,

1952 2100 2303 2173 versabaris,
2336 2101 2614 2162 vocavisti
2660 2110 2715 2161 te
2748 2102 2964 2163 Filium
3000 2101 3157 2164 Dei?
3186 2103 3281 2164 Ad
3327 2118 3459 2182 qua
3486 2100 3593 2163 Je-

227 2190 332 2249 Καὶ
383 2186 471 2244 ὅτε
512 2183 736 2253 ἀνῆλθεν
786 2185 814 2239 ὸ
868 2185 1091 2253 Χριστὸς
1127 2184 1182 2241 ἐν
1213 2192 1290 2259 τῷ
1318 2187 1545 2267 οὺρανῷ,
1579 2186 1699 2244 τότε
1728 2191 1868 2265 ἒρω-

1952 2207 2053 2250 sus
2089 2207 2102 2251 :
2136 2188 2183 2251 Ο
2205 2186 2492 2260 Joannes,
2527 2207 2647 2248 non
2681 2207 2788 2265 ego
2821 2189 2926 2250 sed
2961 2198 3020 2249 tu
3073 2188 3185 2248 hoc
3232 2187 3460 2259 dixisti,
3492 2204 3589 2248 me

223 2281 370 2349 τήθη
403 2277 518 2355 περὶ
550 2278 731 2337 αὐτοῦ.
782 2275 885 2331 Τὸν
934 2276 1161 2351 Χριστὸν
1210 2275 1269 2332 οὗ
1296 2276 1525 2354 λέγωσιν
1559 2278 1677 2333 Υἱὸν
1708 2279 1863 2355 Θεοῦ,

1952 2278 2228 2339 nimirum
2262 2295 2396 2337 esse
2445 2281 2631 2337 Deum
2666 2284 2725 2337 et
2752 2275 2969 2339 Filium
3004 2277 3136 2339 Dei.
3164 2277 3416 2355 Negavit
3444 2294 3588 2355 ergo

224 2367 350 2426 ἀλλ’
383 2364 705 2437 ἀπόστολον,
737 2364 827 2420 καὶ
883 2364 1189 2443 προφήτην,
1234 2365 1417 2421 καθότι
1450 2368 1477 2421 ὁ
1509 2368 1664 2441 Θεὸς,
1709 2369 1861 2446 φησὶ,

1952 2365 2150 2427 dicens
2186 2386 2199 2424 :
2233 2364 2281 2427 Ο
2318 2369 2474 2427 Deus
2503 2372 2705 2425 omnia
2736 2366 2915 2439 nosti,
2952 2375 3011 2427 et
3037 2366 3262 2442 optime
3294 2365 3401 2426 tibi
3430 2384 3591 2427 com-

225 2456 502 2514 κωινωνὸν
560 2456 657 2510 οὐκ
702 2451 844 2531 ἔχει,
899 2455 989 2508 καὶ
1050 2452 1245 2515 πάντες
1303 2456 1350 2509 οἱ
1394 2457 1662 2518 ποιοῦντες
1722 2458 1864 2529 αὐτῷ

1952 2464 2181 2534 pertum
2228 2463 2317 2514 est
2367 2471 2462 2514 me
2510 2472 2729 2513 nomen
2771 2453 2875 2513 Dei
2929 2459 2993 2516 et
3048 2472 3269 2515 nomen
3327 2453 3463 2516 Filii
3505 2456 3590 2517 tui

223 2546 322 2601 τὸν
380 2542 603 2621 Χριστὸν
687 2542 969 2614 κοινωνὸν,
1047 2540 1331 2616 μέλλουσιν
1404 2541 1714 2613 κολάζεσθαι
1786 2545 1860 2607 εἷς

1952 2560 2240 2622 nunquam
2262 2542 2405 2602 mihi
2428 2540 2706 2602 tribuisse
2733 2551 2789 2601 et
2813 2540 3157 2621 usurpasse.
3189 2541 3336 2604 Sum
3360 2544 3588 2623 quippe

223 2656 328 2701 την
387 2633 604 2711 γέενναν
662 2635 753 2687 τοῦ
789 2632 975 2708 πυρός.
1026 2632 1172 2686 Διότι
1219 2632 1246 2687 ὸ
1290 2632 1421 2697 Θεὸς
1449 2632 1704 2689 κοινωνὸν
1734 2634 1860 2699 ἡτοι

1952 2650 2147 2693 servus
2175 2640 2331 2709 tuus,
2366 2649 2475 2691 nec
2507 2630 2640 2690 talis
2673 2648 2767 2691 me
2802 2648 3064 2710 unquam
3117 2632 3364 2693 incessit
3394 2632 3586 2695 fastus

223 2721 415 2795 ὅμοιον
444 2723 537 2777 οὒκ
567 2719 709 2799 ἔχει,
738 2724 913 2776 Ταῦτα
938 2726 1032 2775 τοῦ
1063 2718 1317 2794 Μωαμεδ,

1952 2730 2002 2781 et
2032 2720 2311 2799 superbia
2343 2727 2403 2779 ut
2436 2719 2533 2779 tali
2558 2718 2728 2778 titulo
2755 2719 3053 2783 nominari
3078 2736 3171 2780 me
3202 2719 3588 2798 dedignarer.

220 2809 345 2874 Nec
378 2810 473 2871 hic
503 2808 638 2869 ﬁnis
667 2806 1025 2881 fabularum,
1059 2807 1224 2869 addit
1253 2808 1551 2888 quomodo
1583 2807 1739 2871 Deus
1764 2809 1931 2871 illum
1966 2811 2025 2870 in
2060 2809 2242 2870 cmlos
2278 2808 2537 2869 evexerit
2567 2808 2725 2887 quod
2786 2808 3124 2868 vehementi
3157 2827 3365 2870 amore
3416 2810 3585 2872 illum

223 2904 707 2981 prosequeretur.
743 2897 815 2958 Et
845 2896 1001 2975 quod
1035 2915 1169 2957 cum
1202 2897 1472 2959 Christus
1499 2898 1560 2959 in
1594 2900 1808 2960 cmlum
1833 2898 2205 2960 ascendisset
2233 2898 2307 2958 de
2336 2897 2439 2957 illo
2463 2898 2708 2977 quaestio
2741 2905 2896 2957 mota
2913 2896 3277 2981 fuerit,quod
3306 2899 3589 2960 nimirum

222 2978 492 3052 Christus
523 3004 641 3047 non
673 2984 749 3046 sit
776 2984 961 3046 Filius
994 2984 1101 3047 Dei
1131 2985 1440 3062 dicendus,
1476 2988 1579 3048 sed
1613 2991 1923 3067 apostolus
1955 2998 2013 3049 et
2045 2988 2358 3067 propheta,
2407 2988 2561 3047 sicut
2588 2986 2748 3047 Deus
2778 2978 2944 3059 dicit,
2979 2982 3145 3066 quod'
3171 3006 3290 3047 non
3330 2988 3591 3049 admittit

219 3078 477 3151 socium,
513 3075 869 3157 quicumque
897 3092 1036 3136 vero
1069 3074 1366 3137 Christum
1397 3076 1507 3139 Dei
1538 3077 1764 3140 socium
1799 3096 2068 3140 asserere
2130 3095 2248 3138 non
2274 3085 2583 3156 verentur,
2620 3076 2681 3136 in
2704 3077 2977 3159 gehenna
3003 3076 3162 3153 ignis
3188 3085 3412 3140 aeterno
3456 3096 3595 3158 sup.

218 3167 406 3248 plicio
439 3165 563 3227 sint
590 3163 913 3228 afﬁciendi.
948 3163 1111 3225 Deus
1140 3165 1363 3245 quippe
1395 3184 1514 3227 non
1546 3166 1727 3228 habet
1755 3169 1985 3230 socium
2020 3184 2133 3227 nec
2167 3184 2392 3245 parem.
2426 3166 2561 3227 Haec
2584 3165 2786 3225 omnia
2807 3163 3185 3225 Huhammed
3214 3166 3289 3226 de
3325 3165 3585 3228 Christo.

305 3257 462 3333 Λέγει
519 3255 639 3331 περὶ
690 3258 789 3323 τῆς
846 3253 1091 3318 πλάσεως
1148 3261 1242 3311 τοῦ
1288 3253 1482 3330 Ἀδὰμ,
1518 3256 1570 3312 ἐν
1602 3259 1638 3333 ᾗ
1672 3278 1858 3337 φησιν,

2025 3262 2261 3316 Asserit
2292 3273 2431 3314 vero
2463 3256 2620 3315 circa
2651 3254 3016 3314 creationem
3066 3252 3279 3313 Adami
3308 3254 3425 3316 alia
3453 3273 3589 3316 cum

220 3347 305 3405 ὅτι
338 3344 576 3411 ἐπλάσθη
633 3346 662 3400 ὸ
705 3341 980 3422 ἅνθρωπος
1024 3344 1129 3401 ἀπὸ
1186 3344 1446 3424 χώματος
1505 3344 1601 3401 καί
1660 3346 1863 3423 σταγό-

1952 3342 2251 3423 prioribus
2280 3341 2645 3401 absurditate
2691 3340 3137 3403 contendentia.
3185 3338 3339 3403 Dicit
3368 3349 3591 3423 quippe

214 3459 338 3510 νος,
384 3436 472 3491 καὶ
515 3432 728 3512 ἤθελον,
774 3433 863 3489 καὶ
917 3433 1265 3512 μασήματος,
1332 3435 1417 3490 καὶ
1475 3435 1556 3489 ὃτι
1614 3443 1708 3493 τοῦ
1764 3434 1860 3489 ἆν-

213 3528 435 3595 θρωπου
504 3519 855 3599 πλασθέντος,
916 3523 964 3577 οἱ
1018 3522 1115 3598 μὲν
1173 3521 1327 3579 ἄλλοι
1387 3523 1584 3588 πάντες
1642 3522 1863 3602 ἄγγελοι

216 3612 503 3694 προστάξει
559 3619 691 3669 Θεοῦ
762 3611 1164 3688 προσεκύνησαν
1236 3614 1418 3674 αὐτοῦ,
1482 3604 1656 3676 Μόνος
1730 3610 1781 3668 δὲ
1837 3613 1864 3667 ὸ

219 3703 415 3780 Βελίαρ
471 3702 566 3759 οὒκ
622 3698 839 3765 ἐπείσθη
923 3704 1291 3777 προσκυνῆσαι
1360 3702 1454 3756 τὸν
1520 3699 1722 3780 Ἀδὰμ,
1778 3706 1867 3761 καὶ

216 3791 308 3848 διὰ
351 3798 503 3848 τοῦτο
572 3787 880 3848 πέπτωκεν.
954 3788 1113 3867 Λέγει
1174 3790 1291 3866 περῖ
1347 3796 1481 3845 Θεοῦ
1540 3787 1623 3845 ὅτι
1680 3789 1861 3862 αὐτὸς,

220 3881 355 3944 Θεὸς
410 3880 510 3954 ὢν,
570 3876 711 3933 ἐστὶν
778 3878 804 3933 ὸ
855 3877 1085 3946 ποιήσας
1132 3877 1194 3932 τὰ
1246 3875 1439 3957 πάντα,
1494 3876 1613 3934 οὔτε
1657 3877 1866 3955 ἐγένετο

217 3968 410 4044 ὅμοιος
459 3967 620 4025 αὖτοῦ
670 3986 772 4045 τις,
808 3964 929 4021 ἀλλ’
963 3966 1049 4029 εἷς
1085 3966 1213 4029 Θεὸς
1262 3966 1552 4046 ὁλόσφυρος
1585 3970 1679 4025 οὒκ
1708 3965 1865 4045 ἐγέν-

215 4077 407 4130 νησεν,
456 4052 565 4112 ὦτ’
611 4053 896 4133 ἐγεννήθη,
944 4052 1067 4109 ἄλλ’
1105 4054 1192 4119 εἷς
1245 4053 1386 4110 ἐστιν
1425 4056 1580 4129 Θεὸς,
1625 4056 1714 4111 καὶ
1756 4061 1860 4118 πᾶς

214 4147 247 4202 ὁ
312 4145 538 4222 μερίζων
598 4143 781 4216 αὐτὸν,
839 4143 874 4209 ἡ
934 4140 1121 4218 ὅμοιον
1185 4143 1378 4223 ποιῶν,
1448 4146 1713 4223 σωτηρίας
1768 4145 1864 4199 οὒκ

210 4231 391 4308 ἔστιν,
423 4228 544 4288 ἀλλ’
598 4230 895 4311 ἀφόρητον,
938 4230 1033 4286 καί
1080 4231 1293 4287 αἰώνιον
1352 4231 1595 4294 κόλασιν,
1667 4238 1859 4290 Τοιαῦ-

209 4344 307 4381 ται
379 4327 471 4377 τοῦ
525 4318 757 4394 Μωαμὲδ
831 4321 883 4375 αἱ
956 4321 1281 4394 νομοθέσίαι,
1344 4327 1509 4377 ταῦτα
1575 4320 1863 4396 νενομοθέ-

210 4430 384 4477 τηκεν
438 4409 514 4483 τῷ
570 4408 686 4481 λαῷ
738 4408 991 4483 Ἰσμαήλ,
1052 4410 1154 4465 Τὸν
1215 4410 1314 4489 γὰρ
1372 4410 1541 4466 τόπον
1582 4411 1673 4465 τὸν
1703 4409 1756 4465 ἐν
1788 4414 1864 4481 τῷ

214 4501 433 4578 Βάκχε,
512 4496 633 4565 ἦτοι
717 4497 900 4575 Μῆκε,
959 4495 996 4564 ἢ
1057 4498 1275 4577 Μάκεχ,
1339 4502 1492 4555 οἶκον
1556 4503 1865 4577 προσευχῆς

214 4586 506 4664 διωρίσατο
562 4588 727 4660 εἶναι,
811 4585 897 4641 καὶ
974 4585 1069 4649 τὰς
1129 4586 1329 4642 ἑαυτῶν
1383 4586 1628 4666 λατρείας
1684 4586 1863 4642 ἐκεῖσε

1948 3431 2210 3512 primum
2242 3430 2550 3489 hominem
2586 3428 2804 3487 factum
2836 3447 2908 3489 ex
2940 3437 3123 3506 terra,
3154 3429 3333 3504 stilla,
3360 3430 3510 3501 Iuto,
3532 3440 3592 3491 et

1948 3519 2200 3600 quadam
2230 3518 2480 3578 materia
2501 3515 2781 3578 dentibus
2804 3523 2861 3577 et
2879 3533 2984 3575 ore
3005 3516 3283 3605 contrita.
3308 3513 3587 3579 Formato

1947 3606 2394 3681 autem,inquit,
2425 3607 2616 3685 primo
2640 3606 2910 3683 homine,
2933 3609 3129 3665 statim
3162 3623 3371 3666 omnes
3400 3606 3591 3666 advo-

1948 3698 2147 3760 larunt
2176 3695 2393 3771 angeli,
2428 3695 2531 3775 qoi
2580 3694 2830 3772 jubente
2872 3693 2996 3754 Deo
3026 3693 3330 3754 hominem
3364 3693 3587 3755 saluta-

1945 3793 2087 3846 runt
2115 3791 2171 3843 et
2194 3784 2540 3845 adorarunt.
2559 3782 2734 3843 Solus
2755 3800 2894 3843 vero
2911 3782 3109 3844 Beliar
3126 3799 3261 3841 cuni
3291 3782 3587 3843 Adamum

1947 3874 2197 3936 adorare
2218 3871 2746 3949 recusavit,lapsus
2760 3880 2847 3932 est
2861 3879 2921 3931 et
2939 3870 3013 3931 ad
3026 3871 3268 3931 Tartara
3280 3870 3585 3931 detrusus.

1946 3966 2033 4027 De
2065 3962 2184 4023 Deo
2215 3979 2355 4021 vero
2396 3962 2609 4022 asserit
2641 3959 2795 4040 quod
2834 3959 2994 4021 Deus
3019 3959 3178 4020 solus
3212 3964 3415 4020 omnia
3440 3977 3589 4020 con—

1944 4051 2188 4126 diderit,
2224 4068 2333 4111 nec
2368 4068 2570 4130 parem
2599 4048 2954 4126 sociumque
2984 4048 3273 4131 admittat,
3310 4055 3368 4108 et
3400 4047 3586 4124 quod,

1943 4159 2077 4202 cum
2113 4139 2188 4199 sit
2215 4148 2368 4199 totus
2401 4140 2460 4198 in
2492 4137 2699 4199 orbem
2734 4138 2900 4216 quasi
2954 4134 3168 4197 malleo
3199 4138 3437 4210 ductus,
3476 4154 3589 4198 nec

1944 4236 2188 4308 generet
2222 4246 2331 4287 nec
2364 4235 2707 4305 generetur.
2745 4226 2914 4288 Illum
2949 4244 3083 4285 esse
3116 4220 3287 4303 plane
3317 4226 3586 4300 unicum,

1947 4327 2005 4379 et
2036 4336 2137 4378 eos
2162 4318 2263 4397 qui
2295 4316 2459 4376 illum
2486 4314 2779 4388 dividunt,
2821 4324 2879 4374 et
2929 4315 3156 4374 socium
3192 4313 3275 4374 illi
3301 4314 3587 4395 jungunt.

1947 4405 2151 4465 salutis
2189 4422 2307 4464 non
2340 4404 2568 4464 futuros
2593 4402 2936 4482 participes,
2968 4402 3071 4463 sed
3097 4412 3448 4462 internarum
3476 4420 3596 4480 pm-

1946 4513 2155 4555 narum
2188 4492 2559 4554 miserandas
2592 4492 2880 4554 victimas.
2921 4492 3025 4555 Hi8
3054 4494 3190 4552 sunt
3216 4492 3504 4552 doctrina)
3536 4499 3596 4552 et

1946 4583 2106 4659 leges
2132 4582 2572 4643 Muhammedis
2608 4602 2621 4641 :
2650 4582 2785 4641 talia
2818 4581 3020 4643 docuit
3050 4590 3109 4642 et
3138 4581 3391 4640 sancivit
3434 4579 3592 4658 apud

218 4662 541 4754 προσάγειν.
603 4671 725 4732 ’Ότι
801 4674 891 4729 καὶ
950 4677 1093 4739 λιθος
1150 4679 1227 4747 τῷ
1283 4662 1509 4749 τοιούτω
1590 4675 1741 4748 τόπῳ
1799 4675 1862 4742 ἦν

1952 4671 2308 4735 [smaelitos.
2367 4670 2592 4731 Locum
2650 4672 2869 4731 etenim
2917 4662 3071 4748 apud
3125 4669 3292 4743 illos,
3354 4668 3596 4728 nomine

222 4765 575 4838 ἀνακείμενος
620 4762 675 4819 ἐν
730 4768 808 4837 τῷ
866 4763 1013 4838 μέσῳ
1070 4763 1446 4841 παμμεγέθης,
1480 4766 1551 4829 ὡς
1601 4763 1866 4820 ἐπάνωθεν

226 4855 393 4911 αὖτοῦ
451 4860 541 4911 τοῦ
628 4849 773 4907 λίθου
849 4851 1063 4929 λέγεται
1143 4858 1213 4925 τά
1274 4849 1441 4931 Ἀγὰρ
1505 4850 1771 4926 ὁμιλήσας
1842 4852 1869 4906 ὸ

227 4941 500 5019 Ἀϐραὰμ,
562 4940 599 5009 ἢ
655 4942 728 5004 ὡς
806 4940 951 5015 αὒτῷ
1036 4943 1133 5007 τὴν
1215 4940 1463 5015 κάμηλον
1536 4940 1868 5018 προσδήσας,

228 5031 326 5089 ὅτε
392 5032 483 5086 τὸν
540 5029 722 5087 Ἰσαὰκ
777 5028 999 5104 ἔμελλεν
1052 5030 1214 5089 θύειν.
1281 5028 1606 5108 Προσέταξεν
1663 5027 1717 5084 δὲ
1775 5030 1870 5091 τὰς

230 5119 402 5200 εὐχὰς
461 5119 582 5182 τοὺς
640 5118 1064 5198 συνερχομένους
1122 5119 1300 5175 ἐκεῖσε
1368 5118 1535 5184 οἷτως
1596 5117 1869 5181 ἐπιπλεῖν,

231 5209 346 5276 Τὴν
379 5206 477 5281 μὲν
508 5208 632 5281 μίαν
665 5206 836 5266 αὖτῶν
867 5219 1033 5285 χεῖρα
1062 5208 1190 5285 πρὸς
1247 5209 1336 5263 τὸν
1393 5208 1536 5263 λίθον
1592 5207 1872 5281 ἐκτείνειν,

230 5302 307 5372 τῇ
332 5294 387 5351 δὲ
417 5295 571 5373 ἑτέρᾳ
611 5295 674 5350 τὸ
717 5297 804 5357 0'5:
853 5294 1108 5373 κατέχειν
1159 5297 1220 5351 τὸ
1275 5296 1436 5369 ἴδιον,
1468 5297 1556 5353 καὶ
1588 5295 1725 5353 οὕτω
1777 5317 1875 5351 κυ-

234 5383 506 5457 κλοτερῶς
597 5383 811 5447 ἑαυτοὺς
899 5383 1223 5462 περιφέρειν,
1313 5385 1415 5449 ἕως
1496 5384 1558 5439 ἂν
1644 5384 1877 5441 πέσωσιν

230 5471 760 5551 σκοτοδινιάσαντες,
836 5474 920 5529 καὶ
1005 5474 1104 5539 τὴν
1164 5474 1430 5553 περιοχὴν
1491 5474 1648 5532 αὑτοῦ
1705 5479 1878 5529 πᾶσαν

233 5564 545 5642 ἐπιτηρεῖν,
608 5564 694 5619 καὶ
765 5561 935 5626 λίθους
990 5563 1127 5618 ἔπτὰ
1183 5564 1319 5619 κατὰ
1385 5569 1490 5620 τῶν
1551 5567 1879 5642 Χριστιανῶν

238 5649 589 5730 ἐπιρῤίπτειν.
637 5650 756 5709 Ἵνα
802 5648 852 5706 δὲ
894 5651 971 5727 μὴ
1027 5650 1092 5707 τὰ
1133 5652 1351 5731 ῥήματα
1394 5653 1492 5718 τῆς
1536 5649 1663 5731 παρ’
1721 5650 1882 5709 αὐτοῦ

1956 4762 2205 4823 Baccha:
2233 4760 2326 4820 vel
2362 4760 2643 4833 Macchaz,
2679 4759 2767 4819 vel
2794 4757 3079 4820 Mechech
3110 4754 3597 4817 orationistedem

1952 4850 2209 4911 futuram
2246 4860 2593 4930 perpetuam
2624 4847 2874 4909 decreto
2907 4844 3347 4922 determinavit,
3380 4854 3439 4904 et
3464 4861 3597 4905 om-

1955 4957 2094 4999 nem
2142 4938 2361 4998 cultum
2398 4956 2568 4997 suum
2623 4936 2767 4996 illuc
2814 4934 3078 5012 dirigere
3123 4942 3182 4993 et
3221 4940 3598 4993 convertere.

1956 5027 2108 5100 Quia
2141 5026 2419 5085 nimirum
2456 5024 2652 5085 medio
2680 5023 2738 5084 in
2775 5023 2888 5083 isto
2920 5022 3052 5083 loco
3085 5028 3272 5082 exstat
3301 5019 3451 5095 lapis
3484 5038 3604 5081 ma.

1955 5117 2144 5177 ximus
2199 5132 2381 5194 super
2446 5131 2622 5193 quem
2684 5112 2836 5172 fama
2901 5111 3091 5194 refert
3143 5110 3398 5185 Agarem
3460 5126 3597 5169 cum

1958 5192 2301 5266 Abrahamo
2326 5192 2791 5275 rem’habuisse,
2828 5192 3131 5278 velipsum
3165 5196 3599 5273 Abrahamum,

1958 5293 2043 5354 illi
2085 5291 2378 5353 camelum
2418 5291 2693 5369 alligasse
2724 5308 2857 5349 cum
2891 5288 3079 5349 tilium
3111 5303 3284 5347 suum
3323 5285 3592 5347 lsaacum

1961 5389 2117 5442 esset
2132 5377 2917 5439 immolaturusVoluitvero
2933 5373 3293 5435 omnesilluc
3308 5375 3610 5436 conﬂuen-

1963 5478 2049 5530 tes
2076 5478 2134 5530 et
2179 5469 2618 5530 contendentes
2670 5466 2740 5528 ad
2781 5465 3082 5526 orationes
3133 5462 3457 5534 habendas,
3494 5463 3607 5522 hoc

1960 5558 2077 5619 ritu
2104 5558 2233 5618 illas
2287 5557 2563 5618 fundere.
2598 5554 2786 5617 Jussit
2820 5553 3013 5634 primo
3046 5569 3224 5612 unam
3260 5566 3502 5611 manum
3535 5546 3608 5606 ad

1962 5646 2219 5733 lapidem
2247 5647 2428 5709 istum
2467 5645 2778 5731 porrigere
2808 5651 2866 5707 et
2892 5641 3239 5715 extendere,
3267 5638 3451 5702 altera
3469 5650 3609 5699 vero
