4088 6344
242 364 309 421 ιτ
1600 354 2136 413 PROLEGOMENA.
3442 357 3510 414 18

236 487 291 539 et
312 476 563 539 queritur
589 472 797 530 duobus
820 470 955 528 locis
984 473 1049 527 de
1081 470 1340 527 Romanis
1363 472 1578 528 clericis
1618 482 1673 527 et
1702 470 1821 526 aliis
1852 477 1896 533 A

237 541 582 621 quibusdam:
610 545 701 621 qui
730 559 964 621 canones
992 542 1303 621 Gallicanos
1331 552 1391 597 ut
1417 541 1634 621 inutiles
1656 552 1707 621 et
1735 556 1823 596 su-

237 612 474 692 perfluos
504 612 817 692 aﬂ'erehan},
843 615 1141 692 legatisque
1167 612 1422 668 Romana:
1452 613 1595 692 sedis
1629 613 1823 692 absen-

236 684 385 746 tibus
426 698 483 744 et
522 686 726 756 injussu
752 684 981 740 Caesaris
1002 694 1326 740 convocatas
1350 685 1565 756 easdem
1593 699 1725 754 svno
1749 685 1825 756 ‘os

231 759 532 829 jactabant.
576 754 1149 829 'Gnceornmcrrores
1192 756 1259 809 de
1294 754 1614 829 imaginibus
1653 762 1709 829 et
1747 754 1826 829 pi-

237 824 408 887 cturis
431 827 870 884 manifestissime
893 827 1148 897 detegens
1170 866 1185 890 ,
1208 835 1366 897 negat
1384 824 1479 897 eas
1499 824 1711 897 adorari
1735 824 1827 879 de-

236 902 405 955 bere:
432 915 596 969 quam
633 894 1183 969 sententiamoinnes
1213 894 1464 969 catholici
1512 894 1823 969 probamus,

238 965 595 1042 Gregoriiqim
633 968 806 1039 Magni
843 968 1218 1042 testimonium
1264 966 1496 1042 de_i|lis_
1526 965 1822 1035 sequimur.

238 1035 388 1096 Divi's
412 1035 572 1096 onem
604 1035 817 1109 quoque
842 1038 1050 1109 imperii
1093 1054 1122 1091 a
1161 1037 1432 1109 Ludovico
1471 1035 1665 1109 factam
1699 1050 1825 1109 per-

238 1112 458 1174 scribit;
483 1126 606 1181 qua:
625 1106 766 1179 apud
794 1107 1147 1181 Walafridum
1173 1106 1450 1181 Strabum,
1475 1108 1575 1161 etsi
1603 1106 1829 1181 non_eis-

237 1182 357 1238 dem
386 1175 592 1242 verbis,
617 1175 922 1249 eiponitur.
969 1180 1046 1249 De
1077 1180 1277 1232 tonitru
1308 1187 1363 1232 et
1391 1175 1825 1248 tempestatibus,

236 1251 483 1321 falsaque
506 1248 827 1306 insanientis
845 1248 1026 1320 pepuli
1048 1249 1300 1319 opinione
1321 1249 1451 1321 agit,
1477 1258 1537 1321 ut
1559 1255 1684 1321 ante
1704 1262 1829 1300 eum

237 1316 503 1376 Maximus
528 1316 881 1375 Taurinensis
907 1316 960 1373 in
988 1316 1237 1373 sermone
1263 1327 1319 1374 et
1348 1316 1566 1372 bomilia
1604 1316 1824 1381 fecerat,

237 1390 529 1447 Theodosii
555 1390 796 1446 Jonioris
826 1389 1171 1458 temporibus.
1211 1389 1266 1443 ln
1299 1388 1621 1458 disputando
1648 1397 1828 1441 autem

235 1462 411 1517 utitur
440 1463 750 1517 divinorum
784 1461 1044 1516 librorum
1074 1459 1416 1520 testimoniis,
1447 1474 1511 1513 ex
1541 1458 1709 1512 veteri
1743 1473 1830 1511 sa-

236 1549 458 1588 crorum
505 1531 876 1594 translatione,
917 1530 1186 1584 interdum
1227 1540 1283 1584 et
1316 1529 1648 1600 Hieronymi,
1686 1527 1831 1597 quod

235 1603 442 1658 ideire»
474 1617 695 1657 monere
721 1601 1008 1662 voluimus,
1042 1616 1107 1655 ne
1138 1601 1259 1670 quis
1294 1600 1665 1668 intempestive
1716 1606 1829 1670 tur:

232 1673 419 1736 betur,
446 1687 580 1728 neve
614 1672 891 1727 existimet
920 1670 1117 1738 aliquil
1154 1667 1182 1724 a
1221 1685 1305 1725 me
1342 1670 1424 1724 vel
1464 1667 1702 1723 additum
1747 1667 1829 1721 vel

232 1752 539 1807 mutatum;
565 1743 705 1809 quod
740 1740 891 1796 nefas
911 1756 1123 1810 Semper
1159 1740 1482 1803 existimavi,
1528 1741 1721 1810 bonam
1761 1740 1826 1810 ll-

1963 472 2003 533 i,
2044 484 2204 541 quem
2242 471 2515 541 doctorem
2557 467 2915 525 nrthodoxum
2956 480 3011 526 et
3046 470 3332 525 facundum
3379 471 3513 529 dicit

1963 489 2003 533 ι,
2044 488 2204 541 quem
2242 488 2515 525 doctorem
2557 488 2915 525 nrinouoxum
2956 488 3011 526 et
3046 488 3332 525 lacunaum
3379 488 3511 529 dicit

1926 488 2126 607 yuisse;
2154 550 2426 612 postremo
2450 540 2623 603 Bedaa,
2656 541 2800 596 hunc
2822 542 2997 613 gentis
3022 541 3314 613 Anglorum
3337 541 3511 597 homi-

1928 627 2177 683 nemsuo
2207 622 2447 683 tempore
2477 627 2579 665 non
2612 612 2953 683 mediocriter
2979 612 3191 667 doctum
3228 613 3507 683 prasdicat.

1928 682 2002 737 Ex
2039 682 2263 747 Gratcis,
2298 682 2600 746 Athanasii,
2639 682 2843 753 Cyrilli,
2886 682 3230 746 Theodoreti,
3276 682 3507 753 Proculi,

1926 752 2552 825 JOﬂnltISChI'YSOSIOIIlI,
2579 752 2790 813 Eusebii
2814 752 3179 825 Cresariensis,
3200 762 3360 824 atque
3381 752 3514 810 alio-

1927 842 2067 881 rum.
2097 824 2425 880 Clementem
2448 824 2746 879 Romanum
2770 824 3074 894 pontificem
3098 832 3153 879 et
3172 825 3510 890 Silvestrum,

1928 912 2066 966 quos
2095 896 2249 966 citat,
2288 896 2566 963 przeterire
2600 894 2865 966 nolumus.
2908 894 3007 966 etsi
3044 895 3285 949 adhibita
3328 894 3516 963 hujus-

1927 965 2071 1023 rnodi
2103 965 2435 1039 prtefatione,
2462 966 2583 1020 licet
2610 967 2770 1039 iidem
2802 965 2921 1039 libri
2938 965 3251 1039 judieentnr
3268 980 3517 1039 apocry-

1929 1039 2040 1107 phi,
2073 1037 2329 1107 pleraque
2350 1045 2527 1090 tamen
2553 1053 2619 1091 ex
2645 1036 2730 1091 his
2760 1035 3063 1107 testimonia
3101 1035 3516 1107 inveniuntur}

1929 1105 2255 1163 doctoribus
2290 1119 2568 1177 usurpata.
2621 1107 2697 1161 Ex
2744 1105 2983 1176 profanis
3020 1116 3199 1161 autem
3236 1106 3519 1177 scriptoris

1929 1180 2031 1234 bus
2059 1180 2258 1233 nullius
2293 1176 2602 1231 tesimonio
2629 1178 2816 1240 utitur,
2847 1186 3205 1248 praeterquam
3234 1176 3517 1237 Prisciani

1930 1250 2288 1319 grammatici.
2337 1248 2435 1302 Hal
2455 1257 2544 1301 eto
2563 1264 2713 1315 ergo,
2744 1257 2930 1303 sancta
2957 1258 3011 1302 et
3038 1248 3263 1303 illustris
3302 1248 3521 1319 Lucdu-

1931 1318 2116 1376 nensis
2152 1320 2393 1374 Ecclesia
2432 1318 2668 1387 (quando
2712 1320 2783 1372 ita
2822 1318 3088 1374 Eusebius
3125 1326 3177 1373 te
3202 1328 3377 1378 vocat,
3407 1318 3517 1373 imo

1931 1390 2354 1445 illustrissimam
2381 1389 2656 1461 appellat),
2689 1390 2817 1444 mihi
2856 1389 3107 1461 gratiam,
3138 1398 3195 1445 et
3218 1390 3387 1444 civica
3424 1402 3518 1461 eo:

1931 1476 2061 1515 rona
2086 1463 2155 1515 ob
2180 1457 2450 1516 servatum
2478 1457 2647 1513 civem
2677 1476 2762 1514 me
2795 1457 3012 1515 donato.
3040 1459 3189 1514 Nam
3217 1476 3337 1515 cum
3372 1457 3515 1529 apud

1929 1547 2025 1586 vos
2048 1532 2099 1586 in
2120 1532 2240 1586 vico
2262 1531 2515 1585 Mercium
2543 1529 2709 1583 libros
2728 1546 3046 1601 qurererem,
3072 1545 3285 1600 unaque
3307 1543 3517 1601 meeum

1930 1612 2075 1657 esset
2100 1601 2407 1672 Stephanus
2445 1600 2759 1666 Verdierus,
2800 1618 2939 1657 nunc
2981 1613 3250 1672 mortuus.
3289 1610 3344 1656 et
3375 1600 3517 1670 apud

1929 1670 2329 1744 eompaetniem
2371 1672 2627 1744 lifu'ortun
2672 1685 3015 1744 versaremur
3049 1670 3165 1739 ejus
3215 1672 3290 1725 rei
3330 1685 3515 1744 causa,

1930 1742 2125 1812 ill-que
2149 1743 2415 1807 Agobardi
2442 1742 2681 1813 codicem
2711 1742 2762 1795 in
2797 1744 3126 1797 membranis
3157 1743 3518 1813 perscriptum

232 1813 382 1891 dem_
404 1812 940 1891 auctoriiiuSLdeheri
981 1809 1347 1891 tequissinium
1388 1818 1603 1880 putans.
1650 1809 1828 1891 Testi-
1863 1834 1902 1891 Β
1931 1809 2204 1891 veteribus
2235 1814 2377 1891 notis
2407 1812 2680 1891 _dilan‘are
2715 1823 2933 1882 p.ratus
2971 1823 3131 1891 esset,
3158 1809 3517 1891 culti-nmque

232 1885 419 1938 monia
445 1882 666 1939 Patrum
707 1882 796 1935 ubi
829 1897 963 1952 opus
995 1892 1077 1936 est
1120 1881 1336 1936 adducit
1379 1891 1547 1952 atque
1585 1880 1818 1952 exhibet,

231 1953 342 2033 divi
371 1952 657 2033 Cypriani,
684 1950 893 2033 Illarii,
924 1952 1251 2033 Hieronymi,
1281 1951 1572 2033 ambrosii:
1607 1961 1670 2033 ut
1710 1950 1825 2032 ipse

231 2025 332 2093 ait,
349 2020 601 2078 doctrina
617 2033 672 2078 et
683 2025 969 2093 sanctitate
982 2020 1265 2093 praecipui.
1283 2022 1586 2093 Augustini,
1607 2020 1823 2093 Leonis,

233 2092 577 2165 Symmachi,
612 2094 812 2165 Vigilii,
844 2090 1043 2165 Pelagii
1074 2090 1587 2165 secundi,_iGregorii
1629 2090 1824 2165 magni,

232 2162 287 2220 et
310 2163 565 2236 Gregorii
588 2162 832 2228 secundi,
860 2162 1091 2220 Alchimi
1113 2163 1256 2217 Aviti
1282 2162 1599 2218 Viennensis
1621 2163 1831 2232 episeo-

231 2309 875 2334 ﬂ

1932 1888 1999 1939 ad
2030 1899 2149 1938 eam
2175 1885 2546 1939 carnificinam
2575 1898 2734 1937 m»nu
2782 1894 3006 1947 teneret,
3050 1885 3217 1938 vitam
3260 1882 3332 1937 illi
3365 1884 3518 1936 rede-

1932 1955 2151 2019 mimus,
2180 1955 2324 2024 quod
2348 1954 2476 2008 fL‘IlX
2505 1952 2847 2023 faustumque
2873 1955 2989 2009 fuit.

1939 2026 2149 2151 1ϐξὲηεξ
2192 2022 2332 2081 vale.
2390 2025 2614 2079 Lutetiae
2663 2022 3017 2086 Parisiorum,
3075 2024 3191 2079 Kal.
3242 2022 3518 2114 Ianuariis

879 2304 3495 2332 Μ

1430 2415 1820 2494 PAPIRII
1901 2412 2349 2491 MASSONI

527 2578 637 2641 DE
679 2577 878 2640 VITA
923 2575 1337 2639 AGOBARDI
1381 2572 1729 2645 EJUSQUE
1771 2569 2184 2632 DOCTRINA
2225 2544 2729 2631 BREVISSIMJE
2774 2571 3218 2635 SYNOPSEIS.

1704 2711 2055 2727 ﬂ

308 2810 560 2866 Obscura
586 2806 690 2862 fuit
734 2805 893 2861 istius
918 2803 1157 2875 epISCOpi
1186 2802 1371 2859 multis
1408 2800 1618 2858 sceculis
1678 2798 1822 2865 vita;

229 2902 496 2966 obseura,
531 2900 784 2968 inquam,
823 2913 927 2951 non
973 2895 1172 2966 ingenii
1201 2903 1257 2950 et
1278 2894 1547 2949 acuminis
1575 2893 1825 2965 penuria,

226 3009 414 3065 neque
444 2991 688 3048 muneris
736 2988 1096 3060 ignobilitate,
1139 2987 1235 3041 sed
1260 2995 1561 3058 temporum
1593 2984 1821 3039 nebulis.

226 3083 409 3141 Habet
464 3079 743 3136 Amandus
794 3094 921 3134 suos
972 3086 1168 3143 testes;
1223 3078 1425 3131 habent
1454 3074 1819 3145 Engilbertus,

1934 2797 2195 2853 orandam
2234 2808 2290 2853 et
2335 2800 2664 2854 exorandam
2714 2802 2928 2857 veniam
2976 2802 3205 2873 cogitur.
3253 2803 3519 2865 Auetores

1933 2892 2145 2947 consilii
2167 2902 2484 2963 qua:runtnr
2503 2894 2780 2963 puniendi.
2805 2896 3170 2953 Ecelesiastiei
3201 2898 3319 2967 ejus
3346 2903 3517 2959 turba:

1933 2983 2149 3039 fomites
2169 2985 2674 3053 deprehenduntur;
2706 2987 2988 3059 aufugiunt
3008 2991 3303 3061 inltaliam.
3335 3015 3353 3043 ‹
3378 2994 3519 3052 Ebo-

1932 3093 2055 3132 nem
2109 3078 2175 3132 ad
2214 3076 2481 3133 Samnios
2525 3079 2784 3150 compulit
2811 3083 3124 3152 imperator.
3188 3084 3519 3157 Agniertutn

221 3174 414 3241 lenas,
443 3171 776 3227 Walalridus
825 3168 1114 3238 exterique
1146 3168 1587 3238 contemporanei
1616 3183 1712 3222 sua
1745 3167 1821 3221 lu-
1850 3138 1897 3200 ο
1927 3169 2339 3240 Lugdunensem
2367 3172 2533 3227 nihilo
2563 3173 2740 3228 secius
2781 3175 2928 3229 curia
2953 3138 3269 3246 pontiﬁcumu
3293 3188 3476 3235 movet
3500 3196 3516 3234 :

225 3266 423 3330 mina;
478 3262 569 3317 hic
594 3275 723 3316 vero
750 3274 950 3331 pauca,
1000 3259 1112 3314 imo
1138 3258 1250 3314 fere
1281 3257 1447 3320 nulla,
1479 3259 1581 3313 nisi
1610 3273 1670 3313 ea
1706 3275 1828 3330 qua:

224 3357 316 3413 vel
358 3355 667 3411 necessitas
705 3352 946 3407 historia:
1004 3351 1301 3415 interserit,
1349 3350 1436 3406 vel
1475 3350 1643 3421 ipsius
1673 3352 1825 3404 volu-

222 3452 383 3508 mina
410 3448 603 3504 furtim
636 3456 690 3503 et
721 3447 876 3516 quasi
899 3460 1187 3516 perperam
1239 3452 1510 3515 retegunt.
1550 3443 1828 3499 Habemus

220 3556 417 3599 tamen
449 3557 517 3596 ex
542 3540 728 3595 Adone
748 3538 942 3609 primis
974 3538 1328 3594 incrementis
1356 3537 1628 3592 initiatum
1662 3538 1828 3592 fuisse

218 3635 613 3707 presiyterio;
668 3642 723 3687 et
747 3640 971 3703 propter
1009 3632 1180 3701 ipsius
1207 3632 1330 3686 vitze
1368 3642 1421 3686 e'.
1457 3632 1716 3687 doctrina:
1744 3630 1828 3686 in-

222 3726 552 3797 tegritatem
578 3724 646 3778 ad
669 3722 1156 3792 ehorcpiseopatus
1202 3721 1518 3793 dignitatem
1538 3729 1823 3785 evectum;

222 3835 361 3876 mox
407 3819 655 3875 Ledrado
716 3820 769 3874 in
819 3818 1203 3874 Suessonicum
1246 3819 1634 3874 monasterium
1690 3833 1824 3874 con-

224 3911 480 3974 cedente,
513 3912 581 3965 ad
628 3909 842 3981 fastigia
891 3910 1156 3980 primatia:
1200 3908 1503 3979 Lugdunea:
1532 3912 1612 3965 su!
1636 3909 1822 3975 latum,

224 3999 614 4055 consentiente
648 3999 997 4069 imperatore,
1030 4007 1088 4053 et
1120 3999 1374 4054 universa
1400 3997 1681 4054 Gallorum
1710 4000 1827 4069 epi-

227 4104 527 4160 scoporum
550 4091 777 4160 synodo,
809 4089 900 4145 ubi
939 4091 992 4145 in
1014 4099 1165 4146 veste
1191 4101 1246 4146 et
1276 4091 1489 4145 sarcina
1516 4099 1678 4146 tanta:
1707 4092 1829 4147 sub-

228 4179 485 4234 limitatis
521 4187 719 4235 muttos
747 4195 921 4235 annos
975 4181 1094 4236 sine
1122 4182 1351 4236 crimine
1378 4182 1659 4253 transegit,
1711 4196 1831 4252 per-

230 4272 413 4341 petuis
439 4271 643 4327 schola:
679 4280 736 4327 et
760 4272 956 4343 lingua:
986 4273 1377 4328 certaminibus
1403 4288 1693 4345 aggressus
1734 4271 1828 4328 Ju-

231 4361 377 4417 daeas
433 4376 760 4433 synagogas.
802 4360 910 4417 Sed
962 4361 1112 4418 labes
1136 4363 1295 4418 unica
1338 4361 1630 4433 fulgentem
1661 4363 1826 4418 multa

230 4454 403 4526 gloria
441 4462 718 4509 senectam
766 4453 1097 4509 obs.uravit.
1130 4466 1157 4495 α
1185 4454 1320 4510 Cum
1356 4455 1503 4510 enim
1555 4454 1825 4511 Clotarius

231 4522 360 4603 adio
381 4558 439 4603 et
483 4545 642 4601 furiis
667 4561 937 4609 novercae,
970 4547 1188 4601 nomine
1221 4545 1425 4605 .ludith.
1462 4546 1583 4600 lilia:
1611 4546 1825 4617 Welphi
1859 4522 1904 4579 ο

231 4639 472 4703 comitis,
513 4653 545 4692 a
573 4639 728 4694 clavo
752 4637 965 4707 imperii
1001 4636 1240 4692 universi
1293 4644 1685 4701 removeretur,
1713 4652 1827 4692 ma-

231 4729 492 4784 chinatur
536 4727 674 4784 clam
704 4738 760 4783 et
795 4737 987 4801 aperte
1015 4737 1205 4783 contra
1248 4737 1479 4797 patrem,
1507 4728 1827 4798 animosque

230 4818 520 4888 utriusque
541 4818 738 4889 gentis,
766 4819 920 4874 laica:
946 4827 1002 4873 et
1025 4818 1426 4885 ecclesiastica,
1470 4819 1525 4873 in
1554 4819 1827 4875 excidium

233 4910 436 4979 sceptri
468 4911 678 4979 paterni
703 4910 906 4981 abripit
937 4928 950 4964 :
979 4910 1121 4965 inter
1148 4926 1286 4980 quos
1312 4911 1628 4981 Agobardus
1656 4927 1688 4966 a
1720 4910 1825 4968 ﬁde

233 4999 498 5069 principis
535 5000 772 5062 avulsus,
825 5000 1075 5056 accendit
1102 5000 1647 5070 consiliojuvenilem
1698 5003 1826 5059 Clo-

235 5089 359 5143 tarii
401 5089 666 5144 animum.
729 5088 1074 5145 Convocatnr
1111 5092 1439 5147 concilium:
1467 5092 1559 5148 ubi
1607 5094 1674 5150 de
1719 5093 1828 5149 eri-

232 5179 432 5249 pienda
487 5181 631 5250 patri
679 5182 984 5237 diademate
1019 5183 1377 5239 audacissime
1419 5187 1653 5255 quisque
1693 5200 1859 5245 con-7

233 5272 428 5326 tendit.
451 5271 563 5327 Hae
588 5274 767 5343 specie
782 5274 991 5329 invadit
1013 5273 1306 5342 Caesarem,
1321 5285 1377 5331 et
1397 5284 1582 5348 erepta
1598 5291 1824 5346 corona,

233 5366 487 5421 eumdem
518 5366 573 5420 in
621 5367 978 5422 monasticam
1015 5367 1356 5423 solitudinem
1395 5371 1631 5442 conjicit.
1686 5370 1824 5427 Galli

233 5454 468 5524 furiunt,
522 5473 622 5513 nec
660 5460 941 5530 patiuntur
977 5468 1184 5515 tantam
1212 5460 1326 5515 ﬁeri
1361 5462 1500 5531 patri
1534 5462 1819 5533 injuriam;

238 5559 457 5604 movent
482 5566 658 5614 arma,
689 5554 979 5607 restituunt
1002 5553 1421 5624 imperatorem;
1453 5565 1647 5609 vocant
1663 5554 1820 5621 ﬁlios,

236 5637 523 5713 Pippinum
553 5652 607 5697 et
638 5644 992 5710 Bernardum,
1028 5662 1257 5716 quorum
1312 5662 1413 5715 ope
1459 5644 1728 5702 Clotarius
1756 5647 1823 5703 ad

305 5768 331 5832 ξ
375 5754 638 5832 Conrad,
670 5758 793 5832 ahb.
823 5759 1069 5832 Usperg.,
1114 5761 1168 5832 in
1209 5760 1411 5817 Chron.

303 5826 335 5872 δ
378 5828 707 5899 Aventinus,
734 5830 774 5885 Ι.
814 5848 869 5888 iv
902 5826 1111 5889 una.
1147 5831 1423 5890 Boiorum.

1929 3259 2257 3331 deponitur;
2309 3271 2538 3316 caeteros
2561 3278 2774 3334 quoque
2823 3264 2877 3319 in
2943 3265 3145 3322 italiam
3180 3268 3395 3341 elapsos
3422 3286 3521 3341 per

1928 3368 2031 3407 om:
2058 3352 2168 3407 ium
2218 3352 2562 3408 sacerdotum
2594 3355 2881 3426 religiones
2921 3356 3168 3413 devovet.
3215 3359 3345 3417 Post
3399 3361 3516 3418 haec

1925 3443 2104 3512 primo
2166 3443 2295 3500 solis
2348 3445 2436 3499 die
2472 3442 2912 3514 Quadragesima:
2970 3448 3116 3504 velut
3164 3452 3401 3508 nondum
3439 3451 3511 3509 ab

1929 3531 2128 3601 injusta
2155 3534 2582 3591 sacrificulorum
2613 3538 2992 3593 exsecratiowe
3043 3540 3271 3607 solutus,
3323 3559 3517 3600 rursus

1927 3640 1958 3678 a
1994 3634 2202 3695 septem
2239 3626 2601 3699 Archimystis
2647 3626 2876 3684 solemni
2906 3630 3011 3685 ritu
3058 3630 3196 3686 bene
3247 3634 3521 3704 precanti-

1927 3717 2049 3783 bus,
2082 3717 2238 3773 lectis
2272 3718 2339 3773 de
2367 3717 2507 3773 libro
2537 3720 2983 3791 supplicamentis
3006 3718 3201 3777 faustis
3255 3724 3518 3794 bonisque

1926 3811 2199 3875 omnibus,
2231 3828 2355 3866 cum
2385 3814 2621 3868 maxima
2660 3815 2903 3870 omnium
2932 3817 3023 3885 qui
3052 3817 3281 3871 aderant
3307 3818 3515 3885 laetitia,

1926 3902 2125 3972 populo
2164 3904 2515 3963 acclamante.
2550 3906 2778 3962 feliciter
2801 3908 3071 3976 expiatur.
3101 3911 3267 3976 Quasi
3296 3890 3427 3965 vero
3458 3910 3518 3967 in

1926 4004 2202 4066 potestate
2229 3998 2466 4053 hominis
2504 3998 2595 4060 sit,
2622 4000 2676 4053 in
2724 4015 2960 4069 areaque
3000 4001 3116 4057 sive
3141 4004 3304 4067 vitro,
3349 4004 3512 4062 sicuti

1927 4088 2118 4159 genius
2158 4098 2276 4143 ater
2306 4090 2515 4159 magico
2540 4104 2765 4146 susurro
2798 4091 2985 4148 clausa
3034 4102 3282 4151 teneatur
3308 4104 3518 4153 aeterna

1929 4179 2018 4234 illa
2046 4178 2328 4249 majestas,
2361 4189 2422 4237 ut
2448 4193 2580 4237 nutu
2611 4194 2799 4241 nostro
2841 4185 2928 4241 vel
2956 4187 3175 4243 claudat
3199 4189 3285 4244 Vel
3312 4190 3519 4261 aperiat

1928 4272 2096 4329 cados
2135 4274 2180 4327 δ.
2241 4293 2259 4326 ι

1999 4363 2194 4420 Turbae
2217 4363 2481 4432 ejusmodi
2513 4376 2568 4423 et
2604 4370 2726 4425 vita:
2764 4379 2969 4441 pacatae
3016 4372 3328 4428 discrimina
3360 4387 3518 4431 aver-

1929 4465 2052 4511 tnnt
2079 4457 2320 4512 animum
2346 4473 2376 4512 a
2402 4460 2710 4525 scribendo,
2764 4474 2822 4515 ut
2843 4462 3099 4535 deinceps
3124 4464 3313 4520 lumini
3343 4465 3519 4521 Evan-

1929 4545 2074 4616 gelii,
2105 4547 2351 4603 ecclesia:
2400 4549 2732 4620 reparandae,
2768 4554 2977 4609 muneri
3000 4556 3250 4610 obeundo
3275 4554 3547 4613 intentus

1930 4638 2021 4693 sit.
2076 4637 2194 4705 Quo
2238 4655 2381 4695 anno
2427 4649 2608 4706 natus,
2661 4644 2923 4699 nescitur.
2978 4628 3383 4715 Scitur'ipsum
3424 4662 3519 4703 na-

1931 4738 2041 4784 tum
2062 4747 2226 4787 aurea
2264 4731 2443 4787 Caroli
2500 4732 2675 4805 Magni
2706 4744 2885 4802 aetate,
2918 4737 3208 4791 illustrium
3235 4744 3290 4792 et
3322 4737 3523 4795 doctis.

1928 4823 2190 4879 simorum
2246 4826 2556 4895 Apollinum
2608 4829 2859 4895 alumna;
2918 4829 3377 4887 ﬂoruisse‘mtate
3428 4847 3518 4887 ar—

1928 4924 2123 4987 gentea
2155 4915 2449 4984 Ludovici;
2483 4921 2811 4977 exstinctum
2849 4936 2977 4976 vero
3005 4921 3149 4976 inter
3169 4922 3345 4981 ferrea
3374 4923 3514 4981 ﬁlio-

1929 5022 2047 5062 rum
2081 5008 2337 5065 Ludovici
2386 5013 2709 5076 certamina,
2751 5013 2891 5082 apud
2939 5012 3240 5070 Sanctonas
3270 5028 3317 5080 ε,
3342 5016 3398 5071 in
3420 5030 3518 5076 ex-

1926 5102 2199 5172 peditione
2224 5103 2391 5173 regia,
2421 5104 2562 5159 inter
2591 5122 2711 5175 qua:
2736 5122 2895 5159 omne
2921 5122 3089 5178 genus
3117 5109 3312 5164 excidii
3344 5110 3517 5181 impe-

1927 5189 1993 5243 rii
2037 5190 2267 5245 labentis
2313 5193 2498 5248 ruinas
2545 5194 2897 5250 convellebat.
2960 5195 3225 5253 Praefulsit
3269 5199 3515 5255 oratorio

1927 5281 2137 5336 dicendi
2198 5298 2417 5353 genere,
2464 5294 2518 5340 et
2559 5285 2822 5356 imprimis
2876 5284 3174 5360 Scriptura:
3226 5290 3515 5348 memoria.

1927 5373 2126 5429 Habuit
2143 5376 2380 5432 illustres
2400 5386 2902 5447 eontemparaneos,
2918 5382 3255 5452 philosophia
3279 5394 3332 5437 et
3355 5383 3509 5439 tbco-

1926 5466 2064 5539 logia
2121 5469 2327 5535 claros,
2376 5486 2604 5541 quorum
2649 5471 2919 5528 volumina
2968 5477 3211 5540 terimus,
3258 5476 3511 5532 Hinema-

1926 5574 2044 5613 rum
2082 5562 2541 5631 archiepiscopum
2597 5562 2976 5631 Rhemensem,
3024 5565 3341 5621 llaimonem
3399 5569 3515 5639 epi-

1926 5653 2522 5722 scopnmllalherstati,
2576 5654 2881 5725 Rabanum,
2950 5657 3304 5715 Walal‘ridum
3354 5658 3509 5721 Strat

1997 5778 2018 5807 ε
2064 5765 2179 5821 Ado
2210 5763 2524 5835 Viennens.,
2562 5769 2663 5825 sub
2705 5787 2831 5824 ann.
2885 5770 3008 5827 815.
