4088 6344
533 280 602 371 is
1156 236 1159 241 ’
1424 275 1485 332 s.
1524 273 1946 333 AGOBARDUS
1978 271 2364 367 EPISCOPUS
2401 275 2913 339 LUGDUNENSIS.
3737 281 3811 353 29

530 396 676 456 bum,
713 390 996 447 Claudium
1029 388 1422 455 Taurinensem
1454 390 1519 445 de
1542 389 1874 445 Adoratione
1923 387 2117 458 imagi-
2141 389 2184 446 Α
2221 389 2316 443 sed
2362 390 2592 461 origine.
2622 391 2731 447 Nec
2768 392 3076 463 adoptione,
3130 394 3259 465 quia
3309 410 3469 457 secus
3502 398 3813 465 exstitisset

531 500 684 552 num,
713 483 908 541 Jonam
956 482 1415 547 Aurelianensem
1442 481 1805 553 Halitgarium
1826 489 1881 537 et
1900 481 2124 535 Amala-

529 576 673 632 rinm
700 573 1087 645 Heliprandum
1107 574 1420 646 episcopum
1449 573 1788 637 Toletanum,
1845 570 2122 642 Engilber-

528 676 666 738 tum,
712 676 843 736 etc.,
872 674 929 722 et
956 667 1245 739 plerosque
1286 665 1440 729 alios,
1490 679 1626 734 quos
1646 664 1957 718 reticemus.
1985 660 2123 716 Gra-

530 775 626 819 ves
672 760 930 818 tractavit
984 760 1274 826 materias,
1331 774 1562 831 quarum
1612 757 1895 830 synopseis
1950 753 2120 833 subji-

529 868 727 910 cimus.

530 945 789 1025 Synopsis
835 945 995 1020 primi
1042 944 1320 1005 voluminis
1369 944 1622 999 adversus
1658 943 1851 1015 dogma
1893 940 2117 997 Felicis.

596 1040 829 1110 Imperio
874 1037 1055 1097 Caroli
1117 1037 1298 1112 Magni
1345 1046 1401 1093 et
1442 1036 1705 1093 Ludovici
1756 1034 2053 1101 Caesarum,
2090 1050 2124 1091 e

528 1131 757 1191 summis
786 1131 1033 1204 Pyrenaei
1059 1132 1305 1203 apicibus
1336 1131 1560 1203 emersit
1581 1130 1799 1201 quidam
1834 1130 2122 1199 episcopus

528 1226 781 1298 Origellae
810 1228 881 1281 ab
917 1226 1218 1297 Aragonla,
1256 1226 1342 1279 vir
1386 1224 1627 1294 alioquin
1669 1224 2118 1292 circumspectus,

528 1328 585 1375 et
606 1317 922 1376 subtilitatis
944 1315 1253 1387 Hispaniae
1282 1331 1389 1371 non
1415 1315 1630 1386 indigus
1662 1333 1675 1367 :
1717 1314 1810 1384 qui
1855 1311 2123 1369 Nestorize

528 1417 692 1469 secus
724 1408 840 1479 jam
882 1408 978 1467 diu
1026 1406 1237 1479 fulgore
1287 1407 1565 1480 Evangelii
1595 1406 1881 1463 exstincta:
1910 1405 2122 1463 semina

529 1504 599 1562 ab
624 1502 821 1560 inferis
846 1502 1122 1560 excitavit.
1170 1499 1501 1573 Obiurgatur
1539 1501 1718 1572 primo
1745 1508 1802 1555 et
1834 1500 2114 1555 convinci-

528 1604 619 1651 tur
641 1596 709 1651 ab
733 1593 1062 1667 lieliprando
1109 1591 1369 1649 Toletano
1388 1592 1662 1664 episcopo.
1713 1592 1842 1648 Inde
1867 1593 1936 1648 ad
1960 1591 2123 1648 Rati-

528 1684 715 1745 shonaa
740 1685 1133 1758 compescenda
1162 1682 1280 1753 ejus
1308 1683 1595 1741 insolentia
1626 1682 1918 1739 concilium
1950 1683 2124 1741 trahi-

2222 479 2511 552 aliquando
2536 483 2746 540 alienus
2776 500 2806 540 a
2836 486 2967 543 Deo.
3001 484 3111 542 Nec
3137 491 3528 561 assumptione,
3565 495 3693 565 quia
3722 511 3814 552 as-

2223 587 2444 629 sumens
2489 584 2543 629 et
2578 586 2887 647 assumptus
2919 587 3045 635 sunt
3072 579 3232 635 idem.
3292 581 3398 638 Sed
3432 584 3626 640 unicus
3653 596 3815 642 natu-

2224 664 2353 718 ralis
2399 664 2569 723 Filius
2618 669 2732 723 Dci.
2788 670 2856 724 Et
2883 672 3340 740 quemadmodum
3371 677 3601 746 quilibet
3622 677 3810 749 homo,

2222 753 2406 815 anima
2453 764 2508 817 et
2540 772 2688 824 caro,
2739 767 2823 813 est
2848 776 2952 815 una
2982 776 3248 831 persona;
3311 765 3392 822 sic
3420 765 3675 825 Christus
3702 785 3811 829 una

2222 868 2472 923 persona,
2505 853 2741 908 Verbum
2771 863 2827 908 et
2866 857 3051 911 homo.

2292 944 2356 999 li.
2417 946 2497 1001 Ex
2544 944 2635 1001 tali
2681 948 2882 1003 unione
2909 948 3048 1017 ﬁeri,
3079 956 3142 1005 ut
3174 965 3239 1007 ea
3270 966 3390 1025 quae
3434 961 3562 1008 sunt
3606 954 3810 1024 carnis,

2224 1037 2356 1101 fiant
2395 1038 2714 1097 divinitatis.
2775 1038 2914 1097 Nam
2954 1040 3002 1097 si
3035 1057 3169 1100 caro
3224 1052 3310 1103 est
3349 1045 3570 1117 propria
3618 1047 3813 1117 Verbi,

2224 1144 2325 1184 cur
2352 1131 2571 1187 nomina
2602 1130 2784 1187 carnis
2836 1146 2946 1188 non
2990 1142 3154 1189 erunt
3204 1136 3425 1206 propria
3450 1138 3524 1192 ei.
3578 1137 3816 1209 ideoque

2224 1235 2347 1276 cum
2394 1235 2613 1279 carnem
2669 1223 2918 1293 sumpsit,
2977 1224 3159 1281 omnia
3218 1229 3402 1286 carnis
3436 1230 3656 1302 propria
3709 1228 3814 1287 sibi

2225 1310 2387 1379 fecit;
2427 1313 2503 1369 ita
2564 1319 2623 1368 ut
2678 1315 2979 1371 secundum
3024 1325 3313 1390 utramque
3352 1328 3605 1379 naturam
3648 1323 3718 1381 sit
3760 1328 3817 1379 et

2223 1404 2548 1472 vivificator,
2586 1413 2643 1461 et
2665 1406 2934 1477 pontifex,
2954 1416 3085 1475 ete.,
3117 1409 3259 1468 sicut
3283 1412 3582 1469 secundum
3606 1421 3815 1471 utram-

2224 1510 2332 1566 que
2360 1497 2556 1553 animaa
2583 1504 2639 1554 et
2675 1499 2939 1570 corporis,
2970 1507 3115 1556 totus
3134 1501 3299 1558 homo
3327 1503 3525 1559 dicitur
3574 1505 3818 1562 rationa-

2224 1588 2314 1658 lis,
2359 1589 2559 1645 dicitur
2582 1604 2736 1663 puer,
2793 1591 3167 1663 philosophus.
3534 1646 3539 1647 ,

2294 1680 2381 1736 ill.
2443 1681 2511 1737 Et
2538 1698 2636 1752 per
2655 1697 3018 1754 consequens,
3065 1684 3344 1756 Virginem
3375 1687 3544 1746 fuisse
3578 1701 3817 1752 matrem

529 1790 620 1837 tur
654 1781 723 1835 ab
750 1779 1096 1849 imperatore.
1131 1778 1318 1832 Tertio
1355 1776 1617 1842 Romam;
1675 1776 1768 1830 ubi
1805 1785 2118 1847 prostratus
2149 1767 2509 1844 Butriusque
2569 1782 2798 1842 natum,
2847 1776 3046 1832 divinae
3102 1778 3292 1846 etiam,
3341 1780 3459 1835 sine
3516 1795 3622 1851 qua
3683 1798 3814 1839 caro

528 1875 598 1931 ad
620 1872 807 1929 limina
838 1874 901 1929 D.
933 1870 1107 1936 Petri,
1143 1870 1393 1927 haeresim
1418 1868 1666 1942 agnoscit
1692 1884 1878 1924 coram
1927 1867 2122 1923 Adria-

529 1980 601 2023 no
638 1963 916 2039 pontiﬁce.
966 1964 1253 2019 Postremo
1303 1977 1428 2018 cum
1467 1961 1663 2016 iterum
1714 1975 1811 2015 sua
1860 1958 2121 2031 ﬁgmenta

528 2057 737 2113 chartis
773 2063 1076 2123 exarasset,
1131 2054 1457 2111 convenitur
1478 2055 1546 2108 ab
1592 2051 1903 2124 Agobardo,
1948 2050 2125 2108 vinei-

530 2156 643 2216 tur,
693 2148 983 2220 profitetur
1037 2162 1302 2201 errorem.
1352 2145 1483 2199 Post
1530 2142 1647 2211 ejus
1685 2143 1932 2210 obitum,
1989 2141 2118 2197 fun-

527 2241 780 2297 damenta
824 2239 1095 2311 dogmatis
1141 2238 1329 2302 diruit,
1355 2237 1580 2291 Patrum
1608 2244 1665 2290 et
1694 2234 1994 2306 Scriptura:
2021 2251 2121 2289 au-

528 2331 801 2388 ctoritate.
833 2330 961 2385 Haec
1007 2334 1135 2384 sunt
1157 2327 1356 2382 Felicis
1386 2325 1757 2381 fundamenta.

595 2423 638 2479 Ι.
682 2424 839 2480 Este
875 2422 1168 2479 Nestorio:
1204 2421 1335 2475 Duae
1376 2420 1430 2474 in
1455 2417 1675 2474 Christo
1701 2425 1971 2488 separatae
1987 2432 2120 2488 per-

528 2534 694 2585 sonae,
724 2533 844 2588 qua:
893 2515 1161 2587 duplicem
1209 2514 1379 2569 ﬁlium
1426 2512 1542 2569 sive
1584 2511 1861 2581 Christum
1903 2509 2115 2567 consti-

527 2618 730 2675 tuunt;
776 2608 1004 2663 alterum
1034 2608 1087 2661 in
1114 2622 1299 2671 carne,
1354 2605 1585 2659 alterum
1617 2605 1671 2657 in
1710 2602 1898 2657 verba.
1947 2602 2120 2657 Istum

527 2718 635 2757 non
666 2701 835 2757 fuisse
866 2699 1183 2756 crucifixum
1207 2739 1224 2765 ,
1258 2699 1354 2754 sed
1379 2711 1504 2753 esse
1525 2695 1723 2750 Filium
1756 2696 1872 2759 Dei,
1898 2703 2117 2760 natura,

526 2795 776 2858 veritate,
808 2792 1164 2864 proprietate,
1202 2802 1420 2860 genere,
1450 2787 1752 2851 nativitate,
1776 2785 2115 2852 substantia;

528 2885 700 2953 illum,
753 2899 947 2955 nempe
1000 2884 1369 2947 incarnatum,
1425 2880 1593 2936 fuisse
1637 2895 1881 2950 passum,
1914 2887 1970 2933 et
1994 2894 2115 2934 esse

528 2978 726 3033 Filium
767 2976 864 3033 Dei
928 2976 1123 3049 gratia,
1184 2973 1469 3035 electione,
1537 2972 1849 3038 voluntate,
1889 2969 2116 3043 placito,

527 3069 1027 3141 prmdestinatione,
1067 3066 1456 3137 assumptione,
1489 3065 1799 3135 adoptione.

598 3159 662 3215 ll.
701 3159 775 3216 Ut
813 3158 986 3213 filium
1042 3157 1140 3214 Dei
1180 3155 1510 3221 naturalem,
1560 3169 1683 3212 esse
1712 3153 1894 3210 omnia
1936 3167 2123 3211 essen-

528 3251 751 3318 tialiter,
782 3250 1162 3314 aeternitatem,
1204 3248 1552 3319 sapientiam,
1580 3255 1687 3304 etc.
1717 3244 1789 3303 Ut
1819 3247 2120 3314 hominem,

527 3344 713 3403 omnia
740 3358 863 3416 quas
887 3342 965 3398 illi
993 3341 1198 3406 insunt,
1225 3355 1349 3396 esse
1366 3339 1688 3407 accidentia,
1712 3354 1963 3408 puerum,
1993 3353 2122 3409 pro.

529 3436 772 3509 phetam,
812 3442 947 3502 ete.,
990 3450 1112 3506 quae
1166 3441 1294 3491 sunt
1338 3433 1643 3490 accidentia
1698 3431 1776 3488 illi
1821 3432 2124 3488 secundum

529 3529 986 3602 dispensationem
1029 3528 1231 3595 carnis,
1262 3542 1373 3582 non
1414 3527 1637 3598 propria
1680 3525 1978 3583 secundum
2026 3541 2124 3597 po-

529 3630 781 3679 testatem
804 3621 1136 3677 divinitatis:
1168 3621 1223 3675 in
1266 3619 1609 3675 humanitate
1654 3635 1779 3676 esse
1833 3619 2011 3675 solum
2028 3633 2121 3673 sa-

528 3712 829 3781 cerdotem,
856 3714 914 3769 in
939 3714 1220 3771 divinitate
1241 3714 1647 3770 vivilicatorem.

572 3807 685 3864 ‘ill.
738 3805 892 3865 Unde
950 3807 1198 3878 sequitur
1250 3806 1524 3877 Virginem
1559 3820 1683 3861 esse
1710 3804 1817 3859 alio
1847 3803 2008 3859 modo
2030 3817 2126 3874 ge-

528 3900 779 3958 nitricem
800 3899 1014 3966 divinm,
1060 3901 1165 3957 alio
1215 3901 1373 3956 modo
1408 3902 1660 3957 humanae
1711 3907 1938 3955 natum.
1988 3898 2124 3955 Pro-

525 3995 669 4066 prie,
715 3993 1097 4059 humanitatis;
1137 3992 1309 4065 gratia
1357 4009 1507 4059 vero,
1564 3994 1885 4049 divinitatis.

597 4086 690 4143 IV.
731 4085 802 4142 Et
834 4087 1286 4157 quemadmodum
1331 4086 1584 4142 Christus
1634 4094 1691 4141 et
1735 4085 1978 4140 Ecclesia
2026 4098 2122 4139 vo-

528 4188 727 4239 cantur
751 4194 943 4247 unum,
984 4193 1085 4236 nec
1111 4188 1239 4236 sunt
1269 4195 1374 4235 una
1408 4195 1661 4251 persona,
1695 4194 1969 4249 unumque
1994 4194 2122 4250 sup-

525 4273 803 4347 positum;
850 4272 930 4327 sic
956 4273 1204 4342 quamvis
1261 4273 1472 4328 dicatur
1520 4273 1755 4327 Verbum
1785 4285 2008 4326 carnem
2038 4269 2121 4326 fa-

526 4370 677 4424 ctum
725 4379 871 4432 esse,
891 4372 947 4420 et
966 4380 1087 4421 esse
1107 4379 1295 4431 unum,
1319 4379 1426 4421 non
1447 4372 1575 4420 sunt
1619 4371 1802 4419 tamen
1832 4363 1992 4419 unica
2022 4364 2120 4436 hy-

526 4456 785 4529 postasis.

570 4548 669 4605 'Et
707 4549 794 4604 lue
822 4555 948 4605 sunt
983 4546 1142 4605 fmdm
1166 4561 1327 4605 voces
1367 4547 1566 4618 quibus
1593 4548 1867 4619 Hispanus
1904 4547 1994 4604 ille
2034 4555 2117 4603 te-

525 4642 718 4698 nebrio
745 4639 945 4698 Christi
966 4641 1169 4697 lumina
1196 4657 1361 4698 ausus
1405 4641 1727 4709 obvolvere;
1759 4657 1896 4712 quas
1930 4649 2119 4697 noster

526 4733 713 4791 Gallus
738 4735 968 4808 egregiis
1014 4742 1238 4789 enervat
1260 4736 1612 4805 argumentis.

595 4827 639 4884 ι.
680 4827 741 4884 In
768 4825 985 4885 Christo
1013 4828 1148 4885 duas
1177 4827 1395 4897 quidem
1434 4834 1681 4890 naturas,
1741 4826 1836 4881 sed
1866 4826 1922 4880 in
1952 4842 2115 4880 unam

526 4921 864 4993 hypostasim
890 4935 1162 4992 unamque
1183 4932 1473 4991 personam
1519 4917 1950 4973 substantialiter
1999 4918 2117 4971 uni-

528 5021 615 5070 tas
639 5022 727 5069 :et
744 5014 869 5070 inde
892 5028 999 5069 non
1022 5013 1197 5069 solum
1215 5012 1629 5075 humanitatem,
1654 5011 1747 5064 scd
1772 5018 1943 5064 totum
1961 5007 2119 5064 Chri-

528 5110 675 5160 stum
726 5102 898 5161 fuisse
942 5118 1181 5176 passum,
1241 5101 1582 5158 divinitatem
1620 5100 1787 5156 clavis
1846 5102 2118 5158 confixam

529 5211 631 5254 suo
673 5197 836 5255 modo
881 5194 1220 5266 impassibill,
1273 5195 1391 5251 sine
1436 5208 1615 5258 sensu,
1664 5195 1781 5249 sine
1838 5195 2113 5266 passione.

597 5289 832 5361 ideoque
855 5303 963 5344 nou
1008 5286 1143 5342 duos
1182 5286 1343 5351 filios,
1400 5287 1494 5342 sed
1542 5288 1759 5341 unicum
1800 5287 1854 5341 in
1907 5287 2119 5343 duabus

529 5383 761 5447 naturis,
797 5381 915 5439 sine
959 5379 1277 5436 confusione
1324 5380 1744 5452 hypostaticum,
1796 5380 1962 5435 ﬁlium
2018 5381 2118 5436 Dei

532 5484 747 5542 natura,
791 5472 1144 5547 proprietate,
1192 5474 1523 5540 substantia;
1572 5491 1677 5528 non
1707 5483 1889 5529 autem
1917 5474 2115 5546 gratia,

529 5584 654 5625 cum
706 5567 777 5622 sit
823 5573 1125 5623 coaeternus
1170 5566 1337 5622 Patri.
1386 5567 1572 5639 Neque
1609 5569 2116 5639 pnedestinatioue,

531 5663 656 5734 quia
706 5661 870 5717 Pater
910 5678 1016 5717 non
1040 5670 1123 5718 est
1145 5663 1293 5734 prior
1316 5663 1432 5733 ipso
1461 5672 1725 5734 tempore,
1763 5680 1862 5722 nec
1897 5673 2116 5733 natura,

603 5790 631 5823 ι
657 5780 771 5836 Hoc
798 5778 974 5851 capite
999 5777 1116 5855 lege
1145 5779 1313 5851 Ebon,
1344 5793 1452 5835 non
1483 5775 1649 5836 anr.

2224 1881 2501 1937 nunquam
2530 1865 2630 1921 fuit
2666 1867 2969 1936 incarnata,
3022 1876 3303 1942 totumque
3328 1870 3603 1931 Christum
3633 1875 3816 1933 incar-

2225 1967 2411 2015 natum
2433 1959 2704 2030 genuisse.

2293 2049 2382 2106 iV.
2419 2051 2607 2119 Quoad
2635 2050 2890 2107 unionem
2911 2049 3117 2108 Christi
3147 2067 3274 2108 cum
3314 2052 3577 2122 Ecclesia,
3634 2055 3812 2133 impa-

2224 2158 2341 2198 rem
2363 2159 2483 2201 csse
2506 2159 2630 2199 cum
2661 2144 3052 2202 incarnatione.
3078 2144 3213 2201 Nam
3236 2147 3327 2202 illa
3342 2163 3465 2203 cum
3489 2147 3603 2213 fiat,
3618 2147 3815 2204 saltem

2222 2233 2444 2303 spiritu,
2496 2250 2605 2288 non
2653 2249 2904 2304 corpore,
2964 2236 3073 2293 fide
3119 2252 3231 2293 non
3282 2253 3471 2304 carae,
3522 2254 3659 2294 voce
3696 2254 3817 2295 non

2225 2334 2374 2393 actu,
2418 2341 2604 2381 amore
2628 2342 2737 2382 non
2773 2327 3141 2397 copulatione,
3198 2344 3268 2385 ex
3297 2330 3510 2386 infinito
3554 2346 3816 2401 persona-

2224 2432 2346 2470 rum
2395 2433 2623 2472 numero
2661 2434 2785 2473 cum
2811 2418 2994 2489 aliquo
3053 2420 3231 2492 capite
3274 2423 3521 2493 mystico,
3570 2439 3679 2479 non
3721 2438 3817 2495 po-

2227 2516 2333 2567 test
2360 2508 2469 2565 dici
2497 2524 2627 2567 vera
2654 2510 2807 2577 unio,
2837 2511 2966 2566 unio
2995 2510 3215 2583 inquam
3243 2512 3655 2581 incarnationis,
3695 2530 3817 2585 quas

2223 2602 2286 2659 iit
2310 2618 2378 2660 ex
2420 2606 2635 2662 duabus
2673 2607 2885 2662 naturis
2911 2613 2968 2663 et
3003 2607 3323 2664 substantiis
3347 2608 3404 2664 in
3435 2624 3600 2665 unam
3621 2624 3815 2683 perso—

2223 2714 2371 2755 nam.

2296 2790 2363 2845 Et
2391 2791 2508 2845 haec
2535 2797 2661 2861 sunt
2687 2797 3031 2862 argumenta,
3064 2790 3261 2862 quibus
3278 2791 3599 2866 Agohardus
3621 2792 3820 2850 vimet

2226 2898 2453 2940 nervum
2478 2882 2751 2954 dogmatis
2775 2882 3035 2939 Feliciani
3060 2882 3343 2958 confregit.

2476 2992 2543 3049 ΙΙ
2572 2992 2767 3050 uelum.
2807 2993 2889 3049 De
2915 2993 3198 3050 insolentia
3224 2995 3557 3053 Judworum.

2148 3124 2199 3190 ο
2297 3109 2354 3166 in
2395 3109 2641 3166 adversis
2667 3108 2814 3165 nulla
2843 3124 2978 3181 gens
3002 3110 3286 3182 abiectior,
3324 3110 3381 3167 in
3426 3111 3704 3183 prosperis
3730 3111 3818 3169 in-

2226 3204 2490 3261 solentior
2526 3203 2859 3263 Iudaeorum.
2911 3203 3187 3263 Beneﬁcio
3223 3202 3482 3262 Caesareae
3520 3206 3822 3277 maiestatis

2225 3298 2378 3357 locus
2411 3299 2565 3370 pacis
2606 3308 2663 3356 et
2703 3315 2870 3356 moras
2907 3300 3069 3357 datus
3116 3300 3248 3371 ipsis
3295 3300 3355 3359 in
3395 3299 3568 3361 Gallia
3615 3300 3821 3368 fuerat,

2225 3391 2475 3463 Lugduni
2500 3393 2863 3463 potissimum.
2919 3391 3028 3449 Sed
3057 3394 3148 3449 ubi
3177 3393 3406 3451 dulcedo
3436 3394 3588 3463 pacis
3622 3392 3821 3463 pauiu—-

2225 3488 2336 3545 lum
2367 3503 2463 3546 eos
2488 3488 2637 3545 laxat
2660 3488 2730 3545 ah
2757 3487 3118 3545 incommodis
3154 3485 3297 3558 fuga:
3317 3526 3334 3555 ,
3384 3494 3600 3545 struunt
3626 3495 3777 3543 artes
3800 3527 3823 3554 ,

2225 3581 2518 3637 adulantur
2541 3579 2733 3635 aulicis
2772 3578 3127 3635 nobilissimis
3148 3618 3165 3643 ,
3213 3591 3416 3648 eosque
3445 3576 3691 3647 pecuniis
3719 3577 3824 3635 (ιθ-
3893 3568 3898 3573 ”

2224 3676 2468 3732 vincunt.
2500 3674 2572 3729 Et
2594 3673 2676 3729 sic
2697 3671 2935 3743 obliquis
2953 3671 3239 3729 fraudibus
3266 3671 3504 3728 indieula
3531 3687 3563 3729 ιι
3583 3670 3824 3728 clemen-

2226 3766 2435 3821 tissimo
2480 3764 2790 3834 subripiunt
2834 3764 3096 3823 adversus
3140 3763 3397 3821 Ecclesiae
3441 3763 3843 3836 Lugdunensis.

2222 3858 2559 3929 episcopum,
2587 3857 2682 3927 qui
2710 3857 2994 3914 avertebat
3019 3856 3277 3928 populum
3304 3856 3373 3913 ab
3399 3856 3510 3912 his.

2292 3948 2375 4006 Ne
2398 3948 2754 4007 divenderent
2777 3948 3050 4020 mancipia
3074 3948 3386 4007 Christiana
3409 3946 3636 4005 Judais.

2293 4042 2373 4098 Ne
2399 4041 2657 4099 mulieres
2681 4040 3006 4099 Christianae
3030 4056 3154 4098 cum
3184 4041 3267 4098 eis
3295 4040 3721 4098 sabbatizarent.

2292 4135 2373 4195 Ne
2398 4135 2591 4191 diebus
2615 4135 2913 4192 Dominicis
2935 4143 3315 4206 operarentur.

2292 4227 2373 4283 Ne
2401 4226 2828 4301 Quadragesima
2868 4244 2994 4285 cum
3021 4231 3104 4284 eis
3138 4227 3472 4300 prandersnt
3502 4234 3561 4284 et
3595 4226 3821 4284 easdem

2223 4334 2419 4377 carnes
2441 4321 2686 4378 ederent.

2293 4413 2373 4469 Ne
2401 4429 2599 4469 carnes
2626 4413 2933 4470 immolatae
2960 4413 3028 4468 ab
3056 4412 3191 4483 ipsis
3216 4418 3490 4477 emerent,
3518 4412 3819 4482 vinumque

2146 4500 2202 4562 D
2222 4521 2409 4563 eorum
2439 4507 2711 4563 biberent.

2291 4599 2636 4654 insectantur
2658 4613 2806 4664 eum,
2838 4597 3186 4669 singulosque
3208 4597 3554 4653 Christianos
3585 4598 3655 4653 ad
3687 4611 3817 4675 suas

2220 4707 2529 4763 synagogas
2557 4690 2836 4746 blanditiis
2876 4699 2932 4745 et
2971 4690 3284 4760 ampullatis
3322 4688 3699 4760 patriarehicaa
3732 4688 3818 4743 di-

2221 4784 2445 4853 gnitatis
2463 4782 2652 4853 elogiis
2675 4782 2920 4851 rapiunt;
2951 4781 3305 4841 insolescunt.
3324 4790 3379 4837 et
3398 4788 3585 4837 contra
3604 4794 3816 4835 morem

2220 4877 2561 4933 Christianos
2589 4889 2778 4931 servos
2800 4882 3009 4931 emunt.
3042 4873 3366 4946 Agebardus
3395 4874 3644 4944 queritur
3671 4872 3847 4941 apud~

2218 4971 2515 5035 Cmsarem,
2531 4977 2678 5024 artes
2698 4970 2911 5041 retegit,
2930 4977 3182 5025 auctores
3201 4968 3415 5024 consilii
3438 4968 3632 5037 aperit,
3657 4968 3820 5036 petit-

2220 5079 2328 5135 que
2366 5063 2630 5118 medelam
2669 5070 2834 5117 tanta:
2864 5064 3065 5128 ruinm;
3107 5061 3379 5133 pollicitus
3418 5076 3478 5116 se
3519 5060 3816 5130 Scriptura

2219 5160 2547 5217 testimoniis
2572 5174 2759 5215 eorum
2785 5159 2957 5215 vitam
2980 5199 2995 5224 ,
3051 5171 3232 5213 mores
3278 5164 3333 5211 et
3376 5153 3814 5227 superstitiosum

2219 5253 2345 5311 vitae
2372 5268 2542 5325 genus
2567 5253 2925 5323 depicturum.

2441 5368 2539 5424 ΙΙΙ
2572 5367 2672 5423 rol.
2720 5365 2792 5421 De
2828 5364 3073 5421 Judaicis
3102 5364 3579 5438 superstitionibus.

2293 5499 2317 5527 ι
2344 5483 2735 5540 Abominandze
2761 5481 2938 5554 gentis
2964 5479 3204 5536 Judaicae
3243 5480 3605 5552 pervicaciam
3644 5478 3813 5535 ritus-

2221 5593 2328 5650 que
2362 5592 2393 5631 a
2418 5574 2668 5630 veritatis
2695 5574 2887 5629 semita
2914 5572 3125 5628 alienos
3160 5572 3405 5629 eil‘ecisse
3450 5571 3593 5642 apud
3622 5571 3815 5627 Patres

2222 5671 2477 5741 antiquos
2514 5676 2574 5723 ut
2607 5679 2846 5724 canones
2885 5665 2953 5723 de
2990 5665 3230 5721 cavendo
3272 5665 3649 5731 contubernio,
3683 5679 3813 5721 con-
