4088 6344
301 271 374 349 si
1676 259 2223 329 mutationem.
2514 320 2521 329 ,
2668 326 2673 327 ,
3504 268 3579 337 22

299 372 473 457 victu,
495 388 840 460 copulatione
860 389 1100 459 ipsorum
1117 364 1588 457 componerentur,
1612 383 1887 449 fusissime
1910 383 1963 457 Α
1988 383 2296 446 serpentem
2336 375 2392 429 in
2428 375 2545 432 dies
2582 365 2759 432 labem
2792 375 3028 455 Iudaica:
3056 379 3453 455 communionis
3482 373 3578 438 ex;

299 478 395 537 hic
422 479 645 535 disserit
668 466 989 550 ‘Agobardus‘
1008 520 1023 546 ,
1068 480 1179 534 imo
1216 485 1368 533 tanto
1395 464 1520 533 odio
1548 475 1800 532 habuisse
1828 479 1889 528 ut

301 573 708 633 illustrissimus
736 573 826 639 ille
850 573 1168 641 Ambrosius
1206 579 1436 641 mortem
1467 572 1628 626 citius
1655 570 1887 643 optarit,

298 680 468 738 quam
497 666 789 721 maceriam
816 667 998 739 templi
1024 666 1235 723 Iudaici
1262 666 1609 722 remdiﬁcare.

371 757 416 813 Ι.
458 757 717 833 seniores
743 759 947 824 clerici,
971 760 1063 830 qui
1098 758 1347 816 convivio
1371 756 1599 819 Judaico
1625 755 1891 817 interfue-

300 848 429 913 i'lnt,
465 852 1006 907 excommunicantor
1028 866 1127 935 per
1156 838 1376 907 annum.
1407 849 1659 911 Iuniores
1684 850 1729 906 si
1752 865 1891 921 prae-

299 943 654 1017 sumpserint,
683 945 994 1015 vapulanti).

370 1034 435 1092 ll.
475 1034 522 1090 A
550 1048 703 1115 omna
749 1051 922 1107 usque
960 1037 1134 1107 prima
1174 1028 1383 1093 Pascha
1432 1050 1530 1107 per
1568 1037 1776 1115 plateas
1820 1044 1899 1101 ne

296 1126 638 1193 ambulauto.
673 1114 864 1193 secus,
895 1144 923 1183 a
947 1128 1223 1201 iudicibus
1248 1114 1660 1202 distringuntOr.

366 1216 456 1274 Ill.
500 1217 690 1274 Nulhis
735 1217 1077 1275 Christianus
1119 1216 1306 1281 ,Ιυάωο
1356 1236 1546 1277 servus
1592 1228 1744 1289 esto,
1795 1220 1891 1277 sed

295 1311 429 1367 dato
455 1327 535 1366 xu
562 1312 858 1367 solidorum
889 1313 1064 1383 pretio
1088 1312 1367 1369 liberator.

366 1404 460 1462 iV.
504 1404 563 1462 Si
597 1407 720 1479 quis
747 1406 815 1462 ad
842 1405 1127 1464 Iudaicum
1157 1409 1350 1481 dogma
1378 1422 1596 1463 servum
1621 1396 1890 1479 Christia-

296 1492 431 1554 num
461 1498 728 1565 illexerit,
758 1497 1035 1570 plectator
1064 1501 1355 1572 mancipio,
1392 1507 1447 1557 et
1473 1498 1635 1572 legali
1662 1499 1889 1556 damna-

294 1590 448 1644 tione
474 1588 750 1661 puuiator,
1684 1596 1687 1599 λ

306 1686 319 1707 ’³
370 1678 438 1733 V.
480 1677 559 1735 Ne
582 1678 703 1750 quis
723 1677 941 1739 Iudaeus
963 1681 1062 1737 sub
1085 1687 1299 1753 tempus
1321 1680 1603 1755 Paschalis
1627 1676 1886 1753 Christi?-

295 1764 400 1843 ἧος
426 1773 729 1826 convenito.

316 1854 327 1877 ⁴
366 1859 545 1917 Causa
580 1861 883 1919 istiusmodi
927 1862 1239 1920 severitatis
1273 1868 1358 1919 est
1391 1862 1460 1920 ab
1494 1879 1683 1921 eorum
1714 1861 1893 1931 rabie,

289 1951 601 2021 pervicacia
648 1962 814 2024 atque
859 1954 1208 2025 corruptione
1255 1954 1549 2019 doctrinm,
1598 1969 1762 2024 quam
1807 1961 1890 2029 tot

290 2042 511 2097 nebulis
544 2042 876 2099 Pbarisaicae
898 2044 1003 2100 illa:
1032 2045 1374 2103 Denteroscis
1402 2043 1800 2111 obtenderunt,
1826 2049 1897 2100 ut

288 2134 369 2189 nil
395 2148 537 2203 pene
561 2134 783 2191 luminis
807 2136 948 2207 apud
974 2137 1118 2208 ipsos
1142 2137 1409 2207 reliquum
1436 2138 1526 2193 sit.

361 2226 543 2282 Deum
569 2241 691 2284 esse
716 2243 1060 2300 corporeum,
1089 2229 1279 2285 audire
1304 2238 1359 2285 et
1381 2230 1592 2286 videre.

360 2317 575 2389 Corpus
603 2320 838 2376 hominis
863 2322 933 2375 ad
957 2322 1247 2393 imaginem
1274 2322 1370 2377 Dei
1398 2320 1623 2377 factum.

360 2409 443 2464 Ex
466 2410 628 2465 vanis
655 2410 750 2466 Dei
778 2412 1199 2483 cogitationibus
1225 2412 1499 2469 dmmones
1526 2410 1721 2468 creari.

314 2516 329 2523 '
360 2500 603 2557 Litteras
626 2502 897 2572 alphabeti
926 2518 1047 2559 esse
1072 2503 1453 2575 sempiternas.

313 2606 321 2611 '
362 2591 562 2665 Legem
591 2592 756 2649 Hosis
783 2602 910 2649 ante
938 2594 1199 2650 mundum
1230 2593 1399 2650 fuisse
1427 2594 1708 2664 scriptam.

314 2698 321 2703 ·
364 2681 557 2738 Plures
579 2698 703 2739 esse
729 2684 921 2750 celos,
947 2684 1132 2755 plures
1161 2694 1357 2753 terras,
1382 2683 1539 2761 plura
1566 2681 1799 2740 intbrna.

367 2773 537 2829 Deum
560 2775 768 2831 habere
792 2784 999 2846 septem
1026 2777 1204 2833 tubas.

316 2868 323 2873 ‘
368 2863 591 2921 Petrum
645 2867 946 2937 apostolum
996 2878 1221 2940 propter
1262 2866 1648 2926 hebetudinem
1695 2882 1891 2927 sensus

289 2956 552 3030 Cepham,
584 2960 768 3025 id'est,
799 2961 1019 3018 Petram
1047 2963 1212 3020 fuisse
1236 2972 1511 3021 vocatum.

1989 467 2285 540 stinguant,
2312 480 2382 524 ne
2407 482 2596 524 eorum
2621 467 2863 526 Ecclesia
2887 471 3282 544 exstinguatur.

2531 560 2615 616 Ad
2641 562 3031 636 imperatorem.
3048 602 3061 619 .

2059 653 2197 721 Quia
2226 653 2331 711 iste
2351 662 2619 711 tractatus
2638 662 2723 713 est
2742 658 3008 733 ἁκᾶφαλος,
3033 655 3366 731 afﬁgendum
3386 658 3575 733 putavi

1988 748 2136 806 hunc
2166 749 2405 805 titulum.

1988 858 2067 923 De
2094 864 2358 940 impietate
2386 860 2549 940 duelli
2578 874 2761 940 contra
2788 862 3221 940 Gundebadicarn
3248 864 3434 940 legem,
3459 881 3585 940 qua.

2199 934 2311 989 vult
2341 934 2550 991 ensibus
2578 953 2682 991 non
2702 935 2910 1008 judicio
2938 952 3129 992 causas
3154 934 3357 992 dirinii.

2061 1038 2087 1068 ει
2113 1026 2251 1083 Cum
2295 1040 2487 1083 omnes
2531 1043 2698 1083 unum
2747 1028 2919 1085 simus
2967 1028 3025 1084 in
3070 1029 3321 1097 Christo,
3370 1030 3584 1087 unitate

1989 1114 2136 1184 ﬁdei,
2169 1114 2419 1185 allectus,
2447 1117 2746 1191 religionis,
2777 1120 3003 1191 impium
3043 1128 3130 1177 est
3163 1135 3356 1192 pacem
3385 1120 3583 1177 unani-

1989 1225 2135 1266 mem
2182 1209 2369 1281 praelio
2413 1210 2693 1280 dirimere,
2738 1219 2796 1268 et
2834 1212 2891 1268 in
2934 1212 3147 1282 litibus,
3172 1202 3386 1285 gladiis
3411 1212 3582 1269 vitam

1989 1306 2276 1376 iiupctere,
2317 1306 2409 1362 ubi
2445 1306 2674 1378 aequitas
2703 1305 3059 1383 iudiciorum,
3085 1308 3305 1364 testium
3344 1308 3489 1371 oculi
3526 1315 3582 1369 et

1990 1390 2292 1479 integritas,
2327 1407 2555 1477 possunt
2582 1397 2855 1472 supplere.
2890 1399 3042 1456 Adde
3067 1400 3212 1471 quod
3242 1399 3330 1457 lex
3356 1400 3447 1464 illa
3474 1417 3583 1461 non

1988 1495 2075 1556 est
2101 1504 2204 1546 nec
2228 1490 2489 1558 Mosaica,
2519 1502 2621 1548 nec
2647 1492 2979 1563 evangelica,
3008 1493 3119 1555 imo
3144 1510 3176 1549 a
3203 1490 3503 1551 fcedissimo
3527 1500 3583 1550 et

1987 1580 2359 1655 infensissimo
2385 1582 2593 1640 Christi
2618 1584 2776 1645 hoste
2805 1585 3058 1652 inventa,
3100 1593 3294 1643 utnon
3330 1584 3593 1653 testibus,

1990 1680 2086 1739 aut
2123 1674 2403 1731 veracium
2451 1673 2767 1730 testimonio
2791 1716 2807 1742 ,
2857 1673 2953 1735 sed
2986 1673 3133 1731 ferro
3184 1681 3239 1731 et
3286 1675 3410 1750 igne
3455 1675 3581 1732 lites

1991 1764 2370 1839 discutiantur.
2420 1765 2742 1839 Agobardus
2769 1782 2900 1845 ergo
2935 1766 3225 1844 compellat
3254 1767 3582 1839 benignissi-

1988 1870 2137 1919 mum
2162 1858 2582 1933 imperatorem,
2626 1867 2686 1914 ut
2725 1873 2759 1914 e
2798 1874 2967 1933 regno
2992 1866 3103 1919 tam
3139 1858 3425 1923 scelestam
3450 1853 3597 1921 (ιαμ-⁸

1988 1950 2328 2014 suetudinem
2359 1950 2679 2011 abolendam
2706 1958 2882 2009 curet.

2318 2040 2431 2097 VII
2459 2041 2654 2103 votum.
2702 2040 2781 2096 De
2809 2040 2940 2099 lure
2967 2043 3271 2099 sacerdotii.

2060 2130 2454 2191 Confabulatur
2504 2149 2628 2191 cum
2680 2134 3002 2209 coepiscopo
3048 2135 3327 2194 Bernardo
3375 2134 3581 2194 diserte

1989 2227 2305 2297 admodum,
2332 2244 2363 2284 e
2386 2227 2644 2284 Patribus
2669 2227 2857 2294 multa,
2890 2229 2987 2285 sed
3011 2229 3168 2302 plura
3208 2244 3239 2286 e
3275 2228 3577 2300 Scriptura.

2059 2320 2101 2377 l.
2144 2320 2521 2378 Sacerdotium
2542 2336 2666 2378 esse
2687 2321 2928 2377 omnium
2949 2322 3043 2395 qui
3062 2319 3170 2380 ﬁde
3191 2322 3435 2381 membra
3456 2331 3585 2379 sunt

1988 2416 2189 2473 summi
2216 2416 2539 2473 sacerdotis.

2059 2510 2123 2573 Il.
2166 2510 2235 2564 Et
2262 2508 2515 2585 quamvis
2543 2507 2635 2564 illa
2660 2524 2764 2564 vox
2789 2506 3058 2566 latissime
3081 2517 3285 2580 pateat,
3314 2517 3499 2565 tamen
3520 2516 3584 2565 ut

1990 2608 2075 2659 est
2106 2614 2213 2656 vox
2252 2601 2571 2667 ministerii,
2613 2600 2832 2673 proprie
2873 2603 3148 2671 pertinere
3177 2605 3245 2658 ad
3272 2603 3584 2661 sacerdotes

1989 2693 2326 2764 designatos,
2366 2691 2520 2765 cujus
2548 2692 2764 2751 initium
2792 2690 2897 2747 fuit
2926 2693 2987 2751 in
3015 2692 3204 2760 Abele,
3229 2691 3421 2757 Caino,
3442 2690 3579 2759 Noe,

1987 2778 2321 2848 Abrahamo,
2343 2783 2664 2855 caeterisque
2682 2782 2937 2838 Levitica:
2959 2784 3135 2841 tribus
3153 2780 3447 2850 Nazarazis,
3463 2781 3583 2847 sine

1989 2878 2100 2951 ullo
2128 2877 2445 2935 discrimine
2468 2878 2736 2937 boaorum
2766 2886 2822 2941 et
2849 2876 3136 2943 malorum.

2060 2972 2146 3029 Ill.
2188 2972 2325 3043 Quia
2352 2988 2463 3029 non
2482 2972 2776 3045 respicitur
2802 2972 2857 3033 in
2884 2972 3165 3033 sacerdote
3184 2972 3460 3038 meritum,
3483 2972 3584 3035 sed

358 3052 547 3110 Iesum
582 3053 856 3111 Christum
890 3056 1093 3112 Tiberii
1126 3057 1332 3129 judicio
1366 3057 1519 3114 furca
1553 3055 1722 3113 fuisse
1759 3070 1885 3114 sus-
1911 3100 1959 3167 ο
1986 3058 2072 3125 vis
2100 3064 2418 3132 ministerii;
2465 3080 2574 3121 non
2601 3080 2866 3135 persona,
2907 3066 3006 3123 sed
3033 3064 3268 3143 dignitas
3292 3080 3577 3141 personas;

289 3164 517 3224 pensum
536 3190 552 3215 ,
593 3150 861 3223 sepultum
884 3150 1041 3223 juxta
1071 3166 1224 3222 aqua:
1254 3153 1504 3218 ductum,
1545 3151 1693 3207 etab
1717 3150 1880 3206 inun-

287 3244 514 3301 datione
543 3258 802 3315 aquarum
834 3245 1106 3301 sublatum
1126 3285 1141 3312 ,
1189 3258 1221 3299 a
1261 3242 1437 3298 Pilato
1470 3258 1570 3319 per
1604 3256 1687 3297 ιιι
1726 3241 1884 3296 lunas

286 3336 711 3482 ῳὲιῗῗὶἒὲζηοε
738 3426 1050 3485 ldololatras
1074 3432 1295 3497 vocant,
1323 3425 1453 3499 quia
1480 3430 1701 3482 sanctos
1730 3423 1885 3481 invo-

286 3527 444 3575 cant.

312 3636 315 3639 -
360 3611 585 3668 Habent
604 3615 925 3686 prmpositos
963 3612 1275 3687 synagogis,
1305 3612 1401 3685 qui
1430 3613 1752 3687 sanguinem
1774 3612 1890 3668 vir-

287 3705 431 3777 ginis
468 3713 823 3763 menstruatre
854 3707 1172 3765 discernunt
1201 3708 1375 3769 oculis
1411 3714 1469 3766 et
1504 3716 1689 3781 gustu,
1729 3723 1888 3767 mun—

288 3797 531 3853 dum‘vel
558 3797 913 3854 immundum.

356 3888 597 3945 Possunt
620 3891 902 3947 ambulare
925 3892 1033 3948 duo
1058 3891 1227 3948 millia
1253 3888 1449 3964 pedum
1478 3890 1533 3947 in
1562 3891 1811 3949 sabbato.

358 3979 519 4038 Unde
555 3983 897 4040 concluditur
928 3987 1077 4056 quod
1114 3986 1165 4041 si
1202 3987 1478 4058 separatio
1511 3988 1579 4041 ab
1617 3986 1888 4042 haereticis

287 4072 661 4137 schismaticin
687 4073 854 4135 fuerit
874 4086 1180 4148 praecepta,
1210 4084 1367 4135 tanto
1396 4076 1572 4147 magis
1604 4092 1635 4131 a
1661 4074 1883 4143 Judais,

286 4182 321 4223 ι
345 4166 687 4235 concisione,
727 4182 759 4225 a
787 4182 901 4238 qua
924 4166 1016 4225 lux
1042 4167 1357 4239 evangeliea
1391 4165 1496 4222 fuit
1531 4166 1754 4225 munitio
1786 4182 1889 4224 ex-

287 4258 527 4321 stincta;
571 4271 728 4315 more
755 4257 1154 4328 apostolorum,
1196 4259 1290 4329 qui
1323 4257 1379 4317 in
1406 4257 1689 4319 liminibus
1714 4273 1889 4317 excu-

289 4347 501 4407 tiebant
536 4348 821 4418 pidverem
853 4350 1089 4421 pedum,
1127 4357 1189 4409 et
1213 4349 1337 4409 diro
1362 4349 1721 4423 anathemate
1737 4349 1893 4423 ipsos

287 4438 653 4503 devovebat.

320 4588 325 4595 .
641 4536 729 4591 Ad
753 4535 1109 4606 Maternum,
1129 4536 1365 4605 Πειρη,
1394 4546 1510 4595 etc.

320 4656 325 4665 π
354 4628 447 4685 Ad
468 4628 789 4700 frequentes
815 4630 1069 4702 querelas
1104 4630 1184 4687 de
1212 4629 1398 4686 mania
1437 4631 1615 4691 um
1643 4629 1889 4691 «Iudaica

287 4720 604 4781 Ludovicus
649 4723 953 4794 inmoratur
992 4723 1170 4795 coegit
1209 4731 1418 4779 coetum
1459 4722 1839 4794 episcoporum
1864 4764 1883 4792 ,

291 4816 380 4873 ὡὶ
408 4832 641 4873 una.
658 4815 985 4875 Christiana
1009 4817 1268 4874 Ecclesia;
1294 4818 1406 4887 egit
1423 4816 1771 4889 Agobardus,
1786 4816 1884 4872 sed

285 4921 605 4978 prperam,
629 4914 761 4974 etc“
794 4909 990 4965 timore
1016 4909 1363 4980 prmpeditus.
1418 4907 1622 4965 Scribit
1655 4907 1771 4977 jam
1814 4908 1887 4965 ad

286 4997 501 5053 nobiles
528 4996 742 5065 Patres,
786 5014 1011 5057 causam
1055 5000 1259 5070 inopiae
1294 5000 1499 5056 mentis
1528 4997 1707 5068 reiicit
1732 4999 1789 5054 in
1817 4999 1885 5056 ti-

287 5105 520 5146 morem.
555 5090 760 5148 Deinde
778 5094 1010 5163 carptim
1028 5092 1265 5149 consulit
1287 5093 1423 5148 istos
1448 5093 1730 5163 episcopos
1754 5092 1884 5162 quid

287 5196 451 5255 agere
472 5183 672 5239 debeat
693 5184 761 5239 de
782 5185 1070 5255 mancipiis
1091 5183 1290 5241 Iudaeis
1310 5184 1402 5256 qui
1427 5185 1496 5240 ad
1515 5184 1885 5240 Christianum

284 5274 563 5347 baptisma
589 5291 777 5334 amore
805 5275 1009 5335 Christi
1039 5276 1361 5345 illiciuntur,
1384 5283 1569 5335 utrum
1594 5292 1689 5334 eos
1713 5276 1887 5334 susci-

284 5382 415 5439 pere
445 5385 516 5425 an
545 5367 777 5440 rejicere
802 5370 1017 5426 debeat.

724 5458 982 5531 Epistola'
1018 5457 1091 5515 ad
1127 5458 1454 5515 Nibridium.

355 5548 652 5609 Connectit
681 5552 952 5624 superiori
979 5551 1281 5624 querelam,
1311 5559 1367 5609 et
1391 5558 1697 5609 commovet
1721 5551 1886 5608 istum

286 5652 501 5715 patrem
528 5660 831 5718 omnesque
865 5658 1182 5718 episcopos,
1233 5651 1294 5702 ut
1334 5646 1579 5702 unanimi
1617 5661 1886 5704 consensu

356 5768 388 5800 -
411 5756 554 5817 Vide
578 5758 724 5818 Hist.
748 5759 1027 5837 Burgund.

1989 3174 2096 3219 non
2127 3157 2428 3229 integritas,
2463 3156 2559 3213 sed
2585 3155 2848 3219 ofﬁcium.

2057 3246 2147 3304 IV.
2187 3248 2267 3303 Ita
2296 3256 2359 3303 ut
2393 3248 2570 3306 bonus
2607 3246 2782 3307 laicus
2821 3264 2933 3309 nan
2971 3251 3149 3323 possit
3187 3251 3414 3324 exsequi
3457 3266 3579 3323 quae

1986 3339 2164 3397 malus
2186 3340 2492 3412 episcopus,
2516 3356 2712 3413 nempe
2734 3350 3075 3401 sacramenta
3098 3350 3155 3400 et
3180 3358 3299 3402 rem
3322 3343 3583 3405 ecclesia-

1988 3433 2199 3496 sticam,
2231 3431 2347 3487 sine
2372 3431 2615 3503 pernicie
2640 3432 2852 3499 animae,
2886 3441 2949 3490 ut
2974 3434 3108 3491 01a.

2059 3526 2126 3581 V.
2165 3525 2295 3593 Quae
2340 3532 2467 3579 sunt
2504 3525 2802 3596 baptisma,
2836 3535 2892 3583 et
2928 3525 3200 3586 confectio
3239 3527 3487 3603 corporis
3522 3536 3581 3585 et

1987 3616 2268 3689 sanguinis
2294 3614 2518 3684 Christi,
2549 3625 2690 3685 ctc.;
2726 3634 2848 3688 qlae
2874 3633 2999 3673 cum
3031 3634 3132 3677 nec
3160 3619 3428 3675 bonorum
3457 3634 3576 3677 me-

1986 3711 2127 3775 ritis,
2158 3725 2259 3765 nec
2285 3710 2551 3765 malorum
2580 3707 2770 3766 fraude
2792 3712 3003 3783 possint
3031 3727 3132 3767 nec
3157 3711 3453 3778 meliorari,
3476 3725 3579 3771 nec
3604 3776 3607 3779 λ

1987 3798 2331 3866 deteriorari,
2361 3798 2457 3857 sed
2487 3799 2723 3871 Spiritus
2748 3801 2949 3857 virtute
2977 3800 3345 3874 perﬁciantur,
3376 3801 3578 3861 debent

1986 3894 2054 3967 ab
2084 3892 2336 3948 omnibus
2367 3892 2652 3964 aequaliter
2679 3893 2958 3960 honorari,
2987 3894 3102 3949 sive
3130 3908 3164 3949 a
3187 3892 3369 3963 bonis,
3398 3892 3512 3953 sive
3541 3907 3575 3946 a

1986 3985 2144 4040 malis
2169 3984 2473 4055 percipiant
2496 3982 2890 4043 sacerdotibus.

2058 4073 2299 4143 Quorum
2321 4081 2557 4145 quatuor
2576 4080 2705 4129 sunt
2723 4087 2943 4147 genera.
2974 4070 3242 4143 Primum,
3263 4074 3574 4147 amandum,

1987 4165 2080 4241 qui
2108 4164 2245 4237 bene
2283 4172 2340 4221 et
2375 4163 2570 4221 vivunt
2604 4172 2661 4222 et
2688 4164 2909 4223 docent-7
2963 4163 3294 4235 Secundum,
3340 4165 3575 4223 toleran-

1986 4252 2135 4325 dum,
2161 4256 2256 4328 qui
2279 4257 2418 4314 bene
2443 4253 2661 4325 docent,
2684 4262 2740 4313 et
2758 4271 2869 4314 non
2892 4257 3184 4314 admodum
3210 4256 3350 4315 bene
3367 4259 3571 4313 vivunt.

1986 4349 2057 4404 Et
2097 4349 2186 4405 isti
2218 4357 2345 4405 sunt
2376 4347 2652 4415 audiendi,
2689 4363 2799 4404 non
2828 4347 3100 4404 imitandi.
3156 4346 3417 4413 Tertium,
3450 4363 3575 4405 con-

1909 4465 1965 4528 ο
1986 4441 2347 4509 temnendum,
2369 4440 2516 4499 male
2556 4441 2853 4499 viventium
2881 4449 2938 4497 et
2962 4440 3349 4515 ignorantium.
3395 4438 3575 4506 Quar-

1986 4543 2123 4603 tum,
2169 4533 2749 4601 anathematizandum,
2792 4532 2933 4589 bene
2955 4533 3043 4590 vel
3078 4532 3221 4588 male
3246 4531 3564 4598 viventium,

1985 4624 2082 4682 sed
2106 4624 2248 4682 male
2270 4624 2601 4684 docentium.
2633 4624 2704 4682 Et
2727 4623 2805 4679 illi
2829 4624 3052 4680 omnino
3077 4620 3435 4699 relinquendi.

2401 4714 2483 4770 De
2509 4712 2768 4788 grandine
2800 4721 2850 4769 et
2883 4712 3149 4773 tonitruis.

2052 4808 2362 4865 lnvaluerat
2386 4806 2443 4863 in
2473 4807 2667 4880 vulgus
2694 4814 2841 4864 tetra
2876 4804 3061 4879 opinio
3096 4810 3154 4860 et
3188 4803 3569 4876 superstitiosa

1983 4904 2053 4961 de
2078 4904 2341 4978 grandine
2364 4910 2421 4959 et
2444 4901 2718 4975 procellis,
2742 4916 2879 4973 quas
2899 4914 3116 4970 magum
3146 4897 3583 4956 incantamentis,

1983 4995 2115 5051 cieri
2136 4994 2415 5066 putabant.
2439 4992 2553 5051 Hoc
2569 4993 2840 5051 vocabant
2862 4991 3063 5047 Auram
3084 4987 3402 5058 Ievatitiam;
3423 4990 3569 5062 quod

1983 5088 2270 5161 multiplici
2314 5086 2557 5144 inﬁrmat
2600 5087 2814 5144 ratione
2859 5085 3327 5158 argumentisque,
3372 5083 3571 5158 quibus

1984 5183 2361 5242 circumvolvit
2384 5181 2647 5254 ejusmodi
2672 5178 3015 5238 tenebriones
3039 5186 3098 5236 et
3118 5176 3409 5237 veneﬁcos.
3448 5178 3501 5233 Ι.
3520 5176 3569 5233 Δ

1983 5262 2299 5349 turpissimo
2326 5275 2608 5332 hominum
2634 5270 2941 5339 mendacio,
2965 5270 3060 5342 qui
3087 5270 3334 5328 tribuunt
3359 5267 3568 5327 homini

1981 5372 2127 5444 quod
2154 5369 2324 5426 solius
2345 5368 2441 5425 Dei
2463 5374 2567 5424 est.
2601 5365 2659 5421 2.
2680 5363 2727 5420 A
2747 5363 3013 5421 mendacii
3036 5370 3230 5419 natura
3249 5361 3567 5430 intrinseca,

1982 5480 2092 5537 quo
2137 5463 2214 5520 illi
2262 5461 2653 5518 innitebantur.
2706 5457 2762 5516 5.
2798 5457 2847 5514 Α
2884 5456 3210 5514 testimoniis
3244 5453 3561 5526 Scriptum.

1980 5555 2112 5614 Loci
2152 5554 2447 5625 Scriptura:
2486 5556 2669 5607 motus
2704 5556 3088 5623 tempestatum
3132 5548 3244 5604 Deo
3288 5546 3567 5612 tribuunt,

1982 5670 2095 5711 non
2119 5649 2279 5717 Mosi,
2306 5661 2419 5703 non
2444 5643 2704 5713 Samueli,
2733 5653 2866 5715 etc.,
2894 5659 3006 5701 non
3029 5641 3206 5699 Jamni
3232 5639 3570 5711 Mambrique
