4088 6344
501 307 574 364 23
1393 303 1452 358 S.
1493 297 1918 359 AGOBARDUS
1956 293 2338 354 EPISCOPUS
2374 296 2886 358 LUGDUNENSIS.
3709 297 3781 357 24

496 429 774 487 veneﬁcis.
814 428 959 500 Ergo
987 427 1125 483 falso
1155 427 1246 482 isti
1280 427 1586 484 attribuunt
1621 429 1836 483 vatibus
1878 435 2086 494 tempe-
2117 425 2164 482 A
2193 422 2565 497 Evangelium,
2589 442 2695 483 non
2727 428 2782 482 in
2811 442 3004 498 pompa
3033 425 3372 499 eloquentiae,
3407 427 3502 484 sed
3529 426 3586 483 in
3609 427 3782 482 virtu-

498 531 697 577 statum
724 530 920 575 motus.
947 519 1097 574 4.Ab
1118 519 1479 588 explicatione
1504 520 1744 590 ejusdem
1769 518 2086 588 Scripturte.

496 614 634 670 Nam
661 615 788 670 licet
812 613 955 669 Deus
983 612 1223 668 effundat
1251 614 1539 684 procellas,
1583 616 1695 670 sive
1723 628 1822 682 per
1847 613 2087 683 angelos,

495 707 610 761 sive
643 721 740 777 per
766 707 968 760 Mosem
1006 706 1372 775 Eliseumque,
1407 722 1512 762 non
1543 706 1788 775 sequitur
1813 720 1907 759 eos
1944 720 1975 759 a
2007 719 2086 770 se,

494 796 588 850 sed
616 811 714 866 per
739 795 1120 855 ministerium.
1153 796 1475 851 concitasse.
1514 794 1565 849 6.
1597 794 1680 849 Ab
1713 795 1993 850 harmonia
2029 801 2086 849 et

495 885 805 940 testimonio
829 886 994 940 totius
1018 886 1276 942 universi.
1311 885 1482 942 Omne
1504 885 1814 941 universum
1844 885 2088 958 agnoscit

492 989 770 1034 auctorem
809 987 866 1035 et
899 988 1165 1034 motorem
1197 979 1364 1034 Deum
1401 979 1601 1043 solum,
1635 995 1739 1034 non
1771 995 1901 1049 ergo
1932 993 2088 1034 crea-

490 1081 662 1127 turas.
702 1073 753 1125 7.
786 1071 843 1128 Si
872 1073 997 1128 boni
1026 1073 1282 1128 Israelitze
1309 1082 1600 1144 pctuerunt
1625 1072 1900 1128 evibrasse
1925 1087 2086 1143 gran-

491 1165 646 1219 dines
693 1179 859 1235 super
909 1165 1101 1230 malos,
1157 1164 1283 1218 mali
1329 1179 1543 1232 quoque
1588 1164 1887 1234 potuissent
1922 1178 2086 1232 super

489 1255 682 1322 bonos,
735 1256 877 1325 quod
925 1255 1101 1327 Reges
1131 1254 1422 1310 Chananazi
1459 1270 1736 1324 nunquam
1765 1251 2080 1307 eﬁ‘eccrunt.

489 1347 544 1404 8.
578 1345 636 1403 Si
682 1347 786 1402 hoc
821 1354 1045 1416 possent
1088 1346 1248 1409 ntali,
1292 1354 1516 1416 possent
1556 1345 1797 1401 infensos
1841 1359 2086 1414 quosque

489 1439 684 1496 subitis
731 1439 985 1508 procellis
1028 1441 1277 1494 obruere.
1327 1439 1380 1494 9.
1423 1439 1468 1492 A
1509 1447 1703 1492 natura
1747 1436 2081 1508 ﬂagellorum
2123 1504 2126 1508 _

487 1544 886 1602 corporumque
915 1529 1247 1592 carie-stium,
1291 1546 1521 1600 quorum
1558 1529 1836 1600 proprium
1874 1537 1958 1585 est
1986 1529 2084 1584 ob-

488 1629 798 1688 temperare
830 1637 934 1676 non
969 1620 1210 1684 homini,
1260 1621 1354 1676 sed
1390 1621 1599 1675 auctori
1635 1630 1862 1676 naturae.
1914 1619 2000 1674 {0.
2035 1618 2082 1673 A

488 1724 684 1768 natura
714 1713 975 1769 hominis.
1021 1713 1113 1782 qui
1153 1713 1364 1784 ignorat
1402 1723 1611 1768 secreta
1647 1715 1887 1769 (etheris.
1917 1713 2004 1768 ll.
2032 1712 2081 1768 Α

2196 526 2250 573 te
2277 515 2533 587 Spiritus.

2260 608 2340 664 Ad
2363 610 2450 666 lV.
2481 610 2745 678 Quartum
2770 610 3011 668 inﬁrmat
3035 613 3168 670 locis
3192 613 3488 685 Scriptum:
3511 621 3568 668 et
3608 608 3784 683 philo-

2189 703 2411 772 sophize.

2257 792 2340 847 Ad
2374 794 2438 849 V.
2473 793 2732 862 Quintum
2764 813 2796 852 a
2820 805 3010 853 natura
3041 797 3159 864 Dei,
3188 812 3311 868 quae
3337 797 3415 852 nil
3446 797 3611 854 habet
3635 795 3777 852 divi-

2188 899 2329 952 sum,
2356 887 2449 941 sed
2483 896 2653 942 totum
2685 897 2771 943 est
2795 889 2848 944 id
2875 889 3016 958 quod
3040 897 3144 944 est.

2256 977 2338 1032 Ad
2370 977 2454 1034 Vl.
2483 978 2761 1035 Christum
2799 996 2904 1035 non
2944 981 3110 1036 fuisse
3151 981 3520 1046 manifestum,
3557 979 3650 1035 sed
3682 979 3783 1034 sub

2186 1068 2426 1127 Levitiea
2483 1081 2691 1128 vestea
2745 1074 3074 1145 patriarcbis
3120 1076 3396 1146 cognitum
3448 1090 3547 1144 per
3595 1073 3778 1138 ﬁdem,

2189 1159 2488 1234 Scriptura,
2514 1162 2787 1230 Patribus,
2817 1165 3051 1230 ratione,
3073 1166 3142 1221 ab
3170 1167 3375 1222 unitate
3403 1165 3681 1232 Ecclesite,
3711 1165 3781 1220 ab

2183 1261 2307 1308 ortu
2335 1255 2548 1317 Adami,
2574 1271 2743 1325 usque
2768 1257 2837 1312 ad
2859 1255 3159 1312 Christum.

2257 1343 2412 1400 Unde
2461 1345 2662 1400 factum
2709 1355 2794 1402 est
2824 1357 2880 1401 ut
2907 1347 3155 1417 quamvis
3189 1357 3373 1404 essent
3427 1347 3642 1404 diversa
3693 1363 3783 1403 sa-

2185 1446 2482 1504 cramenta,
2518 1449 2698 1494 tamen
2726 1439 2915 1494 eadem
2941 1438 3104 1495 fuerit
3142 1448 3613 1495 sacramentorum
3651 1438 3780 1494 sub—

2185 1530 2407 1584 stantia.

2255 1621 2324 1676 Et
2360 1621 2487 1677 licet
2519 1623 2729 1678 dicatur
2771 1624 2940 1678 Vetus
2976 1630 3033 1678 et
3087 1621 3295 1678 Novum
3344 1621 3776 1688 Testamentum,

2185 1728 2292 1767 non
2323 1713 2375 1767 id
2403 1723 2688 1785 propterea
2718 1715 2859 1785 quod
2889 1714 2961 1770 sit
2987 1730 3159 1785 nuper
3189 1715 3490 1779 inventum,
3532 1714 3625 1768 sed
3655 1726 3777 1766 ma-

486 1804 718 1875 pendula
752 1803 1113 1859 veneﬁcorum
1144 1802 1267 1866 ﬁde,
1300 1804 1393 1874 qui
1427 1812 1714 1873 propterea
1745 1803 1821 1858 nil
1852 1811 2083 1858 exorant
2109 1798 2158 1856 B
2186 1803 2495 1858 nit'estatum
2522 1805 2670 1859 omni
2698 1805 2920 1868 mundo,
2951 1804 3096 1874 quod
3122 1804 3412 1860 delituerat
3439 1804 3541 1859 sub
3563 1803 3774 1858 cortice

488 1912 518 1950 a
550 1895 678 1952 Deo.
728 1896 793 1950 Et
825 1896 929 1950 alia
957 1896 1124 1950 multa
1163 1905 1397 1951 conatur
1425 1911 1456 1950 e
1486 1895 1651 1951 corde
1682 1896 1864 1967 pOpuli
1895 1895 2078 1952 delere

489 1986 768 2059 ﬁgmenta,
797 1987 1005 2056 jamdiu
1039 1987 1426 2042 consuetudine
1461 1987 1744 2058 impressa,
1779 1988 2080 2058 praesertim

487 2080 617 2135 illud
653 2081 795 2152 quod
832 2080 1320 2136 circumferebatur
1355 2082 1421 2135 de
1454 2080 1768 2136 Grimoaldo
1806 2081 2080 2138 Beneven-

487 2179 666 2226 torum
698 2173 832 2225 duce
857 2171 968 2240 (qui
993 2171 1327 2226 transmissis
1353 2188 1451 2242 per
1471 2173 1744 2241 pulverem
1771 2173 2079 2230 hominibus

487 2262 664 2317 eﬁ‘ecit
698 2270 758 2316 ut
792 2263 958 2316 boves
1005 2277 1192 2316 omnes
1239 2267 1636 2335 morerentur),
1684 2273 1746 2319 ut
1786 2267 2076 2336 genuinum

489 2353 763 2427 Evangelii
788 2356 1164 2411 characterem
1195 2357 1483 2428 insculpat.

895 2445 978 2500 Ad
1016 2444 1362 2517 Fr:degt'sum
1402 2449 1662 2506 abbatem.

554 2538 884 2611 Fredegisus
903 2539 1069 2594 abbas
1091 2540 1196 2596 ista
1218 2550 1413 2596 contra
1431 2541 1779 2614 Agobardum
1801 2545 2081 2601 asserebat

485 2629 757 2700 dogmata.
798 2647 803 2652 ·

555 2723 595 2778 l.
634 2722 907 2778 Christum
935 2739 1065 2779 vere
1095 2722 1262 2778 fuisse
1291 2724 1575 2789 humilem,
1605 2733 1660 2780 et
1685 2735 1952 2794 quatenus
1976 2727 2078 2782 hu-

484 2811 688 2872 milem.
719 2827 838 2867 sese
867 2811 1235 2866 errabundum
1269 2828 1551 2884 cognosse.

552 2903 858 2958 [Omnem
887 2901 1226 2974 Scripturam
1258 2919 1379 2958 cum
1407 2905 1659 2959 omnibus
1688 2905 2079 2974 interpretibus

483 2993 824 3057 canonicam,
843 3009 1016 3062 neque
1030 3009 1125 3049 cos
1139 3009 1376 3063 unquam
1393 3010 1607 3049 errasse
1623 2995 1674 3048 in
1700 2998 2074 3066 grammatica.

554 3085 638 3141 lll.
657 3084 917 3141 Sanctum
947 3084 1210 3155 Spiritum
1243 3087 1542 3156 inspirasse
1567 3087 1846 3157 prephetis
1869 3097 1924 3142 et
1950 3103 2078 3158 apo-

2187 1888 2440 1945 Levitiea:
2467 1892 2626 1947 nubis
2655 1891 2723 1947 ab
2751 1891 2960 1961 origine
2994 1891 3145 1962 legis.

2185 2000 2268 2054 Ad
2297 2000 2612 2058 Hilduinum
2640 2002 2852 2059 Walam
2879 2003 3186 2069 antistitem,
3209 2003 3274 2058 de
3302 2003 3557 2073 baptismo
3577 2005 3778 2058 manci-

2678 2074 2887 2144 piorum
2913 2074 3285 2128 Judaicorum.

2259 2197 2286 2226 ι
2310 2184 2501 2251 Judaei,
2526 2193 2641 2240 tum
2671 2186 2827 2250 dolis,
2853 2194 2966 2239 tum
2994 2186 3262 2254 pecuniis,
3287 2201 3317 2240 a
3347 2185 3559 2241 Cmsare
3592 2195 3776 2242 extor-

2186 2288 2372 2334 serant
2400 2279 2567 2334 multa
2593 2279 2712 2348 paci
2739 2278 2994 2333 Ecclesiae
3017 2278 3227 2333 inlensa
3255 2296 3269 2344 ;
3304 2279 3446 2333 inter
3471 2290 3682 2344 cetera,
3714 2287 3776 2335 ut

2185 2371 2365 2426 nullus
2383 2369 2689 2425 Judaeorum
2710 2385 2898 2424 servus
2920 2370 3124 2438 absque
3149 2369 3349 2440 placito
3375 2367 3544 2425 Judaei
3568 2370 3772 2425 domini

2183 2463 2575 2531 baptizaretur.
2593 2462 2722 2516 Inde
2745 2461 2878 2516 dirae
2901 2461 3153 2530 procell;e
3179 2461 3322 2516 inter
3341 2471 3624 2531 utramque
3644 2477 3775 2532 gen-

2185 2561 2317 2607 tem.
2340 2553 2658 2623 Aguhardus
2678 2567 2792 2606 rem
2817 2552 2919 2605 hac
2935 2551 3160 2621 epistola
3193 2551 3430 2622 depingit
3451 2553 3589 2621 apud
3618 2553 3774 2607 nobi-

2184 2643 2292 2698 lem
2319 2645 2576 2707 aulieum,
2601 2642 2922 2705 antistitem,
2952 2641 3152 2694 Caesari
3175 2640 3772 2708 gratissimum.Queri-

2187 2745 2276 2788 tur
2288 2736 2353 2788 de
2369 2735 2609 2789 novitate
2621 2733 2804 2788 edicti.
2823 2731 2936 2787 Non
2952 2732 3370 2802 permittendum
3389 2733 3474 2788 Itis
3485 2749 3773 2803 argumen-

2186 2824 2275 2879 tis.
2313 2825 2364 2877 1.
2389 2824 2616 2894 Propter
2653 2825 2992 2880 insolentiam
3024 2823 3352 2891 Judzeorum,
3388 2825 3478 2895 qui
3509 2825 3778 2895 quoslibet

2186 2931 2375 2973 servos
2395 2933 2423 2971 a
2449 2916 2663 2970 lavacro
2684 2917 3083 2972 absterrcbunt.
3101 2916 3156 2969 ‘2.
3175 2916 3402 2986 Propter
3426 2915 3518 2971 Dei
3537 2917 3772 2987 jussum,

2184 3007 2420 3078 quivult
2451 3022 2639 3062 omnes
2667 3008 2867 3073 salvos,
2910 3009 3017 3062 imo
3055 3008 3346 3078 mancipia,
3392 3008 3585 3077 quibus
3624 3025 3774 3064 com-

2186 3113 2346 3151 mune
2375 3106 2460 3152 est
2479 3113 2600 3152 cum
2624 3099 2875 3152 omnibus
2902 3108 3107 3154 natura:
3146 3107 3203 3152 et
3221 3099 3444 3170 originis
3481 3100 3775 3166 vinculum,

481 3177 637 3233 stolis
675 3185 786 3230 tum
823 3185 1118 3246 conceptus
1154 3176 1420 3240 internos,
1453 3184 1508 3231 et
1544 3177 1885 3231 extrinsecus
1925 3192 2085 3233 voces
2115 3169 2160 3236 C
2190 3198 2245 3244 et
2285 3189 2532 3259 quamvis
2571 3205 2796 3260 corpore
2823 3190 3023 3244 mundo
3053 3169 3322 3253 serviant,
3343 3189 3458 3243 vult
3503 3190 3648 3261 ipsos
3674 3190 3777 3246 sibi

479 3271 629 3341 ipsas
654 3269 708 3323 in
739 3284 834 3324 ore
864 3267 1148 3332 formasse,
1170 3276 1230 3321 ut
1252 3267 1419 3322 asina:
1448 3267 1703 3321 Balaami.

551 3361 868 3420 lV.A|icubi
899 3371 1048 3418 certo
1092 3363 1211 3418 loco
1256 3363 1468 3417 animas
1508 3378 1628 3418 esse
1664 3372 1897 3431 creatas,
1934 3364 2086 3421 inde-

482 3471 587 3527 que
613 3457 680 3511 ad
708 3471 934 3526 corpora
963 3456 1290 3524 demigrare.

551 3551 617 3608 V.
635 3549 792 3605 Aliud
817 3565 938 3606 esse
959 3551 1149 3616 Deum,
1172 3549 1315 3605 aliud
1349 3550 1670 3606 Veritatem.

554 3644 641 3700 Vl.
669 3643 870 3700 Omnes
907 3646 1160 3714 antiquos
1199 3643 1544 3714 patriarchas
1585 3660 1686 3698 non
1726 3643 1892 3700 fuisse
1923 3643 2084 3700 Chri-

481 3737 726 3802 stianos;
759 3752 859 3793 nec
897 3736 1171 3792 Christum
1209 3735 1376 3791 fuisse
1407 3735 1460 3790 in
1493 3736 1679 3790 Veteri
1710 3737 2078 3793 Testamento.

553 3829 954 3901 Responsiones
980 3829 1252 3900 Agobardi
1277 3830 1360 3882 hae
1388 3837 1537 3883 sunt.

551 3922 633 3978 Ad
661 3921 702 3975 l.
733 3920 1006 3978 Christum
1035 3921 1234 3975 habere
1257 3919 1474 3990 quidem
1506 3926 1756 3974 naturam
1793 3935 2080 3989 corporum

484 4023 821 4079 nostrorum,
850 4030 955 4068 non
998 4012 1287 4083 originem,
1313 4018 1369 4064 et
1398 4009 1524 4064 inde
1573 4009 1770 4065 habere
1807 4011 2080 4079 impecca-

480 4107 780 4170 bilitatem;
815 4104 888 4159 ita
933 4111 993 4156 ut
1015 4103 1143 4157 licet
1180 4117 1301 4156 sese
1353 4101 1612 4156 humilem
1663 4103 1976 4166 reddiderit,
2021 4103 2074 4158 id

482 4199 833 4255 inclinatione
862 4196 1248 4260 miserationis,
1273 4211 1379 4250 non
1408 4196 1762 4251 evacuatione
1790 4197 2082 4266 potestatis

482 4289 695 4356 fecerit,
726 4287 992 4344 abolendo
1021 4294 1241 4357 peccata
1267 4285 1462 4351 aliena,
1491 4301 1597 4340 non
1624 4286 1930 4342 conﬁtendo
1954 4302 2081 4358 pro-

484 4386 624 4455 pria.

554 4477 634 4532 Ad
663 4474 727 4530 ll.
757 4472 1149 4530 Auctoritatem
1179 4471 1475 4541 Scriptura:
1497 4471 1926 4536 indubitabilem,
1960 4469 2078 4539 ejus

485 4585 678 4642 nempe
717 4583 838 4640 qua:
877 4565 1139 4623 canonica
1195 4573 1298 4620 est.
1345 4564 1424 4618 Ex
1472 4565 1879 4634 interpretibus.
1926 4581 2073 4619 Lxxn

482 4665 742 4736 primum,
772 4662 894 4719 dein
929 4659 1335 4730 Hieronymum.
1370 4657 1592 4724 Aliquos
1621 4656 1986 4726 explodendos
2012 4656 2079 4711 de

483 4755 720 4811 Iudaeis:
754 4751 1030 4822 Aquilam,
1061 4751 1420 4816 Theodotion,
1469 4749 1875 4820 Symmachum,
1916 4747 2079 4819 Didy-

485 4861 653 4901 mum.
681 4841 1118 4914 Expositoresita
1135 4841 1402 4911 legantur,
1425 4851 1484 4895 ut
1499 4848 1738 4911 prmeant
1759 4839 2076 4910 Scriptura),

484 4955 589 4993 non
610 4953 728 4992 cum
744 4934 1027 5006 judicandi
1047 4933 1310 4998 libertate,
1328 4933 1420 4988 sed
1441 4951 1557 4988 cum
1581 4933 1829 5007 credendi
1852 4934 2080 4987 necessi-

484 5041 614 5094 tate,
642 5028 980 5099 expositores
1007 5041 1150 5091 vero,
1180 5043 1284 5080 non
1311 5043 1434 5082 cum
1459 5025 1710 5082 credendi
1733 5025 2078 5094 necessitate,

485 5123 579 5176 sed
610 5134 732 5176 cum
753 5117 1028 5185 judicandi
1060 5117 1328 5172 libertate.
1368 5117 1518 5187 ipsos
1555 5131 1770 5172 errasse
1811 5117 1865 5170 in
1904 5132 2084 5187 gram-

487 5212 708 5274 matica,
740 5226 848 5265 non
878 5208 1104 5272 malitia,
1131 5224 1231 5263 nec
1261 5209 1552 5278 imperitia,
1577 5207 1670 5262 sed
1702 5206 1913 5262 ratione
1954 5223 2084 5263 con-

486 5305 874 5362 descensionis.

557 5399 640 5453 Ad
679 5395 762 5452 Ill.
813 5396 1071 5466 Exemplo
1116 5395 1278 5450 Mosis
1319 5405 1376 5449 et
1410 5393 1614 5456 Aaron,
1650 5408 1883 5462 quorum
1947 5391 2087 5446 alter

489 5494 744 5565 propheta
786 5508 973 5547 vocem
1021 5477 1209 5546 habuit
1260 5489 1652 5557 impeditiorem
1695 5501 1856 5556 quam
1901 5485 2083 5538 Aaron

489 5589 580 5658 qui
605 5603 709 5642 non
736 5596 854 5641 erat
892 5581 1571 5656 pl‘OpllCltl:{IpOSlOlOl'lllll
1611 5579 1702 5650 qui
1742 5577 2085 5648 promulgant

2184 3280 2478 3337 obstrictos
2544 3281 2705 3336 latria
2748 3282 2945 3336 mentis
2989 3291 3179 3337 contra
3222 3297 3437 3337 omnem
3490 3291 3776 3352 cogentem

2183 3373 2515 3428 violentiam.
2544 3372 2597 3426 ὃ.
2627 3372 2762 3440 Quia
2792 3372 3042 3428 Christus
3066 3383 3150 3428 est
3183 3374 3364 3428 omnia
3405 3374 3459 3428 in
3501 3373 3772 3440 omnibus,

2183 3477 2238 3522 et
2265 3483 2362 3537 per
2387 3468 2711 3538 baptismum
2734 3467 2802 3522 ab
2827 3467 2972 3522 omni
2997 3468 3272 3522 servitutis
3287 3465 3418 3538 jugo
3448 3468 3768 3524 liberantur.

2182 3559 2234 3613 4.
2268 3558 2429 3614 Locis
2483 3559 2779 3630 Scriptura:
2833 3558 3279 3627 expressissimis.
3335 3558 3574 3613 Tandem
3621 3568 3779 3628 rogat

2182 3666 2304 3705 eum
2342 3659 2402 3704 ut
2441 3650 2640 3706 elliciat
2675 3650 2816 3720 apud
2855 3650 3260 3718 imperatorem,
3295 3658 3390 3703 aut
3430 3658 3491 3704 ut
3532 3650 3774 3705 edictum

2183 3743 2528 3814 infringatur,
2553 3752 2645 3797 aut
2665 3744 2854 3798 saltem
2882 3744 2998 3802 sine
3027 3743 3285 3799 violentia
3314 3743 3566 3799 veniendi
3597 3741 3666 3800 ad
3709 3742 3774 3798 ﬁ—

2182 3835 2305 3891 dem
2337 3835 2560 3890 libertas
2587 3836 2761 3890 servis
2786 3836 3133 3890 concedatur.

2671 3949 2750 4005 De
2779 3950 3023 4006 illusione
3047 3951 3334 4022 signorum.

2264 4062 2683 4135 ingravescebat
2717 4064 2964 4134 quaedam
3015 4063 3274 4136 ἐπιληψίαι,
3317 4064 3392 4119 ita
3431 4072 3492 4119 ut
3523 4064 3775 4121 homines

2182 4161 2336 4230 quasi
2361 4158 2673 4214 dzemoniaci
2696 4159 2968 4215 caderent.
2997 4156 3109 4213 lmo
3141 4158 3355 4212 exustio
3397 4157 3639 4227 quaedam
3673 4173 3776 4228 pu-

2183 4248 2421 4302 stulacea
2449 4256 2504 4302 et
2533 4247 2785 4318 stigmata
2813 4247 2865 4300 in
2895 4246 3214 4316 corporibus
3239 4248 3593 4316 apparebant.
3619 4247 3773 4304 Unde

2182 4339 2346 4394 ﬁebat
2367 4349 2426 4393 ut
2447 4337 2596 4408 plebs
2617 4337 2805 4392 territa
2827 4335 3088 4405 ejusmodi
3111 4336 3305 4408 plagis,
3328 4351 3480 4391 more
3502 4337 3773 4407 gentilitio

2182 4433 2236 4486 in
2265 4431 2705 4501 propitiationem
2747 4428 3008 4497 ejusmodi
3055 4423 3296 4485 ulcerum
3328 4427 3603 4485 oﬁ'errent.
3644 4428 3778 4484 Bar-

2108 4533 2159 4594 D
2185 4525 2501 4580 tholomaeus
2536 4523 2654 4595 ejus
2691 4523 2785 4578 ira:
2825 4521 3039 4578 caelitus
3075 4521 3323 4577 demissae
3361 4536 3581 4576 causam
3617 4521 3796 4590 petit.-

2181 4615 2498 4686 Agobardus
2520 4612 2811 4682 respondet
2834 4612 2952 4666 hzec
2977 4610 3096 4665 ﬁeri
3127 4609 3238 4665 Deo
3256 4609 3493 4674 volente,
3509 4617 3566 4663 et
3584 4609 3779 4680 angelo

2182 4706 2544 4765 ministrante.
2591 4702 2900 4759 erudient'is
2937 4701 3203 4769 ﬁdelibus,
3235 4701 3650 4771 cruciandisque
3682 4715 3772 4757 re-

2180 4796 2364 4866 probis
2383 4838 2396 4861 ,
2423 4807 2482 4849 ut
2495 4793 2624 4850 olim
2640 4809 2736 4864 per
2749 4793 2963 4848 vesicas
2980 4801 3262 4864 turgentes
3277 4801 3333 4849 et
3346 4793 3777 4850 btemorrhoides

2183 4887 2466 4959 Egyptios
2510 4895 2565 4941 et
2611 4885 2950 4941 Philisthaeos
2986 4885 3624 4956 proﬂigavitzmultaque
3669 4884 3776 4942 alia

2183 4979 2418 5050 subjicit,
2449 4995 2570 5049 quae
2595 4979 2707 5034 otio
2729 4978 2948 5034 lectoris
2973 4977 3343 5048 relinquimus.

2773 5091 2856 5145 Ad
2887 5090 3230 5161 Matfredum.

2258 5204 2493 5275 Epistola
2542 5207 2659 5261 hac
2698 5206 2772 5262 nil
2802 5205 2948 5260 aliud
2973 5205 3212 5276 depingit
3234 5221 3397 5276 quam
3423 5204 3670 5259 miserias
3693 5204 3780 5260 sui

2107 5302 2109 5305 ’
2187 5296 2371 5352 smculi
2400 5313 2429 5350 a
2458 5295 2658 5352 Judmis
2687 5306 3005 5362 commotas,
3028 5297 3118 5367 qui
3142 5297 3378 5352 funditus
3408 5296 3777 5367 integritatem

2188 5407 2401 5447 morum
2431 5400 2485 5446 et
2514 5391 2786 5462 religionis
2819 5399 2874 5444 et
2903 5391 3194 5445 harmonize
3235 5389 3460 5459 publicae
3499 5385 3781 5442 convulsa-

2188 5494 2352 5548 rant;
2395 5493 2451 5538 et
2489 5492 2643 5553 rogat
2681 5492 2740 5536 ut
2771 5483 2863 5554 qui
2895 5481 3033 5552 apud
3075 5482 3456 5552 imperatorem
3482 5477 3777 5550 plurimum

2189 5583 2391 5646 posset,
2417 5575 2680 5645 ejusmodi
2712 5575 2885 5629 turnis
2915 5574 3243 5628 mederetur.

563 5739 587 5766 ι
614 5724 899 5779 llilduinus
926 5722 1093 5778 abbas
1125 5714 1438 5772 monasterii
1480 5714 1537 5769 S.
1582 5712 1824 5785 Dionysii
1866 5710 2009 5782 apud
2047 5709 2341 5779 Parisium,
2384 5717 2630 5786 sacrique
2699 5714 2885 5785 palatii
2949 5709 3310 5780 archicapel.;
3353 5704 3588 5764 Conrad.
3643 5703 3770 5762 abl).

495 5797 820 5869 Uspet'gens.
