4088 6344
305 268 372 326 25
1695 267 2228 328 PROLEGOMENA.
3497 253 3570 340 es

303 398 384 450 Ad
423 393 622 449 clerum
661 385 1083 471 Lugdunensem.
1120 392 1185 471 _de
1222 393 1376 448 modo
1419 364 1686 463 regimini:
1725 388 1886 446 eccle-
1917 395 1958 449 A
1989 389 2361 464 Congregatur
2385 390 2750 463 Francofurti,
2782 393 2875 452 ubi
2915 396 3096 454 Nicaea
3117 401 3320 471 apertis
3352 410 3571 461 senten-

935 463 1150 520 siastici.

369 579 587 636 Exortzc
609 581 752 636 inter
777 581 1002 636 clericos
1037 580 1368 652 Lugdunzeos
1402 581 1532 635 rixre
1558 581 1623 636 de
1659 579 1887 634 admini-

296 673 522 728 stranda
553 672 818 738 Ecclesia,
847 686 1065 728 movent
1099 672 1442 744 Agobardum
1495 673 1560 727 de
1601 672 1887 726 scribendo

298 764 403 819 hoc
444 763 704 820 themate.
748 765 816 819 Et
855 766 1088 836 primum
1121 766 1188 818 ab
1221 766 1429 821 unitate
1456 765 1734 830 Ecclesiae,
1771 773 1884 819 tum

295 857 690 924 membrorum,
723 868 836 913 tum
865 859 1077 928 capitis,
1111 859 1362 914 hortatur
1389 858 1628 929 singulos
1650 858 1716 912 ad
1742 859 1882 913 invi-

292 971 412 1010 cem
438 956 728 1010 ineundam
759 971 970 1025 pacem.
993 953 1122 1024 Ejus
1151 955 1266 1009 haec
1291 962 1416 1009 sunt
1439 954 1728 1008 axiomata.

363 1049 404 1104 l.
451 1049 636 1106 Unicae
665 1067 876 1121 sponsae
906 1053 1122 1107 unicum
1155 1067 1275 1106 esse
1303 1066 1557 1120 sponsum
1591 1066 1604 1104 :
1631 1051 1722 1120 qui
1757 1065 1881 1105 cum

291 1141 364 1194 sit
391 1141 759 1196 essentialiter
783 1143 1004 1207 veritas,
1025 1157 1151 1213 pax,
1167 1142 1400 1211 iustitia,
1420 1151 1643 1196 etomne
1658 1143 1879 1207 bonum,

294 1229 456 1286 debet
494 1242 716 1302 propter
737 1248 818 1298 se,
851 1249 956 1288 non
979 1241 1200 1304 propter
1229 1234 1396 1299 aliud,
1427 1234 1598 1303 diligi.

363 1321 431 1376 Il.
473 1321 640 1394 Cujus
661 1324 918 1380 Ecclesia:
951 1325 1190 1379 membra
1221 1339 1326 1378 nou
1354 1333 1481 1379 sunt
1505 1325 1578 1378 illi
1606 1325 1696 1393 qui
1725 1323 1882 1378 vicis-

294 1416 398 1471 sim
423 1417 709 1481 dissident,
743 1419 835 1473 sed
858 1419 950 1487 qui
975 1425 1162 1472 mutuo
1182 1416 1532 1482 conveniunt,
1557 1425 1612 1471 et
1646 1417 1701 1471 in
1732 1431 1882 1472 amo-

295 1523 410 1563 rem
435 1509 748 1580 cultumque
770 1511 938 1580 ipsius
959 1509 1248 1564 aediﬁcant.

365 1597 452 1652 Ill.
496 1597 647 1655 Unde
687 1599 745 1653 ﬁt
776 1607 834 1652 ut
862 1615 925 1654 ex
969 1599 1060 1654 illo
1097 1608 1281 1654 mutuo
1325 1601 1526 1655 amoris
1573 1608 1629 1655 et
1679 1600 1879 1655 vinculi

291 1704 460 1754 nexu,
507 1688 753 1746 Christus
806 1700 861 1746 et
889 1691 1128 1746 Ecclesia
1181 1701 1442 1747 vocentur
1494 1708 1663 1764 agnus
1717 1709 1874 1758 unus,

286 1797 487 1852 sponsa
515 1799 642 1836 una.

357 1873 449 1927 lV.
490 1873 640 1928 Adde
675 1873 818 1944 quod
845 1889 911 1929 ex
938 1873 1029 1929 illo
1058 1873 1274 1929 interno
1302 1883 1358 1929 et
1381 1882 1586 1930 aeterno
1612 1875 1881 1931 connubio

284 1968 410 2040 agni
452 1977 508 2023 et
535 1983 686 2038 agnae
715 1977 1043 2038 generentur
1068 1969 1187 2038 agni
1227 1977 1282 2022 ct
1304 1984 1465 2034 oves;
1512 1968 1604 2038 qui
1643 1968 1883 2022 etliciunt

283 2061 507 2114 unicum
536 2101 551 2124 ,
592 2060 1008 2130 inseparabilem
1033 2102 1049 2126 ,
1096 2072 1150 2114 et
1196 2070 1400 2117 aeterno
1453 2061 1880 2142 indissolubilem

280 2153 502 2208 vinculo
529 2169 752 2222 agnum,
795 2153 848 2208 id
875 2164 977 2220 est,
1004 2154 1324 2210 Ecclesiam.

349 2246 419 2301 V.
461 2247 542 2301 Ex
567 2247 652 2300 illa
669 2248 1016 2316 generatione
1037 2247 1096 2301 ﬁt
1123 2256 1180 2302 ut
1197 2264 1316 2318 quae
1337 2265 1534 2319 sponsa
1557 2249 1762 2306 Christi
1785 2267 1880 2306 vo-

279 2347 459 2406 catur,
475 2339 678 2396 Christi
693 2350 915 2396 vocetur
929 2340 1068 2406 ﬁlia;
1087 2342 1212 2411 quia
1231 2357 1366 2411 quos
1379 2343 1539 2397 simul
1559 2352 1611 2397 et
1627 2343 1793 2399 semel
1809 2344 1878 2399 ab

278 2443 484 2489 sterno
501 2449 600 2504 pro
625 2449 822 2503 sponsa
840 2434 1013 2498 duxit,
1032 2436 1250 2490 eosdem
1272 2435 1581 2506 singulatim
1598 2445 1653 2490 et
1673 2438 1726 2490 in
1747 2445 1881 2492 tem-

277 2540 410 2595 pore
436 2542 537 2596 per
572 2527 808 2582 Verbum
859 2535 1101 2598 generat.
1153 2529 1391 2583 Vocatur
1439 2529 1610 2584 frater
1659 2539 1880 2600 propter

277 2631 566 2673 commune
595 2626 809 2673 natura:
837 2626 890 2672 et
916 2619 1096 2674 carnis
1123 2621 1454 2674 consortium
1480 2637 1603 2676 cum
1632 2623 1872 2677 homine.

353 2709 540 2772 Vinea,
594 2718 820 2779 propter
884 2711 1285 2766 multitudinem
1337 2710 1591 2766 ﬁliorum.
1652 2713 1872 2778 Hortus,

277 2810 501 2872 prapter
549 2801 872 2855 varietatem
919 2809 974 2856 et
1020 2810 1380 2857 venustatem.
1432 2802 1606 2867 Fons,
1656 2812 1877 2873 propter

276 2893 666 2947 cxuherantem
691 2893 928 2961 undique
949 2892 1288 2964 lympharum
1313 2893 1614 2949 caelestium
1639 2895 1870 2963 copiam.

277 2984 424 3040 Fons
449 2985 716 3056 signatus,
745 2995 967 3054 propter
995 2987 1309 3041 admiranda
1355 2995 1409 3041 et
1433 2986 1643 3042 occulta
1673 2999 1875 3060 myste-

277 3075 380 3130 ria.
427 3074 652 3146 Regina,
683 3085 904 3146 propter
951 3076 1235 3146 imperium
1267 3076 1321 3130 in
1367 3075 1728 3148 Synagogatn,
1762 3079 1873 3133 dae-

258 3171 470 3222 mones
494 3176 776 3236 sectasque
798 3168 1100 3222 universas.
1126 3168 1355 3230 Ancilla,
1378 3178 1599 3238 propter
1617 3169 1873 3226 obedien-

274 3258 432 3313 tiam.
489 3257 678 3321 Ma'er,
727 3267 952 3329 propter
984 3259 1386 3330 generationem
1430 3260 1684 3314 ﬁliorum.
1743 3261 1873 3328 Quae

276 3347 576 3403 diversitas
605 3348 898 3412 nominum,
932 3348 1065 3403 nihil
1096 3350 1356 3414 divisum,
1390 3351 1484 3405 sed
1515 3366 1680 3406 unum
1706 3367 1870 3423 spon-

276 3452 400 3492 sum
435 3453 798 3508 sponsamque
824 3454 987 3494 unam
1025 3439 1212 3494 efﬁcit.

343 3527 453 3583 Ista
477 3530 656 3585 unitas
680 3529 904 3586 affectus
927 3532 1086 3587 debet
1115 3548 1342 3590 avocare
1369 3534 1442 3590 ab
1466 3537 1613 3591 omni
1645 3538 1872 3595 dissidio

275 3619 503 3684 clerum,
538 3631 598 3678 ut
625 3632 768 3678 stato
803 3625 1011 3678 muneri
1041 3635 1238 3682 navet:
1274 3629 1418 3699 quod
1447 3639 1531 3684 est
1566 3644 1688 3686 esse
1713 3631 1870 3702 adju-

275 3721 360 3768 tor
388 3713 507 3778 Dei,
551 3730 657 3769 non
681 3714 1026 3771 Antichristi.

344 3806 550 3860 Eorum
580 3807 674 3877 qui
701 3808 1003 3864 dissolvunt
1040 3810 1324 3876 unitatem,
1355 3813 1683 3884 multiplices
1720 3826 1866 3873 sunt.

275 3895 560 3967 Corrupti,
613 3901 703 3969 qui
747 3909 936 3969 aperto
984 3902 1240 3958 seandalo
1303 3903 1564 3960 unitatem
1615 3907 1870 3963 Ecclesia:

272 3993 621 4047 conturbant.
678 3991 1005 4065 Hypocritze,
1055 3997 1304 4052 simulata
1324 3996 1557 4066 iustitia.
1602 3999 1864 4063 Adulteri,

269 4092 456 4152 aperte
473 4093 529 4139 et
543 4084 794 4140 simulate
809 4086 1088 4142 veritatem
1109 4090 1527 4156 corrumpendo.
1555 4090 1861 4155 Ambitiosi,

271 4172 498 4230 honoris
515 4190 700 4231 causa.
729 4175 1258 4242 Mercenarii,lucclli
1287 4179 1589 4237 dulcedine.
1614 4183 1863 4247 Φίλαυτοι,

270 4267 434 4320 corda
465 4281 572 4321 non
601 4267 655 4321 in
687 4268 893 4336 sponsi,
921 4268 1015 4322 sed
1061 4270 1114 4323 in
1160 4270 1242 4324 sui
1271 4285 1512 4326 amorem
1543 4271 1866 4342 laudemque

269 4359 574 4424 alliciendo,
617 4361 881 4416 unitatem
913 4362 1168 4418 Ecclesiae
1196 4363 1537 4420 abscindunt.
1585 4365 1658 4420 At
1702 4381 1866 4423 verus

266 4463 477 4525 pastor,
528 4468 779 4524 veraeque
835 4455 983 4525 pacis
1025 4463 1233 4516 custos.
1277 4457 1462 4527 abjieit
1497 4474 1526 4512 a
1559 4459 1863 4513 ministerio
1891 4489 1940 4548 Β

266 4542 532 4611 eju~modi
564 4553 836 4615 portenta,
871 4546 1114 4617 invigilat
1138 4548 1310 4618 gregi,
1338 4549 1455 4602 sine
1478 4550 1712 4620 ignavia,
1745 4552 1863 4606 sine

267 4635 519 4706 imperio,
552 4637 670 4691 sine
704 4637 1072 4702 simulatione,
1105 4640 1222 4694 sine
1273 4641 1550 4706 seandalo,
1582 4643 1864 4713 paseitque

265 4741 385 4781 eum
414 4731 713 4784 secundum
737 4746 928 4785 omnes
953 4730 1216 4786 formulas
1242 4733 1341 4788 sibi
1367 4749 1397 4788 a
1421 4733 1632 4789 Caesare
1654 4736 1862 4791 coaleszi

264 4822 630 4892 prtescriptas.
665 4822 736 4880 Ut
761 4824 870 4879 sint
917 4823 1074 4890 tales,
1107 4825 1356 4881 hortatur
1379 4843 1569 4884 omnes
1595 4839 1859 4899 pastores,

263 4917 636 4986 presbyteros,
681 4916 928 4982 ahhates,
980 4918 1024 4973 si
1057 4918 1223 4974 velint
1276 4936 1396 4975 esse
1444 4923 1685 4977 membra
1718 4924 1862 4978 unici

264 5007 479 5077 capitis,
519 5016 578 5063 et
617 5008 1003 5066 administrare
1033 5010 1332 5067 Eeelesiam
1359 5013 1657 5069 secundum
1711 5030 1864 5071 man-

264 5095 386 5151 data
414 5097 620 5152 divina.

833 5193 913 5248 De
953 5195 1291 5266 imaginibus.

330 5286 628 5358 Assumpto
655 5289 910 5362 Decalogi
948 5293 1189 5346 secundo
1220 5292 1497 5360 mandato,
1535 5301 1734 5350 tractat
1773 5295 1864 5352 hic

261 5390 325 5431 ex
350 5377 597 5448 professo
617 5380 939 5452 Agobardus
967 5383 1034 5437 de
1061 5383 1206 5438 cultu
1241 5385 1554 5455 imaginum.
1589 5384 1861 5456 Stupenda

263 5484 358 5523 suo
404 5471 604 5526 saeculo
653 5475 949 5545 imaginum
979 5486 1098 5531 erat
1128 5479 1464 5548 superstitio,
1492 5488 1543 5532 et
1570 5479 1716 5534 circa
1743 5480 1860 5534 cul-

267 5570 375 5616 tum
420 5565 841 5622 simulacrorum
888 5570 1154 5625 horrenda
1195 5573 1436 5626 dissidia.
1472 5573 1650 5626 Prima
1682 5573 1860 5628 Niczea

263 5658 593 5728 praescripsit
623 5661 952 5726 adorandas,
988 5665 1224 5718 secunda
1257 5667 1566 5720 conﬁrmat.
1601 5665 1861 5722 Oriuntur

266 5748 393 5806 rixae
422 5759 537 5810 toto
564 5733 810 5825 oriente,
843 5772 965 5828 quae
1015 5773 1136 5816 sese
1181 5760 1487 5819 diﬁ‘unduut
1521 5763 1575 5818 in
1603 5762 1855 5820 Galliam.

1991 485 2082 538 tiis
2105 484 2412 542 damnatur.

2058 576 2100 632 l.
2144 578 2294 634 Unus
2321 579 2461 636 Deus
2486 582 2791 639 adorandus
2825 585 2942 642 sine
2968 585 3220 660 imagine,
3247 598 3352 646 etc.

2058 668 2118 722 ll.
2148 669 2360 726 Nullum
2393 674 2698 744 exemplum
2727 675 2926 734 alicubi
2951 680 3080 735 totis
3106 684 3445 741 testamentis
3465 685 3568 742 Pa-

1987 764 2264 835 tribnsque
2289 769 2577 825 adoranda:
2601 771 2870 842 imaginis.

2057 857 2141 912 lll.
2183 859 2315 913 Esse
2363 861 2559 918 debere
2603 875 2942 935 ornamento,
2993 867 3324 929 delectandis
3367 873 3563 942 oculis,

1985 965 2092 1005 non
2124 951 2451 1008 instruendis
2478 956 2710 1024 populis,
2743 968 2848 1013 etc.

2055 1043 2146 1098 Illa
2176 1053 2336 1100 aetate
2361 1047 2549 1103 scribit
2589 1047 2840 1107 Claudius
2869 1053 3219 1113 Taurinensis
3257 1057 3324 1113 de
3372 1058 3566 1114 adora-

1985 1136 2131 1192 tiouc
2168 1137 2482 1209 imaginum.
2513 1139 2712 1197 Contra
2741 1144 2912 1213 ipsum
2947 1145 3110 1204 Jonas
3134 1148 3562 1206 Aurelianensis.

1983 1229 2235 1301 Plerique
2283 1232 2615 1290 concurrunt
2667 1237 2720 1290 in
2769 1239 2956 1294 eadem
3007 1243 3231 1297 materia
3288 1243 3560 1313 agitanda.

1985 1323 2157 1393 Reges
2191 1325 2311 1394 ipsi.
2357 1326 2673 1397 Agobardus
2696 1333 3066 1402 apertissime;
3100 1333 3254 1404 cujus
3281 1337 3397 1391 haec
3422 1351 3564 1406 prae-

1983 1414 2140 1484 cipua
2170 1426 2293 1472 sunt
2329 1419 2505 1488 capita
2549 1435 2580 1475 e
2609 1421 2672 1475 D.
2717 1422 3018 1494 Augustino
3045 1427 3362 1498 exterisque
3390 1427 3564 1484 Patri-

1981 1508 2100 1563 bus.

2051 1600 2090 1654 Ι.
2134 1601 2285 1656 Nulla
2317 1611 2400 1659 est
2420 1604 2521 1658 alia
2550 1605 2643 1661 Dei
2675 1608 2850 1677 imago
2873 1623 3034 1678 quam
3061 1610 3165 1667 hoc
3183 1613 3325 1681 quod
3347 1619 3430 1668 est
3452 1612 3566 1682 ipse

1982 1703 2036 1750 et
2069 1695 2362 1750 secundum
2394 1699 2537 1768 quod
2581 1709 2666 1755 est
2717 1701 2849 1770 ipse,
2883 1719 2986 1757 non
3037 1713 3213 1774 potest
3246 1706 3416 1776 pingi,
3445 1706 3566 1761 ideo

1906 1770 1952 1828 Β
1983 1803 2154 1856 neque
2184 1788 2396 1842 adorari
2432 1790 2486 1845 in
2516 1791 2768 1860 imagine,
2797 1795 2898 1848 nisi
2927 1795 2979 1848 in
3011 1795 3100 1849 illa
3127 1811 3289 1865 quam
3313 1797 3427 1868 ipse
3467 1811 3566 1851 uo—

1980 1876 2064 1931 bis
2099 1879 2452 1948 prrescripsit,
2496 1898 2687 1951 nempe
2709 1882 2944 1940 Christo.

2051 1967 2112 2020 ll.
2157 1967 2364 2038 Duplici
2389 1972 2604 2040 quidem
2636 1975 2968 2041 adoratione,
2991 1985 3216 2034 externa
3246 1987 3302 2034 et
3325 1979 3561 2037 interna.

1980 2057 2219 2128 Utraque
2263 2070 2486 2116 vocatur
2511 2063 2728 2136 religio;
2763 2082 2868 2136 qua
2899 2067 3109 2123 interne
3137 2078 3192 2125 et
3218 2079 3440 2125 exterae
3463 2073 3564 2128 ob-

1979 2151 2297 2220 stringimur
2324 2162 2583 2208 :cteruum
2609 2165 2664 2210 et
2693 2157 2792 2211 soli
2821 2157 2964 2223 Deo;
3003 2161 3069 2216 ad
3105 2175 3267 2230 quam
3293 2163 3567 2232 pertinent

1978 2239 2198 2307 δουλεία,
2222 2245 2444 2320 λατρεία,
2479 2248 2767 2318 exterique
2805 2249 3006 2317 cultus,
3033 2262 3301 2322 quatenus
3321 2261 3448 2308 sunt
3469 2268 3566 2309 no-

1978 2337 2125 2392 mina
2160 2338 2456 2410 religionis.

2047 2428 2132 2482 ill.
2149 2429 2249 2485 [ibi
2280 2446 2406 2486 vero
2428 2434 2786 2489 suntuomina
2809 2434 2975 2490 ofﬁcii
2997 2444 3051 2491 et
3072 2437 3350 2494 servitutis
3380 2439 3567 2494 humac

1978 2537 2080 2583 me,
2104 2520 2304 2576 δουλεία
2332 2531 2510 2591 potest
2531 2513 2724 2578 diei’de
2747 2526 2918 2580 servis
2943 2535 2997 2581 et
3016 2528 3278 2594 subditis;
3309 2531 3562 2594 niai‘fua,

1976 2612 2043 2666 de
2067 2614 2336 2667 omnibus.
2373 2613 2556 2668 Honor
2593 2617 2658 2669 de
2699 2617 2901 2671 sanctis
2923 2626 2979 2671 et
3006 2619 3352 2688 martyribus.
3381 2619 3565 2675 Pietas

1977 2704 2044 2759 de
2071 2707 2402 2774 parentibus.
2430 2707 2502 2760 At
2541 2707 2653 2762 sola
2691 2707 2881 2778 religio
2910 2709 2975 2764 de
2996 2708 3126 2774 Deo,
3163 2710 3290 2779 quia
3313 2709 3412 2764 soli
3447 2725 3566 2765 om-

1976 2795 2105 2852 nino
2139 2796 2246 2849 Deo
2282 2797 2528 2851 debetur.
3569 2851 3571 2854 .

2045 2888 2136 2943 lV.
2179 2888 2332 2943 Unde
2356 2897 2505 2957 patet
2535 2902 2710 2958 neque
2744 2890 2979 2960 angelos,
3012 2906 3188 2961 neque
3215 2899 3432 2947 sanctos
3456 2890 3566 2948 ullo

1974 2979 2251 3050 religionis
2278 2980 2582 3034 adorandos
2603 2979 2770 3046 cultu,
2802 2990 3000 3050 praeter
3022 2991 3281 3036 aeternam
3313 2982 3405 3037 Dei
3431 2983 3568 3038 ima-

1977 3072 2176 3144 ginem,
2201 3087 2321 3142 quae
2349 3087 2407 3127 se
2435 3072 2666 3127 mediam
2691 3073 2834 3128 inter
2859 3074 3106 3130 homines
3131 3073 3410 3146 Deumque
3435 3090 3566 3131 con-

1979 3165 2173 3220 stituit.

2048 3254 2112 3309 V.
2152 3253 2418 3325 Angelos:
2447 3257 2497 3310 ι.
2523 3256 2648 3326 quia
2677 3257 2818 3312 beati
2847 3266 2972 3313 sunt
2997 3258 3329 3314 beatitudine
3353 3258 3559 3327 aliena;

1973 3347 2028 3401 2.
2061 3348 2185 3417 quia
2224 3349 2411 3403 nolunt
2441 3348 2624 3405 oil‘erri
2671 3350 2774 3404 sibi
2819 3349 3081 3419 ejusmodi
3115 3350 3321 3420 cultus;
3347 3352 3402 3408 ὅ.
3435 3353 3564 3422 quia

1972 3453 2071 3507 per
2103 3439 2210 3495 hoc
2237 3456 2268 3493 a
2297 3441 2632 3497 dzemonibus
2659 3443 3063 3499 discernuntur.

2047 3532 2130 3587 VI.
2175 3533 2407 3589 Sanctus
2438 3550 2452 3588 :
2485 3535 2610 3605 quia
2639 3551 2744 3590 non
2771 3544 2898 3590 sunt
2924 3537 3096 3593 sancti
3124 3537 3228 3594 nisi
3269 3539 3565 3596 sanctitate

1973 3624 2230 3694 Spiritus,
2250 3627 2450 3680 lumina
2477 3628 2577 3682 nisi
2601 3644 2631 3681 a
2653 3643 2866 3683 summo
2886 3627 3112 3696 lumine,
3135 3625 3207 3685 dii
3229 3630 3331 3685 nisi
3363 3647 3394 3685 a
3423 3629 3558 3698 Deo;

1971 3726 2243 3787 aguntque
2293 3717 2580 3783 mirabilia,
2611 3734 2717 3774 non
2746 3729 2805 3774 ut
2833 3735 3041 3785 causae,
3071 3721 3167 3776 sed
3195 3729 3256 3775 ut
3302 3723 3477 3778 media
3506 3730 3564 3779 et

1969 3810 2364 3874 instrumenta;
2396 3811 2624 3882 ideoque
2652 3811 2857 3868 relictis
2881 3813 3006 3880 illis,
3046 3813 3260 3886 longius
3287 3815 3355 3870 ad
3379 3813 3562 3871 lumen

1968 3912 2228 3959 aeternum
2251 3904 2630 3959 devolandum.

2043 3994 2152 4050 Vll.
2195 3995 2435 4062 Quorum
2483 3994 2834 4050 nihilominus
2881 3996 3204 4063 memorias,
3235 3997 3483 4069 vestigia,
3512 3997 3561 4056 si

1968 4102 2073 4158 qua
2102 4096 2244 4151 sunt,
2277 4086 2390 4141 sive
2411 4087 2462 4140 in
2486 4086 2722 4156 scriptis,
2747 4087 2862 4143 sive
2886 4087 2940 4142 in
2964 4102 3208 4158 corpore,
3239 4089 3348 4144 imo
3369 4105 3561 4146 eorum

1966 4177 2212 4248 sepulcra
2237 4186 2458 4248 propter
2479 4177 2949 4241 resurrectionem,
2979 4179 3170 4245 vitam,
3200 4180 3559 4236 imitationem

1918 4298 1919 4301 η
1969 4271 2317 4326 honoramus.
2345 4269 2462 4326 Non
2487 4279 2666 4324 tamen
2706 4271 2837 4340 ipsis
2862 4270 3058 4342 templa
3087 4281 3182 4328 aut
3209 4273 3404 4328 altaria
3429 4285 3560 4327 con-

1967 4362 2252 4424 struimus,
2277 4361 2371 4415 sed
2398 4360 2498 4414 soli
2529 4360 2660 4415 Deo.

2040 4453 2172 4506 Vlll.
2205 4452 2552 4508 Adoratiouis
2579 4453 2724 4508 enim
2751 4455 2867 4510 hzcc
2904 4453 2992 4509 lex
3035 4463 3120 4510 est
3150 4463 3210 4509 ut
3234 4453 3379 4509 nulla
3402 4467 3558 4510 crea-

1968 4557 2112 4612 tura,
2162 4547 2366 4601 nullum
2414 4548 2735 4617 phantasma
2783 4564 2814 4602 a
2844 4556 3024 4603 mente
3057 4548 3124 4603 de
3153 4549 3262 4602 Deo
3292 4545 3555 4614 efﬁctum,

1966 4639 2173 4693 nullum
2203 4654 2340 4708 opus
2375 4639 2690 4703 humanum,
2725 4653 2823 4692 nec
2858 4638 2938 4694 sol
2967 4638 3237 4702 exoriens,
3272 4652 3373 4693 nec
3406 4637 3555 4694 occi-

1967 4734 2121 4798 dens,
2150 4749 2250 4788 nec
2285 4733 2474 4797 nubes,
2507 4747 2607 4786 nec
2651 4733 2810 4803 ignis,
2842 4748 2940 4788 nec
2964 4732 3211 4796 arbores,
3252 4746 3351 4786 nec
3391 4744 3557 4801 opera

1965 4824 2268 4890 hominum,
2299 4831 2361 4877 ut
2404 4835 2530 4877 sunt
2573 4823 2855 4894 imagines.
2884 4821 3019 4876 Nam
3061 4820 3106 4875 si
3132 4836 3297 4891 opera
3325 4821 3421 4876 Dei
3449 4835 3556 4876 non

1966 4928 2092 4974 sunt
2121 4920 2418 4984 adoranda,
2447 4929 2650 4988 quanto
2680 4919 2858 4973 minus
2880 4917 3182 4985 hominum,
3207 4920 3259 4975 id
3285 4929 3391 4985 est,
3417 4918 3555 4974 ima-

1965 5013 2120 5084 gines
2151 5012 2266 5076 Dei,
2307 5011 2646 5082 angelorum,
2673 5019 2986 5066 sanctorum
3019 5011 3032 5064 !

2033 5103 2125 5159 IX.
2163 5103 2346 5174 Neque
2391 5102 2636 5173 ohjicias,
2694 5117 2800 5157 non
2855 5110 2906 5157 te
2956 5102 3266 5176 imaginem,
3312 5106 3406 5159 sed
3436 5117 3552 5159 rem

1965 5199 2198 5268 imagine
2220 5196 2478 5253 efﬁctam.
2512 5196 2644 5251 Nam
2686 5195 2958 5265 objectum
2999 5199 3254 5252 terminat
3283 5196 3554 5252 adoratio-

1966 5307 2109 5344 uem.
2135 5291 2286 5346 Adde
2309 5291 2450 5360 quod
2480 5290 2628 5344 fraus
2649 5297 2732 5344 est
2752 5289 2988 5356 Satanae,
3016 5293 3106 5360 qui
3129 5291 3308 5360 specie
3330 5290 3554 5346 honoris

1965 5393 2298 5448 sanctorum,
2357 5384 2425 5438 ad
2476 5381 2614 5437 idola
2679 5392 2913 5438 mentem
2972 5383 3222 5449 traducit,
3265 5391 3380 5439 eta
3421 5397 3558 5441 vero

1963 5484 2170 5531 mterno
2198 5475 2263 5530 ad
2287 5473 2526 5530 carnalia
2553 5487 2649 5528 nos
2678 5473 2962 5546 demergit.

2034 5567 2102 5621 Χ.
2145 5567 2377 5621 Pictura:
2403 5569 2762 5636 aspectandte,
2795 5583 2891 5621 ceu
2919 5584 3004 5622 res
3028 5567 3360 5634 inanimatae,
3393 5566 3554 5624 oculo

1963 5672 2209 5715 externo.
2242 5658 2383 5712 Deus
2407 5657 2616 5713 intcrne
2660 5659 2983 5714 adorandus.
3017 5659 3143 5721 Illac,
3174 5675 3336 5714 causa
3384 5659 3563 5748 histo-|

1963 5755 2074 5822 rite,
2110 5763 2162 5810 et
2197 5753 2493 5822 memoriae,
2522 5769 2628 5811 non
2667 5753 2942 5825 religionis
2973 5771 2987 5810 :
3020 5752 3162 5812 Deus
3191 5753 3382 5824 latrite,
3413 5753 3561 5839 (ιοιι-⁴
