4088 6344
517 209 590 295 27
1229 258 1233 268 .
1522 216 1977 277 S.’AGOBARDI
2013 215 2100 272 EP

2204 214 2327 295 ξονι
2364 214 2854 274 LUGDUNENSIS
3734 226 3804 285 ss

510 292 607 388 ᾘῶ
642 335 701 387 et
726 331 1070 417 sempiternis
1117 332 1417 417 religionis.
1466 334 1574 390 Illic
1626 336 1745 415 sine
1788 352 1938 402 cura,
1992 335 2109 391 sine
2137 334 2188 396 Α
2214 336 2397 396 testes,
2431 332 2673 404 vulgaris
2715 332 2983 405 purgatio,
3016 346 3210 405 nempe
3256 349 3413 407 aquae
3454 333 3683 411 frigidae,
3719 345 3806 401 vel

515 420 748 491 honoro,
775 412 903 494 quia
924 438 1028 480 nec
1051 424 1188 480 male
1212 412 1313 482 nec
1337 412 1476 483 bene
1496 412 1724 498 possunt
1746 428 1943 483 facere.
1967 426 2113 483 Deus

514 528 642 572 cum
689 532 807 590 spe,
854 535 977 576 cum
1028 536 1235 605 amore,
1281 537 1406 579 cuin
1444 523 1650 579 honore
1678 531 1733 578 et
1761 522 1958 594 gaudio
1993 525 2112 578 sine

517 607 651 667 line.
746 640 753 647 -

586 691 683 759 XI.
718 700 873 761 Adde
920 706 1066 776 quod
1110 714 1171 760 ut
1220 705 1506 776 abjiciatur
1552 707 1730 763 omnis
1774 708 2106 778 superstitio,

514 795 666 853 nulla
692 796 871 869 imago
897 798 952 853 in
988 800 1286 870 parietibus
1320 801 1563 857 ecclesia:
1590 800 1947 871 depingenda,
1988 800 2109 855 nul-

517 886 633 949 lum
662 886 1013 945 simulacrum
1042 893 1388 964 erigendum;
1433 908 1533 948 nec
1562 893 1666 949 illae
1708 894 1970 965 imagines
2015 909 2110 949 vo-

514 982 703 1037 candae
726 992 949 1049 sanctze,
975 985 1101 1055 quia
1126 987 1198 1041 nil
1223 996 1304 1043 est
1327 995 1573 1043 sanetum
1598 988 1699 1044 nisi
1728 989 1821 1044 Dei
1847 988 2109 1060 templum

517 1070 574 1145 (1
603 1071 778 1146 Cor.),
822 1084 883 1129 ut
909 1076 1166 1132 adoretur
1194 1094 1332 1134 unus
1358 1085 1413 1133 et
1447 1092 1609 1134 verus
1636 1078 1781 1135 Deus
1820 1079 1875 1134 in
1908 1081 2108 1136 saecula

515 1165 862 1224 liaculorum.
886 1167 1081 1224 Amen.

562 1286 563 1289 η
706 1256 793 1316 De
816 1261 1203 1333 dispensatione
1229 1264 1388 1318 totius
1417 1263 1493 1318 rei
1517 1262 1905 1319 ecclesiasticae.

514 1350 809 1426 (Priaticus
838 1370 873 1407 α
906 1344 1054 1410 nobis
1080 1364 1159 1409 est
1185 1355 1269 1409 hic
1296 1355 1503 1423 titulus,
1543 1373 1608 1411 ex
1635 1367 1805 1411 mente
1828 1355 2106 1429 auctoris.)

526 1466 537 1475 τ
584 1442 994 1507 Convocaverat
1017 1446 1322 1503 Ludovicus
1344 1445 1641 1518 imperator
1660 1456 1861 1504 emtum
1888 1449 2108 1519 amplis-

510 1536 711 1593 simum
733 1537 1028 1608 pontiﬁcis:
1068 1547 1126 1595 et
1156 1539 1326 1607 laictc,
1367 1540 1436 1596 de
1460 1540 1802 1597 reformanda
1837 1542 2101 1597 Ecclesia.

507 1628 659 1687 Inter
688 1638 917 1689 caeteros
938 1633 1243 1704 produxere
1268 1649 1369 1690 ceu
1390 1632 1536 1691 faces
1570 1634 1933 1700 lucidissima,
1961 1635 2104 1691 Ada-

2216 427 2498 481 candentis
2546 425 2696 493 ferri,
2747 426 3124 482 adhibebatur.
3175 427 3492 499 Agobardus
3544 443 3805 507 tanquam

2210 518 2473 573 nefandas
2495 518 2794 589 impugnat,
2823 519 3116 574 ostendens
3142 535 3231 575 res
3255 523 3499 579 occultas
3526 542 3804 597 nunquam

2209 609 2455 679 pateﬁeri
2483 609 2748 678 ejusmodi
2778 610 3187 667 certaminibus.
3215 612 3480 669 Hortatur
3503 618 3570 672 ad
3590 607 3801 689 pacem,

2208 711 2265 757 et
2288 710 2459 758 totam
2494 702 2608 759 fere
2632 702 2870 759 ethicam
2896 702 3262 760 Christianam
3288 708 3689 778 complectitur.

2749 794 2937 851 Sermo
2976 797 3264 867 Agobardi.

2214 910 2217 913 ν
2281 890 2408 946 Haec
2436 889 2627 948 concio
2641 897 2727 945 est
2751 890 3104 961 lepidissima,
3132 891 3281 946 varia
3320 898 3376 947 et
3399 893 3600 949 divinis
3620 894 3807 967 ﬁguris

2210 982 2619 1038 circumlucida.
2650 982 2826 1038 liabet
2867 997 2970 1053 pro
2995 985 3224 1039 materia
3261 984 3560 1041 Christum.
3591 987 3699 1043 Sed
3737 989 3806 1043 ali

2209 1074 2302 1130 illo
2327 1076 2504 1146 capite
2525 1076 2579 1130 in
2611 1076 2791 1131 varias
2817 1090 2938 1132 sese
2965 1075 3218 1132 diﬁ‘undit
3240 1086 3297 1134 et
3322 1079 3661 1149 exspatiatur
3685 1094 3805 1136 are-

2208 1182 2352 1223 nas:
2386 1166 2465 1223 De
2504 1167 2767 1232 Ecclesia,
2807 1167 2877 1224 de
2913 1167 3033 1237 ejus
3062 1170 3295 1235 meritis,
3345 1172 3413 1226 de
3444 1171 3803 1229 Antichristo.

2209 1257 2341 1325 Quin
2362 1260 2492 1329 quia
2516 1270 2644 1316 sunt
2668 1259 2827 1332 paulo
2859 1259 3158 1332 ἁμιθοόικά,
3185 1262 3455 1334 relinquo.

2706 1351 2787 1407 De
2813 1352 3072 1408 divisione
3091 1354 3320 1425 imperii.

2278 1442 2495 1513 Imperii
2537 1445 2691 1514 pacis
2732 1444 2975 1509 sedulus,
3021 1460 3343 1517 memorque
3384 1449 3636 1520 ancipitis
3678 1450 3805 1507 vita

2207 1537 2404 1602 exitus,
2435 1547 2732 1594 convocato
2758 1538 2930 1594 totius
2964 1537 3153 1593 Gallias
3197 1549 3467 1601 conventu
3496 1540 3805 1598 Ludovicus

2209 1626 2511 1699 imperator
2531 1630 2586 1685 in
2613 1630 2719 1685 tria
2762 1644 2931 1701 regna
2972 1631 3265 1701 discerpsit
3305 1632 3616 1702 imperium,
3655 1648 3803 1689 sum-

507 1720 694 1779 itis-dus
713 1731 772 1781 ot
789 1697 1206 1793 Eiizaocitoms;
1230 1726 1319 1781 illo
1342 1727 1650 1798 integritate
1671 1730 1795 1783 vitae
1816 1736 1871 1783 et
1892 1697 2101 1799 fulgore
2133 1697 2180 1758 Β
2205 1697 2461 1793 namque
2496 1723 2757 1781 Lothario
2780 1697 3010 1780 contulit
3032 1738 3071 1788 ;λ
3097 1697 3355 1782 adhibitis
3375 1697 3616 1783 omnium
3643 1728 3802 1798 jura-

510 1816 776 1886 muneris,
806 1818 901 1873 hic
925 1818 1184 1875 doctrina:
1205 1818 1427 1873 lumine.
1454 1818 1707 1875 Unanimi
1732 1821 1912 1875 anima
1942 1835 2101 1891 repa-

505 1907 741 1964 randum
773 1908 1031 1966 Eeclesiae
1063 1911 1229 1967 decus
1256 1910 1601 1966 conclamant
1620 1928 1831 1968 omnes.
1854 1910 2099 1985 Agobar-

508 2000 613 2058 dus
634 2000 837 2073 excipit
859 2017 1049 2058 eorum
1071 2003 1279 2060 alacres
1301 2004 1480 2060 vultus
1509 2023 1521 2059 :
1553 2012 1693 2071 orat,
1719 2012 1775 2060 et
1794 2020 1894 2075 pro
1914 2005 2101 2061 Eccle-

501 2091 586 2149 sia
613 2093 749 2166 agit,
785 2096 1059 2151 convertit
1104 2096 1441 2167 singulorum
1471 2096 1681 2152 animos
1721 2096 1791 2151 ad
1829 2096 2097 2152 labantem

498 2178 642 2253 pene
674 2183 933 2241 Ecclesiae
957 2186 1219 2256 gloriam;
1255 2186 1543 2252 aediﬁcent,
1571 2188 1801 2259 erigant,
1831 2190 2099 2245 macerias

495 2269 611 2343 jam
650 2275 965 2333 subruentis
1011 2277 1382 2350 Jemsolymte.
1444 2279 1575 2335 lnde
1631 2281 1802 2335 insilit
1860 2281 1914 2335 in
1947 2281 2099 2337 [sicce

497 2366 710 2426 fraudis
753 2371 1116 2443 sacrilegium,
1162 2374 1254 2445 qui
1306 2374 1372 2429 de
1421 2375 1675 2444 peculatu
1727 2374 2099 2431 ecclesiastico

499 2448 813 2530 convivuut,
843 2471 900 2520 et
923 2478 1039 2520 rem
1067 2463 1165 2520 Dei
1189 2450 1305 2520 rem
1324 2466 1576 2537 sacrilegi
1600 2464 1863 2521 eiiioiuut.
1894 2465 2100 2521 Probat

496 2554 750 2625 aprimis
787 2558 1065 2613 nascentis
1115 2556 1374 2613 Ecclesia:
1411 2558 1673 2623 exordiis,
1725 2557 2094 2624 incrementis,

496 2644 881 2716 decrementis,
911 2648 1111 2719 quibus
1137 2649 1303 2718 cmpit
1331 2649 1515 2714 ditari,
1552 2648 1689 2704 duce
1719 2648 1946 2719 Spiritu,
1981 2659 2095 2704 sta-

495 2743 647 2796 tutos
700 2753 968 2806 canones,
1012 2743 1106 2811 qui
1159 2742 1516 2811 direptionem
1575 2743 1654 2797 rei
1715 2742 2098 2797 ecclesiastica:

494 2837 764 2897 vetarent,
796 2832 1037 2901 nullique
1074 2832 1211 2887 citra
1261 2833 1608 2888 conscientia:
1638 2834 1937 2904 perniciem
1970 2850 2098 2889 con-

496 2920 759 2978 cederent
785 2920 861 2976 ab
891 2920 1000 2977 illis
1023 2922 1325 2978 eanonibus
1363 2921 1662 2979 discedere.
1700 2921 1877 2993 Rogat
1918 2925 2098 2979 szesa-

495 3018 617 3070 rem
637 3020 699 3069 ut
721 3012 1022 3081 medeatur,
1049 3026 1252 3070 emtum
1277 3023 1337 3070 ut
1364 3016 1686 3088 deprecetur
1712 3028 1903 3074 contra
1926 3020 2097 3075 sacri-

2202 1817 2422 1879 mentis,
2453 1825 2514 1871 ut
2541 1818 2709 1872 moris
2736 1826 2841 1883 est,
2871 1818 3146 1874 ﬁdelitatis
3166 1828 3220 1873 et
3241 1820 3579 1875 obedientiai.
3612 1820 3804 1877 Desci-

2202 1909 2307 1965 scit
2344 1908 2658 1975 Lotharius,
2684 1899 2897 1980 patrein
2940 1910 3163 1965 invadit.
3198 1911 3405 1966 Favent
3434 1912 3802 1968 ecclesiastici

2202 2003 2329 2057 huic
2353 2002 2695 2072 imperatori,
2726 2002 2883 2071 cujus
2908 2004 3189 2073 obsequiis
3215 2006 3527 2074 iuramento
3568 2007 3802 2062 solemni

2201 2093 2419 2148 fuerant
2445 2096 2747 2150 constricti.
2799 2098 3007 2164 Quibus
3058 2114 3182 2153 cum
3229 2107 3387 2169 pater
3419 2101 3579 2156 vellet
3606 2116 3800 2171 poenas

2200 2185 2465 2255 inﬂigere,
2496 2186 2817 2257 Agohardus
2855 2189 3112 2244 audacter
3147 2193 3440 2260 respondet
3478 2208 3603 2248 eum
3632 2193 3800 2248 fuisse

2200 2279 2345 2334 illius
2372 2280 2637 2334 tumultus
2671 2287 2726 2336 et
2770 2281 2978 2337 dissidii
3023 2284 3227 2353 publici
3255 2299 3497 2351 causam,
3541 2300 3611 2341 eo
3644 2283 3793 2355 quod

2200 2370 2472 2426 divisisset
2519 2372 2851 2441 imperium;
2895 2380 2952 2428 et
2994 2375 3139 2444 quod
3182 2383 3265 2431 est
3314 2377 3597 2443 audacius,
3624 2376 3801 2448 prob

2198 2469 2346 2518 tetur
2372 2472 2559 2532 aperte
2588 2478 2648 2519 se
2670 2466 3058 2521 obsecuturum
3093 2465 3375 2534 Lothario,
3415 2476 3641 2540 propter
3667 2468 3801 2524 viu-

2199 2553 2380 2609 culum
2400 2553 2727 2623 jumaielti,
2759 2566 2869 2611 etc.
3794 2568 3797 2571 '

2434 2646 2513 2701 De
2541 2648 2934 2718 comparatione
2958 2650 3237 2721 ariasque
3262 2651 3553 2721 regiminis.

2273 2736 2402 2789 Duce
2437 2736 2527 2790 hic
2564 2736 2913 2792 continentur
2943 2739 3186 2808 epistola
3210 2739 3449 2810 ejusdem
3468 2736 3795 2809 argumenti.

2198 2822 2383 2878 Prima
2408 2826 2481 2880 ad
2501 2824 2777 2883 Caesarem
2800 2827 3153 2897 Ludovieum,
3181 2847 3285 2901 qua
3310 2842 3493 2887 noster
3508 2833 3801 2904 episcopus

2197 2916 2443 2971 obtendit
2470 2931 2666 2973 causas
2692 2918 2835 2989 iuga:
2860 2930 2917 2975 et
2946 2937 3132 2979 morae.
3169 2923 3395 2993 Propter
3438 2924 3687 2995 publicos
3711 2934 3801 2980 ως

2199 3008 2420 3064 utullus.
2441 3009 2568 3064 inde
2583 3010 2751 3066 insilit
2774 3012 2830 3065 in
2847 3011 3125 3083 fastigium
3142 3015 3448 3085 splendoris
3470 3015 3785 3085 nuperialis,

496 3105 649 3180 logos
674 3106 877 3164 Gallos.
922 3109 1206 3181 Excipitur
1231 3110 1299 3167 ab
1325 3108 1714 3169 Helizaccharo
1743 3121 1799 3170 et
1820 3114 2097 3172 Adalardo

2204 3101 2342 3170 quod
2387 3101 2582 3170 probat
2634 3103 2861 3159 subesse
2901 3105 3197 3174 pontiﬁciae
3247 3104 3542 3174 majestatl,
3576 3115 3797 3165 tumes

494 3199 722 3256 senibus
748 3199 1004 3275 alacriter
1027 3202 1202 3257 oratio
1236 3201 1531 3273 Agobardi.
1563 3205 1780 3261 Monent
1806 3207 1873 3262 de
1902 3208 2004 3263 hac
2037 3223 2095 3265 re

2204 3193 2522 3249 auctoritate
2568 3208 2857 3260 canonum,
2913 3204 3029 3251 tum
3082 3197 3413 3267 quibusdam
3463 3199 3791 3257 Latinorum

492 3285 929 3363 imperatorem:
980 3294 1073 3369 qui
1129 3303 1427 3351 convocato
1477 3296 1708 3353 concilio
1759 3298 1993 3370 politicaa
2040 3308 2096 3356 et

2204 3286 2423 3343 Patrum
2452 3289 2797 3345 testimoniis.
2829 3288 2897 3345 Et
2926 3291 3049 3346 ideo
3088 3298 3276 3350 monet
3300 3299 3363 3347 ut
3402 3293 3711 3349 venientem
3740 3296 3797 3352 in

493 3382 727 3439 lovitica:
754 3382 989 3451 ianriliae,
1020 3395 1238 3443 mutuas
1265 3387 1524 3443 exstinxit
1551 3388 1852 3445 discordias
1878 3407 1998 3461 quae
2027 3393 2095 3448 de

2204 3376 2427 3437 Galliam
2480 3379 2807 3450 Gregorium
2856 3382 3193 3451 pontiﬁcem,
3245 3385 3600 3441 mediaton
3642 3389 3795 3459 pacis

491 3474 821 3545 possidenda
855 3492 914 3533 re
938 3476 1309 3535 ecclesiastica
1342 3480 1511 3537 laicos
1557 3490 1613 3537 et
1649 3483 1934 3554 episc0pos
1964 3499 2101 3540 con-
2194 3469 2523 3538 domeSliCiBi
2571 3474 2803 3545 ῡθηίειιθ
2850 3475 3105 3545 emittm,
3153 3477 3315 3549 eique
3344 3480 3647 3537 δυωίηίωθ
3674 3496 3797 3537 sese

492 3564 866 3625 mrhaverant.
890 3568 1027 3641 Quia
1057 3584 1189 3626 vero
1207 3572 1428 3641 quidam
1456 3581 1613 3629 erant
1635 3574 1973 3631 detractores
1996 3579 2091 3648 qui

2204 3562 2461 3631 subjiciat.

492 3656 700 3730 passim
728 3660 797 3716 de
839 3659 1062 3718 audacia
1094 3670 1149 3718 et
1191 3663 1498 3734 ignorantia
1540 3664 1813 3738 Agobardi
1844 3684 2094 3726 rumores

2264 3651 2528 3709 Secundae
2570 3668 2763 3712 sensus
2805 3665 2890 3713 est
2915 3658 3204 3730 ejusmodi.
3260 3663 3503 3719 Deiectio
3548 3664 3795 3722 Lotliarii

494 3749 955 3809 circumferebant
975 3755 1200 3833 ejusque
1223 3756 1433 3813 dissidii
1460 3766 1739 3814 auctorem
1766 3760 1944 3832 ipsum
1964 3776 2095 3831 pro-

2204 3743 2507 3812 ibripuerat
2540 3761 2757 3801 omnem
2803 3763 2940 3819 pene
2987 3750 3217 3819 Italiam,
3266 3754 3602 3823 pontiﬁcem,
3652 3754 3795 3813 muli-

494 3844 827 3918 mulgebant,
885 3846 1206 3921 Agobardus
1251 3852 1517 3923 ejusmodi
1576 3852 1751 3909 labem
1786 3854 1970 3921 diluit;
2012 3856 2090 3911 rei
2191 3842 2386 3903 ωείιιιθ
2432 3836 2599 3891 etiam
2644 3839 2928 3910 θρίεοοροε
2973 3842 3175 3910 Gallos.
3226 3860 3459 3914 quorum
3501 3860 3605 3918 ore
3634 3848 3780 3919 patri

490 3938 725 4017 veritate
746 3938 982 4017 efﬁgiem
1016 3944 1288 4012 expressit
1331 3944 1475 4015 apud
1516 3946 1804 4017 quemdam
1855 3946 2090 4002 amicum

2204 3925 2428 3995 eriperet
2474 3928 2784 3999 imperium.
2834 3932 2958 3987 Veri
3008 3932 3149 3989 Galli
3200 3936 3569 4003 recalcitrant,
3617 3939 3795 3998 citant

493 4028 588 4098 dei
626 4042 753 4084 eum
803 4026 881 4085 de
913 4030 1017 4087 hac
1072 4048 1132 4087 re
1177 4028 1567 4104 interpellarat.
1622 4035 1690 4090 Et
1719 4036 1844 4091 inde
1874 4052 1933 4091 re
1963 4044 2090 4092 nata

2204 4018 2559 4093 igobardum,
2581 4034 2818 4080 recusat.
2848 4023 3055 4083 Habent
3078 4039 3407 4086 conventum
3436 4049 3450 4098 ;
3488 4032 3649 4103 cujus
3674 4033 3793 4088 inec

492 4116 677 4186 captat
696 4117 878 4173 locum
896 4121 1169 4177 scribendi
1189 4122 1257 4178 de
1279 4126 1442 4179 rebus
1461 4125 1851 4182 ecclesiasticis
1873 4143 2091 4183 eorum-

2204 4111 2410 4168 fuerunt
2455 4116 2632 4186 capita
2676 4117 2964 4172 adversum
3002 4120 3171 4190 ipsius
3212 4124 3643 4190 contumaciam,
3690 4139 3801 4195 pro

493 4206 600 4278 que
620 4207 942 4276 ministerio,
966 4212 1196 4282 sumptis
1217 4228 1281 4268 ex
1306 4222 1539 4284 utroque
1567 4215 1917 4272 Testamento
1938 4218 2089 4273 testi-
2190 4206 2565 4262 ωηίίπηῦηάθ
2593 4207 2872 4263 Gallicam
2902 4210 3172 4265 “herme-

492 4300 713 4357 moniis.
742 4299 872 4371 Ejus
898 4318 1110 4359 summa
1141 4306 1318 4375 capita
1350 4307 1465 4362 haec
1495 4317 1639 4363 sunt.
1687 4308 1763 4364 De
1789 4311 2086 4366 sacerdoti-
2262 4296 2313 4349 ί·
2347 4296 2672 4365 Episcopum
2712 4298 3033 4363 Romanum,
3082 4302 3386 4357 νοοθηάιῐπὶ
3430 4319 3645 4375 Papam,
3678 4305 3793 4359 ίαν

491 4391 614 4448 bus.
646 4393 724 4450 De
746 4394 971 4450 decimis
993 4397 1380 4466 persolvendis.
1407 4399 1484 4455 De
1508 4414 1667 4472 poena
1692 4403 1980 4476 sacrilegii.
2011 4405 2086 4461 De

2204 4400 2352 4451 irem,
2384 4401 2489 4442 non
2516 4397 2701 4443 autem
2721 4389 2965 4457 Patrem,
2996 4407 3173 4463 neque
3199 4396 3535 4463 pontiﬁcem.

491 4482 700 4540 honore
725 4486 873 4542 omni
901 4501 1017 4542 aevo
1037 4488 1304 4561 episcopis
1325 4491 1587 4562 impenso.
1618 4493 1693 4549 De
1716 4512 1821 4550 non
1851 4497 2085 4553 alienan-
2120 4478 2164 4493 ν
2261 4478 2316 4532 2-
2348 4478 2689 4548 ιωρθνίθιθω
2736 4481 3074 4551 III-“Mune!!!
3105 4484 3231 4554 plus
3269 4501 3430 4557 posse
3472 4488 3529 4543 in
3555 4487 3801 4543 admitti—3

492 4574 577 4631 ﬁs
600 4576 867 4644 ecclesiis,
911 4585 969 4633 et
1008 4588 1300 4650 perpetuas
1346 4582 1541 4639 inserit
1567 4586 1868 4643 calumnias
1893 4599 2085 4645 contra

2204 4572 2411 4625 itmnda
2434 4571 2677 4626 Ecclesia
2701 4589 2865 4643 quam
2892 4575 3250 4644 pontificiam.

492 4664 857 4728 Simonianos.
907 4669 1035 4727 Haec
1073 4673 1276 4740 omnia,
1318 4676 1445 4745 quia
1497 4677 1745 4732 nituntur
1789 4679 1940 4745 locis,
1974 4696 2083 4736 non

2262 4664 2317 4717 5.
2368 4662 2639 4718 Caesarem
2682 4680 2792 4718 non
2834 4666 3296 4722 cohonestandum
3340 4676 3777 4739 praesumptuosis

492 4756 814 4827 rationibus,
845 4763 1034 4819 lectori
1062 4763 1149 4820 do.
2189 4754 2769 4811 excommunicatione.

518 4872 527 4879 ’
760 4852 921 4908 Liber
945 4856 1009 4910 de
1033 4854 1225 4912 divinis
1250 4860 1520 4915 sententiis
1546 4861 1799 4932 digestus.

2260 4846 2316 4901 4.
2346 4847 2519 4904 Posse
2541 4864 2708 4904 unum
2736 4849 2973 4920 alique.
3004 4853 3319 4924 pontiﬁcem
3361 4854 3523 4925 ubjici
3550 4856 3671 4913 sine
3697 4858 3786 4911 in-

490 4943 783 5001 Dedivt'nis
824 4950 1095 5005 sententiis
1140 4959 1325 5006 contra
1360 4969 1448 5007 eos
1477 4956 1566 5025 qui
1590 4964 1775 5026 putant
1812 4955 2081 5027 judicium
2177 4934 2325 5006 iam
2355 4938 2500 4993 εθάίε
2535 4940 2866 5008 apostolica
3213 4990 3243 5009 κ

725 5037 824 5095 Dei
850 5056 988 5113 aqua
1011 5043 1089 5097 vel
1123 5045 1244 5115 igne
1275 5044 1352 5100 vel
1390 5049 1553 5102 armis
1580 5049 1838 5119 pateﬁeri.

2254 5028 2310 5085 5.
2341 5028 2641 5101 Episcopus
2662 5033 2714 5087 in
2741 5048 2909 5089 causa
2945 5033 3075 5091 ﬁdei
3106 5034 3486 5109 jusjurandum
3512 5046 3783 5109 praetore

563 5128 779 5189 Titulus
803 5133 1031 5201 hujusce
1066 5136 1357 5193 voluminis
1384 5154 1488 5194 non
1522 5141 1654 5194 mihi
1692 5141 1907 5195 videtur
1948 5142 2083 5198 satis
2181 5120 2369 5177 δοιίιοδ
2393 5122 2723 5192 ί¹ηΡ⁸Γ²ίο¹¹ίο

490 5234 782 5297 congruos.
818 5223 954 5293 Quia
979 5225 1070 5281 hic
1090 5235 1174 5282 est
1203 5244 1413 5286 sensus.
1441 5243 1466 5271 ι
1499 5231 1747 5302 Diipliees
1778 5232 1922 5287 modi
1946 5249 2077 5304 pur-
2257 5236 2310 5291 6.
2339 5235 2685 5305 Agobardum
2710 5237 3003 5308 primatem
3046 5238 3351 5310 Aquitanire
3385 5241 3590 5296 nullam
3619 5242 3774 5297 dein-

490 5316 680 5387 g’audic
705 5314 913 5372 fraudis
937 5318 1163 5374 occtiltte
1189 5326 1243 5375 et
1273 5322 1511 5388 sceleris,
1543 5321 1670 5378 ferri
1697 5333 1751 5377 et
1773 5326 1929 5393 ignis.
1962 5325 2083 5381 Pri-
2188 5342 2316 5398 cepe
2368 5328 2681 5382 habiturum
2748 5339 3073 5400 potestatem
3127 5332 3183 5386 in
3232 5333 3775 5399 excommunicando,

490 5420 612 5464 nnis
660 5416 781 5465 erat
830 5408 1169 5479 Gundebadi,
1218 5417 1308 5483 qui
1362 5418 1781 5484 controversias,
1829 5419 1918 5473 ubi
1972 5434 2080 5474 non
2187 5421 2498 5490 nullamque
2536 5421 2967 5491 jurisdictionem
3001 5425 3053 5478 in
3099 5433 3325 5480 ceteras
3372 5425 3677 5496 parochias,
3730 5426 3775 5481 si

489 5510 649 5579 erant
687 5510 890 5572 testes,
944 5505 1090 5562 let-ro
1132 5519 1188 5563 et
1228 5511 1395 5566 armis
1436 5512 1763 5568 dirimendas
1799 5514 2076 5585 princepit.
2185 5513 2432 5570 obediret
2458 5514 2637 5584 potius
2666 5516 2905 5584 pontiﬁci
2935 5531 3095 5586 quam
3123 5516 3345 5573 Caesari.

491 5588 804 5663 Secundus,
844 5596 1158 5657 inveteratae
1204 5605 1629 5661 consuetudinis.
1672 5605 1771 5661 Ubi
1806 5605 2080 5662 deﬂebant
2258 5604 2309 5659 7.
2340 5605 2669 5661 Privandum
2696 5607 3011 5678 episcopum
3037 5608 3313 5664 consortio
3349 5616 3405 5663 et
3429 5609 3653 5675 honore,
3682 5608 3774 5679 qui

511 5694 587 5803 ζα
621 5711 860 5775 lnstitut.
892 5718 1039 5793 juris
1084 5737 1305 5793 cauom,
1356 5723 1394 5781 ι.
1438 5741 1513 5793 tv,
1544 5726 1625 5781 tit.
1656 5726 1708 5782 ε.
1741 5725 1799 5782 ln
1838 5722 2078 5781 Historia
2108 5720 2456 5797 Burgundiz.
