4088 6344
467 320 533 384 si
1437 319 1497 377 s.
1538 311 1893 375 AGOBARDI
1930 309 2243 374 EPISCOPI
2281 310 2771 374 LUGDUNENSIS
3684 296 3757 385 sa

469 434 826 494 subtilissimo
881 448 1148 504 sacroque
1196 430 1435 487 acumini
1497 434 1798 504 prudenti:e
1858 440 2055 487 vestrae
2085 438 2132 492 Α
2161 439 2256 485 aut
2312 429 2668 500 improbetur.
2740 427 2878 496 Quia
2927 429 2974 484 si
3023 427 3306 499 probatur,
3372 432 3503 501 illis,
3558 414 3759 509 quibus

470 527 874 598 diiudicandum
904 527 1116 582 direxi:
1159 526 1301 596 quod
1331 525 1472 581 edidi
1502 526 1586 582 vel
1632 527 1813 597 potius
1860 524 2055 597 collegi

471 623 732 679 adversus
746 637 963 687 novam,
995 622 1105 676 imo
1124 637 1192 675 ex
1208 620 1375 675 veteri
1400 633 1425 662 α
1454 621 1752 676 redivivam
1778 620 2052 688 haeresim,

472 720 694 783 propter
726 712 1012 782 quosdam,
1046 712 1244 782 quibus
1272 711 1401 767 illud
1430 712 1688 782 expedire
1715 713 1921 783 putavi,
1953 714 2057 769 sic-

473 812 532 859 ut
562 804 637 859 ibi
665 804 827 859 latius
852 803 1180 859 continetur.
1224 803 1319 860 Pie
1346 804 1511 874 igitur
1543 814 1721 859 rector
1740 814 1797 861 et
1816 806 2053 872 domine,

472 905 638 966 caput
678 895 852 961 orbis,
888 896 1053 951 decus
1098 897 1308 962 mundi,
1363 896 1754 952 catholicorum
1812 901 2057 954 omnium

473 989 702 1058 insignis
755 988 1026 1060 gloriatio,
1063 989 1155 1059 qui
1190 989 1470 1044 illustratis
1517 987 1696 1052 ﬁdem,
1749 992 2060 1062 pr0pagatis

473 1090 528 1138 et
557 1097 777 1153 pacem;
812 1082 841 1122 ιι
883 1081 1114 1139 obsecro
1164 1082 1632 1137 mansuetudinem
1687 1093 1949 1150 vestram,
2001 1092 2063 1138 ut

474 1172 529 1227 in
567 1173 1075 1244 contemplationem
1131 1173 1252 1229 Filii
1302 1173 1419 1239 Dei,
1469 1173 1563 1243 qui
1607 1183 1853 1229 vestrum
1903 1174 2061 1247 juvat

476 1266 763 1337 imperium
791 1309 807 1333 ,
856 1265 1142 1338 praefatum
1194 1265 1511 1337 opusculum
1562 1267 1896 1336 perlustrare
1953 1282 2062 1322 non

475 1358 864 1429 dedignemini,
914 1369 974 1414 ut
1001 1369 1184 1415 vestro
1232 1357 1501 1414 acerrimo
1531 1358 1750 1430 ingenio
1804 1360 2066 1429 probetur

2161 523 2501 594 profuturum
2526 531 2628 584 est,
2674 522 2743 576 ad
2789 521 3075 593 legendum
3101 526 3549 595 commendatur;
3582 532 3627 586 si
3659 547 3760 588 au-

2162 623 2270 670 tem
2306 614 2666 685 improbatur,
2706 622 2897 669 auctor
2942 614 3058 684 ejus
3111 631 3212 687 per
3260 635 3358 675 vos
3402 624 3751 681 emendatur.

2159 705 2469 776 Apostolica
2514 720 2747 776 namque
2791 706 3038 761 doctrina
3083 723 3275 765 omnes
3328 712 3586 769 hortatur
3635 731 3759 773 cre-

2162 814 2319 855 scere
2349 798 2402 853 in
2435 798 2741 869 cognitione
2768 797 2982 854 Domini
3014 800 3185 856 nostri
3226 800 3355 857 Jesu
3381 802 3608 871 Christi,
3641 822 3761 863 om-

2162 907 2259 948 nes
2279 890 2436 962 jubet
2463 899 2684 960 paratos
2712 904 2832 945 esse
2861 892 2927 946 ad
2954 892 3396 951 satisfaciendum
3427 897 3507 953 eis
3544 899 3639 969 qui
3674 914 3762 954 ra-

2162 986 2365 1041 tionem
2395 992 2626 1055 poscunt
2653 985 2718 1040 de
2748 999 2811 1039 ea
2851 1000 2972 1055 qum
3003 986 3057 1040 in
3100 989 3259 1044 nobis
3298 999 3384 1044 est
3408 1006 3523 1061 spe.
3559 991 3759 1049 Sacer-

2163 1078 2346 1134 dotem
2385 1093 2603 1148 quoque
2641 1092 2762 1133 esse
2798 1077 2916 1132 vult
2949 1079 3344 1150 amplectentem
3373 1100 3494 1139 eum
3536 1086 3629 1156 qui
3679 1102 3763 1141 se-

2165 1171 2396 1225 cundum
2426 1170 2720 1225 doctrinam
2764 1182 2861 1234 est,
2897 1170 3107 1241 ﬁdelem
3136 1190 3450 1241 sermonem,
3489 1186 3547 1230 ut
3576 1186 3761 1248 potens

2161 1266 2231 1319 sit
2257 1265 2525 1319 exhortari
2557 1266 2609 1319 in
2643 1265 2885 1319 doctrina
2911 1282 3063 1329 sana,
3116 1276 3165 1321 et
3209 1284 3297 1322 eos
3342 1269 3431 1339 qui
3477 1270 3757 1323 contradi-

2172 1369 2297 1413 cunt
2314 1375 2555 1430 arguere.
2584 1356 2739 1425 Quod
2764 1361 2809 1414 si
2831 1373 3047 1431 semper
3059 1360 3376 1417 sectandum
3398 1359 3533 1429 fuit;
3558 1371 3766 1433 quanto

1837 1471 2113 1528 BALUYJI
2149 1470 2380 1529 ΝΟΤΑΞ.

475 1566 851 1641 episcoporum
876 1566 1103 1641 synodo,
1144 1585 1162 1618 ι
1198 1581 1316 1628 seu,
1334 1574 1400 1641 ut
1427 1563 1668 1641 apertius
1689 1560 1928 1632 loquitur
1955 1561 2067 1641 llug

512 1636 546 1692 ὸ
574 1636 1014 1701 Flaviniacensis,
1050 1655 1068 1687 ι
1100 1638 1346 1693 consenti
1369 1644 1475 1690 'nte
1501 1637 1824 1704 imperatore
1844 1643 1899 1689 et
1921 1636 2065 1687 omni

526 1710 880 1765 allicanorum
933 1709 1309 1790 episcoporum
1355 1708 1581 1790 synodo.
1647 1724 1665 1757 ι
1730 1705 1797 1758 Et
1849 1705 2064 1790 animus

2173 1572 2339 1633 tuque
2371 1563 2665 1631 imaginum
2704 1564 2951 1619 exercuit
2989 1565 3304 1621 industriam
3332 1567 3613 1623 hominum
3636 1582 3766 1624 eru-

2173 1634 2407 1706 ditorum
2431 1650 2444 1693 ',
2469 1635 2712 1704 adeoque
2735 1636 2899 1689 etiam
2921 1635 3239 1706 Agobardus
3260 1640 3581 1693 sententiam
3608 1655 3765 1696 suam

2174 1704 2227 1758 iti
2275 1706 2377 1759 hnc
2406 1707 2688 1773 prompsit,
2740 1715 2799 1759 ut
2825 1704 3004 1760 acrem
3053 1723 3118 1762 ac
3142 1709 3514 1764 vehementem
3565 1712 3761 1765 adver-

476 1790 597 1837 emt
625 1794 743 1861 eam
768 1776 1060 1861 _synodum
1106 1776 1448 1861 interpretari
1477 1779 1543 1832 de
1588 1792 1652 1861 ea
1704 1792 1825 1857 qua:
1874 1778 2064 1861 colem
2101 1781 2144 1839 Β
2174 1791 2265 1830 sus
2310 1776 2683 1829 adorationem
2722 1776 3040 1861 imaginum,
3071 1778 3145 1860 ita
3172 1779 3318 1861 piam
3343 1795 3409 1834 ac
3448 1779 3759 1861 retigiosam

477 1866 623 1906 anno
647 1847 920 1906 celebrata
947 1857 1031 1919 est
1070 1849 1210 1919 apud
1243 1849 1572 1904 Cabillonem
1604 1848 1672 1919 ab
1703 1847 1969 1919 episcopis
2015 1854 2070 1901 et

479 1920 770 1990 abbatibus
802 1920 967 1974 totius
995 1916 1182 1973 Galliae
1205 1916 1830 1990 l.ngdunensis.AVerum
1871 1917 1985 1972 Ado
2014 1927 2069 1990 et

480 1989 635 2063 litigo
683 1990 1105 2044 Flaviniacensis
1153 1988 1557 2063 satistindicmit
1608 1988 1748 2063 hanc
1792 1988 2065 2063 Agebardi

479 2057 919 2118 substitutionem
974 2072 1240 2130 praesente
1292 2061 1620 2130 imperatore
1668 2057 1868 2130 factam
1899 2057 2066 2112 fuisse

479 2132 537 2188 in
585 2132 837 2187 universa
883 2132 999 2186 sive
1038 2133 1185 2187 omni
1243 2129 1645 2185 Gallicanorum
1693 2129 2069 2200 episcoporum

483 2203 708 2275 synodo.
740 2202 794 2256 id
841 2211 954 2275 est._
981 2202 1046 2275 in
1065 2201 1301 2273 generali
1346 2217 1410 2256 ac
1438 2200 1679 2275 plenaria
1712 2199 1918 2275 synodo
1957 2199 2070 2275 epit

480 2270 767 2343 scoporum
809 2273 959 2343 regni
1008 2270 1301 2327 Francici:
1345 2272 1488 2342 quod
1533 2270 1657 2343 huic
1703 2270 2069 2343 Gabillonensi

483 2339 790 2413 competere
820 2339 924 2397 no'n
955 2351 1153 2411 potest.
1177 2359 1297 2412 quae
1319 2339 1665 2413 provincialis
1705 2349 1915 2396 tantum
1943 2339 2064 2395 fuit.

481 2412 668 2485 Itaque
701 2428 809 2468 non
848 2413 915 2467 de
946 2413 1049 2466 alia
1078 2416 1284 2484 synodo
1335 2412 1559 2484 intelligi
1587 2421 1786 2483 potest,
1814 2428 1976 2485 quam
2003 2412 2070 2465 de

481 2483 837 2555 lingugntinat
864 2499 987 2555 quae
1013 2483 1212 2555 eodem
1269 2498 1337 2537 an
1363 2498 1411 2537 ,ο
1440 2483 1635 2555 ιλίώιιλ
1662 2492 1767 2547 est,
1798 2483 1883 2555 c_ui
1937 2496 2065 2555 vero

479 2553 791 2611 interfuisse
820 2553 1151 2608 Ludovicum
1201 2553 1581 2622 imperatorem
1610 2554 1769 2608 docet
1818 2553 1907 2622 lvo
1934 2553 2067 2607 Uar-

479 2628 726 2681 nntensis
776 2633 932 2694 parte
971 2640 1043 2684 Ix,
1078 2639 1194 2694 cap.
1241 2621 1329 2679 82.
1370 2623 1604 2677 Praebuit
1648 2624 1751 2678 ista
1800 2621 2067 2694 Agobardi

482 2692 799 2752 substitutio
855 2692 1159 2749 materiam'
1186 2695 1546 2758 sermonibus,
1591 2695 1661 2749 ob
1714 2692 1959 2756 violatos,
2010 2700 2071 2745 ut

480 2766 788 2828 videbatur,
826 2774 1068 2818 ve.ustos
1114 2779 1381 2827 canones;
1420 2779 1557 2828 quos
1588 2764 1824 2818 illibatos
1862 2763 2070 2817 servari

483 2836 680 2891 debere
708 2835 1123 2897 contendebant,
1151 2848 1325 2902 neque
1352 2834 1542 2887 violari
1571 2848 1730 2903 posse
1751 2847 2072 2903 quacunque

484 2919 552 2960 ex
597 2920 804 2974 causas
836 2903 1132 2972 anleiter
1162 2913 1338 2958 autem
1369 2914 1653 2974 peccatum
1704 2904 1983 2957 videbatur
2016 2903 2070 2955 in

482 2990 737 3032 canones.
790 2972 1059 3039 Primum,
1100 2975 1225 3046 quia
1275 2972 1559 3046 constabat
1605 2975 1739 3029 duos
1766 2989 1941 3046 unani
1976 2988 2070 3046 ea-

482 3046 729 3102 tbedram
770 3061 964 3116 capere
1007 3043 1133 3100 non‘
1150 3059 1326 3114 posse.
1370 3044 1596 3110 Deinde,
1638 3045 1782 3116 quod
1828 3043 2072 3116 prnhibi-

2172 1860 2297 1916 erga
2365 1857 2617 1917 sanctos,
2676 1848 2740 1900 ad
2804 1863 3034 1917 quorttm
3095 1848 3449 1905 imitationem
3509 1848 3766 1905 hortatur

2170 1915 2362 1971 omnes
2400 1915 2760 1972 Christianos.
2800 1915 3258 1987 Superstitionem
3307 1921 3471 1987 igitur
3508 1921 3765 1977 inimicus

2170 1938 2362 1971 (“unus
2400 1938 2760 1972 unrlstluuos.
2801 1938 3258 1987 nupersuuonum
3307 1938 3322 1974 ι
3364 1938 3471 1975 Itur
3508 1938 3765 1977 mimicus

2170 1988 2441 2057 eapital'.s,
2485 1988 2651 2042 etiam
2684 2004 2872 2043 eorum
2927 1990 3210 2044 stultitiam
3255 1938 3607 2045 veﬁementer
3634 2007 3766 2047 exa-

2169 2059 2362 2128 gitavit
2392 2059 2482 2127 qui
2528 2060 2844 2131 grandinem
2885 2066 2937 2114 et
2990 2060 3227 2115 tonitrua
3258 2071 3594 2131 craterasque
3638 2061 3766 2118 οωιί

2170 2136 2523 2202 tempestates
2569 2130 2798 2184 excitari
2839 2145 2996 2202 posse
3034 2132 3300 2202 putabant
3343 2147 3444 2202 ope
3481 2130 3766 2202 magorum

2170 2199 2696 2271 ettincanatorum,
2750 2199 2886 2270 quos
2918 2201 2988 2255 ob
3023 2199 3127 2256 hoc
3159 2201 3334 2271 ipsum
3370 2199 3502 2257 aetas
3545 2199 3633 2257 illa
3673 2217 3768 2257 vo-

2170 2268 2331 2325 cabat
2379 2268 2983 2343 tem,,estarios.:Plane
3042 2268 3321 2343 magnum
3358 2273 3536 2327 virum
3597 2272 3766 2328 fuisse

2170 2354 2488 2414 persuasum
2531 2341 2731 2414 habeo.
2768 2340 2874 2397 Sed
2901 2357 3008 2396 uno
3033 2340 3268 2414 pessimo
3300 2341 3561 2409 facinore,
3605 2344 3766 2414 quid-

2169 2411 2300 2481 quid
2340 2412 2582 2466 nonnulli
2631 2421 2819 2467 contra
2870 2415 3128 2479 sentiant,
3159 2412 3387 2468 illustria
3414 2430 3511 2469 sua
3556 2411 3767 2469 facino-

2173 2497 2235 2535 ra
2284 2481 2636 2553 ingentesque
2680 2483 2906 2553 virtutes
2927 2484 3362 2539 commaculavit.
3394 2484 3526 2540 Nam
3582 2495 3765 2540 trans-

2171 2552 2391 2621 gressus
2454 2552 2506 2605 in
2553 2561 2734 2627 pnites
2757 2552 2997 2608 Lozharii
3029 2554 3279 2627 AuguSIi,
3308 2557 3401 2625 qui
3431 2556 3768 2611 Ludovicum

2170 2630 2397 2695 patrem
2421 2638 2565 2676 anno
2593 2624 2699 2678 835
2734 2639 2799 2677 eo
2827 2639 2996 2693 usque
3038 2624 3343 2695 deprimere
3383 2641 3547 2682 ausus
3571 2636 3677 2690 est,
3706 2632 3771 2681 ut

2173 2693 2338 2767 etiam
2388 2694 2710 2767 i_n__eareere
2748 2693 3121 2759 concluderet,
3174 2697 3620 2766 ptenitcntxteque
3670 2712 3770 2767 puo

2172 2761 2326 2838 tilica:
2348 2762 2524 2838 addici
2555 2773 2904 2838 procuraret;
2935 2761 3332 2838 transgressus,
3358 2761 3602 2837 inquam,
3624 2761 3771 2838 Ago-

2173 2832 2377 2888 bardus
2420 2833 2472 2887 in
2520 2843 2703 2901 partes
2726 2833 2989 2893 Lotliarii.
3036 2832 3184 2891 tanta
3222 2837 3385 2891 animi
3418 2832 3771 2893 contentione

2174 2917 2239 2958 ac
2289 2904 2584 2974 pertinacia
2620 2920 2726 2977 ras
2757 2905 2923 2960 tuitus
2951 2915 3054 2969 est,
3109 2915 3169 2961 ut
3206 2908 3293 2961 vel
3342 2908 3411 2962 ob
3441 2908 3545 2963 hoc
3590 2909 3768 2977 ipsum

2175 2984 2564 3047 annumeratus
2587 2976 2657 3047 sit
2693 2977 2835 3030 inter
2864 2979 3163 3047 praecipuos
3195 2978 3540 3033 Lothariana:
3575 2976 3769 3033 factio-

2174 3045 2261 3099 nis
2301 3052 2570 3100 auctores.
2622 3045 2699 3101 Ea
2748 3049 2813 3101 de
2860 3045 3044 3103 causa
3068 3050 3137 3101 ab
3177 3049 3434 3104 Ecclesia:
3472 3048 3767 3117 praesulatu

482 3125 599 3192 tum
617 3117 693 3192 _sit
746 3132 813 3171 ne
838 3114 968 3187 quis
1001 3118 1294 3192 episcopus
1321 3114 1691 3172 successorem
1724 3115 1827 3192 sibi
1879 3114 2063 3185 eligat.
2096 3130 2142 3192 ο
2175 3124 2521 3192 semotnsest
2546 3118 2870 3192 auctoritate
2900 3118 3089 3192 syn_o:li
3116 3135 3236 3186 qua:
3263 3135 3404 3173 anno
3432 3114 3537 3173 835
3576 3120 3766 3192 habita

481 3186 724 3244 Cessisse
754 3186 931 3242 tamen
969 3186 1400 3243 contradictores
1452 3196 1684 3243 constat.
1724 3186 1896 3252 Quam
1942 3200 2071 3240 vero

482 3258 554 3314 ob
572 3273 792 3313 causam
821 3259 1109 3324 cesserint,
1141 3275 1249 3313 non
1289 3266 1524 3314 constat.
1576 3257 1689 3325 Ego
1716 3256 1875 3312 facile
1897 3256 2072 3310 credi-

483 3329 676 3400 derim,
719 3328 1063 3400 Agobardum
1113 3331 1347 3399 propriis
1386 3329 1678 3400 virtutibus
1723 3337 1778 3383 et
1812 3326 2073 3400 principis

482 3398 674 3470 optimi
728 3397 921 3454 studiis
968 3397 1231 3470 adjutitm,
1261 3399 1608 3470 pnevaluisse
1646 3400 1907 3453 adversus
1931 3397 2069 3452 invi-

484 3469 615 3536 dos;
645 3479 757 3540 tum
784 3471 949 3540 etiam
980 3470 1104 3540 quia
1128 3469 1426 3525 Leidradus
1464 3470 1517 3524 in
1545 3483 1666 3523 eum
1692 3470 2069 3540 inclinaverat,

484 3541 571 3597 vir
597 3541 653 3594 in
674 3538 795 3607 aula
820 3538 1229 3605 celeberrimus,
1260 3550 1317 3596 et
1338 3541 1432 3611 qui
1464 3540 1782 3611 novissimo
1830 3538 2072 3611 facinone

487 3625 741 3682 magnam
764 3611 867 3682 sibi
893 3613 1271 3682 auctoritatem
1303 3610 1953 3682 conciliassevidebatur.
2008 3610 2075 3666 Et

483 3681 771 3737 exstabant
822 3681 1052 3751 plurima
1104 3682 1349 3750 exempla
1402 3698 1471 3737 ex
1533 3681 1897 3751 antiquitate,
1950 3696 2073 3751 qua:

487 3751 927 3825 substitutionem
982 3752 1130 3825 illam
1161 3754 1342 3825 peragi
1374 3751 1857 3825 sinerentalncidit
1890 3762 2070 3808 autem

481 3823 807 3895 Agobardus
837 3823 890 3878 in
921 3824 1157 3894 pessima
1204 3832 1258 3880 et
1290 3823 1752 3879 exulceratissimi
1805 3833 2069 3894 tempora,

484 3893 937 3965 quemadmodum
990 3895 1104 3965 ipse
1137 3910 1242 3949 non
1281 3895 1448 3951 semel
1500 3896 1872 3965 conqueritur.
1920 3893 2074 3950 Reti-

484 3965 606 4037 nuit
654 3973 834 4037 tamen
869 3966 1012 4020 inter
1046 3968 1161 4021 haec
1192 3974 1494 4037 temporum
1528 3965 1665 4021 mala
1705 3965 2070 4023 constantiam

484 4035 738 4104 episeopo
784 4035 1022 4106 dignam,
1073 4040 1158 4090 vir
1213 4035 1410 4093 cetera
1462 4038 1700 4101 timidus,
1748 4046 1805 4091 et
1844 4037 2068 4107 quivis

487 4118 673 4160 coram
727 4105 1068 4178 Inagitatibus
1097 4108 1320 4178 auderet
1358 4107 1526 4178 loqui.
1568 4107 1702 4161 Nam
1731 4105 1888 4162 suum
1922 4105 2072 4161 illum

564 4178 747 4229 dorem
785 4190 847 4229 ac
880 4176 1225 4231 timiditatem
1281 4177 1297 4231 i
1336 4193 1396 4233 se
1432 4176 1633 4246 ‘freque
1659 4186 1758 4231 .ter
1815 4177 2067 4232 inculcat.

485 4189 765 4300 Summane
791 4260 918 4300 vero
955 4246 1233 4300 incanduit
1253 4196 1539 4300 ad’versum
1566 4247 1801 4300 Judaeos.
1839 4263 2067 4300 auorum

533 4246 765 4318 rtecipue
791 4260 918 4301 vero
955 4246 1233 4318 incanduit
1253 4246 1539 4304 adversum
1566 4247 1801 4312 Judaeos,
1839 4263 2071 4318 quorum

486 4313 683 4399 impios
714 4316 849 4399 ritus
878 4313 1625 4399 profanasque__ca-.remonias
1666 4328 1721 4399 et
1764 4313 2071 4399 detestaba-

488 4386 579 4463 tur
604 4396 665 4463 _et
693 4386 899 4442 aboleri
929 4386 1200 4458 cupiebat.
1236 4389 1375 4445 Hinc
1401 4406 1592 4463 graves
1624 4392 1889 4463 adversus
1924 4389 2068 4459 Ago-

485 4451 713 4532 bardum
770 4451 1117 4532 tempestates
1158 4469 1229 4532 et
1283 4451 1553 4532 procvellae.
1618 4459 1850 4532 Strinxit
1902 4451 2069 4532 etiam

487 4529 710 4600 stylum,
739 4537 795 4600 et
814 4530 1031 4599 quidem
1057 4529 1361 4596 acriter,'et
1386 4547 1491 4586 non
1526 4548 1635 4585 uno
1656 4532 1792 4594 loco,
1819 4531 1873 4585 in
1897 4531 2070 4600 legem

487 4598 899 4673 Gundobadam,
925 4615 1089 4673 quam
1120 4601 1308 4671 pietati
1343 4618 1408 4656 ac
1431 4602 1762 4673 simplicitati
1794 4598 2067 4673 Christia-

487 4685 573 4725 na:
632 4671 787 4724 valde
828 4672 1163 4725 contrariam
1214 4687 1337 4727 esse
1405 4671 1771 4727 existimabat.
1832 4672 2070 4727 Robusto

487 4740 653 4795 etiam
689 4755 754 4795 ac
782 4742 995 4796 erudite
1019 4757 1218 4797 nervos
1254 4758 1380 4797 suos
1409 4744 1639 4798 intendit
1672 4743 1931 4798 adversus
1977 4758 2038 4798 er

487 4824 611 4865 rore
637 4828 665 4863 n
702 4809 897 4867 Felicis
945 4813 1187 4883 episcopi
1221 4813 1563 4885 Urgellensis,
1597 4814 1687 4885 qui
1738 4814 1898 4884 paulo
1944 4822 2070 4869 ante

486 4891 880 4956 mortuuserat
913 4886 1054 4955 apud
1087 4891 1274 4939 urbem
1307 4884 1741 4956 Lugdunensem.
1786 4886 2070 4941 Canonum

488 4950 544 5006 in
595 4952 787 5028 primis
818 4950 1110 5028 perpetuus
1148 4972 1214 5011 ac
1241 4950 1499 5028 constans
1526 4956 1797 5020 defensor,
1841 4966 1902 5012 ut
1937 4973 2070 5028 gna-

487 5036 611 5087 rus;
658 5023 793 5099 adeo
821 5023 1071 5099 utetiam
1101 5028 1372 5099 itomanos
1399 5025 1481 5082 sui
1538 5027 1794 5098 temporis
1833 5023 2072 5099 graviter

410 5118 414 5122 ~
486 5095 841 5219 gerstringat,
900 5097 1044 5165 quod
1094 5096 1403 5153 Gallicanos
1452 5095 1689 5154 canoiies
1723 5102 1792 5154 ob
1837 5095 1983 5164 eam,
2022 5099 2070 5155 si

531 5165 713 5219 uneris
767 5167 965 5219 placet.
1018 5183 1239 5219 casam
1293 5177 1721 5219 contemnerent.
1787 5171 1931 5219 onod
1975 5185 2070 5219 eos

531 5165 965 5240 operis:p_lacet,
1003 5183 1239 5240 causam
1293 5177 1721 5235 contemnerent,
1787 5171 1931 5240 quod
1975 5185 2070 5226 eos

488 5236 750 5311 neoterici
789 5237 1016 5311 Romani
1062 5254 1175 5311 non
1228 5241 1740 5306 commendaverint,
1797 5236 1882 5295 vel
1927 5242 2070 5311 quod

488 5305 649 5377 legati
674 5306 901 5362 Romani
933 5323 1035 5363 ι.οη
1058 5310 1403 5366 interfuerint
1430 5312 1483 5366 in
1517 5327 1705 5367 eorum
1730 5305 2071 5367 Constitutio-

490 5392 597 5452 ne.
625 5377 852 5452 _Miruni,
901 5380 948 5435 si
993 5381 1075 5436 vir
1121 5382 1192 5435 ita
1231 5382 1563 5452 compositus
1615 5398 1720 5437 non
1751 5382 2071 5437 incurrisset

488 5447 747 5524 invidiam
802 5450 1077 5507 hominum
1109 5452 1283 5507 aetatis
1309 5447 1437 5507 suae.
1499 5454 1684 5524 Itaque
1709 5469 1843 5521 opus
1884 5452 2072 5507 habuit

488 5519 790 5593 apologiam
841 5538 939 5593 pro
977 5539 1038 5578 se
1083 5524 1322 5593 scribere
1366 5524 1431 5578 ad
1449 5519 1625 5579 .‘eisus
1666 5519 1966 5577 calumnias
2015 5530 2070 5577 et

487 5590 912 5666 obtrectationes
940 5596 1148 5649 abbatis
1200 5592 1497 5666 Frefegisi.
1549 5595 1648 5666 _viri
1679 5594 1877 5666 atioqui
1930 5594 2070 5666 cele-

488 5659 729 5734 bernimi,
792 5666 1029 5734 itemque
1075 5666 1335 5720 adversus
1379 5659 1649 5733 Quosdam
1707 5659 2069 5719 Provinciales

487 5738 544 5807 et
587 5729 1313 5807 Septimanos'Agobardieo
1367 5729 1570 5807 nomini
1627 5735 1709 5788 val
1731 5737 1785 5795 le
1832 5735 2065 5807 iniquos.

480 5799 634 5875 inter
659 5799 807 5875 hac,
851 5799 1186 5865 incalescens
1226 5806 1455 5878 quiestio
1486 5806 1562 5863 de
1603 5799 2069 5864 adoratione'cul-

2173 3194 2258 3259 est
2286 3186 2359 3245 ad,
2388 3186 2699 3243 Theodonis
2731 3186 2941 3260 villam.
2980 3188 3212 3260 ilursum
3242 3204 3306 3242 ea
3339 3204 3504 3244 causa
3561 3190 3766 3260 agieata

2172 3258 2257 3330 est
2292 3272 2434 3330 anno
2494 3259 2740 3327 sequenti
2790 3261 2930 3328 apud
2977 3258 3362 3323 Stramiacum,
3396 3260 3539 3314 haud
3575 3258 3769 3330 procul

2171 3326 2288 3399 Lug
2308 3329 2466 3399 luno;
2511 3326 2603 3383 sed
2631 3330 2777 3383 nullo
2804 3326 3023 3391 eventu,
3055 3340 3277 3399 propter
3302 3326 3602 3385 absentiam
3626 3331 3766 3399 Ago-

2171 3398 2348 3452 liardi.
2382 3398 2618 3454 Tandem
2645 3416 2767 3453 eum
2796 3410 3048 3453 revocata
3079 3398 3368 3455 concordia
3411 3400 3601 3457 fuisset
3624 3398 3767 3456 inter

2175 3469 2507 3541 Ludovieuin
2564 3486 2628 3524 ac
2682 3469 2996 3525 Lotharium
3025 3510 3040 3535 ,
3086 3470 3407 3541 Agobardns
3457 3473 3524 3525 ad
3581 3474 3765 3527 sedem

2172 3554 2328 3594 suam
2378 3540 2555 3595 redire
2606 3542 2904 3610 permissus
2958 3548 3061 3595 est.
3103 3540 3333 3596 Demum
3380 3542 3513 3596 abiit
3555 3558 3586 3597 e
3630 3541 3766 3596 vivis

2174 3610 2620 3683 apudSantones
2643 3611 2946 3681 Aquitania:
2996 3612 3249 3668 secunda:
3288 3611 3614 3683 p0pulos,in
3668 3626 3765 3667 ex-

2173 3682 2446 3806 peditione
2479 3682 2645 3753 regia,
2671 3698 2833 3747 anno,
2872 3690 2933 3736 ut
2953 3698 3053 3754 ego
3081 3683 3299 3752 quidem
3345 3682 3604 3747 arbitror,
3634 3682 3760 3739 840.

2221 3768 2308 3805 am
2334 3767 2400 3806 eo
2446 3768 2589 3806 anno
2616 3753 2922 3806 Ludovicus
2943 3752 3262 3806 iumen-ator.
3301 3762 3360 3806 ut
3390 3755 3654 3806 scriptum
3680 3760 3760 3806 est

2221 3768 2308 3824 am
2334 3767 2400 3807 eo
2446 3752 2589 3806 anno
2603 3753 2922 3824 Ludovicus
2943 3752 3262 3824 imperator,
3301 3762 3360 3807 ut
3390 3755 3654 3824 scriptum
3680 3760 3766 3809 est

2175 3823 2228 3877 in
2279 3821 2582 3878 Annalibus
2602 3823 2949 3887 Bertinianis,
2995 3821 3046 3879 in
3090 3824 3377 3893 Aquitania
3425 3821 3546 3889 fuit,
3584 3834 3765 3880 motus

2172 3893 2529 3961 Aquitanicos
2578 3909 2903 3964 componere
2942 3904 3214 3964 satagens.
3263 3895 3380 3961 Quo
3417 3895 3580 3950 etiam
3621 3909 3766 3949 anno

2171 3965 2521 4034 Agoliarzlum
2558 3965 2759 4021 obiisse
2782 3981 2877 4019 vui
2907 3966 3031 4021 ldus
3058 3965 3182 4020 Julii
3237 3966 3405 4020 tradit
3426 3976 3617 4020 auctor
3640 3967 3765 4020 bre-

2172 4035 2340 4108 vioris
2364 4034 2619 4092 Chroniei
2662 4035 2720 4091 S.
2761 4036 2984 4108 Benigni
3012 4036 3375 4108 Divionensis.
3429 4036 3510 4091 Ex
3543 4035 3766 4108 scriptis

2173 4106 2291 4175 ejus
2328 4123 2449 4178 quae
2475 4117 2690 4161 exstant
2732 4105 2955 4178 apparet
2990 4119 3174 4163 notum
3222 4106 3387 4162 fuisse
3432 4122 3496 4162 ac
3532 4105 3765 4178 familia-

2174 4192 2288 4232 rem
2312 4177 2634 4232 clarissiinis
2665 4177 2842 4233 mta’ti’s
2867 4178 3010 4234 illius
3055 4179 3210 4244 viris,
3250 4178 3457 4233 Eb'oni
3508 4177 3764 4232 nimirum

2174 4247 2464 4319 Rhemensi
2509 4248 3257 4319 archiepiscoporBernardo
3299 4248 3615 4319 Viennensi,
3670 4247 3764 4303 Ni-

2172 4318 2350 4372 bridio
2384 4327 2438 4372 et
2482 4318 2875 4374 Bartholoimeo
2922 4318 3384 4383 Narbonens.bus,
3428 4318 3758 4383 Adalbardo,

2173 4387 2361 4452 Walze,
2421 4388 2789 4455 Helisacharo,
2837 4398 2885 4444 et
2940 4389 3213 4455 Hilduiuo,
3268 4390 3573 4451 abbatibus,
3626 4387 3766 4445 Mat-

2174 4458 2326 4515 freJo
2375 4463 2558 4544 comiti
2594 4462 3003 4544 A.ureli..‘nensi_,
3055 4462 3149 4544 qui
3193 4457 3648 4544 principem‘tutn
3676 4460 3765 4544 lo-

2174 4546 2294 4601 cum
2346 4530 2625 4586 obtinebat
2679 4531 2819 4601 apud
2875 4529 3211 4587 Ludovicuni
3266 4529 3442 4597 Pium,
3495 4529 3764 4587 Walfrido

2173 4600 2426 4672 Straboni
2481 4603 2662 4657 abbati
2709 4600 2987 4672 Augiensi.
3037 4603 3121 4657 An
3169 4616 3299 4657 vero
3332 4617 3432 4672 per
3467 4601 3765 4658 triennium

2171 4671 2335 4726 fuerit
2363 4672 2530 4727 abbas
2561 4671 2874 4726 monasterii
2913 4674 3087 4728 sancti
3115 4671 3352 4726 Medardi
3404 4672 3765 4727 Suessionen-

2171 4742 2265 4813 sis,
2297 4750 2356 4796 ut
2385 4741 2588 4813 placuit
2609 4743 2956 4813 quibusdam,
2979 4742 3048 4798 ab
3073 4756 3216 4797 anno
3242 4742 3503 4813 nimirum
3519 4742 3624 4797 850
3654 4757 3764 4812 quo

2171 4812 2457 4869 Hildninus
2507 4812 2674 4869 abbas
2702 4813 2757 4868 in
2802 4815 3053 4869 exsilium
3086 4814 3283 4869 missus
3304 4822 3391 4868 est
3426 4829 3456 4868 a
3482 4812 3763 4868 Ludovico

2169 4882 2290 4949 Pio,
2321 4885 2442 4940 aliis
2469 4885 2867 4940 discutiendum
2898 4886 3163 4955 relinquo.
3193 4886 3372 4955 Atque
3402 4886 3516 4939 haec
3543 4883 3609 4939 de
3651 4885 3762 4939 vita

2168 4955 2440 5028 Agobardi
2468 4956 2674 5013 dixisse
2718 4956 2967 5013 sufﬁciat.
3010 4956 3167 5012 Nunc
3195 4956 3264 5011 ad
3310 4956 3615 5011 institutum
3662 4968 3762 5010 no-

2170 5037 2284 5081 stru
2292 5045 2341 5081 In
2373 5037 2581 5082 reverta
2591 5044 2675 5083 mu
2684 5044 2728 5083 l‘.

2243 5109 2268 5139 ει
2316 5096 2619 5170 Rediuiuum
2661 5100 2922 5155 narresim.
2971 5099 3180 5170 Quippe
3221 5096 3495 5154 Feliciana
3537 5096 3763 5170 haeresis

2170 5167 2685 5253 prppag‘ata'esuex
2738 5171 2951 5253 haeresi
2978 5167 3304 5253 .Nes't'oriana
3332 5186 3357 5253 _;
3383 5179 3454 5251 ,ιιι
3513 5167 3766 5253 ostendet

2172 5239 2310 5295 infra
2353 5240 2691 5309 Agobardus,
2740 5252 2796 5296 et
2826 5243 3018 5297 scribit
3062 5242 3226 5296 etiam
3266 5240 3536 5295 Adrianus
3565 5239 3587 5294 ι
3621 5255 3763 5311 papa

2172 5255 2310 5295 intra
2353 5255 2691 5309 agonarans,
2740 5255 2796 5296 et
2826 5255 3018 5297 scribit
3062 5255 3226 5296 etiam
3266 5255 3536 5295 Adrianus
3565 5255 3587 5294 ι
3621 5255 3763 5362 papa

2170 5312 2533 5386 ad_llispanos
2558 5317 2839 5383 episcopos
2865 5314 2926 5386 in
2947 5313 3145 5386 Codice
3170 5311 3434 5386 C_arolino_
3459 5312 3561 5386 tit._
3583 5310 3633 5386 9_
3660 5349 3688 5386 ._
3713 5380 3724 5386 _
3816 5381 3820 5386 '

2243 5382 2270 5421 δ
2324 5380 2549 5437 Obsecro
2593 5380 3071 5439 Mansuetudinem.
3122 5382 3394 5437 Imitatum
3423 5382 3563 5438 haud
3601 5380 3764 5437 dubio

2171 5467 2239 5506 ex
2286 5452 2463 5507 libello
2493 5453 2721 5509 Precum
2772 5454 3065 5509 Marcellini
3093 5463 3149 5509 et
3191 5453 3433 5508 Faustini
3480 5452 3760 5523 presbyte-

2172 5538 2375 5586 rorum,
2411 5525 2608 5597 quisic
2634 5526 2857 5596 incipit:
2898 5525 3257 5597 Deprecamur
3304 5521 3761 5597 mansuetudinem

2172 5589 2662 5667 vestrarm-piissimi
2690 5589 3052 5667 Imperatores,
3109 5593 3491 5667 Valentiniane,
3521 5589 3763 5667 Theotin

2170 5666 2237 5736 εἰ,
2260 5676 2306 5718 et
2336 5660 2552 5727 Arcadi,
2586 5677 2641 5719 ut
2668 5669 2699 5720 Ιι
2722 5660 2778 5719 «ὲ
2825 5666 2880 5720 in
2920 5660 3358 5736 contemplatione
3403 5662 3601 5736 Christi
3629 5660 3762 5736 _Filis'

2172 5734 2407 5861 Ι)εὲᾳυί
2444 5745 2668 5818 vestrum
2685 5738 2837 5808 juvat
2864 5732 3167 5810 imperium,
3192 5734 3598 5806 infatigabiliter
3625 5732 3767 5804 lege-

2173 5822 2228 5861 re
2293 5822 2560 5861 tenemini.

2173 5822 2228 5862 re
2256 5822 2560 5878 dignemini.
