4088 6344
540 348 623 444 ’35

1520 381 1582 441 s.
1620 372 1975 443 AGOBARDI
2006 374 2320 440 EPISCOPI
2354 348 2844 444 mouerimus
3756 392 3828 452 se

542 494 721 560 handa
746 500 944 573 putant
963 508 1162 561 cuncta
1188 515 1311 576 quae
1339 494 1504 570 dixit;
1529 501 1835 558 nescientes
1858 499 1986 572 quia
2026 516 2135 556 non
2162 504 2210 565 Α
2238 500 2307 557 Et
2326 508 2387 557 ut
2432 501 2571 559 alius
2623 496 2811 561 doctor
2856 502 2991 561 dicit
3040 501 3224 578 (Aug,
3272 503 3331 562 in
3372 503 3524 565 Psal.
3574 514 3778 589 cxnvn)
3813 535 3828 573 :

544 614 609 654 ex
632 599 740 652 vita
764 597 1004 655 hominis
1023 596 1297 657 metienda
1323 604 1409 653 est
1439 595 1591 662 ﬁdes,
1614 594 1708 652 sed
1736 607 1762 637 ι
1789 610 1857 650 ex
1880 593 1985 651 ﬁde
2008 608 2139 665 pro-

522 684 720 763 V'handa
754 690 995 747 estvita.
1030 689 1354 762 Quanquam
1384 690 1527 747 enim
1558 687 1715 744 multi
1737 688 1877 744 bene
1910 688 2137 747 creden-

543 790 645 848 tes,
678 782 819 839 male
860 782 1093 839 vivendo
1132 791 1394 854 pereant;
1440 781 1619 839 nullus
1645 791 1825 837 tamen
1851 780 1992 837 male
2016 797 2137 838 cre-

543 864 699 939 dens,
722 874 860 935 bene
880 860 1113 931 vivendo
1139 874 1398 931 salvator.
1426 862 1606 931 Solius
1629 874 1773 930 enim
1800 874 2138 945 omnipoten-

526 954 611 1021 “t'is
642 964 738 1022 Dei
775 975 859 1022 est
915 982 1078 1023 nosse
1122 966 1337 1023 occulta
1392 966 1694 1032 hominum,
1733 964 1817 1020 vel
1846 965 1968 1036 quis
2009 982 2133 1023 cum

530 1046 958 1133 .i'eprehensibili
1008 1059 1120 1114 vita
1169 1058 1428 1114 humilem
1494 1065 1732 1113 mentem
1790 1065 1986 1129 gestet,
2039 1067 2134 1114 aut

537 1140 662 1219 quis
693 1148 722 1188 ι)
753 1136 889 1207 cum
924 1138 1184 1207 laudabili
1225 1149 1335 1205 vita
1377 1150 1688 1219 superbam.
1740 1148 1945 1206 Neuter
1985 1151 2131 1207 enim

537 1226 813 1310 perfectus
837 1249 940 1298 est.
973 1238 1083 1298 Sed
1106 1243 1227 1314 quis
1257 1258 1288 1297 e
1314 1241 1523 1298 duobus
1570 1243 1745 1314 magis
1769 1247 1982 1300 auctori
2011 1245 2127 1302 dis-

526 1324 757 1402 pliceat,
823 1333 902 1388 illi
946 1333 1048 1390 soli
1096 1334 1335 1405 suppetit
1383 1348 1564 1391 nosse.
1626 1333 1841 1392 Scimus
1893 1353 2130 1408 namque

516 1408 665 1496 aquia
692 1424 785 1494 qui
839 1425 1179 1483 inﬁrmitatis
1225 1441 1338 1482 sum
1380 1427 1521 1482 bene
1572 1426 1677 1483 sibi
1724 1436 1851 1483 sunt
1901 1430 2126 1496 conscii,

524 1499 753 1575 sanctos
786 1532 847 1574 se
874 1532 1018 1586 esse,
1055 1517 1272 1574 etiamsi
1298 1520 1367 1573 ab
1393 1518 1516 1574 aliis
1544 1519 1816 1586 dicantur,
1853 1536 1961 1576 non
2003 1536 2128 1577 cre-

478 1630 479 1633 η
532 1592 688 1662 dunt.
738 1608 843 1675 Qui
888 1618 1071 1666 autem
1116 1616 1342 1681 propter
1388 1610 1590 1665 bonam
1642 1612 2126 1679 conversationem,

516 1698 657 1755 dum
684 1700 973 1757 laudantur
998 1702 1068 1759 ab
1110 1702 1252 1768 aliis,
1289 1710 1510 1760 sanctos
1558 1718 1619 1759 se
1661 1718 1782 1760 esse
1824 1702 2125 1771 conﬁdunt,

527 1796 583 1851 et
610 1780 834 1851 idoneos
862 1808 920 1849 se
947 1801 1145 1865 putant
1178 1793 1598 1864 adjudicandum
1638 1802 1869 1851 caeteros
1906 1803 1962 1851 et
1992 1795 2130 1852 alios

2238 594 2392 651 Sicut
2430 594 2715 668 virginitas
2763 597 2966 663 carnis,
3011 611 3210 668 corpus
3260 599 3523 656 intactum
3575 612 3695 672 est;
3751 606 3829 664 ita

2220 686 2519 759 virginitas
2589 690 2804 756 animae,
2856 689 2989 746 ﬁdes
3054 689 3391 763 incorrupta.
3449 712 3468 746 ι
3518 691 3611 750 Ait
3662 699 3832 756 etiam

2236 779 2420 852 (Aug,
2450 779 2624 835 Tract.
2653 797 2750 836 Vill
2773 782 2827 835 in
2855 780 3058 853 Evang.
3083 782 3270 856 Joan.)
3300 798 3315 837 :
3345 801 3366 835 ι
3404 783 3500 842 Sic
3521 794 3608 843 est
3625 790 3833 849 veritas

2234 869 2505 939 Christus,
2550 881 2611 928 ut
2638 878 2808 926 totum
2833 887 3023 928 verum
3068 874 3370 945 accipiatur
3401 875 3458 932 in
3492 876 3714 937 Christo
3738 898 3833 939 ve-

2231 979 2352 1018 rum
2379 962 2613 1020 Verbum
2642 962 2759 1030 Dei,
2783 963 2926 1020 Deus
2969 964 3191 1035 aequalis
3217 965 3389 1035 Patri,
3431 983 3563 1026 vera
3607 958 3813 1042 animo,

2231 1069 2364 1111 vera
2401 1070 2549 1121 caro,
2580 1060 2743 1111 verus
2784 1053 2967 1123 homo,
2994 1070 3158 1113 verus
3197 1056 3362 1127 Deus,
3386 1074 3518 1117 vera
3548 1062 3827 1134 nativitas,

2235 1155 2259 1186 ο
2290 1163 2419 1203 vera
2460 1148 2663 1219 passio.
2693 1140 2750 1205 Si
2780 1144 2986 1219 aliquid
3031 1148 3122 1205 hic
3152 1150 3358 1206 dixeris
3398 1149 3620 1222 falsum,
3656 1154 3834 1213 intrat

2230 1241 2494 1311 putredo,
2554 1241 2620 1296 de
2676 1246 2886 1296 veneno
2948 1242 3219 1311 serpentis
3271 1253 3576 1301 nascuntur
3613 1260 3832 1305 vermes

2231 1331 2659 1398 mendaciorum,
2712 1334 2767 1388 et
2820 1331 2955 1387 nihil
3007 1332 3278 1405 integrum
3328 1326 3654 1393 remanebit.
3688 1337 3829 1406 Quia

2230 1420 2323 1479 ubi
2351 1420 2517 1478 fuerit
2539 1422 2662 1478 falsi
2694 1423 2920 1495 alicujus
2962 1424 3260 1497 corruptio,
3293 1423 3366 1481 ibi
3405 1427 3657 1484 veritatis
3687 1430 3830 1485 inte-

2229 1515 2401 1586 gritas
2431 1532 2540 1571 non
2568 1516 2695 1571 erit.
2731 1536 2751 1570 ι
2780 1516 2978 1572 Valent
3005 1525 3189 1573 autem
3227 1518 3458 1576 multum
3494 1520 3565 1578 ad
3597 1536 3828 1595 perpen-

2230 1604 2466 1661 dendam
2497 1606 2851 1664 subtilitatem
2875 1607 3148 1677 veritatis,
3180 1620 3310 1680 quae
3337 1606 3580 1670 dicturus
3617 1631 3738 1671 sum
3771 1616 3829 1672 in

2229 1694 2334 1753 hoc
2358 1697 2508 1766 loco;
2539 1696 2587 1755 si
2609 1707 2793 1755 tamen
2816 1704 3192 1772 competenter
3211 1700 3506 1760 valuissem
3539 1704 3827 1777 explicare

2230 1806 2352 1862 quae
2387 1790 2530 1847 dico.

516 1870 749 1952 quidem
775 1889 998 1954 propter
1027 1882 1197 1940 vitam
1237 1884 1535 1951 carnalem,
1577 1885 1716 1941 alios
1760 1894 1944 1941 autem
1993 1902 2120 1958 pro-
2147 1868 2198 1932 Β
2291 1880 2383 1938 IV.
2425 1876 2712 1939 Nestorius
2732 1880 3024 1940 hereticus
3049 1883 3132 1940 sic
3156 1882 3293 1943 duas
3313 1894 3540 1946 naturas
3566 1889 3622 1946 in
3660 1891 3828 1950 unico

526 1972 650 2046 pter
696 1973 1003 2033 fatuitatem
1058 1992 1251 2034 sensus
1297 1978 1628 2049 despiciunt,
1664 1980 1915 2035 omnibus
1940 1987 2123 2036 tamen

528 2062 921 2124 in'commune
968 2070 1283 2135 detrahunt,
1346 2086 1455 2127 non
1499 2078 1726 2142 possunt
1779 2071 1855 2125 illi
1908 2071 2123 2143 placere

510 2156 619 2229 qui
650 2154 788 2214 dixit
811 2170 837 2213 :‘
868 2154 1067 2215 Discite
1106 2178 1140 2214 α
1169 2177 1252 2214 me
1276 2160 1403 2232 quia
1448 2161 1591 2216 mitis
1634 2178 1752 2216 sum
1807 2171 1855 2215 et
1906 2158 2121 2218 humilis

526 2246 704 2306 corde.
737 2250 841 2320 Qui
867 2260 1055 2309 autem
1073 2269 1202 2311 vere
1228 2254 1444 2326 placere
1479 2254 1591 2310 Deo
1634 2262 1813 2321 curat,
1865 2250 2122 2327 Subjiciat

523 2341 762 2398 animam
814 2360 970 2399 suam
1012 2346 1126 2402 Deo
1162 2344 1301 2403 'cum
1354 2348 1502 2403 omni
1556 2348 1881 2403 humilitate.
1956 2342 2124 2406 Fides

514 2443 606 2509 est
629 2436 774 2491 enim
796 2437 971 2506 prima
996 2453 1118 2508 quae
1158 2439 1413 2512 subjugat
1457 2440 1697 2496 animam
1737 2439 1869 2506 Deo,
1922 2438 2120 2520 deinde

521 2528 792 2607 prmcepta
837 2528 1085 2597 vivendi;
1135 2531 1333 2601 quibus
1382 2532 1689 2597 custoditis,
1762 2546 1889 2602 spes
1930 2539 2121 2589 nostra

519 2616 795 2684 tinuatur,
819 2628 878 2674 et
904 2622 1150 2676 nutritur
1194 2622 1465 2678 charitas.
1519 2621 1657 2678 Cum
1705 2637 1839 2693 ergo
1882 2624 2120 2694 cognitio

516 2715 576 2766 et
612 2711 755 2767 actio
790 2712 1009 2767 beatum
1053 2711 1331 2768 hominem
1380 2708 1612 2780 faciant;
1664 2713 1807 2769 sicut
1844 2712 1900 2768 in
1941 2710 2123 2784 cogni-

512 2786 663 2858 lthne
690 2802 943 2859 vitandus
967 2804 1053 2860 est
1084 2818 1260 2871 error,
1309 2803 1387 2861 ita
1426 2806 1484 2862 in
1520 2804 1733 2862 actione
1759 2807 2004 2863 cavenda
2034 2808 2122 2865 est

508 2894 789 2964 nequitia.
1474 2898 1483 2905 ‘

504 3030 511 3037 .
590 2986 677 3046 lli.
739 2987 1104 3055 Quamobrem
1159 2989 1389 3046 obsecro
1440 2986 1788 3047 dilectionem
1851 2998 2115 3059 vestram,

506 3079 716 3151 “quibus
744 3081 848 3135 hoc
881 3092 1018 3150 opus
1057 3082 1423 3138 necessarium
1480 3099 1602 3140 esse
1645 3082 1787 3147 dico,
1820 3099 1928 3140 non
1962 3084 2119 3141 vobis

504 3164 764 3241 'injiciant
792 3170 1069 3231 fastidium
1098 3174 1261 3228 verba
1285 3174 1582 3244 simplicia;
1615 3176 1711 3230 sed
1751 3176 1935 3245 potius
1965 3175 2113 3232 dele-

514 3228 630 3317 ctet
654 3277 753 3315 vos
787 3264 999 3330 puritas
1046 3263 1188 3318 fidei.
1220 3228 1490 3330 Quoniam
1536 3228 1591 3321 in
1627 3228 1809 3322 verbis
1837 3267 2114 3323 disseren-
2138 3228 2185 3292 α

515 3353 674 3417 tium,
705 3358 764 3407 ut
792 3353 1013 3424 quidam
1040 3352 1263 3409 Patrum
1304 3356 1381 3410 ait
1403 3354 1588 3428 (Aug,
1612 3358 1676 3412 de
1700 3358 1884 3412 Doctr.
1912 3356 2109 3414 Christ.

516 3434 561 3502 l.
613 3462 690 3512 iv,
750 3462 800 3503 c.
860 3444 970 3519 li),
1032 3448 1236 3505 veritas
1293 3450 1524 3505 amanda
1571 3459 1674 3517 est,
1736 3467 1845 3506 non
1899 3453 2112 3508 verba:

500 3556 539 3589 ια
569 3538 710 3605 Quid
748 3539 895 3594 enim
922 3541 1146 3609 prodest
1179 3540 1350 3596 clavis
1386 3554 1575 3601 aurea.
1618 3542 1662 3597 si
1712 3541 1929 3613 aperire
1968 3543 2115 3613 quod

512 3628 763 3684 volumus
788 3640 893 3685 non
918 3637 1126 3699 potest:
1152 3628 1258 3685 Aut
1288 3630 1418 3701 quil
1466 3633 1624 3688 obest
1661 3632 1860 3705 lignea,
1914 3635 1958 3689 si
2009 3636 2115 3691 hoc

515 3727 717 3791 potest,
763 3720 978 3791 quando
1025 3720 1159 3777 nihil
1212 3722 1529 3793 qumrimus,
1578 3725 1683 3780 nisi
1732 3735 1919 3796 patere
1968 3727 2112 3796 quod

504 3812 757 3869 clausum
779 3816 901 3869 est?
935 3834 954 3867 ι
993 3813 1097 3882 Qui
1130 3824 1312 3870 autem
1332 3817 1555 3871 omnino
1576 3818 1903 3890 dedignatur
1934 3819 2114 3890 legere

512 3912 721 3968 nostra,
779 3906 942 3961 habet
991 3907 1082 3963 hic
1142 3908 1483 3964 suliicienter
1525 3917 1841 3966 sanctorum
1888 3910 2110 3967 Patrum

512 3998 810 4054 Sententias
837 4000 1093 4066 adnexus,
1129 4002 1327 4072 quibus
1355 4002 1603 4059 conferat
1632 4021 1852 4061 sensum
1884 4002 2105 4062 Felicis.

514 4084 749 4144 Tantum
778 4107 885 4146 non
913 4095 1150 4165 negligat
1177 4096 1245 4150 ad
1269 4112 1459 4151 earum
1489 4099 1733 4168 regulam
1764 4100 1922 4154 fidem
1954 4117 2108 4155 suam

504 4180 802 4251 puriﬁcare
833 4200 847 4235 :
880 4184 1026 4253 quia,
1073 4193 1135 4238 ut
1183 4185 1373 4242 beatus
1413 4187 1744 4242 Athanasius
1792 4189 1867 4242 ait
1900 4207 1912 4238 ε
1950 4208 1971 4240 ‹
2023 4190 2112 4245 Fi-

513 4269 636 4325 dem
660 4270 982 4327 Catholicam
1038 4274 1143 4328 nisi
1190 4276 1312 4345 quis
1364 4276 1633 4349 integram
1686 4278 2110 4351 inviolatamque

515 4364 839 4431 Scrvaverit,
890 4365 1097 4437 absque
1160 4365 1326 4422 dubio
1384 4367 1440 4422 in
1493 4377 1759 4426 internum
1807 4371 2026 4441 peribit.
2082 4392 2101 4424 ι

2222 1972 2361 2031 Filio
2394 1970 2493 2033 Dei
2517 1973 2750 2032 Domino
2779 1983 2972 2034 nostro
3002 1974 3132 2033 Jesu
3158 1977 3378 2037 Christo
3404 1980 3599 2038 dividit
3630 1998 3697 2041 ac
3733 1996 3825 2041 se-

2221 2074 2401 2140 parat,
2436 2076 2498 2123 ut
2542 2069 2600 2124 in
2644 2066 3012 2140 disputatione
3058 2069 3330 2143 dogmatis
3364 2073 3448 2129 sui
3483 2075 3562 2131 sic
3605 2075 3673 2131 de
3711 2093 3826 2134 uno

2223 2158 2380 2230 quasi
2430 2157 2499 2215 de
2533 2158 2742 2217 duobus
2787 2158 3062 2230 loquatur,
3103 2162 3261 2232 quasi
3313 2160 3479 2219 alium
3532 2167 3826 2238 suspicans

2221 2244 2396 2306 Deum
2418 2244 2678 2317 Verbum,
2724 2251 2891 2307 alium
2938 2251 3282 2321 Emmanuel,
3328 2254 3458 2311 licet
3500 2256 3827 2330 plerumque

2222 2357 2386 2397 unam
2426 2338 2623 2399 horum
2649 2343 2885 2401 fateatur
2907 2353 3219 2416 personam.
3254 2344 3298 2402 Ε
3321 2350 3602 2407 contrario
3637 2358 3825 2410 autem

2221 2430 2495 2507 Eutyches
2529 2436 2586 2492 in
2620 2436 2874 2510 dogmate
2898 2454 2997 2494 suo
3043 2440 3124 2495 sic
3164 2440 3232 2496 de
3260 2443 3410 2499 unici
3443 2443 3569 2502 Filii
3599 2446 3697 2502 Dei
3739 2447 3825 2503 lo-

2222 2527 2413 2598 quitur
2450 2524 2713 2601 singulari
2756 2545 2993 2600 persona
3037 2531 3195 2604 quasi
3239 2530 3307 2590 de
3340 2549 3452 2591 una
3492 2534 3823 2597 substantia.

2221 2617 2293 2674 Et
2324 2632 2640 2690 quanquam
2681 2621 3076 2691 sempiternam
3122 2623 3426 2681 divinitatis
3468 2626 3586 2695 ejus
3621 2629 3827 2685 nativi-

2222 2716 2391 2764 tatem
2424 2715 2771 2778 conﬁteatur,
2800 2713 3157 2783 temporalem
3204 2729 3422 2786 quoque
3462 2718 3826 2778 humanitatis

2220 2815 2331 2856 non
2356 2810 2548 2873 neget;
2584 2800 2660 2857 ita
2684 2810 2871 2859 tamen
2911 2810 3199 2875 utramque
3223 2806 3581 2862 substantiam
3618 2809 3830 2879 permi-

2219 2901 2340 2949 scet
2363 2903 2529 2964 atque
2550 2893 2855 2960 confundit,
2882 2903 2942 2950 ut
2969 2912 3075 2950 una
3103 2898 3478 2953 tantummodo
3512 2900 3825 2969 praedicare

2219 2983 2574 3055 intelligatur.
2608 2984 2744 3040 Cum
2772 3002 2902 3059 ergo
2927 2976 3238 3059 utrumque,
3264 2989 3318 3044 id
3349 2997 3457 3056 est,
3482 2989 3823 3060 Nestorium,

2220 3082 2275 3128 ct
2320 3074 2641 3147 Eutychem,
2680 3079 2884 3133 veritas
2936 3078 3063 3134 ﬁdei
3115 3079 3358 3147 alijiciat,
3410 3096 3530 3151 quae
3578 3085 3822 3142 medium

2220 3166 2365 3223 inter
2405 3183 2502 3224 eos
2550 3178 2698 3225 tenet
2756 3168 2969 3236 locum;
3027 3170 3218 3228 beatus
3269 3172 3521 3246 Cyrillus,
3570 3176 3822 3247 ejusdem

2216 3262 2466 3317 veritatis
2503 3261 2780 3328 defensor,
2812 3262 3216 3319 Alexandrinus
3245 3266 3506 3333 antistes,
3553 3268 3679 3322 dum
3709 3268 3823 3324 vel-

2215 3353 2292 3410 let
2313 3354 2590 3427 corrigere
2618 3358 2941 3427 pravitatem
2973 3358 3233 3423 Nestorii,
3262 3369 3488 3430 propter
3510 3360 3823 3417 obscurita-

2218 3456 2330 3502 tem
2378 3450 2693 3514 vcrhorum,
2726 3458 2786 3503 ut
2834 3459 2963 3520 pote
3014 3451 3388 3507 subtilissima:
3438 3453 3539 3518 rei,
3590 3452 3820 3509 offendit

2215 3539 2437 3593 beatum
2466 3538 2730 3594 Joannem
2784 3542 3072 3610 praesulem
3117 3541 3474 3597 Antiochena:
3528 3543 3815 3611 Ecclesie,

2217 3638 2273 3685 et
2300 3644 2395 3685 eos
2421 3630 2515 3700 qui
2543 3646 2667 3685 cum
2699 3630 2789 3685 illo
2811 3643 3001 3697 erant;
3035 3632 3288 3703 factaque
3322 3640 3407 3687 est
3432 3634 3630 3690 divisio
3667 3635 3818 3692 inter

2216 3721 2613 3779 Antiochenam
2644 3725 3151 3781 etAlerandrinam
3195 3726 3517 3783 Ecclesiam.
3572 3726 3812 3800 [togatus

2215 3823 2301 3871 est
2326 3825 2508 3871 autem
2540 3816 2611 3871 ab
2636 3817 2996 3875 Antioclienis
3026 3819 3401 3875 Theodoretus
3437 3820 3564 3890 Cyri
3598 3822 3812 3889 episco-

2212 3922 2336 3979 pus,
2361 3916 2420 3962 ut
2446 3917 2633 3981 ageret
2659 3910 2953 3967 adversum
2980 3912 3197 3966 beatum
3222 3912 3499 3982 Cyrillum.
3529 3912 3811 3967 Etmirum

2214 3998 2270 4055 in
2302 4000 2545 4066 modum,
2577 4002 2705 4057 dum
2737 4003 2957 4074 utrique
2986 4011 3175 4059 essent
3215 4003 3495 4068 catholici,
3537 4003 3591 4058 id
3621 4012 3727 4067 est,
3753 4010 3812 4059 et

2212 4090 2565 4157 Antioclieni,
2626 4102 2681 4148 et
2734 4092 3116 4158 Alexandrini,
3164 4096 3357 4149 beatus
3402 4092 3636 4165 Cyr-illus
3680 4095 3810 4150 dum

2210 4194 2435 4256 putatur
2464 4200 2587 4241 esse
2614 4188 2926 4253 hcereticus,
2954 4189 3097 4259 quod
3126 4203 3234 4243 non
3264 4196 3406 4253 erat,
3438 4189 3694 4245 inventus
3724 4195 3812 4247 est

2212 4295 2241 4333 a
2288 4280 2437 4334 Theo
2460 4281 2633 4335 Yorcto
2665 4281 2811 4336 inter
2841 4282 3149 4337 Nestorium
3191 4283 3507 4338 hmrcticum
3551 4292 3606 4338 et
3633 4276 3814 4353 Cyril~

2212 4368 2323 4425 lum
2354 4371 2686 4429 catholicum
2717 4375 2929 4431 medius
2956 4374 3130 4439 locus,
3154 4374 3298 4431 unde
3326 4377 3468 4432 idem
3499 4372 3813 4432 Theodore-

1866 4481 2143 4538 BALL‘le
2178 4482 2427 4538 NOTAE.-

1866 4483 2143 4539 BALL‘le
2178 4483 2427 4538 NOTAE.-

516 4562 703 4650 inqult
742 4560 1077 4650 ViuCentius
1103 4566 1423 4650 Lirinensis,
1472 4576 1570 4627 Cur
1622 4570 1893 4650 interdum
1925 4572 2108 4629 divina
2138 4578 2188 4637 D
2216 4593 2339 4632 csse
2374 4576 2647 4632 dicuntur.
2677 4577 2943 4650 Prmelare
2967 4576 3197 4650 Optatns
3237 4579 3578 4636 Milevitanus
3601 4581 3654 4637 in
3668 4580 3809 4643 libro

510 4639 853 4711 proi'identia
906 4638 1172 4710 quosdam
1218 4638 1584 4696 Em-lesiarum
1647 4643 1936 4711 magistros
1971 4661 2109 4699 nova

514 4708 760 4782 qumdam
812 4708 1062 4782 dogmata
1115 4712 1415 4781 praeficere
1482 4708 1761 4782 patiatur:
1802 4712 1872 4768 Ut
1935 4723 2109 4771 tentet

504 4754 631 4842 ξος,
656 4778 850 4851 inquit,
884 4754 1148 4837 floniinu;
1190 4783 1331 4852 Deus
1359 4754 1557 4837 vester.
1594 4785 1657 4837 Et
1703 4784 1944 4852 profecto
1992 4804 2108 4841 ωα-

513 4862 614 4928 gnzi
643 4854 867 4928 tentatio
889 4860 1145 4928 ρδιλίοιξιη
1168 4850 1280 4928 ille,
1305 4869 1461 4923 quem
1494 4861 1550 4908 tu
1574 4850 1916 4928 prophetam,
1941 4872 2102 4928 quem

511 4922 900 4991 prophetarum
957 4922 1525 4993 discipulum,iqnem
1574 4922 1864 4981 doctorem
1914 4922 1974 4983 et
2010 4946 2099 4983 as-

513 5000 779 5046 sertorem
812 4992 1054 5050 veritatis
1092 4992 1265 5065 putes,
1307 4992 1468 5064 quem
1496 5012 1705 5051 summa
1750 4999 2102 5054 veneratione

511 5066 594 5136 et_
621 5077 807 5136 amore
857 5066 1172 5136 complexus
1201 5067 1297 5127 sis,
1329 5066 1585 5131 issubito
1632 5067 1861 5123 latenter
1914 5072 2107 5126 noxios

517 5132 1119 5211 sithinducaterrores,
1142 5147 1270 5211 etc.
1306 5156 1356 5211 in
1387 5136 1522 5211 Tum
1553 5140 1772 5205 adducit
1794 5142 2103 5211 exemplum

512 5202 773 5282 Nestori],
810 5202 1046 5270 Pholini,
1066 5276 1082 5282 _
1102 5206 1157 5259 el.
1184 5204 1564 5282 Apollinaris;
1586 5202 1731 5282 quos
1752 5202 1976 5282 magnos
2026 5214 2106 5268 vi-

512 5288 603 5399 ras
657 5272 826 5359 fuisse
876 5276 1182 5344 constabat,
1235 5272 1300 5331 'et
1349 5272 1671 5349 pnevaiidbs
1720 5272 2103 5338 hmréticorum

512 5354 542 5399 a
587 5359 879 5399 versartos.

511 5346 879 5401 adversarios.

489 5406 528 5492 Ἀ
583 5428 609 5455 α
651 5414 735 5492 ξιτ
767 5415 1161 5492 [ideprobandu
1181 5430 1260 5492 est
1288 5419 1411 5475 vita.
1445 5418 1711 5475 Nimirum
1754 5422 1911 5492 juxta
1948 5439 2103 5478 men-

512 5482 622 5562 tem
657 5480 1145 5562 'liertttiii_ani,g_qui
1180 5480 1233 5545 in
1262 5492 1437 5562 capite
1478 5493 1638 5547 tertio
1673 5480 1794 5547 libri
1842 5493 1918 5547 De
1964 5493 2107 5547 Prae-

515 5552 814 5635 scrlptione
838 5552 1345 5635 AliaerelicbrumAsic
1371 5562 1608 5634 loquitur
1636 5582 1648 5617 :
1692 5582 1710 5614 ι
1743 5563 1826 5619 Ex
1853 5563 2102 5635 personis

509 5628 808 5705 probamus
832 5629 1013 5705 ﬁdem,
1038 5647 1107 5686 an
1138 5647 1207 5686 ex
1238 5632 1341 5705 fide
1383 5628 1684 5705 personas?
1721 5653 1739 5686 ι

585 5696 767 5774 ξϐωη
791 5700 937 5774 laud.
964 5702 1067 5757 vita
1090 5696 1401 5774 superbam:
1433 5704 1484 5757 id
1506 5712 1608 5774 est,
1657 5708 1917 5760 mentem.
1957 5704 2100 5774 Ergo

510 5772 583 5847 et
596 5766 655 5847 in
664 5772 875 5847 pannis
903 5787 1119 5847 quoque
1144 5766 1331 5847 potest
1353 5789 1477 5830 esse
1506 5766 1702 5847 fastus.
1740 5774 1884 5847 Ergo
1936 5783 1994 5833 et
2033 5766 2099 5832 hi

510 5787 568 5826 et
597 5787 650 5826 In
718 5787 875 5829 annis
942 5789 973 5827 u
1051 5788 1119 5829 ue
1218 5787 1325 5828 test
1353 5789 1477 5830 esse
1506 5787 1702 5831 lastus.
1740 5787 1884 5847 Ergo
1936 5787 1994 5833 et
2041 5787 2098 5832 hi

488 5787 727 5915 ἀυδςῆιέ
749 5787 1125 5916 ευρετῖιὶᾙεδ
1144 5788 1429 5900 iiiierdum
1472 5846 1732 5916 possunt,
1777 5844 1871 5916 qui
1918 5847 2098 5903 Sancti

2216 4650 2457 4725 secundo
2487 4650 2749 4725 adversus
2804 4648 3243 4725 Parmenianmn.
3276 4662 3330 4705 et
3348 4652 3580 4725 Δ(μιρμξηι
3638 4670 3809 4725 appo-

2214 4718 2315 4773 site
2345 4735 2570 4787 prorsns
2599 4718 2664 4772 ad
2696 4730 2927 4775 mentem
2954 4720 3224 4789 Agobut'di
3258 4740 3270 4774 :
3303 4740 3320 4771 ι
3348 4718 3407 4774 Μ’
3433 4721 3563 4777 liora
3581 4718 3806 4784 inventa

2211 4797 2340 4843 sunt
2368 4799 2739 4860 p"CC.tlar(‘Ulli
2771 4791 3094 4854 lnunilitae,
3124 4807 3287 4860 quam
3314 4793 3625 4850 innocentia
3677 4812 3804 4855 cum

2210 4864 2484 4941 superbia;
2530 4881 2547 4912 ι
2591 4859 2681 4916 Sic
2718 4865 2856 4931 apud
2890 4859 3466 4941 SalpittuniSeverum
3497 4866 3550 4919 in
3591 4862 3805 4941 dialogo

2210 4928 2418 5013 _i,'cap.
2454 4930 2511 4996 5,
2534 4948 2656 5013 cum
2687 4928 2816 5013 puer
2838 4935 2929 5002 qui
2956 4928 3057 5013 rain
3089 4936 3332 5002 aspidem
3380 4936 3580 5013 illa-sus
3610 4928 3807 5009 appre-

2207 4999 2511 5073 hennissct,
2538 4999 2697 5073 idque
2718 4999 2928 5058 facinus
2958 4999 3557 5062 fretres—monasteriiin
3580 4999 3803 5066 modum

2210 5072 2455 5128 miraculi
2485 5072 2834 5137 extollerent;
2872 5076 3063 5139 abbas,
3105 5092 3171 5129 ne
3206 5079 3418 5133 iniit'nia
3470 5087 3604 5134 artas
3655 5077 3777 5137 inso

2209 5140 2465 5219 Ιρδςιθιίριζ
2492 5146 3328 5219 ιξιξεῖείευηιιήδρᾉυῑιη,Διιὶςιὶιηιιε
3363 5167 3380 5199 ‹
3423 5149 3550 5219 quia
3609 5149 3795 5209 melior

2207 5224 2354 5268 esset
2379 5215 2709 5272 infirmitatis
2759 5217 3116 5281 conscientia,
3152 5220 3413 5273 ViilUllll’ll
3441 5215 3727 5275 'vanitate.
3775 5241 3794 5275 ι

2208 5280 2428 5359 V'itle__S.
2467 5285 2785 5359 Gregoriqu
2819 5287 2997 5359 inlih.
3031 5280 3109 5349 IV,
3136 5286 3210 5341 De.
3233 5289 3375 5344 (Iura
3405 5288 3690 5345 Pnstorali.

2282 5364 2303 5390 ε
2353 5351 2483 5431 Vera
2514 5351 2709 5431 passio.
2739 5358 2894 5431 Apud
2928 5359 3293 5431 Augustinum
3325 5360 3579 5431 Tractatu
3605 5377 3759 5431 vitm

2204 5420 2554 5501 Evangeliuin
2584 5420 2829 5501 Joannis,
2862 5438 2917 5483 et
2950 5420 3090 5499 apud
3148 5430 3477 5501 Prosperum
3530 5430 3584 5487 in
3633 5420 3799 5501 Libro

2210 5494 2613 5574 Sententiarum
2638 5516 2701 5553 ex
2727 5494 3029 5574 Augustin-0
3058 5516 3178 5570 cap.
3234 5494 3340 5556 6‘26
3375 5503 3569 5574 legitur
3608 5521 3622 5557 :
3662 5500 3798 5574 Vera

2208 5566 2474 5639 nutirius,
2504 5586 2621 5623 rem
2651 5566 2847 5639 passio',
2876 5588 2995 5626 nera
3021 5566 3187 5637 mors,
3216 5589 3341 5628 vera
3366 5566 3699 5628 reSurrectio.
3736 5573 3798 5630 Si

2207 5636 2409 5717 aliquid
2433 5636 2840 5717 horumdia‘cris
2864 5641 3079 5717 falsum,
3123 5636 3232 5717 etc.
3278 5644 3384 5717 Sed
3420 5644 3577 5717 apud
3611 5644 3799 5717 Augu-

2205 5709 2405 5787 stinum
2436 5726 2543 5764 non
2576 5712 2934 5787 exstantium
2958 5715 3152 5787 verba;
3194 5714 3335 5787 Quia
3372 5709 3645 5787 ubi'fucrit
3671 5709 3797 5787 {Usi

2204 5779 2434 5850 alicujus
2456 5782 2745 5857 corruptio,
2786 5782 2856 5835 ibi
2912 5783 3144 5857 veritatis
3192 5779 3613 5857 integritas'uon
3662 5779 3796 5854 erit;

2202 5864 2323 5920 qua:
2343 5858 2525 5906 tamen
2552 5850 2808 5922 leguntur
2843 5855 2986 5923 apud
3009 5850 3363 5926 Prospcrum.
3540 5854 3549 5864 “
