4088 6344
567 402 641 460 39
1529 406 1588 462 S.
1624 403 1971 462 AGOBARDI
2009 401 2317 461 EPISCOPI
2353 405 2848 467 LUGDUNENSIS
3767 425 3838 481 ιο

567 521 724 594 quasi
752 521 819 578 ad
850 501 1119 579 unitatem
1161 535 1410 595 personae
1451 524 1721 580 dicendo:
1775 522 1922 578 Unus
1971 532 2148 576 tamen
2181 525 2226 582 Α
2254 523 2357 588 rit,
2391 545 2409 576 ι
2455 534 2511 580 et
2559 535 2678 595 post
2721 541 2895 596 pauca
2942 529 3220 601 subjunxit
3244 573 3260 600 ,
3316 551 3336 586 ‹
3372 535 3662 594 anathema
3692 541 3780 596 sit.
3813 563 3832 597 ι

567 615 623 669 in
648 626 887 688 utroque,
938 635 1040 672 non
1081 616 1208 684 duo,
1255 625 1518 689 quantum
1563 628 1619 675 et
1665 619 1868 675 in.hoe
1897 618 2147 672 eumdem

566 707 876 764 Nestorium
931 711 1194 764 imitetur.

637 801 748 856 Vll.
790 801 1072 858 Nestorius
1100 802 1250 866 dicit,
1278 803 1564 860 Dominum
1616 823 1634 856 ι
1687 803 1923 874 Spiritus
1968 801 2145 861 sancti

563 894 762 949 virtute
802 894 856 948 in
893 893 1128 966 Virginis
1165 895 1321 949 vulva
1352 895 1663 961 formatum,
1699 896 1900 952 laetum
1933 912 1998 950 ex
2029 910 2148 961 mna,

563 983 716 1044 liere.
745 994 800 1040 et
831 984 1028 1040 factum
1057 987 1156 1041 sub
1184 985 1319 1058 lege,
1355 995 1414 1041 ut
1439 1002 1628 1042 omnes
1672 1003 1770 1042 nos
1802 1004 1834 1042 a
1883 990 2146 1045 servitute

562 1076 696 1148 legis
719 1077 1040 1144 redimeret;
1082 1089 1210 1133 ante
1254 1079 1364 1149 jam
1400 1079 1871 1149 priedestinatum,
1903 1081 2146 1150 adoptio-

562 1184 688 1223 nem
740 1170 1114 1238 accipientem,
1170 1169 1608 1224 inenarrabiliter
1663 1170 1880 1225 sibimet
1933 1172 2140 1238 vivens,

561 1260 699 1314 mori
747 1261 962 1329 quidem
1009 1275 1132 1316 eum
1177 1260 1472 1316 secundum
1503 1259 1674 1330 legem
1718 1262 2008 1314 humanam
2059 1261 2141 1316 fa-

559 1351 734 1416 ciens,
760 1353 1032 1407 suscitans
1062 1367 1282 1408 veroex
1335 1353 1586 1417 mortuis,
1643 1359 1698 1406 et
1741 1353 2044 1423 perducens
2087 1354 2142 1408 in

559 1446 778 1513 caelum,
802 1455 858 1501 et
883 1447 1174 1502 consedere
1201 1446 1406 1502 faciens
1449 1448 1517 1503 ad
1545 1447 1826 1501 dexteram
1852 1445 1969 1509 Dei,
1999 1446 2144 1500 unde

558 1555 722 1609 super
747 1554 935 1595 omnes
961 1539 1286 1595 constitutus
1324 1540 1678 1611 principatus,
1723 1545 1778 1592 et
1821 1545 2140 1608 potestates,

557 1639 613 1686 et
652 1632 899 1696 virtutes,
947 1640 1004 1686 et
1027 1631 1441 1697 dominationes,
1476 1641 1532 1686 et
1561 1646 1720 1686 omne
1773 1646 1968 1686 nomen
1999 1631 2145 1700 quod

558 1722 888 1787 nominatur,
908 1736 1012 1776 non
1042 1721 1213 1776 solum
1247 1723 1299 1776 in
1324 1723 1427 1776 hoc
1452 1722 1667 1788 saeculo,
1683 1736 1870 1776 verum
1895 1723 2060 1775 etiam
2089 1727 2144 1775 et

557 1811 612 1867 in
641 1810 843 1876 futuro,
887 1812 954 1866 ab
993 1813 1141 1867 omni
1191 1821 1441 1868 creatura
1488 1813 1699 1882 accepit
1746 1813 2140 1877 adorationem,

2252 611 2394 668 Ecce
2426 615 2594 669 habes
2618 619 2917 673 sententias
2944 619 3180 683 Nestorii
3219 640 3232 676 :
3273 639 3410 694 quas
3451 626 3495 681 si
3541 638 3597 682 et
3628 630 3682 684 in
3709 647 3840 688 con-

2241 701 2522 771 junctione
2575 721 2822 776 persona:
2865 749 2880 774 ,
2935 718 2992 765 et
3043 712 3095 766 in
3147 712 3410 769 divisione
3471 727 3834 789 naturarum,

2247 795 2427 849 verbis
2461 795 2658 852 Felicis
2696 797 2966 869 conferas,
2997 803 3242 860 invenies
3275 819 3371 861 eos
3405 822 3512 864 uno
3549 825 3713 868 sensu
3756 815 3839 871 in-

2248 888 2463 942 cedere.

2319 977 2451 1032 Vlll.
2494 979 2720 1034 Videtur
2746 983 2880 1039 mihi
2909 984 3074 1040 etiam
3117 997 3296 1045 vestra
3325 992 3566 1050 charitas
3595 1011 3836 1055 commo-

2245 1071 2419 1125 nenda
2451 1071 2517 1126 de
2555 1071 2657 1127 hoc
2689 1075 2834 1144 quod
2876 1075 3028 1131 Felix
3063 1077 3379 1150 frequenter
3414 1087 3614 1155 gaudet
3653 1088 3840 1146 dicere

2244 1161 2505 1216 hominem
2535 1173 2882 1236 assumptum,
2923 1167 3008 1223 vel
3047 1168 3274 1238 formam
3318 1176 3471 1228 servi.
3511 1175 3837 1248 Quanquam

2244 1251 2391 1304 enim
2418 1258 2474 1305 et
2500 1252 2587 1322 pie
2616 1253 2722 1308 dici
2752 1257 2943 1325 possit,
2994 1258 3136 1313 sicut
3161 1268 3218 1315 et
3263 1261 3702 1333 frequentissime
3749 1269 3836 1324 di-

2246 1350 2394 1398 ctum
2431 1361 2463 1398 a
2492 1348 2698 1402 sa;.ctis
2745 1349 2998 1406 Patribus
3030 1351 3337 1423 invenitur;
3375 1366 3555 1414 tamen
3587 1362 3838 1419 conside-

2244 1436 2477 1490 randum
2513 1446 2598 1492 est
2626 1441 2768 1509 quod
2796 1442 2962 1496 etiam
2989 1442 3152 1513 impie
3180 1445 3285 1501 dici
3313 1449 3507 1518 possit,
3538 1453 3838 1510 secundum

2245 1528 2392 1597 quod
2442 1529 2497 1582 in
2545 1529 2797 1587 Nestorio
2832 1533 2948 1588 haec
2983 1537 3148 1590 verba
3184 1539 3389 1593 nostris
3417 1540 3835 1610 diSplicuerunt,

2243 1618 2325 1674 Ad
2358 1622 2500 1689 quod
2532 1621 2723 1678 beatus
2751 1624 2986 1696 Cyrillus
3033 1627 3108 1680 ita
3148 1630 3431 1699 respondit
3477 1631 3553 1703 (in
3585 1631 3703 1702 Def.
3757 1648 3837 1690 xit

2245 1713 2428 1765 anath.
2459 1713 2578 1767 adv.
2615 1714 2810 1770 Tlieod.
2841 1734 2886 1771 ι’.
2919 1716 2972 1789 7)
3006 1736 3019 1772 :
3058 1736 3076 1770 ι
3113 1718 3224 1775 Nos
3255 1737 3373 1790 qua:
3404 1725 3628 1779 meliora
3661 1733 3718 1780 et
3745 1741 3840 1782 ve-

2247 1803 2391 1857 riora
2419 1813 2545 1859 sunt
2571 1820 2761 1875 sapere
2789 1810 3030 1864 consueti
3052 1851 3067 1876 ,
3097 1820 3153 1866 et
3173 1813 3483 1869 subtiliores
3514 1817 3838 1888 contingen-

555 1903 698 1959 sicut
723 1903 1140 1974 inseparabilem
1176 1921 1207 1959 a
1244 1905 1424 1959 divina
1464 1914 1659 1962 natura
1690 1905 1896 1960 habens
1926 1905 2138 1974 copula-

2249 1902 2330 1949 tes
2362 1895 2670 1952 intellectus
2703 1899 2770 1954 ad
2801 1900 3231 1970 explanationem
3261 1908 3619 1973 sacramenti,
3653 1879 3838 1965 scien-

557 1993 780 2057 tionem,
811 1994 1074 2050 relatione
1118 1993 1214 2048 Dei
1251 2003 1305 2049 et
1338 1995 1690 2065 intelligentia
1718 1995 1864 2048 omni
1895 2003 2144 2048 creatura

552 2087 927 2142 adorationem
961 2088 1268 2142 exhibente.
1321 2087 1386 2141 Et
1432 2103 1609 2158 neque
1651 2088 1785 2142 duos
1824 2087 1964 2142 ﬁlios
2011 2086 2145 2141 dici-

554 2196 693 2243 mus,
726 2199 900 2252 neque
943 2184 1077 2238 duos
1105 2183 1389 2249 Dominos;
1418 2184 1673 2254 quoniam
1705 2201 1843 2239 unus
1867 2184 2011 2239 ﬁlius
2041 2184 2144 2239 Pa-

554 2273 654 2327 tris
680 2274 974 2329 secundum
1005 2275 1241 2330 Verbum
1268 2275 1410 2330 Deus
1435 2276 1747 2347 unigenitus
1775 2276 1917 2331 ﬁlius
1938 2277 2138 2342 Patris,

553 2363 695 2420 sicut
720 2367 821 2420 iste
845 2367 1162 2438 conjunctus
1208 2378 1263 2423 et
1312 2370 1586 2439 particeps
1647 2371 1976 2423 constitutus
2031 2369 2142 2424 lilio

554 2458 916 2513 communicat
942 2461 1159 2516 nomine
1198 2469 1252 2515 et
1293 2463 1518 2524 honore,
1553 2461 1814 2516 Dominus
1843 2463 2141 2518 secundum

552 2553 867 2616 essentiam,
909 2553 1051 2609 Dens
1093 2555 1351 2619 Verbum,
1398 2555 1483 2609 cui
1535 2555 1638 2610 iste
1678 2557 2000 2626 conjunctus
2047 2557 2142 2612 ho-

553 2658 688 2697 nore
713 2648 1093 2698 communicat.
1124 2644 1189 2697 Et
1215 2645 1337 2698 ideo
1368 2660 1543 2715 neque
1582 2646 1718 2701 duos
1764 2647 1901 2702 Iilios
1935 2648 2032 2702 hos
2061 2648 2142 2702 di-

555 2739 751 2803 cimus,
783 2755 958 2809 neqne
1001 2739 1137 2795 duos
1177 2739 1466 2806 Dominos;
1500 2743 1628 2810 quia
1674 2741 1964 2796 manifesto
2010 2759 2140 2798 con-

552 2830 744 2884 stituto
770 2829 1064 2884 secundum
1104 2831 1464 2885 substantiam
1494 2831 1722 2886 Domino
1750 2840 1806 2884 ct
1851 2831 2008 2897 Filio,
2058 2833 2142 2887 in-

554 2919 910 2989 separabilem
940 2927 1088 2974 tenet
1114 2920 1180 2974 ad
1226 2937 1349 2975 eum
1390 2923 1810 2990 copulationcm,
1848 2924 1940 2993 qui
1977 2939 2140 2979 causa

553 3019 755 3065 nostrae
780 3011 969 3066 salutis
982 3020 1291 3082 assumptus
1313 3011 1593 3068 confertur
1621 3013 1836 3067 nomine
1856 3023 1910 3068 et
1933 3016 2139 3068 honore

555 3101 664 3158 lilio
717 3111 773 3158 et
817 3103 1076 3167 Domino;
1116 3120 1223 3158 non
1266 3105 1410 3158 sicut
1438 3107 1810 3176 unusquisque
1838 3107 2136 3161 secundum

2248 1987 2487 2056 tiamque
2512 1989 2836 2059 perfectam,
2865 2002 2922 2047 et
2949 1994 3243 2050 secundum
3272 2013 3550 2054 sacrarum
3572 2002 3837 2072 placitum

2246 2077 2575 2146 litterarum,
2631 2091 2687 2136 et
2738 2085 3180 2142 mansuetudines
3229 2100 3542 2146 sanctorum
3590 2092 3834 2162 Patrum,

2246 2185 2352 2224 non
2393 2171 2668 2228 hominem
2696 2184 3035 2245 assumptum
3069 2178 3299 2234 dicimus
3325 2196 3356 2235 a
3395 2181 3505 2237 Deo
3537 2183 3744 2251 Verbo,
3777 2196 3839 2243 et

2251 2263 2561 2333 copulatum
2608 2266 2658 2320 ei
2708 2269 3004 2323 secundum
3046 2270 3290 2326 habitum
3339 2275 3697 2342 extrinsecus,
3737 2279 3839 2336 sed

2245 2355 2427 2424 potius
2455 2357 2729 2412 hominem
2772 2358 2975 2414 factum
3005 2376 3125 2416 esse
3163 2364 3529 2420 decernimus.
3571 2367 3681 2422 Hac
3726 2369 3835 2424 ila-

2244 2461 2352 2515 que
2377 2449 2548 2518 gratia
2594 2463 2625 2502 a
2667 2449 2868 2518 pietate
2909 2451 3223 2521 dogmatum
3264 2456 3496 2511 dicimus
3533 2459 3839 2516 estsisse

2243 2553 2338 2593 eos
2363 2541 2455 2608 qui
2477 2551 2811 2609 praesumunt
2839 2542 3021 2599 dicere
3058 2556 3392 2617 assumptum
3424 2549 3734 2618 hominem,
3777 2560 3840 2608 et

2243 2632 2515 2687 atlirmant
2544 2645 2798 2704 oportere
2833 2651 2960 2690 eum
2995 2638 3134 2693 sicut
3168 2639 3398 2695 alterum
3428 2641 3583 2698 alteri
3634 2644 3838 2700 coado—

2244 2730 2354 2783 rari
2383 2729 2495 2783 ﬁlio
2523 2729 2639 2784 Dei.
2682 2750 2700 2781 ι
2727 2731 2860 2784 ltem
2891 2731 3005 2800 ipse
3031 2749 3044 2784 :
3080 2751 3098 2782 ‹
3138 2732 3336 2788 Factus
3351 2746 3434 2790 est
3458 2736 3624 2806 igitur
3645 2737 3835 2805 homo,

2243 2834 2348 2873 non
2379 2822 2671 2889 assumpsit
2697 2822 2994 2887 hominem,
3023 2822 3423 2880 sicutNestorio
3447 2827 3642 2894 placet.
3675 2829 3744 2884 Et
3773 2839 3842 2886 ut

2243 2913 2557 2967 crederetur
2585 2914 2710 2982 quia
2735 2913 2909 2969 factus
2935 2927 3020 2971 est
3050 2917 3230 2981 homo,
3263 2933 3487 2973 manens
3517 2921 3662 2989 quod
3686 2929 3836 2989 erat,

2216 3004 2491 3060 'videticet
2521 3005 2682 3069 Deus,
2708 3006 2866 3075 juxta
2891 3017 3174 3075 naturam;
3206 3010 3410 3066 idcirco
3439 3019 3496 3066 et
3525 3013 3736 3068 esurire
3749 3012 3842 3068 di-

2242 3097 2404 3163 citur,
2438 3105 2494 3150 et
2522 3110 2588 3150 ex
2622 3097 2836 3153 itineris
2865 3099 3049 3153 laLore
3075 3113 3099 3140 ι
3138 3101 3453 3168 lassessere,
3488 3122 3506 3154 ι
3536 3112 3590 3158 et
3612 3112 3834 3160 castera.

553 3195 788 3267 seipsum
811 3196 1140 3251 constitutus
1161 3203 1245 3250 est
1277 3195 1438 3262 ﬁlius,
1472 3197 1617 3251 unde
1647 3206 1701 3251 et
1741 3197 1893 3250 multi
1939 3212 2125 3252 secun-
2164 3235 2212 3299 ο
2311 3187 2401 3299 ξΧ·
2444 3188 2598 3299 Βίκίῐι
2636 3190 2820 3258 itaque
2851 3189 3000 3244 Felix
3052 3191 3105 3246 in
3137 3199 3503 3262 suprascript!
3547 3209 3646 3249 sua
3673 3195 3840 3250 seba-

553 3285 680 3342 dum
709 3288 924 3342 beatum
953 3287 1177 3342 Paulum
1207 3289 1440 3342 dicimur
1471 3289 1595 3353 lilii;
1645 3289 1737 3343 sed
1768 3289 1916 3344 solus
1944 3290 2136 3360 pr:eci-

552 3392 718 3448 puum
750 3379 954 3434 habens
994 3379 1096 3435 hoc
1118 3380 1262 3449 quod
1291 3380 1357 3434 ad
1385 3380 1476 3434 Dei
1511 3379 1675 3434 Verbi
1711 3381 2134 3450 copulationem,

554 3469 895 3540 ad0ptionem
923 3479 978 3525 et
1023 3471 1446 3526 dominationem
1477 3472 1843 3541 participans,
1882 3472 2136 3527 auferens

551 3561 767 3632 quidem
808 3577 1023 3616 omnem
1066 3562 1428 3632 suspicionem
1485 3563 1759 3619 dualitatis
1815 3564 2048 3619 ﬁliorum
2083 3573 2138 3619 et

551 3651 928 3718 Domitiorum,
961 3662 1218 3723 praestato
1256 3669 1386 3707 vero
1425 3653 1582 3708 nobis
1620 3654 1673 3707 in
1705 3655 2045 3724 copulatione
2069 3654 2137 3708 ad

549 3743 722 3798 Deum
751 3743 988 3800 Verbum
1016 3760 1231 3798 omnem
1262 3745 1490 3799 haberet
1521 3746 1690 3816 ipsius
1715 3748 1872 3801 [idem
1901 3757 1954 3801 et
1980 3747 2136 3802 intel-

548 3835 826 3906 ligentiam
864 3844 919 3891 et
945 3837 1209 3890 theoriam
1233 3877 1248 3897 ,
1297 3853 1397 3907 pro
1445 3838 1642 3908 quibus
1680 3849 1734 3893 et
1769 3841 2135 3896 adorationem

551 3945 650 3999 pro
689 3929 952 3984 relatione
980 3929 1073 3983 Dei
1102 3931 1170 3984 ab
1193 3930 1342 3984 omni
1365 3931 1606 4001 suscepit
1634 3941 1904 3987 creatura.
1936 3932 2135 3988 Verum

549 4020 714 4093 igitur
743 4021 937 4076 Filium
968 4023 1200 4077 dicimus
1226 4031 1281 4077 et
1303 4024 1590 4078 Dominum
1618 4024 1802 4081 Jesum
1833 4026 2132 4094 Christum,

547 4128 646 4183 per
671 4129 834 4183 quem
861 4116 1042 4170 omnia
1090 4116 1232 4170 facta
1288 4125 1436 4181 sunt,
1493 4119 1872 4188 principaliter
1919 4123 2138 4190 quilem

549 4204 716 4260 Deum
766 4205 1001 4261 Verbum
1057 4207 1420 4276 intelligentes
1470 4211 1904 4266 substantialiter
1940 4212 2134 4268 Filium

548 4293 663 4350 Dei.
702 4314 720 4347 ι
749 4294 949 4350 lterum
974 4297 1115 4351 idem
1137 4296 1419 4352 Nestorius
1447 4315 1460 4351 :
1498 4317 1517 4350 ‹
1558 4298 1615 4353 Si
1639 4300 1764 4370 quis
1787 4317 1909 4355 eum
1935 4305 2022 4372 qui
2053 4313 2140 4358 est

547 4387 868 4444 Emmanuel
893 4429 908 4454 ,
934 4389 1103 4444 Deum
1131 4405 1319 4444 verum
1350 4406 1469 4446 esse
1492 4391 1708 4456 dixerit,
1736 4402 1791 4448 et
1816 4410 1920 4449 non
1957 4397 2136 4466 potius

547 4478 840 4535 Nobiscum
871 4480 1031 4546 Deus,
1070 4483 1174 4538 hoc
1199 4491 1284 4537 est
1308 4523 1323 4549 ,
1378 4483 1712 4540 inhabitasse
1741 4502 1862 4541 eam
1891 4504 2010 4558 qua:
2053 4506 2136 4545 se-

546 4574 782 4628 cundum
838 4590 936 4629 nos
989 4583 1074 4630 est
1126 4585 1396 4640 naturam,
1434 4593 1532 4647 per
1577 4578 1629 4633 id
1660 4583 1803 4648 quod
1837 4583 2022 4636 unitus
2052 4592 2133 4637 est
2159 4616 2214 4678 Β

547 4675 749 4720 nostra:
800 4680 963 4735 quam
1016 4666 1083 4722 de
1127 4666 1296 4721 Maria
1324 4668 1535 4738 virgine
1564 4674 1839 4739 suscepit:
1883 4691 1901 4724 ι
1937 4683 2133 4743 etpost

546 4756 726 4828 aliqua
782 4756 1048 4826 subjecit,
1099 4779 1117 4811 ‹
1171 4761 1456 4816 anathema
1489 4762 1579 4816 sit.
1613 4783 1630 4814 ι
1665 4763 1798 4818 Item
1831 4764 1980 4833 ipse:
2017 4784 2035 4816 ς
2073 4766 2132 4822 Si

546 4850 670 4919 quis
692 4866 857 4904 unum
888 4866 1009 4908 esse
1024 4863 1146 4923 post
1174 4855 1598 4925 assumptionem
1630 4857 1886 4922 hominis,
1914 4867 2133 4915 natura-

544 4941 671 4995 liter
700 4941 795 4996 Dei
838 4942 1006 4999 ﬁlium
1051 4946 1213 5000 audet
1241 4946 1442 5011 dicere,
1483 4962 1605 5000 cum
1659 4948 1730 5002 sit
1771 4949 2126 5017 Emmanuel,

547 5033 834 5088 anathema
862 5035 952 5088 sit.
984 5055 1003 5088 ι
1035 5037 1166 5090 item
1196 5037 1312 5106 ipse
1345 5055 1358 5090 :
1399 5056 1417 5087 ι
1455 5036 1513 5093 Si
1547 5039 1670 5108 quis
1711 5049 1834 5106 post
1880 5041 2129 5096 incarna-

545 5126 746 5180 tionem
799 5125 969 5180 Deum
1016 5126 1252 5182 Verbum
1299 5127 1529 5183 alterum
1586 5130 1890 5200 quempiam
1931 5142 2130 5200 praeter

543 5219 822 5277 Christum
852 5223 1236 5288 nominaverit,
1273 5243 1291 5276 ›
1321 5233 1376 5279 et
1406 5233 1530 5294 post
1578 5241 1749 5295 pauca
1803 5225 2082 5296 subjunxit
2111 5269 2125 5290 ,

549 5331 567 5364 ι
603 5315 894 5370 anathema
923 5315 1013 5370 sit.
1047 5335 1065 5368 ι
1100 5315 1168 5370 Ει
1208 5317 1380 5372 item:
1416 5336 1434 5368 ι
1475 5318 1533 5373 Si
1561 5319 1684 5390 quis
1717 5318 1992 5375 hominem
2036 5321 2130 5390 qui

545 5404 596 5460 in
626 5406 836 5475 virgine
872 5417 1090 5464 creatus
1120 5417 1222 5474 est,
1263 5411 1405 5465 hunc
1431 5426 1554 5466 esse
1578 5411 1913 5480 unigenitum
1977 5413 2130 5468 dixe-

2243 3281 2388 3345 dula,
2407 3291 2527 3352 post
2551 3282 2731 3354 aliqua
2753 3301 2872 3354 qua:
2893 3285 3248 3356 prazmiserat,
3269 3288 3423 3356 quasi
3449 3287 3790 3360 interrogans
3813 3307 3831 3345 :

2247 3391 2265 3423 ι
2303 3372 2446 3428 Deus
2492 3373 2652 3428 Pater
2679 3376 3024 3445 omnipotens
3044 3417 3058 3441 ,
3085 3376 3364 3432 voluntate
3401 3377 3830 3448 genuitFilium.

2241 3479 2308 3518 an
2325 3466 2701 3520 necessitate?»
2721 3466 2786 3520 Et
2803 3468 3118 3537 respondtit:
3130 3486 3148 3518 ι
3160 3469 3432 3535 Quantum
3447 3470 3514 3525 ad
3529 3471 3834 3529 divinitatis

2240 3557 2356 3627 ejus
2385 3557 2679 3612 essentiam
2706 3560 2960 3630 pertinet,
2990 3575 3164 3630 neque
3188 3561 3487 3627 voluntate,
3527 3578 3699 3634 neque
3723 3579 3830 3622 ne-

2240 3649 2515 3712 cessitate,
2564 3650 2658 3704 sed
2691 3659 2906 3706 natura.
2937 3651 2998 3706 ln
3026 3667 3155 3708 vero
3202 3654 3400 3724 quippe
3448 3653 3558 3708 lilio
3585 3655 3652 3709 de
3698 3656 3835 3712 sub-

2239 3741 2440 3795 stantia
2496 3743 2672 3812 patris
2721 3745 2918 3816 genito,
2958 3745 3206 3801 voluntas
3253 3748 3592 3802 nativitatem
3632 3754 3834 3818 praeire

2239 3847 2345 3887 non
2377 3841 2575 3903 potest,
2604 3835 2693 3891 ubi
2726 3845 2917 3890 natura
2953 3839 3230 3908 praecedit.
3268 3838 3376 3894 Sed
3411 3855 3585 3910 neque
3629 3856 3828 3898 neces-

2241 3927 2423 3992 sitate,
2460 3943 2584 3998 quae
2614 3929 2668 3983 in
2700 3928 2811 3984 Deo
2838 3931 3021 4000 utique
3049 3947 3154 3984 non
3179 3939 3279 3985 est.
3310 3931 3580 3998 Quantum
3611 3947 3739 3988 vero
3758 3933 3832 3988 ad

2239 4020 2595 4076 humanitatis
2618 4020 2734 4090 ejus
2763 4023 3123 4078 substantiam
3153 4025 3424 4089 convenit,
3455 4029 3704 4080 eumdem
3738 4025 3830 4081 Fi-

2240 4111 2372 4166 lium
2409 4128 2590 4179 suum,
2639 4114 2764 4182 quia
2797 4129 2903 4168 non
2952 4129 3019 4169 ex
3063 4116 3354 4185 semetipso
3380 4116 3586 4184 genuit,
3634 4115 3731 4170 sed
3758 4115 3830 4170 de

2240 4204 2543 4258 substantia
2574 4205 2764 4258 matris
2788 4205 3012 4274 virginis
3039 4207 3267 4271 creavit,
3290 4213 3347 4261 et
3371 4205 3522 4260 nasci
3548 4205 3738 4270 voluit,
3757 4207 3830 4264 ob

2238 4295 2364 4360 hoc,
2396 4296 2670 4350 voluntate
2699 4306 2922 4366 propter
2957 4296 3376 4366 redemptionem
3402 4305 3664 4362 nostram,
3715 4312 3830 4354 non

2239 4387 2478 4455 qualibet
2511 4387 2836 4442 necessitate
2861 4385 2978 4456 ejus
3003 4385 3145 4440 illius
3172 4386 3432 4442 creditur.
3471 4405 3489 4438 ι

2310 4479 2378 4534 Χ.
2422 4481 2478 4534 ln
2522 4481 2626 4535 hac
2669 4481 2937 4536 sententia
2967 4479 3117 4535 Felix
3143 4481 3378 4551 primum
3418 4497 3484 4536 ex
3524 4481 3831 4553 interroga-

2240 4576 2385 4629 tione
2417 4573 2688 4644 superﬂua
2723 4583 2780 4629 et
2828 4589 2988 4639 vana,
3029 4590 3135 4643 qua
3165 4573 3485 4644 interrogat,
3519 4582 3700 4628 utrum
3730 4589 3828 4630 vo-

2242 4673 2450 4726 luntate
2489 4686 2556 4724 an
2589 4671 2915 4724 necessitate
2937 4669 3184 4740 genuerit
3222 4668 3383 4722 Pater
3418 4666 3636 4732 Filium,
3668 4684 3830 4724 occa-

2239 4765 2448 4820 sionem
2475 4763 2578 4816 sibi
2609 4770 2766 4831 parat
2794 4760 3143 4832 p.rveniendi
3173 4762 3241 4815 ad
3270 4761 3324 4815 id
3351 4761 3493 4829 quod
3524 4759 3665 4814 male
3703 4775 3828 4816 sen-

2241 4859 2326 4921 tit,
2358 4866 2414 4913 et
2440 4855 2708 4926 loquendo
2737 4853 3009 4924 explicare
3049 4868 3155 4908 non
3187 4853 3366 4908 audet.
3399 4851 3637 4906 Dicendo
3672 4868 3828 4908 nam-

2239 4966 2343 5021 que
2373 4969 2384 5004 :
2414 4949 2482 5004 In
2513 4964 2626 5003 vero
2651 4949 2840 5019 quippe
2864 4945 2978 5015 [ilio
3007 4947 3070 5001 de
3099 4945 3394 5000 substantia
3427 4945 3595 5016 patris
3617 4947 3824 5015 genito,

2240 5044 2312 5098 ita
2344 5041 2536 5096 dividit
2563 5038 2900 5093 divinitatem
2930 5039 2998 5093 ab
3023 5039 3359 5096 humanitate
3389 5042 3444 5096 in
3473 5039 3722 5105 Domino,
3763 5048 3826 5096 ut

2239 5148 2356 5188 eam
2387 5131 2440 5185 in
2467 5129 2578 5185 sola
2610 5129 2892 5184 divinitate
2921 5128 3065 5184 dicat
3093 5145 3281 5184 verum
3307 5131 3526 5201 Filium,
3559 5132 3611 5186 iu
3641 5146 3746 5200 qua
3767 5137 3824 5186 et

2237 5224 2304 5278 de
2329 5221 2507 5276 Patris
2535 5219 2838 5275 substantia
2859 5229 2943 5274 est
2971 5221 3214 5290 genitus;
3243 5220 3398 5289 juxta
3429 5221 3822 5276 humanitatem

2237 5325 2434 5376 autem,
2490 5311 2544 5365 in
2573 5326 2681 5379 qua
2726 5317 2782 5365 et
2825 5309 2962 5365 dicit
3007 5309 3155 5365 illum
3184 5311 3250 5366 de
3279 5311 3578 5366 substantia
3628 5309 3820 5366 matris

2235 5405 2460 5478 virginis
2488 5410 2752 5466 creatum,
2799 5402 3000 5457 sentiat
3026 5418 3148 5456 eum
3189 5419 3297 5458 non
3331 5418 3542 5469 verum,
3571 5401 3696 5456 licet
3733 5402 3819 5457 lo-

1888 5545 2168 5605 BALUZII
2206 5541 2440 5604 ΝΟΤᾸΞ.

611 5677 636 5705 α
666 5662 983 5719 Lassessere.
1017 5661 1108 5718 Sic
1155 5660 1376 5715 omnino
1415 5661 1582 5732 codex
1635 5667 1820 5725 vetus;
1867 5676 1968 5732 pro
2010 5679 2117 5732 quo

540 5737 821 5794 Massonus
861 5735 1106 5790 ediderat
1155 5733 1446 5802 ﬂacessere.
1493 5731 1561 5785 Et
1609 5731 1954 5789 scribendum
2003 5731 2120 5788 erat

541 5807 841 5869 lassescere,
865 5814 1105 5876 veterem
1122 5817 1367 5876 eamque
1384 5803 1644 5876 optimam
1669 5805 2118 5876 orthographiam

537 5878 835 5953 nequenam
854 5874 965 5935 Sed
991 5873 1262 5932 voluimus
1281 5871 1700 5933 exhiberem
1713 5876 1821 5934 title
1833 5871 2122 5937 lectionem

2223 5659 2428 5715 veteris
2452 5656 2676 5713 codicis.
2726 5655 2986 5711 Alcuinus
3013 5653 3068 5709 in
3122 5651 3258 5708 libro
3318 5651 3495 5722 primo
3553 5652 3818 5710 adversus

2224 5731 2556 5804 lilipantuni,
2587 5727 2814 5804 lo_qu_ens
2836 5726 2903 5781 de
2931 5723 3146 5780 diabolo
3173 5741 3184 5776 ι
3217 5724 3369 5804 cllle
3400 5724 3688 5804 explorare
3715 5737 3818 5804 yo-

2222 5793 2360 5863 leiis,
2387 5800 2432 5854 si
2464 5799 2607 5852 ﬁlius
2631 5793 2721 5852 Dei
2755 5807 2901 5854 esset
2927 5812 3090 5868 quem
3118 5794 3348 5859 esurire,
3398 5794 3576 5862 sitire,
3621 5804 3677 5852 et
3706 5793 3816 5852 las-

2223 5887 2422 5930 sescere
2451 5869 2728 5926 cernebat.
2767 5887 2788 5921 ι
