4088 6344
293 372 362 437 di
1423 382 1555 450 LIB.
1592 389 1755 452 ADV.
1797 384 2098 456 FELICEM
2143 400 2436 462 URGELL.

3496 422 3572 481 42

292 499 514 574 quendo
563 496 836 574 eXplicare
881 516 992 562 non
1037 505 1254 563 audeat.
1298 507 1540 581 Apparet
1578 511 1728 567 enim
1767 510 1885 568 haec
1907 513 1963 575 Α
1985 513 2224 573 solarum
2250 520 2406 576 nobis
2429 519 2753 594 dignitatum
2766 524 3034 586 unitatem
3055 529 3453 608 introducente,
3479 544 3576 603 ho.

288 590 442 650 fraus
468 593 525 648 in
555 608 622 648 eo
650 594 798 665 quod
825 595 906 653 sic
928 596 996 653 de
1041 596 1348 656 substantia
1375 599 1678 660 divinitatis
1702 602 1881 675 loqui-

286 691 400 753 tur,
428 686 586 758 quasi
615 687 682 743 de
708 687 814 744 alia
839 681 1074 762 persona
1108 701 1310 764 praeter
1345 695 1758 752 humanitatem.
1790 696 1884 752 Di-

283 794 418 838 ceris
445 796 684 852 namque
712 769 790 838 de.
815 785 931 840 sola
960 785 1258 844 divinitatis
1284 788 1592 844 substantia
1624 809 1637 844 :
1671 790 1741 846 In
1761 808 1880 848 vero

283 875 475 946 quippe
497 873 612 944 ﬁlio
629 917 644 942 ,
673 877 788 931 vult
812 877 1191 936 demonstrare
1217 897 1324 937 non
1350 897 1473 938 eum
1500 898 1623 939 esse
1650 883 1705 938 in
1729 892 1882 940 utra-

280 978 391 1036 que
417 965 725 1021 substantia
757 983 948 1024 verum
995 970 1184 1026 ﬁlium.
1223 971 1377 1040 Quod
1413 982 1598 1030 autem
1635 975 1878 1046 interpo-

278 1056 362 1112 nit
400 1057 628 1113 dicens:
689 1054 945 1116 Voluntas
971 1061 1299 1118 nativitatem
1339 1064 1530 1136 prwire
1555 1082 1662 1120 non
1705 1075 1876 1138 potest

274 1150 368 1206 ubi
395 1163 592 1207 natura
617 1155 890 1225 praecidit,
921 1158 1322 1229 apertissimum
1367 1163 1711 1218 mendacium
1749 1179 1876 1235 pro-

276 1242 485 1299 ﬁtetur.
515 1243 576 1299 In
601 1247 975 1316 omnipotente
1010 1249 1157 1306 enim
1179 1259 1236 1307 et
1255 1253 1586 1323 sempiterno
1613 1254 1728 1310 Deo
1757 1270 1874 1311 om-

274 1334 369 1389 nia
402 1335 740 1407 sempiterna
766 1347 913 1418 sunt,
936 1355 1111 1411 neque
1139 1342 1186 1398 ei
1212 1343 1306 1413 qui
1327 1343 1459 1400 fecit
1483 1352 1748 1415 tempora,
1775 1345 1874 1401 ali-

268 1430 405 1500 quid
441 1432 674 1488 accessit
721 1447 789 1488 ex
817 1441 1080 1506 tempore.
1114 1434 1334 1492 Naturae
1373 1439 1521 1493 enim
1550 1454 1671 1510 quae
1713 1439 1870 1496 initio

271 1531 427 1578 caret
469 1531 526 1580 et
569 1524 910 1583 incremento
937 1543 1048 1598 non
1095 1528 1319 1602 indiget,
1351 1531 1497 1602 quod
1521 1539 1606 1588 est
1634 1531 1866 1600 habere,

268 1615 380 1673 hoc
408 1632 564 1684 esse;
601 1628 658 1675 et
691 1621 835 1690 quod
862 1628 948 1676 est
975 1636 1118 1688 esse,
1143 1631 1469 1693 perpetuum
1497 1632 1620 1692 est;
1652 1632 1708 1680 et
1729 1627 1870 1680 sicut

270 1709 485 1766 nullum
510 1710 710 1780 ﬁnem;
723 1713 797 1768 ita
825 1714 1029 1769 nullam
1053 1716 1250 1787 recipit
1275 1717 1718 1774 mutabilitatem.
1745 1717 1865 1774 Non

268 1815 405 1874 ergo
431 1803 489 1858 in
517 1802 610 1859 illo
648 1813 845 1860 natura
872 1807 1132 1878 praecedit
1157 1807 1519 1875 voluntatem,
1552 1823 1732 1880 neque
1765 1825 1867 1865 vo-

1981 608 2293 682 minemque
2332 611 2445 670 Deo
2472 615 2781 686 copulatum
2815 620 3028 680 dicente
3073 615 3350 688 ﬁliationis
3378 635 3571 695 homo-

1980 702 2184 771 nymia,
2243 704 2348 761 hoc
2388 715 2494 775 est,
2539 709 2920 771 univocatione
2971 717 3331 792 honoratum,
3387 742 3572 787 neces-

1979 793 2126 848 sario
2159 809 2260 851 nos
2289 797 2448 854 dictis
2476 799 2622 856 illius
2653 815 3020 876 repugnantes
3047 815 3344 870 secundum
3389 823 3571 878 subsi-

1979 885 2233 940 stentiam
2274 890 2533 946 unitatem
2569 893 2802 952 dicimus
2844 897 3083 969 factam;
3126 905 3229 961 hoc
3266 913 3568 970 secundum

1977 976 2418 1048 subsistentiam,
2464 985 2601 1040 nihil
2642 987 2790 1044 aliud
2836 991 3218 1066 declarantes,
3269 1002 3374 1057 nisi
3419 1009 3563 1074 quod

1976 1069 2092 1125 sola
2144 1072 2307 1128 Verbi
2353 1084 2547 1132 natura
2590 1080 2704 1137 sive
2753 1085 3101 1144 subsistentia
3133 1131 3148 1158 ,
3192 1094 3336 1164 quod
3384 1069 3563 1168 ipsum

1977 1158 2215 1218 Verbum
2253 1164 2508 1224 humanae
2544 1181 2755 1228 natura:
2793 1178 3091 1235 secundum
3128 1158 3563 1244 veritatem-uni-

1954 1261 2112 1322 tum,
2139 1257 2258 1312 sine
2282 1258 2393 1315 ulla
2422 1265 2779 1323 conversione
2813 1277 2978 1341 atque
3011 1273 3351 1344 confusione,
3397 1280 3562 1339 sicuti

1972 1365 2116 1421 saepe
2165 1353 2422 1422 diximus,
2473 1373 2614 1415 unus
2665 1361 3004 1435 intelligitur,
3053 1376 3108 1424 et
3156 1379 3242 1427 est
3287 1372 3560 1443 Christus,

1972 1442 2120 1498 idem
2173 1445 2319 1502 Deus
2345 1457 2402 1504 et
2446 1450 2630 1508 homo.
2664 1474 2683 1506 ι
2743 1455 2877 1512 Item
2904 1459 3019 1530 ipse
3053 1478 3068 1515 :
3123 1481 3143 1515 ‹
3177 1463 3356 1520 Unum
3393 1476 3562 1539 atque

1969 1537 2220 1593 eumdem
2236 1540 2524 1598 adorantes
2540 1559 2554 1610 ;
2572 1545 2698 1613 quia
2710 1560 2818 1602 non
2832 1548 3068 1606 alienum
3077 1567 3276 1626 corpus
3295 1572 3325 1611 a
3349 1537 3556 1625 Verbo,

1969 1626 2065 1680 sed
2092 1627 2143 1681 ei
2165 1629 2340 1701 magis
2364 1638 2447 1686 est
2476 1633 2778 1703 proprium,
2807 1651 2931 1693 cum
2957 1656 3067 1711 quo
3091 1647 3350 1701 consedet
3374 1647 3556 1716 Patri;

1967 1731 2075 1773 non
2106 1720 2247 1776 sicut
2272 1722 2484 1780 duobus
2511 1724 2638 1781 ﬁliis
2669 1729 3108 1800 consedentibus,
3139 1737 3234 1791 sed
3265 1738 3407 1793 sicut
3447 1756 3560 1797 uno

1969 1822 2093 1865 cum
2118 1824 2284 1868 carne
2301 1822 2527 1885 propter
2544 1817 2830 1874 unitatem.
2860 1819 2919 1876 Si
2945 1838 3077 1880 vero
3100 1827 3558 1888 subsistentialem

262 1892 452 1950 [unus
517 1896 828 1964 consilium,
877 1914 1054 1968 neque
1097 1901 1382 1958 consilium
1423 1901 1694 1969 vei-bum;
1737 1903 1866 1972 quia
1893 1891 1942 1952 Β
1968 1899 2232 1957 unitatem
2259 1918 2606 1974 recusamus,
2639 1908 2902 1966 irruimus
2927 1919 2989 1968 ut
3021 1913 3159 1972 duos
3190 1917 3332 1974 ﬁlios
3357 1922 3560 1990 praedi-

262 1986 418 2042 sicut
466 2004 747 2060 nunquam
794 1989 898 2046 fuit
942 1993 1060 2048 sine
1084 1993 1284 2061 Verbo,
1332 1995 1412 2050 ita
1452 2010 1733 2066 nunquam
1759 1995 1864 2052 fuit

261 2082 382 2138 sine
416 2085 705 2154 sapientia,
759 2087 876 2142 sine
919 2089 1148 2144 consilio
1167 2129 1183 2155 ,
1239 2089 1358 2146 sine
1406 2089 1682 2146 voluntate
1705 2132 1721 2158 ,
1775 2091 1863 2148 vel

261 2173 530 2244 quidquid
557 2177 626 2231 de
651 2176 766 2232 Deo
793 2179 1065 2235 veraciter
1102 2179 1206 2235 dici
1236 2189 1436 2251 potest.

331 2264 426 2319 XI.
465 2265 578 2322 Nos
604 2277 787 2324 autem
812 2270 1103 2326 Dominum
1124 2281 1396 2340 nostrum,
1414 2274 1634 2330 unicum
1660 2273 1861 2332 Filium

258 2356 382 2426 Dei,
437 2360 583 2416 sicut
614 2375 806 2416 verum
847 2362 1019 2418 Deum
1054 2363 1410 2432 conﬁtemur,
1462 2368 1539 2422 ita
1581 2375 1639 2422 et
1669 2382 1860 2425 verum

258 2451 460 2509 Filium
511 2453 814 2522 credimus;
852 2456 980 2526 quia
1010 2471 1117 2512 non
1165 2467 1249 2514 est
1285 2458 1425 2514 alter
1463 2475 1530 2515 ex
1569 2467 1756 2530 patre,
1804 2469 1860 2518 et

260 2544 402 2600 alter
430 2561 501 2600 ex
525 2555 732 2612 matre;
765 2547 894 2604 licet
921 2547 1068 2603 aliud
1093 2549 1165 2604 sit
1191 2549 1469 2619 divinitas,
1496 2557 1552 2607 et
1585 2552 1730 2607 aliud
1758 2552 1860 2608 hu-

261 2637 533 2702 manitas;
572 2638 668 2693 sed
699 2638 844 2694 idem
872 2639 929 2694 in
957 2648 1192 2712 utroque
1225 2657 1367 2698 unus
1389 2651 1446 2697 et
1470 2657 1659 2710 verus,
1696 2644 1859 2701 beato

265 2727 470 2802 Cyrillo
516 2747 619 2788 nos
648 2732 726 2788 ita
775 2733 1042 2789 docente:
1089 2753 1108 2786 (
1149 2733 1297 2792 Unus
1329 2751 1463 2809 ergo
1490 2735 1682 2804 Filius,
1717 2754 1858 2796 unus

258 2821 526 2881 Dominus
578 2821 737 2881 Jesus
788 2824 1059 2895 Christus,
1119 2837 1176 2884 et
1219 2836 1348 2885 ante
1398 2829 1854 2900 incarnationem,

258 2921 314 2969 et
332 2923 458 2984 post
482 2915 941 2972 incarnationem.
967 2915 1089 2974 Non
1125 2919 1273 2974 enim
1296 2918 1436 2976 alter
1455 2929 1539 2976 est
1566 2919 1708 2978 ﬁlius
1730 2921 1861 2978 Ver-

256 3004 389 3063 bum
417 3007 518 3064 Dei
545 3007 746 3076 Patris,
790 3018 847 3067 et
885 3009 1024 3067 alter
1049 3012 1248 3068 iterum
1278 3013 1371 3083 qui
1414 3014 1481 3070 de
1522 3022 1712 3072 sancta
1742 3016 1857 3071 Vir-

258 3097 384 3168 gine
421 3108 586 3157 natus
611 3109 725 3168 est;
755 3101 854 3158 sed
897 3102 1042 3160 idem
1091 3104 1208 3176 ipse
1234 3105 1327 3176 qui
1370 3114 1456 3162 est
1500 3115 1626 3163 ante
1659 3107 1856 3164 saacula

277 3186 444 3258 Deus,
487 3193 654 3248 etiam
678 3195 976 3250 secundum
999 3209 1220 3252 carnem
1251 3213 1320 3254 ex
1356 3198 1586 3255 muliere
1612 3200 1855 3256 creditur

254 3279 438 3336 editus
478 3299 494 3334 :
539 3298 648 3338 non
691 3285 834 3354 quod
869 3301 935 3342 ex
980 3302 1044 3343 ea
1073 3287 1286 3344 initium
1325 3289 1498 3347 deitas
1535 3289 1651 3360 ejus
1697 3307 1854 3348 acce-

253 3371 402 3440 perit
432 3379 496 3426 ut
521 3372 614 3440 sit,
662 3384 752 3430 aut
793 3375 1126 3436 subsistendi
1175 3381 1504 3453 principium
1554 3384 1621 3440 de
1664 3395 1856 3442 sancta

252 3461 476 3532 virgine
503 3468 817 3536 sumpserit;
847 3469 942 3525 sed
964 3472 1168 3542 potius,
1206 3481 1265 3527 ut
1285 3473 1421 3541 dixi,
1447 3476 1590 3546 quod
1615 3477 1854 3534 Verbum

253 3553 564 3612 subsistens
584 3565 709 3614 ante
734 3559 954 3628 saecula,
988 3565 1287 3619 secundum
1307 3579 1529 3621 carnem
1559 3566 1760 3623 dicitur
1784 3583 1854 3625 ex

252 3658 318 3700 ea
343 3648 707 3718 progenitum.
729 3649 957 3723 Propria
978 3654 1125 3710 enim
1148 3653 1294 3711 facta
1320 3665 1406 3712 est
1423 3655 1540 3727 ejus
1563 3675 1712 3726 caro,
1741 3661 1852 3718 sic-

255 3745 320 3793 ut
342 3746 402 3794 et
445 3740 670 3813 singulis
715 3745 874 3800 nobis
895 3753 979 3801 est
1013 3748 1291 3818 proprium
1322 3764 1539 3820 corpus.
1571 3770 1590 3803 ›

323 3851 442 3909 XII.
483 3853 639 3923 Quod
665 3866 849 3914 autem
890 3867 1036 3917 totus
1062 3877 1226 3918 verus
1271 3861 1412 3918 Deus
1439 3864 1696 3920 credatur
1717 3905 1732 3932 ,
1775 3865 1852 3921 ita

253 3945 369 4017 ipse
420 3948 614 4005 beatus
656 3949 892 4023 Cyrillus
938 3952 1098 4010 docet
1141 3953 1360 4027 (Anath.
1414 3956 1500 4028 i):
1560 3975 1578 4007 ι
1615 3955 1675 4012 Si
1723 3957 1848 4028 quis

252 4051 361 4093 non
384 4039 675 4096 conﬁtetur
700 4041 872 4098 Deum
901 4060 1022 4102 esse
1047 4047 1346 4102 secundum
1387 4047 1677 4103 veritatem
1718 4048 1850 4104 Em-

249 4132 491 4200 manuel,
531 4141 586 4188 et
620 4146 908 4206 propterea
945 4136 1043 4192 Dei
1085 4139 1407 4210 genitricem
1448 4148 1696 4195 sanctam
1727 4141 1854 4196 Vir-

249 4226 431 4295 ginem
465 4229 719 4299 genuisse
754 4245 881 4286 eum
919 4232 1233 4300 carnaliter,
1280 4248 1504 4290 carnem
1544 4232 1750 4290 factum
1782 4249 1850 4291 ex

253 4314 363 4373 Deo
393 4319 658 4387 Verbum,
705 4324 999 4379 anathema
1052 4325 1142 4379 sit.
1180 4344 1200 4378 i
1253 4325 1322 4380 Et
1363 4325 1564 4382 iterum
1613 4326 1704 4399 (In
1746 4327 1850 4383 De-

251 4410 382 4466 clar.
411 4427 490 4468 xii
518 4413 724 4487 anatli.)
750 4429 766 4470 :
796 4415 1037 4472 Dicimus
1067 4424 1250 4472 autem
1277 4419 1432 4473 carni
1470 4419 1709 4475 animam
1750 4421 1850 4477 ha-

248 4501 398 4558 benti
429 4505 750 4561 rationalem
773 4508 981 4562 unitum
1004 4508 1266 4573 Verbum,
1285 4509 1379 4565 sed
1410 4510 1552 4566 ultra
1581 4521 1843 4581 mentem,

246 4602 302 4650 et
325 4594 696 4664 ineﬂ'abiliter,
740 4607 796 4654 et
819 4599 961 4655 sicut
989 4599 1137 4655 solus
1167 4600 1283 4670 ipse
1332 4601 1501 4658 novit.
1542 4602 1686 4674 Ergo
1722 4620 1846 4674 per-

1961 2003 2168 2047 cemus.
2199 1991 2434 2052 Necesse
2460 2005 2546 2052 est
2582 1998 2730 2054 enim
2768 2011 2966 2059 cuncta
2996 2005 3258 2076 dividere,
3294 2019 3350 2066 et
3375 2013 3558 2070 dicere

1960 2077 2238 2137 hominem
2255 2083 2476 2154 quidem
2491 2087 2804 2158 specialiter
2827 2091 2925 2168 ﬁlii
2951 2097 3258 2166 praedicari,
3287 2109 3342 2156 et
3364 2118 3555 2160 rursus

1961 2170 2271 2264 specialiter
2297 2173 2469 2230 Deum
2498 2177 2737 2236 Verbum
2769 2181 2868 2237 ﬁlii
2897 2199 3094 2242 nomen
3124 2198 3289 2261 atque
3317 2194 3556 2264 appella-

1960 2260 2168 2319 tionem
2199 2265 2525 2323 naturaliter
2556 2269 2781 2327 habere.
2817 2272 2936 2329 Non
2966 2293 3098 2350 ergo
3143 2279 3198 2334 in
3227 2260 3368 2338 duos
3387 2260 3554 2342 ﬁlios

1959 2366 2101 2408 unus
2128 2353 2394 2412 Dominus
2415 2355 2574 2414 Jesus
2612 2359 2864 2418 Christus
2899 2365 3217 2426 dividendus
3247 2381 3348 2428 est.
3392 2372 3556 2431 Nullo

1958 2445 2122 2502 modo
2145 2448 2290 2504 enim
2319 2459 2538 2522 oportet
2564 2455 2832 2512 rationem
2863 2468 3026 2516 rectae
3071 2462 3193 2520 ﬁdei
3222 2466 3300 2522 sic
3328 2467 3551 2540 habere,

1958 2536 2054 2592 sed
2083 2550 2187 2592 nec
2231 2554 2591 2610 personarum
2621 2548 2905 2617 unitatem,
2939 2553 3080 2608 sicut
3117 2555 3284 2627 aliqui
3319 2536 3552 2630 opinari;

1958 2635 2069 2684 tur.
2105 2651 2125 2682 ι
2155 2631 2291 2687 Item
2315 2647 2330 2687 :
2367 2652 2386 2686 ι
2418 2634 2695 2693 Processit
2716 2641 2881 2696 homo
2901 2658 2969 2698 ex
2994 2645 3242 2715 muliere,
3271 2649 3412 2708 Deus
3431 2669 3553 2711 esse

1957 2735 2067 2801 non
2100 2722 2373 2793 desinens,
2408 2735 2463 2784 et
2481 2741 2550 2784 ex
2579 2731 2692 2786 Deo
2732 2731 2895 2790 Patre
2917 2749 3039 2792 esse
3062 2742 3410 2811 progenitus,
3453 2749 3552 2806 sed

1956 2810 2014 2867 in
2070 2816 2438 2888 assumptione
2483 2821 2686 2890 carnis,
2749 2826 2894 2895 quod
2940 2826 3121 2884 fuerat
3166 2810 3546 2901 perseverans.

1955 2904 2105 2961 Istud
2125 2907 2322 3000 allegat
2347 2911 2548 2983 ubique
2573 2915 2789 2973 subtilis
2823 2916 2949 2975 ﬁdei
2979 2921 3138 2978 ratio.
3179 2943 3198 2977 ι
3228 2925 3359 2982 Item
3389 2929 3506 3000 ipse
3532 2951 3546 2986 :

1963 3014 1984 3049 ι
2016 2997 2153 3054 Cum
2193 2999 2474 3073 Scriptura
2501 3007 2763 3066 divinitus
2793 3010 3057 3082 inspirata
3095 3031 3262 3072 unum
3289 2997 3434 3078 dicat
3459 3018 3552 3079 Fi-

1958 3089 2126 3160 lium,
2176 3104 2339 3165 atque
2383 3098 2690 3157 Dominum.
2747 3105 3012 3172 Quocirca
3053 3119 3176 3180 post
3221 3100 3551 3173 incll'abilem

1956 3189 2245 3254 unitatem,
2269 3189 2316 3245 si
2356 3190 2528 3247 Deum
2557 3196 2805 3254 nomines
2835 3198 3177 3271 Emmanuel,
3205 3205 3548 3266 incarnatum

1879 3258 1926 3322 Ο
1957 3285 2013 3332 et
2039 3279 2315 3338 hominem
2342 3281 2548 3340 factum
2593 3287 2945 3362 intelligimus
2983 3310 3085 3352 nos
3122 3258 3190 3353 ex
3231 3299 3343 3356 Deo
3385 3301 3550 3360 Patre

1943 3371 2220 3439 Verbum.
2273 3375 2400 3432 Sive
2447 3380 2727 3438 hominem
2775 3385 2946 3457 dicas,
3004 3390 3358 3451 nihilominus
3394 3395 3549 3454 illum

1956 3462 2132 3533 ipsum
2155 3466 2210 3520 in
2234 3471 2506 3528 mensuris
2541 3473 2896 3534 humanitatis
2917 3482 3301 3554 participatum
3327 3487 3524 3559 dispen

1957 3557 2130 3613 sative
2173 3563 2571 3630 cognoscimus.
2611 3565 2840 3624 Factum
2883 3587 3014 3628 vero
3044 3574 3273 3632 dicimus
3301 3557 3546 3650 palpabi-

1954 3645 2062 3702 lein
2093 3649 2188 3719 qui
2224 3651 2585 3725 impalpabilis
2636 3667 2750 3727 est,
2802 3663 3072 3721 visibilem
3122 3668 3215 3739 qui
3261 3645 3548 3732 invisibilis

1954 3747 2058 3795 est.
2091 3739 2210 3798 Non
2239 3745 2384 3799 enim
2415 3745 2517 3802 fuit
2542 3757 2863 3807 extraneum
2885 3755 2936 3809 ei
2968 3757 3178 3812 unitum
3201 3759 3306 3830 ipsi
3327 3776 3544 3832 corpus,

1953 3834 2098 3903 quod
2131 3836 2298 3892 ctiam
2334 3839 2566 3898 dicimus
2597 3859 2722 3901 esse
2765 3847 3034 3918 palpabile
3083 3861 3138 3906 et
3173 3853 3404 3910 visibile.
3443 3856 3547 3923 Qui

1955 3935 2134 3982 autem
2171 3929 2248 3984 ita
2299 3946 2410 3987 non
2454 3936 2704 4004 credunt,
2764 3939 3108 4013 diStinguunt
3151 3954 3354 4012 autem,
3405 3948 3548 4004 sicut

1955 4019 2088 4086 dixi,
2122 4023 2506 4082 subsistentias
2534 4038 2660 4099 post
2688 4033 2976 4103 unitatem,
3007 4046 3064 4092 et
3089 4055 3282 4111 puram
3325 4043 3406 4100 eis
3454 4058 3547 4099 co-

1953 4111 2282 4182 pulationem
2319 4117 2732 4194 subintelligunt
2759 4127 3057 4184 secundum
3095 4131 3267 4188 solam
3311 4135 3546 4207 dignita-

1954 4213 2063 4261 tem
2099 4207 2215 4264 sive
2249 4213 2649 4282 auctoritatem,
2685 4216 2887 4274 alienat
2915 4236 3010 4278 eos
3041 4222 3109 4278 ab
3143 4224 3229 4280 his
3255 4227 3347 4297 qui
3395 4235 3546 4283 recte

1953 4314 2146 4370 sapere
2179 4316 2585 4363 consueverunt
2609 4324 2848 4379 praesens
2884 4315 3393 4373 anathematismus.
3428 4339 3449 4372 ι

2021 4392 2154 4448 Xlll.
2213 4395 2518 4470 lnterrogat
2565 4400 2717 4458 Felix
2766 4425 2779 4459 :
2843 4426 2862 4458 ι
2920 4406 3114 4464 Utrum
3162 4410 3330 4467 Maria
3386 4412 3543 4485 virgo

1953 4488 2122 4543 Deum
2149 4498 2206 4545 et
2239 4491 2536 4559 hominem,
2570 4496 2713 4552 sicut
2741 4499 2968 4570 pariter,
2998 4501 3075 4556 ita
3097 4511 3153 4557 et
3177 4502 3427 4558 similiter
3450 4519 3542 4576 ge-

1954 4579 2100 4648 nuit,
2133 4595 2204 4635 an
2236 4582 2396 4638 aliter
2419 4586 2654 4657 genitrix
2682 4589 2921 4658 deitatis,
2957 4599 3012 4648 et
3044 4593 3201 4649 aliter
3233 4595 3541 4653 humanita-
3613 4594 3626 4608 °

245 4687 449 4742 mansi,
475 4687 622 4744 Deus
650 4655 706 4745 εἰ
751 4690 808 4744 in
858 4655 1229 4761 assumption},
1255 4692 1456 4757 carnis,
1507 4701 1563 4748 et
1590 4655 1676 4749 εξι
1704 4655 1844 4752 ιλιαδ
1869 4655 1924 4716 D
1951 4671 2020 4728 tis
2046 4688 2169 4730 esse
2199 4676 2475 4732 credatur.
2523 4699 2541 4732 i
2591 4679 3009 4756 Respondetque
3051 4685 3267 4740 sibimet
3311 4688 3412 4759 ipsi
3459 4690 3542 4747 di-

245 4775 416 4833 Filius
442 4778 542 4835 Dei
570 4789 626 4835 et
654 4780 834 4837 Patris
853 4783 1115 4839 Dominus
1144 4793 1331 4840 noster
1358 4782 1518 4841 Jesus
1557 4785 1838 4855 Christus;

246 4872 390 4930 idem
419 4874 537 4944 ipse
566 4882 624 4930 et
649 4883 777 4930 ante
801 4890 961 4933 omne
1001 4876 1258 4932 saeculum
1289 4887 1344 4932 et
1373 4886 1606 4950 tempus,
1643 4896 1844 4941 secung‘

246 4964 372 5020 dum
421 4967 568 5037 quod
597 4968 916 5040 intelligitur
942 4969 1182 5026 Verbum
1212 4979 1269 5026 et
1309 4968 1560 5043 Splendor
1587 4974 1842 5031 substan-

246 5058 332 5112 tia:
368 5057 512 5127 ejus,
555 5069 610 5114 et
639 5061 692 5116 in
734 5062 1046 5119 novissimis
1095 5066 1431 5135 temporibus
1474 5067 1840 5137 dispensative

243 5148 408 5206 homo
434 5160 660 5223 propter
684 5169 802 5210 nos.
836 5174 855 5207 ι
885 5152 1020 5209 Item
1048 5154 1164 5225 ipse
1187 5173 1200 5210 ε
1238 5174 1256 5206 ‹
1287 5154 1487 5212 Factus
1511 5165 1596 5212 est
1620 5173 1750 5214 caro
1771 5173 1838 5214 ex

241 5239 354 5297 Deo
389 5241 556 5299 Patre
593 5245 854 5313 Verbum,
893 5263 1002 5304 non
1025 5263 1125 5318 per
1155 5248 1548 5316 transitionem,
1591 5261 1685 5308 aut
1709 5269 1840 5309 con-

239 5338 554 5394 versionem
597 5355 710 5396 sua:
748 5349 981 5409 naturae,
1022 5343 1118 5400 sed
1159 5345 1439 5416 propriam
1479 5345 1684 5404 faciens
1714 5365 1837 5406 car-

238 5440 362 5485 nem
418 5446 485 5486 ex
513 5442 703 5488 sancta
728 5434 952 5507 Virgine
996 5444 1301 5509 sumptam;
1330 5455 1580 5512 unusque
1611 5451 1666 5498 et
1689 5442 1833 5500 idem

239 5521 538 5593 appellatus
581 5524 744 5592 ﬁlius,
796 5537 922 5584 ante
969 5529 1416 5588 humanationem
1453 5535 1673 5606 quidem
1713 5523 1832 5594 sine

239 5628 404 5670 carne
463 5615 644 5673 adhuc
675 5618 934 5688 Verbum,
974 5629 1098 5692 post
1148 5621 1651 5684 inhumanationem
1699 5645 1830 5688 vero

237 5704 382 5763 idem
433 5709 839 5782 iucorporatus.
877 5733 896 5767 ι
937 5712 1070 5785 Item
1104 5715 1221 5786 ipse
1253 5716 1344 5791 (In
1368 5719 1488 5790 Dei.
1519 5736 1598 5777 xu
1641 5723 1826 5779 anath.

234 5797 356 5854 adv.
391 5797 620 5868 Μερόη
647 5819 764 5876 cap.
793 5804 849 5878 2)
882 5823 896 5861 :
933 5824 953 5858 ‹
983 5805 1236 5866 Nestorio
1262 5809 1427 5883 igitur
1455 5812 1658 5884 ubique
1676 5816 1827 5886 peri-

232 5901 415 5952 mente
434 5894 538 5954 Dei
565 5895 732 5954 Verbi
773 5898 1072 5956 secundum
1096 5915 1317 5960 carnem
1358 5903 1732 5975 nativitatem,
1769 5916 1826 5966 et

640 5993 917 6079 Parnon.
962 5993 1130 6061 CIV.

1949 4778 2080 4820 cens
2108 4783 2122 4818 :
2161 4784 2179 4817 ι
2209 4765 2362 4824 Licet
2390 4769 2580 4826 eadem
2611 4771 2847 4844 gloriosa
2878 4773 3042 4847 Virgo
3069 4775 3163 4831 Dei
3201 4784 3256 4834 et
3301 4779 3538 4838 hominis

1949 4859 2185 4930 genitrix
2206 4859 2439 4917 ﬁdeliter
2467 4864 2742 4934 credatur,
2768 4866 2925 4922 aliter
2949 4875 3130 4922 tamen
3161 4866 3259 4924 Dei
3278 4871 3532 4943 genitrix,

1948 4956 2004 5004 et
2028 4949 2191 5007 aliter
2220 4951 2457 5009 hominis
2482 4964 2632 5012 recte
2654 4957 2959 5029 proﬁtetur.
2993 4977 3013 5011 ι

2013 5063 2153 5120 XIV.
2189 5065 2273 5122 Ad
2324 5067 2441 5124 haec
2471 5069 2637 5126 verba
2669 5087 2768 5128 nos
2799 5073 3189 5143 respondemus
3235 5080 3380 5150 quod
3429 5097 3540 5138 non

1942 5154 2117 5212 solum
2165 5158 2276 5212 sint
2303 5158 2619 5233 hlasphema
2654 5171 2709 5219 et
2759 5164 2905 5219 omni
2951 5165 3076 5223 odio
3120 5170 3314 5243 digna,
3347 5189 3536 5230 verum

1939 5247 2107 5304 etiam
2155 5265 2296 5307 nova
2345 5261 2400 5307 et
2430 5253 2692 5309 inaudita.
2733 5251 3012 5321 Quomodo
3041 5260 3186 5315 enim
3231 5261 3390 5318 aliter
3436 5264 3536 5319 Dei

1939 5340 2198 5410 genitrix,
2228 5348 2285 5398 et
2313 5343 2475 5399 aliter
2505 5343 2740 5401 hominis
2768 5359 2891 5402 esse
2919 5350 3133 5419 potuit?
3162 5351 3324 5409 Certe
3360 5352 3534 5411 Deum

1941 5433 2128 5505 genuit
2152 5434 2515 5502 incarnatum,
2547 5437 2635 5492 cui
2662 5439 2756 5494 uni
2787 5456 2896 5496 uno
2924 5450 3009 5499 est
3056 5445 3218 5501 modo
3263 5447 3530 5519 genitrix,

1940 5543 2050 5584 non
2097 5529 2333 5598 duobus;
2366 5545 2433 5586 eo
2478 5530 2685 5588 scilicet
2719 5550 2826 5605 quo
2860 5536 3002 5594 Deus
3033 5538 3087 5593 in
3117 5537 3208 5594 illa
3243 5547 3299 5595 et
3334 5555 3402 5598 ex
3437 5542 3564 5626 illa.

1940 5621 2116 5680 factus
2146 5630 2202 5680 et
2230 5632 2390 5680 natus
2419 5632 2504 5681 est
2545 5625 2728 5684 homo.
2760 5628 2872 5686 Nec
2907 5639 2991 5686 est
3017 5646 3148 5688 usus
3192 5633 3528 5705 catholicus,

1937 5715 2174 5772 hominis
2198 5731 2319 5772 eam
2347 5718 2666 5788 genitricem
2711 5722 3018 5791 nominare,
3047 5725 3143 5780 sed
3175 5739 3392 5799 semper
3426 5727 3526 5786 Dei

1935 5811 2274 5882 genitricem.
2317 5809 2374 5868 Si
2410 5811 2558 5871 Deus
2585 5814 2748 5872 homo
2780 5815 2974 5884 factus,
3003 5832 3070 5874 ex
3096 5817 3183 5873 illa
3215 5828 3378 5877 natus
3402 5831 3526 5890 est,

1934 5904 2144 5965 duobus
2170 5906 2357 5979 utique
2383 5911 2559 5970 modis
2586 5927 2693 5968 non
2720 5921 2805 5968 est
2839 5921 3019 5969 natus.
3067 5911 3206 5970 Nam
3235 5913 3283 5971 si
3311 5915 3530 5975 duobus

3044 6004 3085 6063 2
