4088 6344
558 446 636 528 ,47
1533 445 1590 503 S.
1629 445 1976 504 AGOBARDI
2011 442 2319 503 EPISCOPl
2355 442 2841 502 LUGDUNENSIS
3739 442 3809 499 48

553 564 651 622 lus
690 564 932 636 exponit,
971 561 1212 620 caelestis
1249 560 1490 618 medicus
1540 576 1610 618 ex
1657 560 1812 616 nobis
1863 558 2139 630 acciperet
2162 563 2218 623 Α
2239 556 2427 614 raliter
2475 557 2879 628 conceptionem
2923 560 3088 625 atque
3127 551 3468 610 nativitatem
3520 552 3809 612 inelfabilis

561 670 663 728 per
690 655 833 727 quod
875 654 1147 711 contraria
1197 653 1591 708 medicamenta
1636 649 1792 705 nobis
1831 649 2131 717 adhiberet,

563 749 772 810 scilicet
795 755 857 802 ut
881 745 1027 802 salva
1067 743 1496 815 impassibilitate
1543 757 1662 807 sua,
1706 739 2131 806 immortalitate,

560 850 620 900 et
653 837 1215 904 incommutabilitate,
1247 849 1274 878 ι
1322 852 1420 892 sua
1455 849 1554 891 nos
1603 842 1778 890 morte
1812 833 2131 900 viviﬁcaret,

559 948 660 988 sua
699 937 1015 1003 paupertate
1039 926 1261 993 ditaret,
1290 927 1402 983 suis
1426 924 1769 981 contumeliis
1816 925 2128 988 honoraret,

559 1027 675 1084 suis
701 1025 1013 1082 vulneribus
1047 1027 1285 1087 sanaret,
1303 1029 1359 1076 et
1381 1026 1573 1076 cetera
1597 1017 1924 1088 huiusmodi.
1958 1016 2053 1074 Sic
2077 1022 2134 1070 et

557 1118 616 1174 in
640 1116 874 1188 quodam
911 1115 1031 1171 loco
1057 1113 1248 1169 beatus
1289 1109 1477 1167 scribit
1503 1108 1865 1180 Hieronymus
1897 1127 1910 1162 :
1945 1127 1964 1160 ‹
2001 1106 2131 1174 Quae

558 1217 740 1265 autem
757 1213 940 1278 potest
959 1203 1134 1274 major
1149 1218 1269 1259 esse
1287 1201 1561 1257 dementia
1586 1215 1746 1271 quam
1767 1206 1826 1252 ut
1846 1197 2014 1253 Filius
2033 1196 2130 1251 Dei

557 1300 794 1358 hominis
823 1299 963 1355 ﬁlius
1005 1302 1335 1359 nasceretur,
1365 1294 1554 1350 decem
1597 1292 1865 1348 mensium
1913 1289 2130 1346 fastidia

554 1393 868 1458 sustineret,
883 1397 1071 1461 partus
1084 1394 1425 1458 exspectaret
1439 1384 1728 1441 adventum
1737 1423 1752 1450 ,
1766 1382 2130 1439 involveretur

551 1483 769 1556 pannis,
795 1481 1152 1551 subjiceretur
1175 1476 1511 1549 parentibus,
1539 1491 1641 1546 per
1683 1472 1925 1546 singulas
1950 1472 2131 1528 adole-

550 1583 638 1631 ret
677 1581 885 1640 aetates,
915 1579 971 1627 et
995 1577 1119 1642 post
1153 1567 1505 1625 contumelias
1532 1581 1725 1622 vocum
1747 1605 1762 1630 ,
1810 1564 2024 1635 alapas,
2074 1571 2131 1618 et

550 1663 779 1738 ﬂagella,
822 1661 999 1718 crucis
1049 1675 1263 1731 quoque
1289 1659 1444 1714 nobis
1472 1656 1628 1714 ﬁeret
1671 1655 2035 1723 maledictum,
2068 1661 2131 1711 ut

550 1770 652 1812 nos
693 1769 724 1810 a
764 1750 1047 1808 maledicto
1093 1749 1228 1821 legis
1257 1748 1580 1814 absolveret,
1609 1747 1756 1801 Patri
1800 1744 1974 1802 factus
2001 1745 2136 1813 οιιεη⁵

550 1847 705 1904 diens
749 1860 917 1915 usque
959 1843 1028 1899 ad
1072 1841 1341 1898 mortem?
1371 1861 1390 1894 ι
1429 1839 1535 1896 Sed
1578 1840 1706 1909 quia
1731 1847 1925 1894 cuncta
1963 1853 2126 1909 supra

2236 649 2294 707 in
2318 666 2378 708 se
2422 651 2678 707 divinitas
2705 648 3021 720 accepisset.
3055 645 3148 704 Sic
3190 654 3276 703 est
3304 646 3447 702 Deus
3481 655 3718 703 aeternus
3744 662 3808 704 ac

2234 757 2416 810 verus,
2437 743 2706 799 veraciter
2731 739 3025 797 secundum
3049 745 3263 807 tempus
3289 745 3601 809 conceptus,
3637 744 3693 792 et
3715 753 3808 792 na-

2234 842 2324 891 tus
2354 850 2422 890 ex
2442 834 2683 906 Virgine.
2711 833 2848 888 Dum
2871 831 3018 887 enim
3057 829 3193 886 venit
3220 828 3490 901 plenitudo
3535 830 3803 901 temporis,

2231 928 2373 983 misit
2419 927 2561 983 Deus
2588 925 2792 981 Filium
2833 941 2986 980 suum
3008 923 3216 994 {factum
3241 938 3308 978 ea:
3334 921 3576 989 muliere,
3606 922 3806 992 factum

2229 1017 2327 1072 sub
2353 1016 2482 1089 lege,
2509 1026 2565 1073 ut
2585 1033 2672 1072 eos
2693 1017 2783 1089 qui
2809 1015 2905 1071 sub
2921 1014 3031 1086 lege
3057 1021 3228 1083 erant,
3256 1013 3550 1082 redimeret,
3579 1022 3638 1068 ut
3677 1013 3809 1068 ado-

2229 1111 2458 1180 ptionem
2493 1110 2724 1180 ﬁliorum
2752 1111 3096 1180 reciperemus
3111 1125 3132 1174 ;
3169 1107 3261 1164 illo
3287 1107 3494 1164 scilicet
3523 1107 3634 1163 Deo
3661 1106 3808 1163 facto

2229 1202 2548 1258 naturaliter
2574 1202 2686 1258 ﬁlio
2712 1201 2969 1270 hominis,
3006 1201 3100 1274 qui
3126 1201 3320 1260 unicus
3364 1209 3450 1259 est
3481 1200 3808 1258 naturaliter

2228 1292 2400 1349 Filius
2429 1295 2736 1366 unigenitus
2761 1293 2858 1350 Dei
2883 1293 3085 1350 Patris.
3107 1313 3126 1348 ι

2298 1382 2439 1439 XXI.
2469 1383 2669 1441 Contra
2699 1384 2830 1440 illud
2869 1399 3000 1440 vero
3028 1383 3173 1455 quod
3210 1383 3366 1442 Felix
3393 1385 3546 1454 dicit,
3595 1386 3807 1443 duobus

2227 1473 2403 1530 modis
2425 1474 2538 1531 Deo
2559 1475 2708 1530 Patri
2732 1491 2898 1531 unum
2918 1489 3040 1531 esse
3067 1474 3260 1542 ﬁlium,
3302 1483 3358 1533 et
3395 1477 3603 1533 duobus
3628 1479 3806 1534 modis

2227 1563 2390 1618 matri
2419 1581 2432 1617 :
2471 1579 2592 1634 qua:
2637 1564 2885 1646 dicendo,
2915 1564 3042 1621 illuc
3069 1566 3260 1632 tendit,
3289 1575 3350 1622 ut
3385 1568 3634 1624 ostendat
3679 1584 3807 1625 eum

2227 1657 2521 1713 secundum
2543 1657 2877 1713 divinitatem
2897 1659 3114 1728 quidem
3141 1673 3264 1715 esse
3276 1673 3486 1726 verum,
3501 1661 3801 1716 secundum

2226 1748 2624 1805 humanitatem
2651 1758 2832 1806 autem
2888 1765 2997 1806 non
3040 1764 3162 1806 esse
3197 1765 3386 1806 verum
3414 1769 3428 1806 :
3459 1752 3603 1822 quod
3638 1766 3803 1822 quam

2225 1841 2420 1899 falsum
2451 1842 2542 1910 sit,
2577 1841 2693 1913 jam
2721 1857 2884 1914 supra
2923 1842 3113 1913 positis
3143 1843 3426 1900 sententiis
3450 1841 3596 1899 beati
3618 1842 3807 1916 Cyr-illi

549 1940 753 2010 scripta
780 1936 975 1992 Felicis
1017 1933 1158 1991 male
1195 1947 1354 1989 sensa
1383 1931 1564 1987 verbis
1597 1929 1819 1985 Patrum
1847 1930 2124 1993 destruere
2150 1938 2199 1999 Β
2224 1939 2502 1988 ostensum
2523 1939 2639 1999 est;
2672 1939 2727 1986 et
2751 1945 2895 1986 nunc
2936 1931 3179 2001 ejusdem
3209 1940 3266 1988 et
3296 1931 3525 1987 aliorum
3551 1933 3806 2003 ponenda

548 2031 826 2096 debemus,
839 2019 994 2100 legat
1017 2027 1106 2083 cui
1141 2025 1318 2097 placet
1340 2023 1454 2095 jam
1483 2022 1724 2077 adnean
1752 2021 1974 2076 Patrum
1999 2036 2126 2078 sen-

548 2122 766 2178 tentias.
822 2120 1046 2175 lnterim
1097 2126 1319 2182 tamen,
1365 2115 1492 2184 quia
1547 2112 1770 2168 memini
1816 2127 1905 2167 me
1961 2127 2124 2182 supra

546 2212 750 2268 dixisse
768 2211 915 2267 nullo
936 2209 1098 2266 modo
1117 2207 1357 2263 Felicem
1373 2205 1590 2261 sibimet
1613 2203 1840 2260 suadere
1859 2203 2122 2273 potuisse,

548 2305 682 2362 utin
703 2320 813 2360 uno
839 2303 1066 2359 Domino
1088 2300 1315 2356 duarum
1343 2306 1658 2353 naturarum
1689 2293 2124 2364 coniunctionem

547 2395 867 2454 naturaliter
909 2409 974 2450 ac
1027 2389 1452 2449 substantialiter
1491 2387 1693 2443 factam
1737 2385 2022 2452 crederet,
2069 2393 2127 2441 et

547 2489 726 2545 verbis
767 2487 910 2543 beati
937 2483 1122 2556 Cyrilli
1147 2481 1481 2538 ostendimus
1503 2478 1772 2549 quomodo
1801 2475 2124 2531 naturaliter

545 2579 689 2635 facta
715 2578 982 2641 credatur,
1000 2575 1161 2630 habet
1181 2573 1349 2629 lector
1378 2572 1444 2627 de
1471 2571 1661 2626 eadem
1680 2585 1741 2624 re
1766 2569 1794 2609 ι)
1821 2567 1967 2624 beati
1998 2566 2124 2622 Hie-

544 2667 754 2740 ronymi
779 2667 914 2722 satis
940 2665 1164 2737 politam
1188 2672 1243 2720 et
1268 2662 1607 2719 enucleatam
1634 2662 1979 2726 sententiam,
1998 2676 2122 2716 cum

545 2760 610 2815 de
629 2759 722 2814 illo
745 2759 939 2814 divinae
966 2757 1259 2826 Scriptura:
1282 2755 1400 2810 loco
1423 2763 1630 2826 ageret,
1645 2754 1736 2808 ubi
1763 2753 1968 2808 dictum
1992 2761 2078 2808 est
2103 2771 2117 2807 :

549 2848 750 2904 Portam
777 2849 1077 2903 inimicitias
1108 2849 1242 2902 inter
1274 2858 1323 2901 te
1349 2856 1396 2900 et
1423 2847 1558 2900 inter
1583 2844 1874 2911 mulierem,
1907 2853 1957 2898 et
1983 2845 2122 2899 inter

544 2962 714 3000 seum:
758 2955 903 2996 tuam
933 2951 979 2996 et
1027 2958 1200 2996 semen
1234 2940 1490 2995 mulieris.
1545 2938 1673 3010 Ipsa
1707 2947 1855 2992 tuum
1898 2936 2121 2992 calcabit

545 3047 723 3102 ιἰηνίέῐ,
758 3047 803 3088 et
841 3046 894 3088 tu
922 3034 1254 3088 insidiaberis
1281 3031 1527 3087 calcaneo
1553 3031 1666 3102 ejus
1692 3027 1848 3102 (Gen.
1876 3043 1967 3093 ιιι,
2005 3027 2117 3100 15).

676 3147 677 3150 η
845 3129 1034 3195 mquit,
1065 3125 1351 3195 conspicis,
1392 3137 1569 3180 nonne
1598 3122 1935 3188 consideras,
1975 3122 2120 3193 quod

701 3239 823 3272 θυμω
866 3219 944 3272 illi
993 3219 1298 3272 minabatur
1345 3216 1401 3270 in
1452 3215 1700 3272 Christo?
1749 3213 1930 3270 Alium
1971 3214 2133 3284 enim,

2225 2030 2351 2078 sunt
2379 2022 2709 2089 testimonia,
2721 2036 2820 2093 per
2843 2037 2963 2092 quae
2975 2020 3367 2078 ostendendum
3379 2030 3481 2090 est,
3496 2031 3553 2078 et
3577 2023 3806 2078 unicum

2224 2111 2514 2168 Dominum
2537 2121 2786 2168 nostrum
2815 2120 2986 2168 totum
3015 2127 3138 2168 esse
3166 2111 3435 2179 Deum,et
3459 2111 3558 2169 Dei
3581 2111 3802 2180 Filium,

2225 2205 2500 2260 hominem
2523 2220 2737 2276 quoque
2753 2213 2808 2259 et
2827 2205 3064 2260 hominis
3094 2204 3284 2271 ﬁlium,
3301 2204 3452 2260 salva
3479 2213 3658 2260 tamen
3681 2219 3810 2275 pro-

2222 2295 2455 2365 prietate
2481 2295 2763 2366 utriusque
2783 2295 3116 2361 substantiae,
3152 2303 3435 2367 totumque
3464 2311 3585 2352 esse
3611 2312 3804 2351 verum

2223 2388 2368 2459 quod
2392 2395 2504 2454 est;
2556 2396 2618 2442 ut
2664 2388 2971 2458 quicunque
3015 2387 3259 2444 diversos
3295 2389 3482 2444 modos
3525 2388 3809 2445 ﬁliationis

2222 2476 2320 2534 Dei
2346 2478 2401 2532 in
2431 2477 2537 2534 ﬁde
2576 2477 2732 2534 nobis
2758 2478 3103 2534 introducere
3126 2477 3376 2545 voluerit,
3411 2479 3594 2535 videat
3619 2494 3690 2535 an
3718 2479 3808 2536 ιο..

2221 2582 2346 2624 cum
2362 2568 2622 2624 inveniat.
2645 2567 2848 2624 Beatus
2869 2566 3134 2640 Cyrillus:
3158 2587 3176 2620 ι
3197 2569 3372 2637 Libet,
3399 2569 3500 2635 ait,
3527 2584 3648 2625 eum
3674 2583 3808 2640 per-

2221 2659 2434 2715 contari
2499 2669 2682 2714 utrum
2735 2660 3001 2715 unitatem
3057 2660 3220 2717 Verbi
3283 2660 3351 2716 ad
3408 2661 3810 2718 humanitatem

2222 2750 2410 2818 Verbi,
2441 2750 2556 2807 sive
2585 2751 2654 2807 ad
2695 2759 2945 2806 sanctum
2971 2766 3172 2823 corpus
3220 2737 3519 2808 animatum
3547 2753 3808 2824 intelligi-

2219 2838 2404 2895 biliter
2445 2838 2648 2895 factam
2675 2841 2822 2897 dicat
2858 2843 3153 2899 secundum
3188 2843 3496 2909 veritatem,
3524 2859 3594 2898 an
3621 2844 3813 2915 potius

2221 2945 2345 2986 cum
2384 2931 2507 2988 aliis
2549 2933 2731 3001 simul,
2772 2944 2828 2991 et
2864 2935 2979 3006 ipse
3029 2935 3323 2992 secundum
3375 2935 3807 3007 copulationem,

2220 3039 2341 3097 quae
2387 3039 2486 3096 per
2541 3027 2913 3084 habitudinem
2964 3037 3051 3085 est
3101 3045 3281 3087 sermo
3336 3029 3584 3086 docibilis
3630 3037 3687 3085 et
3718 3029 3808 3084 in-

2219 3117 2504 3174 existentis
2541 3117 2732 3175 formae
2770 3121 2840 3175 ad
2891 3121 3270 3179 inexistentem
3308 3131 3365 3178 et
3401 3122 3638 3178 divinam
3693 3120 3812 3177 for-

2221 3224 2387 3264 mam.
2447 3209 2625 3267 Unum
2679 3228 2916 3284 namque
2962 3214 3143 3270 unitas
3186 3214 3597 3282 demonstravit,
3648 3223 3702 3269 et
3745 3214 3810 3270 in

651 3353 654 3356 μ
697 3330 727 3365 ιι
781 3311 1040 3376 mulieris,
1081 3311 1283 3365 nullum
1314 3324 1537 3378 prorsus
1566 3307 1794 3378 accipio,
1819 3307 1924 3363 nisi
1967 3306 2118 3362 illum
2148 3316 2193 3379 ρ
2225 3301 2361 3358 duos
2397 3302 2639 3359 dividere
2674 3302 2995 3360 refutamus.
3025 3305 3160 3360 Nam
3187 3305 3314 3362 licet
3339 3304 3538 3361 factum
3568 3314 3653 3360 est
3673 3320 3810 3360 caro

546 3451 560 3472 .,
637 3422 697 3455 ·.ι
743 3403 1028 3472 Apostolus
1077 3403 1154 3456 ait
1200 3401 1404 3456 factum
1431 3417 1498 3455 ex
1527 3400 1775 3467 muliere,
1809 3399 2014 3455 factum
2063 3399 2121 3455 in

544 3508 729 3559 :Jnmc,
758 3494 928 3557 illum,
968 3493 1060 3562 qui
1085 3502 1144 3546 ut
1171 3489 1498 3560 evangelista
1539 3489 1721 3553 refert,
1748 3488 1946 3560 Joseph
1977 3489 2121 3545 ﬁlius

541 3586 831 3654 putabatur
854 3598 994 3647 esse,
1025 3583 1119 3638 sed
1149 3598 1256 3637 non
1296 3590 1432 3648 erat,
1463 3581 1612 3636 illum
1656 3583 1842 3652 utique
1861 3582 1954 3651 qui
1986 3581 2122 3637 Ver-

539 3677 666 3742 bum
710 3692 838 3732 caro
865 3675 1066 3730 factum
1115 3682 1217 3730 est.
1249 3672 1384 3728 Nam
1435 3673 1478 3728 si
1512 3674 1801 3745 generandi
1848 3672 2118 3743 publicam

540 3767 699 3834 istam
737 3774 793 3822 et
837 3765 1138 3820 naturalem
1183 3765 1646 3836 circumspicimus
1700 3765 1986 3830 rationem,
2028 3780 2117 3820 se-

539 3860 685 3919 mina
737 3873 843 3913 non
873 3857 1074 3912 habent
1111 3856 1386 3912 mulieres.
1415 3854 1658 3926 Denique
1706 3854 1852 3911 nulla
1883 3855 2119 3926 concipit

539 3952 659 4006 sine
681 3951 818 4006 viro.
854 3949 934 4006 Ac
961 3965 1058 4022 per
1096 3950 1216 4014 hoc,
1249 3949 1506 4022 quoniam
1529 3948 1645 4018 jam
1673 3955 1803 4004 tunc
1844 3949 1903 4002 in
1945 3948 2117 4004 Adam

538 4056 723 4098 semen
774 4043 1022 4098 humanae
1074 4042 1439 4115 generationis
1484 4050 1631 4097 esset
1680 4040 2116 4112 transgressione

535 4134 808 4201 vitiatum,
837 4147 1025 4190 semen
1068 4133 1288 4188 caeleste
1340 4132 1696 4203 promittitur,
1728 4138 1787 4185 ut
1827 4131 2118 4201 Apostolus

539 4223 723 4290 sentit,
752 4238 858 4278 non
885 4238 952 4278 ex
1001 4223 1344 4293 corruptione
1390 4221 1517 4287 viri,
1549 4221 1645 4277 sed
1677 4235 1745 4275 ex
1793 4221 1931 4286 Deo,
1975 4224 2117 4291 quod

539 4326 720 4372 tamen
745 4330 874 4372 caro
898 4315 1054 4372 ﬁeret
1077 4316 1133 4370 in
1173 4315 1418 4380 muliere,
1457 4322 1512 4369 et
1534 4313 1799 4370 elementa
1823 4315 2000 4384 prima
2028 4315 2118 4370 illa

538 4422 799 4479 corporea
824 4406 1158 4470 substantiae,
1181 4405 1239 4461 id
1265 4415 1369 4472 est,
1394 4406 1640 4460 humoris
1667 4414 1722 4460 et
1740 4407 2040 4477 sanguinis,
2062 4407 2117 4463 in

538 4500 655 4570 ipso
705 4500 807 4556 sibi
838 4499 1077 4565 vasculo,
1120 4499 1174 4554 in
1227 4513 1333 4568 quo
1361 4499 1477 4568 ipsa
1524 4498 1789 4554 elementa
1834 4499 1938 4554 sita
1967 4508 2113 4568 sunt,

536 4593 856 4648 naturaliter
898 4599 1128 4662 aptaret.
1167 4609 1185 4642 ι
1221 4600 1244 4629 ο
1269 4589 1466 4646 Beatus
1501 4603 1713 4660 quoque
1736 4589 2070 4662 Augustinus
2098 4611 2111 4647 :

2221 3395 2464 3451 Verbum
2522 3397 2816 3451 secundum
2861 3397 3190 3467 Scripturas,
3239 3404 3480 3451 attamen
3510 3402 3592 3452 est
3634 3395 3808 3450 etiam

2219 3487 2300 3542 sic
2329 3487 2472 3542 ﬁlius
2502 3489 2811 3560 unigenitus
2837 3491 3137 3545 secundum
3165 3491 3428 3546 unitatem
3453 3506 3656 3557 veram,
3682 3507 3810 3560 quae

2219 3581 2367 3636 ultra
2403 3590 2641 3637 mentem
2687 3590 2743 3637 et
2777 3583 3043 3639 rationem
3073 3593 3177 3640 est.
3209 3583 3328 3655 lpse
3360 3585 3522 3655 igitur
3565 3599 3705 3638 unus
3746 3590 3812 3639 et

2217 3690 2381 3732 verus
2412 3675 2663 3732 Christus
2699 3675 2874 3743 Jesus,
2927 3686 3183 3748 tanquam
3229 3695 3326 3750 per
3375 3679 3811 3733 instrumentum

2215 3769 2422 3840 proprii
2452 3770 2696 3840 corporis
2731 3779 2987 3840 operatus
3031 3781 3116 3825 est
3161 3771 3314 3844 signa
3361 3772 3562 3836 divina,
3595 3781 3650 3826 et
3693 3785 3810 3827 non

2217 3867 2504 3929 operatum
2523 3861 2579 3915 in
2609 3875 2695 3917 eo.
2735 3881 2756 3914 ι
2788 3861 2918 3918 Item
2950 3861 3184 3935 Cyrillus
3217 3881 3230 3917 :
3271 3882 3290 3914 ‹
3326 3864 3588 3919 Dominus
3615 3871 3808 3918 noster

2215 3947 2375 4006 Jesus
2421 3949 2667 4006 Christus
2713 3969 2853 4008 unus
2879 3994 2893 4020 ,
2942 3955 3136 4024 inquit,
3168 3964 3224 4011 et
3270 3954 3417 4010 solus
3456 3971 3583 4012 vere
3633 3955 3809 4009 Filius

2216 4041 2460 4097 existens
2491 4042 2588 4098 Dei
2617 4042 2814 4108 Patris,
2866 4060 2995 4101 caro
3041 4045 3242 4112 factus,
3291 4054 3346 4101 et
3377 4047 3645 4116 principat
3684 4060 3808 4100 om-

2215 4131 2367 4187 nium
2414 4132 2576 4187 simul
2621 4148 2743 4186 cum
2795 4135 3016 4205 proprio
3063 4137 3326 4204 genitore,
3362 4135 3702 4205 ﬁectiturque
3749 4135 3808 4190 ei

2217 4241 2368 4280 omne
2394 4242 2528 4296 genu
2575 4225 2878 4294 cazlestium,
2923 4231 3246 4284 terrestrium
3287 4240 3334 4284 et
3362 4223 3712 4298 infernarum,
3744 4235 3810 4281 et

2221 4317 2515 4373 conﬁtetur
2540 4320 2709 4373 omnis
2731 4317 2934 4389 lingua,
2952 4320 3077 4390 quia
3093 4320 3346 4374 Dominus
3374 4320 3530 4374 Jesus
3560 4318 3804 4372 Christus

2215 4412 2273 4466 in
2315 4410 2487 4482 gloria
2525 4420 2602 4466 est
2633 4411 2731 4466 Dei
2777 4409 2976 4466 Patris.
3017 4412 3114 4467 Est
3159 4412 3323 4484 igitur
3373 4413 3488 4482 ipse
3537 4410 3805 4466 Dominus

2216 4504 2433 4573 quidem
2481 4505 2745 4571 omnium,
2778 4505 3073 4560 secundum
3111 4505 3255 4574 quod
3291 4503 3608 4574 intelligitur
3636 4511 3692 4557 et
3716 4512 3810 4560 est

2220 4596 2368 4652 Deus
2394 4638 2409 4662 ,
2461 4596 2590 4651 licet
2621 4611 2730 4650 non
2765 4596 2881 4652 sine
2914 4611 3077 4651 carne
3119 4603 3241 4666 post
3275 4595 3799 4650 inhumanationem.

543 4699 564 4736 ι
594 4682 687 4737 illa
713 4683 858 4738 enim
894 4689 1109 4747 natura,
1132 4681 1329 4751 inquit,
1359 4695 1477 4750 quae
1496 4693 1708 4750 semper
1731 4681 1910 4752 genita
1934 4690 2116 4738 manet
2141 4672 2194 4731 D
2221 4684 2341 4756 Ipse
2379 4700 2509 4740 vero
2537 4701 2727 4741 rursus
2757 4699 2859 4740 nec
2889 4686 3030 4740 Deus
3077 4699 3178 4742 nec
3209 4685 3489 4742 Dominus.
3534 4684 3633 4740 Est
3655 4684 3804 4739 enim

535 4791 602 4833 ex
631 4775 812 4842 Patre,
845 4781 1089 4831 nostram
1113 4780 1361 4828 naturam
1383 4773 1500 4828 sine
1523 4781 1745 4843 peccato
1773 4774 2030 4844 suscepit,
2056 4783 2116 4829 ut

539 4873 854 4924 nasceretur
889 4880 957 4920 ex
990 4864 1220 4935 virgine.
1267 4861 1450 4933 Neque
1495 4863 1640 4918 enim
1687 4871 1882 4918 natura
1912 4872 2114 4920 aiterna

537 4967 702 5030 atque
752 4958 930 5014 divina
976 4957 1344 5030 temporaliter
1389 4957 1601 5027 concipi
1647 4964 1701 5011 et
1747 4957 2115 5026 temporaliter

535 5051 689 5106 nasci
704 5065 772 5106 ex
791 5059 984 5106 natura
1005 5051 1241 5106 humana
1263 5050 1533 5106 ullatenus
1555 5056 1758 5119 posset,
1787 5049 1895 5104 nisi
1928 5063 2117 5106 secun-

536 5144 666 5200 dum
694 5144 1088 5217 susceptionem
1114 5137 1361 5223 veritatis
1387 5143 1637 5199 humanae
1675 5155 1860 5197 veram
1906 5150 2115 5212 tempo-

2221 4775 2673 4831 absurdissimum
2696 4816 2711 4842 ,
2744 4777 2917 4848 magis
2945 4784 3128 4833 autem
3176 4777 3324 4832 omni
3350 4777 3628 4848 impietate
3673 4792 3808 4832 vero

2221 4867 2549 4937 completum
2579 4907 2594 4935 ,
2650 4867 2726 4922 ita
2774 4882 2968 4939 sapere
3008 4868 3094 4924 vel
3144 4868 3342 4924 dicere.
3387 4887 3406 4921 ι
3452 4867 3587 4922 item
3637 4867 3750 4937 ipse
3783 4882 3801 4918 :

2226 4977 2245 5012 ι
2279 4959 2714 5030 Dispensationis
2741 4960 3011 5032 Unigeniti
3039 4976 3162 5016 cum
3185 4977 3349 5017 carne
3372 4966 3801 5023 sacramentum,

2219 5066 2252 5107 a
2305 5052 2461 5108 nobis
2509 5050 2624 5122 jam
2674 5050 2832 5108 factis
2857 5093 2874 5119 ,
2942 5068 3087 5108 nunc
3142 5052 3498 5108 nihilominus
3546 5047 3806 5120 copulare

2216 5144 2558 5202 sermonibus
2588 5146 2811 5217 dignum
2840 5155 2946 5213 est,
2985 5155 3040 5204 et
3068 5161 3162 5203 eos
3184 5161 3292 5204 non
3320 5147 3440 5202 sine
3463 5144 3677 5202 decenti
3703 5157 3802 5199 ra-

1896 5255 2168 5316 BALUZII
2202 5259 2436 5318 NOTAE.

607 5388 636 5419 ι
674 5373 784 5432 Sua
811 5383 977 5429 morte
1000 5373 1309 5444 viviﬁcaret.
1348 5371 1706 5444 Exsermone
1728 5369 1803 5444 75
1825 5369 1880 5444 in
1909 5385 2110 5444 appen-

537 5447 658 5504 dice
686 5447 1007 5502 Sermonum
1031 5439 1203 5500 sancti
1229 5442 1512 5514 Augustini
1543 5459 1556 5495 :
1587 5459 1604 5492 ι
1639 5440 1752 5495 Hoc
1777 5439 1907 5495 fecit
1924 5439 2111 5514 Demi-

533 5534 639 5575 nus
666 5527 848 5574 noster
867 5515 1025 5572 Jesus
1046 5511 1425 5579 Christus,'sua
1443 5518 1760 5582 paupertate
1781 5525 1883 5582 nos
1907 5511 2108 5579 ditans,

535 5605 633 5645 sua
685 5587 986 5643 humilitate
1027 5599 1124 5639 nos
1167 5579 1475 5647 sublevans,
1501 5579 1600 5637 sua
1643 5579 1959 5637 inﬁrmitate
2010 5598 2110 5640 nos

533 5676 753 5726 sanans,
784 5663 1075 5726 suamorte
1104 5669 1202 5726 nos
1223 5652 1522 5726 viviﬁcans.
1540 5671 1578 5726 _)

605 5732 633 5772 ι)
663 5722 814 5784 Beati
844 5724 1153 5793 Hierongmi
1171 5723 1504 5776 sententiam.
1534 5722 1792 5793 Sumptus
1812 5732 1896 5780 est
1924 5723 2014 5779 hic
2040 5723 2114 5779 lo-

535 5816 631 5856 cus
653 5816 720 5857 ex
743 5794 971 5867 epistola
1004 5794 1034 5847 7
1067 5792 1134 5845 ad
1169 5792 1697 5867 amicum__a:grotum
1744 5795 1819 5867 de;
1853 5795 1968 5849 viro
1992 5810 2114 5867 per-

531 5867 694 5939 iecto,
726 5863 848 5940 quite
889 5863 1031 5920 edita
1069 5870 1154 5918 est
1201 5871 1331 5920 tom.
1386 5863 1458 5919 IX
1497 5863 1736 5934 ’operum
1775 5863 2108 5937 Hieronymi.

2217 5377 2416 5454 Verum
2438 5379 2604 5454 hanc
2620 5379 2902 5454 epistolam
2934 5397 3054 5454 non,
3079 5397 3200 5437 esse
3227 5381 3542 5454 Hieronymi
3575 5392 3807 5440 conten-

2216 5448 2352 5527 dunt
2398 5449 2500 5527 _v_i.ri
2542 5448 2758 5527 eruditi.
2807 5450 3127 5523 Agobnrdus
3174 5470 3283 5509 non
3337 5448 3615 5511 dubitabat
3666 5455 3804 5527 quin

2213 5526 2376 5590 esset
2399 5518 2729 5590 Hieronymi.

2289 5600 2311 5627 ο
2354 5589 2550 5643 Beatus
2603 5589 2948 5658 Augustinus,
2983 5593 3038 5648 in
3087 5592 3224 5649 libro
3261 5593 3516 5651 nimirum
3554 5595 3632 5652 De
3666 5594 3805 5652 Fide

2217 5658 2704 5736 ad_l)_etrum._Sed
2740 5662 2883 5717 hunc
2901 5663 3122 5736 .librum
3172 5681 3279 5736 non
3324 5681 3446 5721 esse
3488 5666 3800 5736 Augustini,

2217 5729 2944 5856 gedljulgendti'iﬂuspensis
2977 5733 3370 5804 episcopi,jam
3396 5729 3677 5793 ostensum
3716 5729 3807 5792 est

2287 5815 2414 5855 Vll'l's
2436 5815 2530 5855 eru
2574 5818 2587 5855 ι
2616 5817 2683 5856 ιε.

2220 5813 2250 5852 a
2287 5810 2414 5855 Vll'l'S
2436 5810 2683 5856 eruditis.
