4088 6344
265 417 340 473 49

1384 409 1514 466 LIB.
1552 409 1713 466 ADV.
1749 407 2051 465 FELICEM
2092 408 2390 467 URGELL.

3473 415 3548 474 50

261 532 417 588 tione
440 535 766 585 monstrare.
802 545 820 579 ι
848 523 912 581 Et
931 532 1055 596 post
1094 539 1262 596 pauca
1295 538 1310 578 :
1347 543 1366 576 ι
1401 525 1533 580 Cum
1571 524 1852 580 Nestorius
1877 524 1932 584 Α
1957 521 2170 578 deitatis
2197 521 2574 591 inseparabilis
2599 531 2901 594 permanet,
2946 527 3039 584 ubi
3061 525 3341 585 habebunt
3364 528 3547 588 locum

261 625 436 696 igitur
465 625 540 677 ita
575 619 857 692 scripserit
879 620 945 675 de
966 618 1184 674 Christo
1213 637 1225 673 :
1254 619 1398 692 Ergo
1425 621 1518 686 qui
1547 636 1741 690 passus
1766 627 1851 675 est

259 715 511 788 pontifex
543 713 873 779 misericors,
901 727 1027 766 nam
1054 712 1356 769 viviﬁcator
1377 712 1495 782 ejus
1521 715 1613 784 qui
1656 729 1850 783 passus

259 819 348 868 est
373 811 538 874 Deus,
564 817 620 864 et
653 808 822 863 Deum
847 806 1048 863 Christi
1073 808 1241 863 Deum
1263 809 1499 864 Verbum
1537 809 1850 864 nominave-

260 907 359 970 rit,
389 904 763 974 adieceritquc
805 903 929 957 his:
957 901 1087 956 Erat
1122 910 1301 958 autem
1338 903 1454 974 ipse
1492 911 1547 958 et
1573 901 1768 966 infans,
1795 910 1852 958 et

262 999 489 1055 infantis
517 997 800 1061 Dominus,
835 1011 945 1051 non
985 993 1329 1058 afﬁrmamus,
1362 995 1488 1064 quia
1521 1011 1628 1050 non
1653 993 1849 1050 decen-

259 1092 372 1146 tior
421 1095 594 1154 natu,
648 1087 822 1157 magis
872 1093 1053 1141 autem
1110 1085 1272 1156 impie
1319 1087 1482 1140 nimis
1530 1085 1648 1155 ejus
1680 1085 1847 1140 verba

259 1179 478 1251 prolata
536 1185 682 1234 sunt.
735 1175 794 1232 Si
845 1175 992 1231 enim
1045 1175 1187 1230 Deus
1247 1183 1332 1230 est
1377 1174 1581 1230 Christi
1625 1189 1691 1229 ex
1736 1175 1848 1230 Deo

261 1272 428 1328 Patre
453 1269 716 1335 Verbum,
740 1270 848 1325 duo
877 1268 1055 1323 modis
1093 1267 1343 1323 omnibus
1391 1277 1571 1333 erunt,
1605 1277 1661 1323 et
1692 1268 1848 1324 indu-

259 1363 522 1420 bitanter.
560 1361 842 1430 Quomodo
862 1368 1044 1416 autem
1069 1359 1389 1431 intelligitur
1411 1369 1467 1417 et
1498 1360 1680 1417 infans
1709 1361 1844 1431 ipse,

258 1463 320 1511 et
339 1455 602 1511 Dominus
623 1451 882 1508 infantis?
925 1450 1044 1507 Non
1073 1467 1206 1524 ergo
1235 1451 1438 1508 dicitur
1477 1461 1531 1509 et
1558 1453 1704 1509 Deus
1733 1453 1848 1509 sui-

259 1557 379 1605 met
403 1545 591 1632 ipsius,
620 1554 675 1601 et
699 1545 961 1602 Dominus
981 1541 1324 1611 Emmanuel,
1347 1547 1395 1600 si
1422 1553 1507 1601 est
1525 1545 1667 1600 idem
1704 1545 1848 1601 Deus

258 1639 431 1697 simul
458 1647 516 1696 et
536 1639 719 1705 homo,
746 1646 1007 1708 tanquam
1049 1636 1463 1693 inhumanatum
1511 1643 1569 1692 et
1597 1635 1848 1692 incarna-

258 1741 385 1788 tum
417 1732 512 1788 Dei
536 1731 788 1788 Verbum.
825 1749 846 1784 ι

1949 611 2026 666 tui
2052 614 2197 668 modi
2222 613 2244 666 ?

2025 703 2212 762 XXIII.
2242 706 2377 763 Item
2402 707 2594 764 beatus
2615 706 2950 782 Augustinus
2974 730 2988 767 :
3036 731 3055 764 ι
3086 712 3351 770 Filiomm
3379 729 3544 772 nam-

1949 813 2054 867 que
2077 799 2188 865 alii,
2224 800 2418 872 inquit,
2446 811 2576 858 sunt
2595 804 2851 876 adoptivi,
2868 806 2960 863 alii
2982 808 3278 866 naturales.
3300 809 3391 880 Hi,
3412 811 3544 885 quia

1948 890 2118 961 geniti
2143 891 2213 946 ab
2243 892 2432 961 initio,
2475 893 2570 950 filii
2612 911 2828 967 semper
2852 914 2918 955 ac
2950 901 3180 970 proprii.
3220 901 3320 968 Illi,
3363 903 3545 974 primo

1948 982 2142 1050 alieni,
2187 993 2312 1054 post
2357 985 2484 1051 ﬁlii,
2538 1002 2659 1042 cum
2689 1004 2788 1060 per
2815 991 3159 1062 adoptionem
3189 992 3246 1047 in
3275 991 3540 1051 familiam

1944 1077 2233 1133 videantur
2283 1079 2532 1137 adscisci.
2581 1082 2788 1149 Quibus
2836 1100 2966 1156 ergo
3013 1087 3413 1157 comparandus
3454 1097 3546 1145 est

1944 1168 2114 1225 Filius
2141 1171 2279 1226 Dei?
2317 1171 2373 1227 Si
2409 1175 2712 1244 adoptivis;
2751 1177 2859 1232 erit
2900 1176 3043 1248 apud
3089 1178 3306 1234 Patrem
3345 1179 3540 1236 similis

1946 1262 2122 1318 nobis.
2159 1260 2216 1317 Si
2236 1266 2472 1334 propriis
2496 1283 2510 1332 ;
2549 1282 2616 1321 ex
2647 1268 2951 1324 substantia
2977 1270 3252 1326 exstitisse
3278 1271 3542 1327 dicendus
3572 1310 3574 1313 -

1945 1360 2030 1408 est
2050 1353 2331 1424 genitoris.
2364 1375 2384 1408 ι
2398 1352 2556 1412 Ecce
2576 1358 2767 1414 beatus
2786 1359 3124 1432 Augustinus
3149 1370 3339 1433 aperte
3358 1362 3540 1430 docet,

1945 1443 2072 1514 quia
2101 1457 2126 1486 ι
2154 1447 2398 1516 adoptari
2427 1447 2484 1502 in
2510 1447 2623 1504 ﬁlio
2649 1465 2755 1504 non
2781 1459 2979 1520 potest,
3010 1452 3116 1507 nisi
3138 1453 3230 1523 qui
3259 1461 3416 1510 antea
3443 1461 3562 1508 ex-'

1943 1535 2088 1591 stitit
2113 1535 2324 1592 alienus
2349 1553 2364 1604 ;
2396 1553 2500 1594 nec
2525 1548 2703 1610 potest
2733 1543 3019 1612 quisquam
3055 1559 3155 1614 per
3193 1545 3539 1614 adoptionem

1946 1627 2192 1696 accipere
2226 1636 2465 1700 patrem,
2510 1631 2617 1686 nisi
2647 1633 2740 1703 qui
2769 1634 2960 1690 habuit
3007 1639 3303 1708 proprium.
3337 1638 3413 1692 Tu
3444 1640 3539 1710 qui

1944 1718 2155 1777 duobus
2175 1721 2350 1777 modis
2374 1723 2596 1778 unicum
2624 1724 2913 1782 Dominum
2937 1731 3199 1799 praedicas
3225 1747 3344 1787 esse
3366 1732 3535 1786 ﬁlium

337 1825 503 1882 XXII.
543 1823 744 1880 Beatus
794 1837 1011 1895 quoque
1051 1822 1390 1896 Augustinus
1423 1839 1438 1877 :
1475 1840 1495 1874 ι
1528 1823 1642 1894 Ego
1676 1822 1844 1889 enim,
1875 1889 1916 1896 _
1945 1810 2129 1879 Patri,
2172 1813 2228 1868 id
2270 1822 2370 1880 est,
2420 1816 2752 1887 proprietate
2791 1826 2846 1873 et
2877 1820 3182 1891 adoptione,
3217 1831 3443 1878 ostenuc
3471 1839 3537 1880 ex

256 1918 464 1989 inquit,
497 1916 834 1972 Salvatorem
878 1922 1126 1971 nostrum
1167 1930 1277 1971 non
1325 1914 1528 1981 divido,
1568 1929 1676 1970 non
1717 1930 1847 1971 con-

1953 1902 2040 1958 illa
2067 1911 2224 1972 parte
2247 1921 2354 1984 quia
2381 1907 2666 1978 adoptivus
2692 1920 2797 1975 est,
2823 1889 2994 1980 quem
3021 1915 3211 1969 habuit
3231 1918 3536 1986 proprium,

256 2008 455 2072 fundo,
487 2022 556 2062 ne
583 2014 678 2062 aut
702 2007 1078 2076 incorpoream
1101 2012 1158 2060 et
1192 2004 1569 2076 imaginariam
1599 2019 1841 2074 carnem,

260 2109 360 2157 aut
387 2100 667 2158 carnalem
689 2108 745 2156 et
769 2097 1055 2155 mortalem
1083 2098 1377 2170 praedicem
1419 2097 1696 2153 deitatem.
1727 2096 1846 2153 Non

260 2209 491 2265 separo;
523 2209 591 2250 ne
636 2193 731 2248 Dei
757 2191 936 2248 Patris
960 2206 1126 2246 unam
1164 2191 1462 2247 secundum
1505 2204 1758 2256 carnem,
1793 2198 1849 2245 et

261 2287 496 2342 alteram
547 2284 844 2340 secundum
896 2283 1240 2354 maiestatem
1280 2281 1624 2338 introducere
1661 2281 1848 2338 videar

258 2379 506 2452 prolem;
537 2377 663 2448 quia
690 2375 834 2431 idem
865 2375 961 2430 Dei
1001 2373 1171 2430 Filius
1198 2381 1255 2429 et
1277 2374 1396 2430 sine
1445 2373 1600 2429 initio
1627 2387 1850 2443 proces-

261 2473 337 2528 sit
362 2487 431 2526 ex
455 2468 640 2534 Patre,
653 2475 708 2522 et
737 2466 1030 2522 secundum
1064 2474 1276 2536 tempus
1302 2464 1455 2520 nasci
1484 2470 1570 2520 est
1597 2463 1848 2535 dignatus

257 2580 333 2620 ex
382 2562 622 2634 Virgine.
663 2558 1020 2630 lmpassibilis
1051 2558 1106 2613 in
1135 2573 1269 2623 suo,
1312 2571 1505 2628 passus
1539 2556 1594 2611 in
1635 2562 1843 2620 nostro,

257 2656 396 2713 dum
444 2650 1065 2724 imcomprehensibilem
1111 2648 1450 2720 maiestatem
1491 2647 1637 2703 velut
1683 2647 1851 2720 quod-

260 2749 397 2806 dam
409 2747 782 2813 indumentum
803 2743 983 2802 earnis
1001 2743 1200 2800 vestire
1212 2750 1297 2798 est
1314 2742 1567 2813 dignatus
1587 2757 1656 2798 ex
1671 2749 1846 2797 utero.

263 2843 578 2901 Mediatoris
607 2857 716 2898 una
745 2855 1001 2913 persona,
1046 2855 1156 2897 non
1199 2854 1308 2896 una
1353 2839 1695 2906 substantia;
1741 2855 1851 2894 una

264 2937 491 3008 inquam
513 2948 765 3007 persona,
797 2947 868 2988 ne
894 2932 965 2988 sit
991 2947 1102 2988 non
1124 2947 1264 2988 unus
1289 2929 1577 2998 Christus;
1603 2944 1712 2985 non
1742 2945 1850 2984 una

264 3025 578 3082 substantia
600 3065 616 3092 ,
660 3039 731 3080 ne
772 3023 1090 3080 mediatoris
1131 3022 1536 3093 dispensatione
1575 3023 1849 3089 submota,

260 3127 362 3173 aut
379 3118 476 3174 Dei
512 3125 721 3172 tantum
751 3116 967 3172 dicatur
988 3122 1083 3170 aut
1125 3115 1361 3171 hominis
1383 3114 1546 3170 ﬁlius.
1584 3131 1605 3166 ι
1641 3112 1711 3168 Et
1731 3121 1854 3185 post

257 3223 480 3281 pauca:
521 3227 540 3259 ι
580 3207 786 3277 Quibus
807 3206 864 3262 in
887 3221 1050 3260 unam
1075 3220 1367 3277 personam
1392 3204 1855 3277 incomprehensi-

1945 2005 2036 2052 aut
2056 1997 2282 2053 ostende
2301 1998 2469 2054 fuisse
2494 1999 2645 2054 illum
2671 2012 2965 2072 antequam
2985 2005 3364 2076 adoptaretur;
3391 2008 3538 2064 sicut

1943 2091 2137 2148 beatus
2182 2092 2517 2163 Augustinus
2565 2095 2847 2165 adoptivos
2899 2096 3146 2154 distinxit
3194 2117 3226 2154 a
3273 2103 3533 2175 prepriis.

1943 2182 2079 2240 Item
2099 2185 2292 2241 beatus
2317 2186 2651 2256 Augustinus
2676 2187 2768 2259 (In
2796 2189 3016 2244 Enchir.
3049 2206 3167 2263 cap.
3201 2193 3325 2266 35):
3360 2214 3378 2247 ‹
3407 2196 3541 2252 Pro-

1945 2281 2091 2348 inde,
2110 2283 2207 2349 ait,
2231 2283 2481 2341 Christus
2499 2286 2655 2343 Jesus
2680 2287 2782 2344 Dei
2801 2288 2992 2357 Filius,
3013 2291 3156 2348 Deus
3173 2304 3258 2350 est
3277 2304 3332 2351 et
3352 2297 3538 2354 homo.

1946 2373 2090 2429 Deus
2121 2382 2245 2430 ante
2288 2377 2473 2432 omnia
2517 2379 2736 2446 saecula,
2783 2379 2944 2438 homo
2974 2383 3028 2438 in
3071 2393 3257 2442 nostro
3306 2388 3536 2457 saeculo;

1947 2463 2109 2530 Deus,
2137 2467 2264 2536 quia
2288 2466 2388 2524 Dei
2427 2469 2702 2526 Verbum:
2743 2471 2888 2529 Deus
2928 2475 3073 2530 enim
3114 2485 3234 2531 erat
3277 2478 3538 2534 Verbum.

1948 2561 2120 2618 Homo
2161 2573 2378 2633 autem,
2427 2569 2552 2637 quia
2608 2569 2664 2624 in
2710 2571 2974 2628 unitatem
3017 2589 3266 2644 personae
3309 2578 3544 2635 accessit

1949 2655 2128 2712 Verbo
2155 2659 2334 2714 anima
2364 2662 2669 2730 rationalis,
2708 2671 2764 2718 et
2798 2679 2948 2722 caro.
2986 2667 3256 2734 Quocirca
3287 2670 3341 2725 in
3364 2686 3542 2741 quan-

1948 2755 2064 2830 tum
2085 2750 2230 2808 Deus
2255 2761 2354 2819 est,
2388 2755 2502 2824 ipse
2522 2764 2576 2812 et
2602 2755 2766 2813 Pater
2797 2774 2964 2814 unum
2995 2769 3157 2816 sunt:
3199 2762 3254 2816 in
3281 2771 3541 2833 quantum

1951 2850 2131 2898 autem
2161 2845 2324 2906 homo
2352 2853 2454 2910 est,
2488 2843 2652 2903 Pater
2679 2846 2853 2917 major
2876 2856 2960 2905 est
2980 2850 3092 2906 illo.
3124 2850 3259 2907 Cum
3288 2853 3434 2908 enim
3459 2867 3542 2911 es-

1950 2942 2035 2991 set
2071 2936 2266 2991 unicus
2308 2936 2405 2992 Dei
2445 2935 2648 3004 Filius,
2681 2953 2790 2994 non
2839 2941 3013 3011 gratia
3035 2982 3049 3008 ,
3083 2942 3179 2997 sed
3218 2951 3447 3009 natura,
3483 2950 3547 3000 ut

1950 3037 2098 3086 esset
2115 3029 2278 3084 etiam
2298 3030 2492 3100 plenus
2515 3032 2710 3102 gratia,
2735 3031 2912 3088 factus
2939 3042 3024 3089 est
3046 3042 3100 3089 et
3118 3035 3355 3091 hominis
3376 3035 3544 3105 ﬁlius,

1951 3118 2070 3190 ipse
2092 3117 2233 3174 idem
2264 3117 2556 3189 utrumque
2586 3135 2654 3175 ex
2688 3127 2920 3190 utroque
2946 3138 3086 3178 unus
3116 3111 3382 3180 Christus.
3415 3144 3434 3178 ι
3479 3123 3543 3181 Si

1956 3211 2247 3282 aliquando
2302 3211 2498 3267 beatus
2539 3212 2875 3284 Augustinus
2921 3215 3199 3273 debuisset
3244 3218 3544 3289 praedicare

257 3299 362 3355 bili
416 3299 732 3355 mediatoris
776 3297 1178 3370 dispensatione
1229 3296 1528 3367 conjunctis
1555 3337 1571 3364 ,
1615 3297 1854 3354 servavit
1881 3296 1924 3320 υ
1954 3302 2246 3359 Dominum
2273 3311 2519 3359 nostrum
2544 3306 2719 3377 gratia
2753 3321 2876 3362 esse
2899 3305 3098 3363 Filium
3137 3309 3315 3367 Patris
3352 3326 3548 3369 secun-

258 3391 504 3462 singulis
537 3390 776 3460 propria,
807 3389 903 3445 sed
927 3387 1208 3459 conjunxit
1229 3389 1463 3460 propriis
1495 3388 1691 3445 aliena.
1731 3387 1854 3445 Ser-

1955 3391 2084 3448 dum
2111 3392 2505 3449 humanitatem
2528 3434 2542 3460 ,
2574 3393 2629 3448 in
2656 3394 2760 3450 hac
2798 3397 3068 3452 sententia
3098 3398 3323 3455 haberet
3355 3401 3548 3470 praei-

259 3484 425 3539 vavit
461 3483 695 3553 propria,
729 3482 855 3538 dum
901 3497 1012 3538 non
1040 3482 1225 3538 amisit
1258 3482 1683 3538 immensitatem
1711 3479 1852 3538 divi-
1953 3498 2122 3555 puum
2149 3490 2206 3540 et
2241 3498 2540 3556 congruum
2570 3485 2770 3541 locum.
2799 3485 2998 3544 Dicens
3039 3504 3197 3561 ergo,
3228 3489 3362 3545 Cum
3405 3492 3547 3548 enim

262 3573 479 3640 uitatis,
531 3581 586 3628 et
630 3572 1002 3628 inﬁrmitatem
1045 3588 1155 3630 non
1201 3571 1409 3643 respuit
1452 3572 1653 3629 carnis.
1707 3571 1852 3629 Con-
1954 3585 2086 3632 esset
2113 3577 2302 3632 unicus
2329 3576 2428 3632 Dei
2453 3576 2659 3646 Filius,
2704 3596 2809 3635 non
2836 3583 3030 3652 gratia,
3069 3584 3160 3638 sed
3186 3593 3405 3652 natura,
3447 3586 3546 3643 ad-

258 3663 449 3736 iunxit
475 3664 708 3736 propriis
732 3664 931 3730 aliena,
959 3664 1088 3720 dum
1109 3663 1254 3720 idem
1279 3671 1444 3736 atque
1471 3663 1855 3735 inseparabilis
1948 3666 2200 3739 iungeret
2227 3675 2290 3723 ut
2313 3676 2460 3724 esset
2482 3669 2649 3725 etiam
2676 3670 2818 3726 ﬁlius
2843 3673 3038 3744 gratia,
3073 3674 3246 3741 factus
3275 3683 3352 3730 est
3377 3684 3428 3731 et
3448 3676 3547 3732 lto-

266 3757 543 3823 Christus,
567 3763 624 3812 et
644 3756 866 3828 proprio
901 3757 1085 3813 carnis
1109 3756 1413 3821 occiditur;
1423 3763 1480 3812 et
1503 3755 1722 3826 proprio
1746 3755 1857 3811 dei-

265 3853 401 3908 tatis
423 3852 562 3926 apud
586 3850 788 3907 inferos
817 3866 924 3906 non
950 3857 1185 3906 tenetur.
1217 3849 1445 3921 Proprio
1471 3849 1652 3906 carnis
1680 3857 1859 3922 gusta-

266 3946 355 4002 vit
377 3944 487 4002 vita
515 3933 764 4012 mortem,
793 3942 1011 4017 praprio
1039 3942 1257 3999 deitatis
1281 3939 1599 4014 perpetuam
1626 3939 1860 4012 reddidit

267 4053 515 4094 carnem.
562 4037 679 4094 Non
721 4051 852 4109 ergo
891 4044 1039 4093 recte
1069 4035 1288 4103 dicitur,
1311 4035 1368 4092 In
1398 4034 1538 4089 Filio
1576 4033 1739 4088 Pater
1771 4041 1858 4103 est

266 4146 506 4206 passus;
534 4131 792 4201 quoniam
821 4129 878 4184 in
905 4144 1091 4196 carne,
1121 4143 1242 4198 quae
1279 4127 1330 4199 ei
1360 4140 1469 4181 non
1497 4133 1582 4181 est
1607 4139 1732 4181 cum
1756 4123 1855 4178 Pa-

1957 3758 2112 3814 minis
2139 3758 2305 3828 ﬁlius.
2337 3758 2454 3815 Non
2489 3768 2671 3816 autem
2704 3761 2840 3817 dixit
2870 3763 2963 3818 ita.
3014 3762 3120 3819 Sed
3161 3765 3269 3833 ait,
3321 3764 3389 3820 Ut
3413 3777 3548 3823 esset

1955 3849 2116 3904 etiam
2135 3848 2322 3920 plenus
2346 3851 2542 3921 gratia,
2582 3850 2766 3920 factus
2797 3862 2872 3906 est
2899 3858 2949 3906 et
2974 3854 3201 3908 hominis
3229 3855 3395 3923 ﬁlius.
3427 3856 3546 3924 Qua

1956 3955 2139 4003 autem
2161 3947 2372 4004 ratione
2397 3948 2544 4002 dicat
2568 3963 2692 4002 eum
2714 3947 2918 4003 factum
2950 3949 3119 4002 ﬁlium
3141 3951 3395 4016 hominis,
3423 3966 3547 4023 pro~

1952 4046 2144 4110 pterea
2172 4046 2234 4093 ut
2261 4053 2380 4094 esse
2410 4045 2598 4110 posset
2629 4039 2820 4111 plenus
2865 4041 3058 4112 gratia,
3099 4042 3154 4097 in
3196 4044 3548 4115 subsequenti

1957 4130 2228 4186 sententia
2261 4129 2554 4200 diligenter
2577 4131 2822 4202 exponit,
2854 4132 3081 4188 dicens:
3129 4152 3148 4184 ι
3183 4133 3282 4190 IIic
3325 4135 3549 4192 omnino

270 4233 363 4280 tre
391 4223 713 4289 communis,
764 4237 956 4294 passus
995 4228 1081 4278 est
1124 4219 1283 4275 ﬁlius.
1335 4218 1522 4288 Itaque
1559 4215 1858 4288 gloriﬁcata
1957 4221 2237 4294 granditer
2261 4229 2317 4277 et
2336 4222 2617 4278 evidenter
2639 4222 2736 4278 Dei
2757 4225 2930 4295 gratia
2953 4225 3382 4281 commendatur.
3406 4226 3549 4294 Quid

269 4321 362 4371 est
393 4329 526 4369 caro
559 4311 877 4383 maiestate,
919 4313 1045 4368 dum
1097 4309 1354 4380 maiestas
1396 4308 1676 4364 humiliata
1706 4308 1862 4363 doce-
1960 4313 2106 4369 enim
2135 4322 2329 4369 natura
2357 4314 2592 4370 humana
2628 4315 2682 4370 in
2729 4317 2947 4373 homine
2978 4317 3198 4373 Christo
3225 4318 3455 4383 meruit,
3484 4323 3548 4372 ut

272 4416 368 4462 tur
390 4407 444 4462 in
468 4420 654 4462 carne.
687 4405 796 4462 Sed
824 4413 1113 4475 utrumque
1137 4417 1246 4458 non
1276 4404 1343 4458 de
1370 4401 1580 4457 duobus
1603 4400 1859 4468 Christis,
1961 4405 2018 4461 in
2040 4405 2303 4461 unitatem
2330 4421 2578 4476 personae
2602 4407 2748 4463 unici
2773 4408 2895 4463 Filii
2917 4409 3014 4463 Dei
3038 4409 3390 4480 singulariter
3406 4415 3553 4463 esset

270 4503 420 4558 sicut
456 4507 650 4570 putas,
688 4499 784 4555 sed
835 4499 902 4554 de
933 4512 1043 4553 uno
1073 4503 1236 4566 atque
1273 4494 1463 4551 eodem
1512 4494 1660 4564 ipso,
1700 4508 1860 4564 quem
1961 4498 2428 4568 assumpta?Quae
2452 4498 2595 4554 bona
2627 4499 2906 4566 voluntas,
2939 4500 3093 4570 cuius
3130 4500 3258 4556 boni
3286 4498 3549 4570 propositi

271 4600 400 4665 post
424 4601 645 4662 partum
687 4589 926 4660 Virginis
957 4589 1128 4644 Deum
1169 4594 1226 4642 et
1269 4586 1546 4642 hominem
1587 4585 1855 4652 novimus,
1883 4622 1938 4684 Β
1964 4588 2223 4654 studium,
2255 4604 2375 4660 quae
2395 4587 2536 4644 bona
2566 4599 2982 4660 praecesserunt,
3022 4591 3218 4660 quibus
3246 4595 3552 4645 mereretur

269 4702 378 4742 nos
404 4691 616 4740 certum
650 4690 736 4739 est
755 4681 1106 4754 praedicare.»
1133 4679 1276 4735 Ecce
1304 4679 1496 4735 beatus
1522 4677 1858 4749 Augustinus
1883 4677 1928 4684 ’⁷
1965 4680 2070 4736 iste
2100 4679 2261 4735 homo
2287 4696 2392 4735 una
2421 4679 2536 4735 ﬁeri
2572 4694 2804 4751 persona
2834 4697 2956 4737 cum
2987 4681 3134 4737 Deo?
3167 4678 3419 4749 Nunquid
3444 4693 3550 4734 an-

273 4777 478 4832 asserit
499 4775 629 4845 quia
659 4774 752 4844 qui
794 4773 1129 4829 Salvatorem
1157 4778 1404 4827 nostrum
1431 4768 1734 4835 confundit,
1767 4777 1864 4824 aut
1969 4779 2054 4827 tea
2083 4769 2184 4826 fuit
2212 4773 2411 4837 homo;
2441 4779 2496 4826 et
2536 4772 2638 4826 hoc
2676 4772 2725 4826 ei
2767 4772 3039 4844 singulare
3065 4769 3386 4826 beneﬁcium
3409 4785 3554 4840 prat-

273 4871 658 4940 incorpoream
685 4875 744 4924 et
782 4866 1155 4938 imaginariam
1181 4880 1422 4932 carnem,
1468 4870 1562 4918 aut
1589 4863 1862 4918 carnalem
1968 4864 2154 4920 stitum
2191 4871 2304 4929 est,
2352 4877 2476 4917 cum
2507 4863 2852 4932 singulariter
2891 4867 3298 4933 promereretur
3339 4859 3552 4916 Deum?

272 4973 330 5020 et
359 4961 650 5018 mortalem
687 4960 947 5032 praedicat
988 4959 1244 5015 deitatem
1268 4974 1282 5024 ;
1333 4956 1426 5028 qui
1461 4970 1594 5010 vero
1649 4963 1866 5026 separat
1967 4955 2174 5026 Nempe
2197 4970 2264 5009 ex
2285 4970 2392 5024 quo
2412 4955 2574 5011 homo
2597 4955 2762 5026 coepit
2781 4969 2923 5020 esse,
2947 4969 3054 5008 non
3076 4952 3222 5008 aliud
3247 4953 3414 5024 cmpit
3431 4966 3553 5008 esse

272 5071 443 5110 unam
473 5053 771 5110 secundum
796 5066 1038 5118 carnem,
1081 5058 1138 5106 et
1158 5049 1384 5104 alteram
1435 5049 1732 5104 secundum
1755 5061 1866 5100 ma-

267 5143 533 5214 iestatem
582 5142 676 5198 Dei
714 5133 932 5208 Patris,
982 5141 1328 5196 introducere
1371 5139 1586 5196 videtur
1635 5137 1860 5208 prolem.

274 5236 502 5292 Certum
541 5243 628 5291 est
674 5250 804 5306 ergo
843 5248 1098 5305 separare
1145 5240 1198 5287 te
1241 5231 1580 5287 Salvatorem
1619 5237 1866 5285 nostrum

275 5328 371 5399 qui
398 5328 538 5382 duos
579 5327 770 5382 modos
808 5334 963 5382 tenes
991 5324 1287 5390 ﬁliationis,
1336 5331 1398 5379 ut
1423 5322 1584 5378 aliter
1607 5323 1680 5378 sit
1701 5321 1871 5378 Filius

273 5420 579 5476 secundum
627 5418 921 5487 deitatem,
977 5427 1034 5474 et
1081 5419 1238 5474 aliter
1284 5418 1580 5474 secundum
1625 5433 1867 5474 carnem.

277 5511 432 5580 Quod
459 5513 509 5568 si
544 5528 689 5568 unus
724 5520 891 5585 atque
934 5512 1074 5568 idem
1117 5520 1204 5587 est
1229 5511 1608 5583 inseparabilis
1641 5511 1785 5568 Deus
1811 5520 1866 5568 et

278 5601 443 5659 homo
488 5604 584 5675 qui
632 5611 692 5660 et
733 5602 954 5676 proprio
999 5602 1179 5661 carnis
1216 5593 1510 5670 occiditur,
1559 5611 1615 5658 et
1647 5605 1865 5675 proprio

1971 5062 2134 5118 quam
2160 5045 2255 5101 Dei
2288 5045 2498 5113 Filius;
2538 5053 2594 5102 et
2613 5047 2717 5102 hoc
2743 5045 2965 5110 unicus,
3013 5053 3069 5100 et
3115 5052 3336 5116 propter
3380 5044 3553 5100 Deum

1972 5139 2224 5204 Verbum,
2254 5139 2399 5210 quod
2426 5137 2518 5192 illo
2548 5143 2799 5207 suscepto
2823 5150 2952 5191 caro
2980 5135 3180 5192 factum
3211 5143 3329 5202 est,
3362 5135 3556 5206 utique

1971 5231 2154 5297 Deus;
2195 5238 2255 5284 ut
2281 5229 2732 5299 quemadmodum
2776 5234 2862 5282 est
2906 5242 3014 5282 una
3056 5243 3290 5299 persona
3327 5225 3558 5296 quilibet

1971 5325 2154 5389 homo,
2183 5323 2366 5378 anima
2391 5321 2602 5378 scilicet
2624 5317 2908 5376 rationalis
2927 5326 2983 5376 et
3015 5333 3164 5386 caro,
3189 5317 3267 5373 ita
3292 5317 3367 5374 sit
3389 5315 3555 5373 Chri-

1973 5427 2090 5474 stus
2135 5433 2240 5472 una
2285 5429 2537 5487 persona,
2583 5411 2905 5477 Verbumet
2933 5410 3116 5466 homo.
3149 5407 3305 5466 Unde
3345 5414 3558 5464 nauita“:

1973 5511 2221 5566 humanae
2254 5514 2402 5562 tanta
2430 5503 2600 5576 gloria
2617 5543 2634 5568 ,
2669 5501 2831 5559 nullis
2859 5501 3317 5576 praecedentibus.
3342 5499 3556 5556 meritis

1973 5605 2092 5661 sine
2116 5601 2450 5658 dubitatione
2474 5595 2729 5668 gratuita,
2753 5592 3000 5667 nisiquia
3029 5608 3224 5666 magna
3247 5593 3338 5648 hic
3362 5599 3420 5649 et
3437 5589 3555 5648 sola

1079 5751 1084 5754 .
1635 5697 1906 5754 BALUZII
1941 5695 2173 5754 NOTAE.

1079 5751 1084 5754 .
1635 5699 1676 5752 Β
1971 5697 1986 5720 Υ
2081 5696 2173 5750 ΑΞ.

353 5807 379 5835 ι
419 5795 686 5866 Adoptari
719 5795 780 5850 in
823 5791 989 5850 Filio.
1028 5791 1110 5848 Ita
1144 5763 1524 5850 codex-vetus.
1579 5697 1906 5866 inﬁgi"
1941 5696 2077 5848 1\dou':
2095 5797 2286 5866 peccat
2311 5788 2362 5843 in
2385 5787 2606 5866 regulas
2647 5783 3033 5866 grammaticae,
3061 5781 3143 5838 sic
3181 5777 3428 5866 arbitrati
3456 5791 3554 5866 su-

285 5865 487 5924 festum
516 5863 606 5923 est
631 5866 931 5938 legitimam
970 5880 1093 5938 esse
1127 5866 1567 5938 emendationem
1610 5863 1866 5938 Massgoni,

295 5940 383 6010 qui
413 5939 591 5997 edidit
632 5934 953 5994 in’Filium.
986 5934 1092 5992 Sed
1129 5935 1256 6006 quia
1285 5935 1592 6006 frequenter
1628 5935 1870 6006 Agobar-

1971 5853 2113 5925 mus,
2152 5853 2481 5915 retinendos
2497 5853 2710 5930 quoque
2749 5859 2882 5914 istos
2915 5866 3140 5910 errores
3179 5853 3248 5908 ob
3289 5863 3564 5910 reveren-.

1925 5955 1934 5978 ς
1965 5935 2099 5987 tiam
2130 5932 2250 5990 viri.
