4088 6344
303 365 382 436 ss
1051 385 1056 388 -
1447 361 1580 421 us.
1620 359 1781 419 ΑΜ.
1819 359 1889 418 rt

1988 359 2118 421 ΒΕΜ
2156 361 2456 424 URGELL.
3515 368 3588 428 δι

303 483 546 540 semitas
593 477 932 536 crederetur.
973 475 1369 534 Pratdestinata
1413 486 1500 534 est
1540 487 1748 533 naturae
1791 477 1901 532 ista
1924 476 1980 540 Δ
2003 484 2140 544 stus,
2169 493 2384 550 unaque
2410 483 2662 552 persona.
2691 480 2828 550 Quis
2851 482 3000 540 enim
3041 482 3308 558 sacrilega
3329 482 3588 556 opinione

303 578 570 635 humanae
605 582 751 630 tanta
781 579 840 629 et
865 581 974 628 tam
1001 573 1146 628 celsa
1181 579 1240 627 et
1279 587 1489 628 summa
1512 571 1812 636 subvectio,
1837 578 1901 626 ut

297 685 422 740 quo
447 667 794 724 attolleretur
817 665 998 732 altius,
1025 679 1133 720 non
1157 665 1389 720 haberet
1409 681 1428 731 ;
1451 665 1602 720 sicut
1619 679 1722 734 pro
1743 663 1900 718 uoltis

301 761 430 830 ipsa
459 759 718 816 divinitas
745 771 856 828 quo
883 771 1056 826 usque
1093 771 1152 812 se
1179 756 1508 826 deponeret,
1537 771 1648 814 non
1675 756 1902 812 haberet

299 849 594 906 humilius.
631 869 650 902 ι
679 849 810 903 Item
849 847 1043 908 beatus
1069 848 1405 919 Augustinus
1429 847 1544 920 (De
1567 845 1683 902 Cio.
1715 845 1898 911 Dei,-i.

295 957 356 1006 ς,
389 957 440 996 c.
471 941 594 1014 15):
629 959 648 992 ι
697 939 764 995 Hi
805 948 934 996 sunt
979 940 1077 998 ﬁlii
1117 941 1212 995 Dei
1257 946 1526 1010 quotquot
1567 937 1772 1010 Spiritu
1801 938 1902 996 Dei

293 1043 569 1104 aguntur,
597 1033 692 1088 sed
709 1033 910 1102 gratia,
927 1047 1040 1088 non
1061 1043 1283 1088 natura.
1309 1030 1511 1088 Unicus
1535 1029 1680 1088 extim
1703 1021 1901 1088 natura

295 1131 404 1186 Dei
429 1129 626 1196 Filius,
647 1139 874 1202 propter
895 1143 998 1186 nos
1017 1127 1394 1188 misericordia
1421 1125 1596 1184 factus
1623 1133 1708 1182 est
1732 1125 1906 1182 homi-
1937 1115 1946 1153 ‘

293 1225 392 1280 nis
419 1224 588 1290 ﬁlius,
629 1231 693 1279 ut
729 1237 830 1280 nos
853 1231 1047 1278 natura
1085 1223 1181 1280 [liii
1209 1221 1479 1288 hominis,
1525 1221 1622 1276 ﬁlii
1661 1220 1762 1276 Dei
1804 1233 1902 1292 per

297 1317 456 1372 illum
481 1315 658 1389 gratia
693 1316 970 1371 tier-emus.
1017 1315 1240 1370 Mancns
1281 1315 1478 1385 quippe
1511 1313 1605 1370 ille
1645 1313 1902 1370 immuta-

297 1409 452 1474 bilis,
477 1395 730 1466 naturam
771 1417 1014 1465 nostram
1033 1451 1048 1474 ,
1079 1411 1136 1464 in
1161 1424 1268 1480 qua
1301 1423 1401 1464 nos
1427 1409 1748 1478 susciperet,
1777 1423 1899 1464 sus-

293 1502 452 1572 cepit
477 1517 508 1556 a
545 1501 726 1568 nobis,
751 1510 810 1556 et
831 1508 987 1556 tenax
1015 1501 1316 1558 divinitatis
1335 1515 1467 1565 sum,
1511 1509 1712 1557 nostra
1737 1500 1897 1566 iniit--

295 1595 514 1652 mitatls
539 1595 814 1665 particeps
851 1592 1030 1648 factus
1054 1602 1176 1659 est;
1213 1601 1276 1648 ut
1311 1607 1412 1648 nos
1439 1593 1494 1647 in
1519 1593 1718 1650 melius
1737 1607 1897 1648 eom-

295 1689 540 1752 mutati,
570 1687 716 1758 quod
759 1695 1075 1758 peccatores
1113 1685 1478 1754 mor-talesque
1521 1699 1738 1749 sumus,
1779 1682 1898 1752 ejus

295 1777 737 1834 immortalitatis
771 1789 828 1834 et
850 1778 1074 1849 justitim
1097 1777 1512 1848 participatione
1535 1777 1892 1842 amittamus;

289 1879 355 1927 et
383 1873 528 1942 quod
555 1873 610 1927 in
631 1879 828 1927 natura
851 1881 1036 1927 nostra
1055 1873 1258 1928 bonum
1279 1870 1430 1936 fecit,
1455 1870 1658 1940 impleti
1675 1869 1895 1926 summo

293 1965 448 2019 bono
479 1963 536 2018 in
562 1965 679 2034 ejus
719 1973 928 2020 naturae
959 1965 1200 2021 bonitate
1233 1979 1533 2020 servemus.
1561 1964 1724 2018 Sicut
1747 1966 1895 2022 enim

279 2053 400 2128 per
441 2073 610 2112 unum
661 2057 938 2113 hominem
977 2067 1288 2129 peccantem
1332 2059 1388 2113 in
1439 2060 1546 2114 hoc
1590 2066 1699 2112 tam
1731 2073 1896 2130 grave

291 2151 502 2207 malum
526 2149 865 2217 devenimus,
895 2151 968 2205 ita
1003 2167 1102 2222 per
1117 2159 1284 2206 unum
1316 2151 1590 2206 hominem
1617 2152 1896 2208 eumdem»-

287 2258 406 2314 que
435 2241 608 2298 Deum
629 2241 1022 2310 iustiﬁcantem
1053 2243 1118 2298 ad
1145 2242 1276 2298 illud
1307 2243 1508 2297 bonum
1551 2247 1664 2296 tam
1695 2243 1894 2299 subtile

283 2337 604 2392 venimus.»
625 2335 760 2392 item
783 2336 976 2391 beatus
999 2335 1362 2406 Hieronymus
1387 2351 1399 2390 :
1425 2353 1446 2387 ι
1477 2335 1744 2405 Propheta
1773 2337 1888 2390 ait:

299 2425 469 2498 Virga
507 2437 601 2481 tua
632 2435 680 2481 et
719 2426 940 2482 baculus
985 2435 1108 2481 tuus
1151 2427 1268 2497 ipsa
1305 2427 1396 2481 me
1427 2427 1700 2482 consulatu
1745 2436 1888 2482 sunt.

285 2515 484 2585 Virga,
513 2523 692 2572 mater
707 2525 796 2572 est
817 2516 1066 2583 Domini;
1097 2531 1162 2572 ex
1201 2531 1309 2587 qua
1338 2517 1562 2574 baculus
1591 2517 1716 2582 istc,
1741 2515 1892 2576 fesso

279 2603 406 2678 iam
433 2621 528 2677 per
561 2615 782 2666 aetatem
821 2605 1025 2662 mundo
1049 2606 1144 2677 qui
1173 2621 1298 2662 eum
1341 2613 1698 2671 sustentaret,
1731 2607 1888 2664 exiit.

281 2695 454 2754 illum
491 2711 624 2770 ergo
651 2681 708 2753 in
738 2697 978 2768 Virginis
1005 2705 1222 2754 uterum
1248 2697 1528 2768 delapsum
1547 2737 1566 2768 ,
1609 2706 1672 2752 ut
1717 2707 1891 2756 totam

291 2791 688 2860 redemptionis
719 2798 920 2847 nostra;
945 2791 1230 2848 historiam
1267 2798 1597 2856 reteramus,
1623 2799 1784 2862 partu
1814 2791 1890 2848 ef-

291 2882 476 2938 fusum
509 2884 790 2939 hominem
819 2897 882 2939 se
907 2884 1218 2940 exhibuisse
1247 2898 1350 2954 pro
1379 2883 1628 2948 homine,
1655 2892 1714 2938 et
1731 2899 1888 2940 crea—

287 2981 476 3032 turam
503 2991 659 3032 suam
695 2991 757 3032 se
794 2976 862 3030 de
899 2975 1156 3032 Croatore
1189 2975 1413 3040 fecisse,
1463 2975 1613 3030 illum
1657 2975 1888 3032 formam

285 3067 440 3124 servi
478 3067 781 3138 accepisse,
827 3067 1136 3122 exinanisse
1180 3081 1240 3122 se
1273 3067 1560 3137 potestatis
1587 3066 1886 3132 voluntate,

283 3175 404 3216 non
431 3167 624 3216 natura
645 3161 887 3225 deitatis,
917 3175 1016 3232 per
1039 3175 1205 3230 quam
1235 3175 1343 3214 non
1375 3167 1590 3229 poterat
1617 3177 1728 3216 non
1765 3177 1886 3216 esse

283 3254 438 3324 quod
459 3253 658 3319 fuerat,
673 3253 822 3312 illum
847 3253 1135 3310 maledicta
1157 3269 1256 3323 pro
1276 3253 1604 3310 salutaribus
1621 3255 1887 3312 meruisse

283 3346 597 3413 miraculis,
625 3347 772 3402 illum
801 3355 982 3418 sputa,
1015 3346 1164 3401 illum
1195 3346 1423 3416 palmas,
1455 3347 1602 3402 illum
1627 3363 1886 3404 coronam

283 3438 578 3507 spineam,
617 3437 764 3494 illum
808 3447 1087 3508 postremo
1131 3453 1350 3494 crucem
1393 3453 1493 3508 pro
1531 3439 1688 3494 nobis
1719 3439 1887 3495 fuisse

283 3543 628 3601 perpessum,
655 3529 806 3586 illum
835 3528 1048 3584 interna
1073 3538 1414 3600 penetrasse,
1441 3529 1590 3584 illum
1613 3531 1702 3586 die
1726 3532 1885 3588 tertia

285 3621 656 3676 resurrexisse
683 3621 739 3676 in
771 3621 824 3676 id
851 3635 1048 3690 corpus
1087 3621 1235 3692 quod
1261 3621 1410 3690 cruci
1439 3621 1618 3678 fuerat
1639 3621 1881 3690 aiiixtun,

259 3711 444 3768 illum
471 3712 748 3770 hominem
783 3711 957 3769 Deum
999 3721 1122 3784 post
1153 3723 1386 3770 mortem
1405 3755 1420 3782 ,
1465 3716 1660 3772 mortis
1683 3718 1886 3774 cmlum

281 3805 514 3878 petiisse
539 3806 822 3872 victorem,
853 3807 1045 3862 sedere
1065 3805 1136 3862 ad
1153 3807 1432 3862 dexteram
1455 3807 1568 3871 Dei,
1595 3817 1884 3868 venturum

283 3911 392 3952 suo
417 3905 666 3968 tempore
693 3897 762 3952 ad
779 3897 1046 3967 judicium
1075 3897 1408 3964 iaciendum,
1437 3899 1590 3956 illum
1619 3901 1882 3970 Spiritum

287 3985 385 4042 Dei
431 4001 532 4056 per
560 3995 876 4044 sanctorum
905 4005 1127 4046 suorum
1171 3989 1414 4060 quotidie
1451 4005 1550 4046 ora
1593 3989 1880 4048 celebrari.

283 4077 418 4134 Haec
445 4079 742 4150 cogitasse,
786 4082 993 4140 vixisse
1039 4089 1158 4147 est;
1203 4081 1322 4138 huic
1349 4079 1656 4146 meditatio,
1695 4091 1884 4152 partus

281 4178 372 4227 est
411 4172 650 4239 animm;
693 4175 750 4228 in
793 4174 912 4230 hanc
941 4173 1114 4230 relabi
1142 4171 1230 4228 vel
1257 4187 1570 4240 recurrere,
1616 4188 1742 4236 cum
1767 4173 1881 4240 Do-

283 4262 438 4320 mino
452 4261 608 4335 jungi
635 4271 738 4330 est,
779 4273 835 4320 et
859 4281 982 4322 cum
1010 4264 1156 4336 ipso,
1185 4281 1285 4336 per
1313 4266 1432 4322 haec
1457 4266 1732 4324 humiliari
1755 4276 1877 4330 est,

283 4368 414 4408 cum
437 4353 558 4424 ipso
585 4357 698 4426 pati
725 4365 814 4414 est
831 4397 848 4422 ,
885 4372 1011 4416 cum
1029 4358 1150 4429 ipso
1183 4357 1326 4420 mori
1353 4365 1468 4425 est,
1497 4373 1622 4418 eum
1647 4359 1768 4431 ipso
1799 4368 1884 4416 est

279 4447 456 4502 etiam
475 4448 756 4506 suscitari.
795 4467 816 4504 ι

357 4537 552 4597 XXVI.
582 4555 608 4584 ι
629 4541 832 4600 Beatus
853 4557 1069 4614 quoque
1089 4540 1324 4614 Vigilius
1347 4559 1362 4596 :
1397 4560 1417 4594 ι
1447 4541 1560 4600 Nos
1581 4559 1772 4614 unum,
1793 4544 1879 4614 iu-

281 4633 718 4704 quit,Ghristum
741 4635 1102 4708 eumdemque
1111 4636 1208 4696 Dei
1231 4634 1456 4702 Filium.
1472 4645 1527 4698 ei
1543 4636 1782 4706 hominis
1805 4639 1876 4708 ii-
1903 4639 1908 4646 ’

277 4725 446 4793 lium,
477 4741 588 4784 non
614 4728 750 4786 duos
771 4729 1116 4800 proﬁtemur,
1135 4739 1196 4786 .et
1211 4729 1294 4786 ita
1321 4729 1558 4798 Verbum
1585 4731 1730 4800 intra
1757 4731 1880 4800 Vir-

1912 3210 1962 3277 α

2005 567 2244 636 indutus,
2273 587 2342 628 eo
2382 587 2558 644 usque
2595 573 2844 644 desipiat,
2880 574 3004 644 quis
3041 573 3254 634 in'tam
3295 574 3587 644 abruptum

2003 665 2210 719 erroris
2253 666 2571 722 barathrum
2617 667 2970 736 semetipsum
3011 667 3252 740 injidat,
3300 674 3362 724 ut
3387 664 3588 724 Filium

2001 753 2098 812 Dei
2125 757 2242 812 sine
2269 772 2364 814 sua
2389 757 2612 829 propria
2639 773 2842 824 «me,
2869 772 3032 829 quam
3063 757 3122 814 in
3147 771 3320 816 sacrae
3346 757 3590 828 Virginis

2001 857 2160 906 luero
2189 849 2444 906 ineﬁ‘abili
2469 852 2746 908 societatis
2771 867 2872 922 per
2895 865 2958 908 se
2983 850 3236 922 nimione
3263 850 3340 906 ita
3367 849 3588 910 sibimet

2003 941 2280 1009 educavit,
2309 949 2370 998 ut
2395 951 2454 998 et
2474 943 2710 1000 Verbum
2735 943 2922 1010 homo,
2949 951 3006 998 et
3027 941 3190 1000 homo
3217 940 3382 1006 Deus,
3413 939 3588 996 idem-

1999 1048 2109 1102 que
2133 1047 2295 1099 uuus,
2319 1047 2429 1088 non
2449 1034 2672 1090 mutatis
2691 1033 2980 1104 generibus
2997 1039 3206 1092 natura
3228 1030 3404 1098 ﬁeret,
3427 1036 3588 1102 neget

2001 1129 2160 1186 hodie
2183 1129 2374 1184 sedere
2401 1128 2470 1184 ad
2497 1129 2776 1186 dexteram
2805 1127 3008 1194 Patris,
3037 1133 3430 1194 venturumque
3447 1122 3589 1194 judi-

2001 1239 2131 1279 care
2156 1225 2310 1280 vivos
2333 1229 2388 1278 et
2413 1229 2679 1288 mortuos,
2711 1237 2834 1278 cum
2863 1223 3042 1292 ipsum
3073 1219 3362 1280 Dominum
3383 1217 3587 1280 dixisse

1997 1331 2110 1372 non
2154 1317 2394 1382 nesciat,
2437 1314 2572 1371 (ium
2617 1314 2830 1370 venerit
2869 1313 3012 1372 filius
3049 1311 3292 1368 hominis
3325 1310 3382 1366 in
3413 1307 3585 1381 gloria

1997 1409 2182 1465 Patris
2211 1410 2338 1466 sui?
2377 1430 2396 1462 ι
2425 1409 2560 1465 item
2583 1409 2700 1479 ipse
2727 1427 2738 1463 :
2781 1427 2802 1460 ε
2831 1407 2969 1464 Nam
2999 1421 3122 1466 cum
3149 1405 3309 1464 Iesus
3333 1404 3585 1461 Christus

1999 1516 2108 1556 non
2136 1501 2300 1557 Verbi
2327 1501 2422 1556 sed
2447 1502 2630 1557 carnis
2663 1501 2948 1572 praprium
2991 1497 3064 1558 sit
3097 1513 3294 1556 nomen
3311 1537 3326 1562 ,
3359 1504 3416 1554 et
3443 1496 3586 1554 Deus

1995 1592 2278 1663 proprium
2309 1593 2472 1648 Verbi
2497 1607 2610 1650 non
2635 1591 2818 1648 carnis
2845 1596 3056 1648 constet
3081 1603 3204 1646 esse
3233 1585 3582 1650 vocabulum;

1993 1691 2182 1740 tamen
2209 1693 2264 1742 et
2285 1683 2524 1740 Verbum
2543 1690 2767 1754 propter
2793 1697 3014 1738 carnem
3037 1696 3210 1746 suam,
3239 1681 3401 1736 homo
3427 1676 3586 1734 Iesus

1999 1773 2286 1842 Christus;
2327 1781 2384 1830 et
2407 1789 2538 1830 caro
2563 1781 2787 1844 propter
2805 1773 3040 1832 Verbum
3069 1771 3258 1834 Deum,
3287 1771 3430 1826 Deus
3455 1769 3586 1826 Ver-

1919 1841 1971 1908 Β
1991 1866 2125 1931 hum
2149 1875 2252 1924 est.
2275 1841 2310 1919 γι
2341 1866 2479 1922 item
2511 1841 2626 1936 ipse
2645 1841 2683 1922 ε-
2709 1883 2728 1916 ι
2777 1864 3059 1920 Diversum
3095 1872 3180 1918 est
3223 1861 3436 1918 initium
3473 1873 3586 1918 non

1997 1961 2226 2026 habere,
2253 1967 2310 2016 et
2349 1975 2416 2015 ex
2461 1959 2618 2014 initio
2659 1958 2994 2024 subsistere;
3035 1957 3196 2022 mori,
3223 1963 3280 2011 et
3305 1955 3444 2012 mori
3473 1968 3586 2038 non

1985 2065 2174 2123 posse.
2225 2051 2294 2108 Et
2349 2059 2532 2108 tamen
2579 2051 2721 2110 sicut
2767 2051 2872 2120 ipsi
2919 2050 3136 2106 Christo
3173 2048 3452 2120 proprium
3499 2051 3587 2102 est

1991 2151 2322 2213 utrumque,
2351 2144 2424 2198 ita
2453 2158 2560 2200 non
2605 2143 2730 2213 ipsi,
2773 2143 2868 2200 sed
2913 2142 2970 2204 in
3011 2142 3130 2212 ipso
3165 2149 3254 2196 est.
3291 2147 3586 2209 utrumque

1991 2249 2301 2292 commune.
2341 2233 2400 2292 Si
2437 2234 2584 2292 enim
2609 2235 2855 2296 dicamus
2873 2234 3000 2304 quia
3031 2233 3136 2304 ipsi
3157 2241 3244 2290 est
3261 2247 3584 2298 commune,

1993 2341 2220 2386 necesse
2245 2335 2332 2386 est
2373 2337 2434 2384 ut
2472 2328 2721 2402 exigatur
2755 2341 2787 2382 a
2829 2327 2988 2382 nobis
3023 2327 3158 2382 dare
3197 2333 3254 2382 et
3298 2324 3586 2380 ostendere

1994 2419 2184 2486 alium,
2224 2435 2348 2475 cum
2379 2435 2486 2490 quo
2528 2420 2600 2474 sit
2645 2420 2696 2474 ei
2739 2421 2842 2474 hoc
2883 2417 3060 2490 ipsum
3087 2431 3414 2474 commune:
3463 2431 3586 2486 qua:

1993 2511 2346 2581 professionis
2393 2511 2692 2568 necessitas
2741 2512 2796 2568 in
2848 2511 3084 2568 Nestorii
3129 2512 3306 2583 vergit
3357 2510 3586 2580 impium

1993 2604 2208 2676 dogma.
2239 2604 2430 2660 Melius
2457 2606 2622 2676 igitur
2645 2613 2700 2662 et
2727 2606 2992 2664 catholico
3017 2607 3248 2670 dicimus
3273 2606 3326 2660 in
3361 2607 3496 2676 ipso,
3530 2612 3587 2660 et

1991 2710 2104 2750 non
2149 2695 2276 2766 ipsi,
2309 2710 2434 2752 esse
2477 2711 2800 2754 commune:
2839 2705 2896 2752 et
2921 2697 3116 2758 melius
3145 2698 3267 2766 ipsi,
3307 2705 3496 2752 etnon
3527 2698 3586 2752 in

1991 2787 2110 2858 ipso
2131 2829 2146 2854 ,
2171 2787 2403 2844 dicimus
2429 2789 2706 2860 proprium
2733 2804 2874 2846 esse.
2915 2791 3058 2862 Ergo
3093 2791 3371 2861 proprium
3398 2799 3482 2848 est
3507 2790 3586 2846 illi

1991 2879 2154 2946 mori,
2181 2881 2272 2950 qui
2303 2889 2524 2952 prepter
2553 2891 2804 2938 naturam
2839 2884 3021 2950 Verbi,
3051 2884 3188 2940 mori
3233 2897 3342 2940 non
3383 2891 3581 2954 potest.

1987 2971 2126 3030 ltem
2163 2981 2388 3042 propter
2425 2971 2694 3028 iueil‘abile
2733 2974 3056 3044 mysterium
3102 2973 3262 3030 unius
3305 2987 3580 3046 personat,

1990 3073 2350 3135 utrarumque
2373 3075 2694 3122 naturarum
2723 3067 3028 3124 communis
3065 3067 3122 3121 in
3155 3067 3274 3138 ipso
3308 3066 3410 3124 fuit
3437 3084 3582 3126 mor-

1993 3159 2178 3214 talitas
2207 3160 2389 3216 carnis
2411 3159 2576 3216 Verbi
2605 3169 2834 3225 naturas,
2857 3176 2978 3231 quae
3003 3161 3140 3216 mori
3163 3175 3266 3216 non
3298 3162 3496 3231 potuit,
3527 3169 3584 3218 et

1991 3251 2298 3308 communis
2343 3251 2398 3306 in
2443 3251 2562 3321 ipso
2615 3259 2700 3308 est
2747 3252 3128 3308 immortalitas
3171 3253 3334 3308 Verbi
3371 3263 3582 3310 naturae

1991 3343 2196 3408 carnis,
2227 3357 2348 3413 quae
2374 3343 2537 3402 morti
2571 3343 2875 3400 succubuit.
2907 3343 3049 3415 Ergo
3075 3344 3216 3400 sicut
3243 3343 3318 3399 illi
3363 3345 3500 3400 mori
3525 3353 3585 3402 et

1987 3452 2100 3492 non
2125 3437 2264 3494 mori
2285 3453 2352 3494 ex
2384 3439 2634 3508 utrisque
2653 3439 2865 3496 naturis
2885 3447 2968 3498 est
2989 3439 3300 3509 proprium;
3333 3439 3408 3493 ita
3434 3453 3582 3494 com-

1989 3545 2158 3586 mune
2181 3539 2265 3584 est
2291 3529 2347 3586 in
2373 3531 2490 3600 ipso
2519 3531 2764 3602 utrisque
2803 3531 3043 3596 naturis,
3081 3531 3227 3600 quod
3255 3529 3471 3586 illarum
3497 3539 3584 3586 est

1963 3677 1966 3680 .
1987 3623 2291 3692 proprium.
2331 3641 2352 3678 ι

2065 3714 2276 3770 XXVII.
2317 3715 2551 3772 Sanctus
2575 3715 2812 3772 Hilarius
2839 3715 3122 3776 confessor
3147 3733 3160 3770 :
3193 3735 3212 3768 ι
3233 3714 3404 3772 Natus
3425 3730 3578 3788 ergo,

1991 3806 2186 3878 inquit,
2219 3807 2530 3879 unigenitus
2557 3808 2702 3866 Deus
2727 3824 2796 3866 ex
2828 3809 3050 3880 Virgine
3085 3811 3250 3866 homo
3285 3809 3580 3866 secundum

1983 3898 2382 3968 plenitudinem
2407 3908 2732 3970 temporum,
2763 3900 2818 3956 in
2843 3900 3194 3970 semetipsum
3221 3907 3580 3971 provocturus

1989 3989 2045 4042 in
2071 3988 2242 4050 Deum
2277 3990 2556 4050 hominem
2577 4031 2592 4056 ,
2631 3990 2778 4048 hunc
2805 4005 2903 4060 per
2929 3990 3110 4046 omnia
3133 3991 3432 4062 evangelici
3457 3981 3578 4048 'ser-

1987 4079 2166 4140 monis
2195 4081 2414 4138 modum
2457 4081 2672 4148 tenuit,
2721 4088 2784 4136 ut
2809 4096 2870 4136 se
2893 4080 2992 4148 Dei
3017 4082 3218 4142 Filium
3243 4083 3394 4138 credi
3423 4083 3584 4140 doce-
3691 4073 3693 4075 ’

1987 4177 2090 4236 ret,
2119 4178 2176 4226 et
2196 4169 2434 4226 hominis
2475 4169 2644 4226 ﬁlium
2670 4172 2956 4242 praedicari
2985 4174 3334 4241 admoneret;
3367 4174 3578 4230 locutus

1983 4269 2042 4318 et
2061 4277 2256 4332 gerens
2277 4263 2440 4320 homo
2467 4265 2722 4320 universa
2745 4280 2870 4335 qua:
2895 4264 2988 4322 Dei
3013 4275 3140 4322 sunt
3159 4267 3406 4338 loquens,
3421 4269 3576 4324 deiu-

1983 4351 2054 4408 de
2090 4362 2147 4408 et
2173 4368 2371 4426 gerens
2399 4353 2544 4412 Deus
2583 4356 2840 4410 universa
2871 4371 2996 4428 quae
3031 4357 3270 4414 hominis
3304 4367 3466 4412 sunt:
3500 4358 3578 4414 ita

1986 4451 2170 4520 tamen
2214 4453 2275 4518 ut
2317 4445 2436 4516 ipso
2461 4444 2557 4506 illo
2581 4445 2868 4518 utriusque
2905 4461 3104 4518 genere
3137 4448 3405 4504 sermonis
3431 4464 3576 4504 nun-

1983 4552 2150 4608 quam
2177 4537 2284 4596 nisi
2315 4554 2442 4602 cum
2484 4538 2883 4616 signiﬁcatione
2921 4549 2979 4597 et
3017 4541 3253 4598 hominis
3280 4541 3494 4596 locutus
3521 4548 3578 4598 et

1979 4631 2082 4690 Dei
2109 4629 2200 4686 sit.
2232 4649 2252 4684 ι
2293 4629 2435 4696 Ecce
2478 4639 2665 4704 aperte
2711 4631 2903 4688 beatus
2957 4631 3192 4688 Hilarius
3229 4631 3361 4686 dicit
3393 4629 3576 4688 Domi-

1981 4741 2115 4782 num
2141 4733 2389 4782 nostrum
2423 4721 2612 4782 Jesum
2633 4724 2914 4784 Christum
2945 4724 3234 4782 docentem
3259 4723 3316 4778 in
3347 4739 3576 4798 synago-

285 4818 435 4888 ginis
457 4818 600 4872 uteri
631 4829 842 4874 secreta
871 4821 1052 4875 carnis
1096 4820 1202 4876 sibi
1252 4819 1406 4874 initia
1451 4822 1792 4892 consevisse,
1823 4822 1880 4882 id
1975 4818 2064 4896 gis
2093 4824 2150 4872 et
2181 4815 2381 4885 ubique
2428 4815 2573 4869 hunc
2601 4815 2822 4870 modum
2852 4814 3120 4871 sermonis
3150 4829 3249 4885 per
3285 4818 3465 4871 omnia
3495 4826 3574 4873 te-

283 4919 392 4976 est,
417 4925 548 4968 vene
573 4911 912 4970 incenatum
941 4911 1112 4974 fuisse
1129 4953 1146 4980 ,
1181 4921 1242 4970 ut
1267 4919 1450 4980 tamen
1491 4915 1658 4980 Verbi
1685 4924 1879 4990 natura

281 5017 394 5057 non
417 5009 720 5057 mutaretur
743 5001 798 5056 in
823 5017 1087 5070 carnem;
1127 5003 1370 5076 itemque
1405 5005 1588 5078 carnis
1623 5016 1878 5062 naturam

277 5092 358 5150 ita
381 5107 485 5170 per
509 5093 853 5168 suscipientis
880 5093 1314 5148 commistionem
1337 5093 1394 5148 in
1427 5079 1588 5150 Verbi
1617 5098 1878 5154 transisse

281 5199 598 5257 personam,
629 5193 690 5242 ut
715 5200 826 5256 non
849 5193 1032 5254 tamen
1055 5183 1223 5242 fuerit
1249 5185 1304 5260 in
1327 5185 1506 5244 Verbo
1527 5196 1874 5264 consumpta.

283 5275 470 5334 Manet
493 5277 638 5332 etaim
663 5287 916 5348 utraque,
947 5277 1002 5334 id
1027 5285 1132 5343 est,
1157 5276 1320 5336 Verbi
1342 5278 1631 5348 certisque
1645 5288 1874 5350 natum;

281 5378 341 5426 et
359 5383 432 5428 ex
453 5369 543 5428 his
564 5369 775 5436 duabus
793 5369 1063 5442 hodieque
1087 5369 1432 5426 manentibus
1451 5385 1593 5427 unus
1611 5381 1696 5429 est
1711 5373 1875 5430 Chri-

1981 4909 2188 4974 nuisse,
2220 4916 2357 4964 utsc
2379 4908 2472 4964 Dei
2499 4907 2695 4966 Filium
2727 4909 2874 4964 credi
2901 4908 3151 4974 doceret,
3189 4917 3245 4964 et
3275 4909 3459 4984 utique
3484 4927 3574 4968 ve-

1981 5018 2103 5062 rum
2129 5019 2142 5056 :
2169 5003 2314 5071 quod
2341 5002 2390 5062 si
2415 5017 2635 5068 verum,
2667 5011 2724 5059 et
2750 5000 3026 5072 proprium
3059 5019 3072 5056 :
3098 5001 3367 5073 alioquin,
3399 5018 3572 5074 quare

1981 5109 2050 5151 ex
2079 5095 2171 5150 illo
2197 5101 2440 5166 tempore
2468 5111 2576 5150 non
2610 5105 2738 5152 sunt
2773 5095 2978 5149 inventi
3019 5105 3255 5166 quatuor
3279 5097 3425 5154 modi
3455 5099 3574 5170 qui-

1939 5255 1942 5258 ,
1981 5192 2086 5248 bus
2133 5189 2466 5256 crederetur,
2516 5189 2723 5246 duobus
2760 5187 3012 5246 videlicet
3037 5189 3218 5257 Patri,
3267 5198 3323 5245 et
3359 5191 3570 5249 duobus

1983 5281 2182 5344 matri?
2205 5281 2405 5340 Beatus
2441 5288 2623 5336 autem
2653 5280 2680 5320 ι’
2711 5279 2972 5350 Proculus
3011 5281 3568 5354 Constantinopolita-

1981 5390 2088 5430 nus
2113 5373 2404 5446 episcopus
2429 5411 2446 5438 ,
2491 5386 2618 5427 cum
2657 5381 2958 5445 exponeret
2999 5373 3168 5430 verba
3203 5374 3444 5447 Apostoli
3473 5373 3566 5430 ubi

1635 5489 1915 5554 BALUZII
1949 5491 2187 5558 NOTE.

358 5615 384 5646 ι
425 5601 626 5678 Beatus
653 5597 898 5678 Vigitius.
929 5599 1265 5678 Thapsens-is
1287 5601 1346 5662 in
1365 5600 1553 5678 Africa
1571 5603 1874 5678 episcopus.

285 5675 574 5732 Assentior
604 5673 749 5730 enim
777 5673 970 5730 lubens
990 5673 1357 5732 eruditissimo
1380 5675 1498 5732 viro
1521 5673 1683 5734 Peiro
1713 5673 1881 5733 Fian-

287 5745 434 5820 cisco
457 5743 737 5820 Cbii'iletio
750 5743 1419 5820 presbyteroeﬁocietate
1460 5745 1623 5820 Iesu,
1641 5750 1733 5820 qui
1764 5749 1880 5806 edi-

287 5817 360 5892 tis
389 5831 566 5888 nuper
597 5831 666 5892 ac
691 5815 979 5892 vindicatis
1021 5815 1203 5892 Vigilii
1234 5817 1458 5888 hujusce
1474 5815 1877 5892 lucubrationi-

285 5886 415 5956 bus,
449 5885 697 5943 ostendit
741 5901 866 5942 eum
907 5885 1429 5958 i'uisse'episcopum
1473 5887 1878 5959 Thapsensem,

2055 5623 2102 5664 te
2119 5607 2312 5682 civitas
2338 5613 2457 5682 erat
2477 5603 2678 5682 Africa}
2699 5606 2758 5682 i_n
2789 5607 3072 5682 provincia
3101 5605 3404 5682 Byzacena.
3435 5608 3570 5669 Vide

2026 5679 2334 5764 irmgndum
2362 5678 2414 5732 in
2431 5679 2580 5764 notis
2602 5679 2678 5763 ad.
2697 5677 3052 5764 Théodnifum
3077 5677 3206 5764 pag.
3215 5681 3342 5764 217:

2055 5751 2082 5790 b
2122 5747 2397 5824 Proculus
2428 5747 2536 5805 ΟΡ.
2593 5751 2900 5824 episcopus,
2929 5751 2987 5824 in
3005 5747 3245 5824 epistola
3268 5753 3336 5824 ad
3365 5749 3566 5824 Arme-

1981 5819 2124 5886 nios,
2150 5834 2216 5876 ex
2253 5835 2358 5892 qua
2383 5819 2524 5876 hunc
2551 5819 2967 5894 quoque’locum
3005 5819 3188 5878 laudat
3221 5819 3481 5879 Alcuinus
3502 5821 3560 5890 in

1981 5891 2076 5946 lib.
2101 5907 2153 5947 iV
2185 5891 2443 5948 adversus
2463 5891 2713 5950 Felicem.
2750 5911 2770 5944 ς
2811 5891 2888 5947 De
2909 5907 3015 5964 qua
3044 5895 3337 5961 sententia,
3356 5891 3558 5964 inquit,

2063 5932 2076 5944 .
2101 5908 2153 5947 iV
2185 5908 2443 5948 adversus
2463 5908 2713 5950 relicom.
2750 5911 2770 5944 ς
2812 5908 2888 5947 ue
2909 5908 3015 5961 qua
3044 5908 3337 5961 sententia,
3356 5908 3558 5961 inquit,
