4088 6344
517 359 586 426 55
1504 369 1562 422 S.
1603 363 1950 423 AGOBARDI
1988 360 2293 420 EPISCOPI
2332 359 2821 420 LUGDUNENSIS
3721 369 3794 428 56

516 483 755 556 loquitur
798 486 865 541 de
900 483 1102 540 Judaeis
1132 482 1309 556 (Rom.
1349 500 1424 550 1x,
1453 485 1508 557 5)
1549 485 1775 542 dicens:
1813 503 1831 536 ‹
1863 484 2102 551 Quorum
2127 483 2181 545 Α
2205 482 2377 538 sibilis
2419 481 2676 554 splendor
2706 482 2905 547 Patris,
2957 480 3141 540 lumen
3185 498 3252 540 ex
3292 482 3518 552 lumine,
3563 450 3800 547 consub;

517 573 731 642 Patres,
762 593 828 630 ea:
852 577 1038 649 quibus
1061 576 1301 632 Christus
1329 579 1616 632 secundum
1642 593 1852 631 carnem
1869 618 1883 643 ,
1907 577 1997 649 qui
2031 585 2105 632 est

516 682 677 738 super
704 669 881 722 omnia
926 666 1070 722 Deus
1107 667 1406 723 benedictus
1451 669 1507 722 in
1543 666 1770 733 sarcula,
1815 669 1935 724 ait:
1982 668 2108 725 Haec

517 758 673 814 Pauli
698 759 900 825 verba,
950 775 1114 831 quam
1158 761 1562 833 subreptionem
1601 761 1888 817 calumnia:
1919 777 2107 818 eorum

519 852 611 922 qui
642 866 808 922 prava
832 851 1066 923 diligunt
1092 851 1294 907 habere
1323 853 1572 908 mittunt!
1605 853 1751 908 Dixit
1771 853 1919 908 enim
1947 853 2107 910 Chri-

520 953 705 1010 stum,
764 952 824 1000 ut
868 946 1125 1002 ostendat
1165 949 1420 1017 quoniam
1475 948 1772 1002 secundum
1821 949 2108 1004 veritatem

520 1034 668 1092 Deus
691 1035 869 1092 factus
897 1044 984 1093 est
1019 1038 1200 1092 homo.
1261 1039 1402 1094 Dicit
1437 1053 1561 1092 eum
1601 1055 1666 1093 ex
1687 1039 1886 1094 Judmis
1915 1056 2111 1097 secun-

521 1126 650 1182 dum
679 1141 900 1184 carnem
949 1137 1010 1184 ut
1057 1129 1300 1185 insinuet
1335 1130 1461 1200 quia
1505 1147 1612 1187 non
1653 1148 1719 1188 ex
1751 1133 1843 1188 illo
1867 1141 2110 1204 tempore

520 1235 631 1292 quo
673 1231 759 1278 est
799 1223 1116 1280 incarnatus
1160 1225 1409 1280 exsistat.
1460 1225 1608 1280 Dixit
1639 1241 1761 1282 eum
1796 1227 1888 1297 qui
1921 1236 2025 1293 est,
2051 1236 2112 1283 ut

522 1326 650 1367 eum
682 1312 800 1368 sine
830 1313 987 1369 initio
1009 1314 1264 1371 declaret.
1307 1314 1458 1370 Dixit
1485 1331 1609 1371 eum
1631 1332 1797 1388 super
1824 1318 2028 1383 omnia,
2053 1326 2114 1374 ut

521 1406 693 1460 totius
758 1415 1025 1462 creatum
1079 1408 1367 1464 Dominum
1422 1411 1700 1481 praedicet.
1789 1411 1938 1467 Dixit
1986 1428 2112 1470 eum

523 1495 721 1563 Deum,
749 1514 818 1554 ne
844 1499 1189 1570 passionibus
1221 1501 1515 1574 habituque
1553 1504 1786 1560 traducti
1821 1505 2115 1562 intemera-

523 1599 637 1646 tam
665 1591 780 1662 ejus
810 1594 1105 1650 audeamus
1131 1609 1332 1667 negare
1359 1599 1742 1654 substantiam.
1781 1600 1929 1656 Dixit
1948 1603 2115 1659 bene-

523 1683 730 1741 dictum
754 1729 768 1753 ,
801 1694 860 1741 ut
898 1687 1186 1744 adoremus
1223 1705 1348 1745 eum
1378 1699 1637 1762 tanquam
1683 1694 2113 1766 omnipotentem

522 1778 862 1849 Suppliciter,
893 1794 994 1834 nec
1013 1789 1074 1835 ut
1099 1795 1425 1838 conservum
1455 1784 1745 1841 calumniis
1771 1796 2108 1858 appetamus.

523 1866 675 1923 Dix‘it
701 1885 824 1925 eum
853 1871 908 1925 in
931 1872 1160 1940 saecula,
1191 1883 1251 1929 ut
1277 1875 1612 1933 demonstret
1641 1879 1786 1949 quod
1815 1879 1863 1935 is
1890 1881 1985 1950 qui
2012 1896 2114 1937 nos

524 1963 693 2019 verbo
722 1965 948 2029 creavit,
980 1981 1080 2035 pro
1109 1981 1208 2022 sua
1234 1967 1518 2024 divinitate
1537 1967 1653 2041 jugi
1691 1984 1722 2024 a
1753 1970 1909 2027 nobis
1942 1972 2116 2028 hono-

521 2067 586 2108 re
613 2053 934 2110 celebretur.
953 2054 1228 2113 Habentes
1258 2057 1443 2128 itaque
1467 2059 1746 2116 Christum
1766 2069 1823 2116 et
1841 2063 2114 2119 exsistan-

528 2151 659 2210 tem,
683 2153 739 2200 et
766 2145 937 2202 Deum
954 2189 968 2214 ,
1001 2154 1055 2204 et
1081 2147 1427 2205 benedictum
1457 2151 1513 2206 in
1539 2152 1736 2208 saecula
1754 2193 1768 2220 ,
1792 2169 2118 2212 veneremur

525 2248 654 2292 eum
685 2239 854 2295 Deum
888 2248 945 2295 et
981 2239 1299 2308 Dominum,
1348 2243 1596 2299 dicentes
1634 2246 1995 2319 assertoribus
2023 2263 2120 2304 ex-

525 2336 770 2386 terorum
819 2332 1132 2403 dogmatum
1157 2374 1170 2398 ,
1225 2333 1280 2389 Si
1324 2334 1448 2406 quis
1481 2319 1739 2406 spiritum
1773 2335 1978 2393 Christi
2008 2353 2118 2396 non

524 2419 710 2488 habet,
738 2424 828 2480 hic
855 2441 963 2480 non
992 2434 1077 2482 est
1097 2427 1232 2498 ejus.
1264 2447 1281 2480 ι
1830 2504 1836 2510 _

599 2515 836 2571 XXVIII.
894 2517 1095 2573 Iterum
1143 2519 1441 2591 interrogat
1480 2520 1633 2576 Felix
1667 2521 1894 2578 dicens:
1933 2540 1951 2573 ι
1980 2521 2121 2591 Quid

527 2605 710 2662 diil‘ert
745 2609 888 2664 inter
927 2611 1150 2681 propria
1192 2612 1570 2684 naturaliaque
1607 2616 1827 2670 nomina
1865 2616 2119 2672 divinita-

525 2697 598 2752 tis
628 2699 683 2752 in
711 2715 817 2753 uno
855 2699 994 2755 Filio
1035 2701 1169 2768 Dei,
1215 2711 1378 2774 atque
1407 2706 1723 2761 accedentia
1767 2707 2121 2765 humanitatis

525 2784 688 2856 ejus?
733 2807 750 2839 ι
797 2787 1223 2862 Respondetque
1281 2792 1648 2866 subjungcns:
1690 2814 1709 2847 ‹
1756 2795 1870 2852 Hoc
1918 2797 2120 2865 dill'ert,

525 2882 673 2952 quod
705 2883 762 2936 in
807 2884 1094 2940 divinitate
1133 2887 1276 2942 sicut
1306 2904 1467 2944 verus
1503 2898 1591 2945 est
1614 2890 1784 2946 Filius
1818 2890 1938 2958 Dei,
1966 2893 2040 2947 ita
2069 2900 2124 2949 et

529 2989 694 3031 verus
721 2975 885 3032 Deus.
926 2978 986 3033 In
1014 2979 1355 3037 humanitate
1380 2999 1512 3038 vero
1543 2984 1685 3039 sicut
1715 3000 1878 3040 verus
1915 2996 2002 3041 est
2028 2986 2124 3043 ho-

530 3079 640 3132 mo,
673 3066 746 3121 ita
775 3082 936 3122 verus
954 3077 1040 3125 est
1059 3069 1231 3126 Filius
1256 3072 1514 3129 hominis.
1543 3095 1560 3126 ι
1604 3073 1831 3131 Videtur
1853 3077 1985 3132 mihi
2015 3077 2122 3133 Fe-

529 3157 604 3212 lix
635 3174 750 3213 rem
778 3159 833 3213 in
863 3161 966 3216 hoc
993 3160 1113 3218 loco
1149 3161 1347 3219 fecisse
1374 3165 1744 3222 ridiculosam.
1789 3167 2120 3227 DiIl‘erentiis

530 3264 768 3321 namque
805 3253 1086 3309 nominum
1128 3257 1488 3329 interrogavit
1513 3260 1816 3318 divinitatis
1851 3272 1906 3318 ct
1929 3264 2122 3320 huma-

529 3344 752 3412 nitatis,
797 3354 853 3400 et
888 3349 1170 3418 respondit
1197 3351 1300 3406 hoc
1326 3352 1550 3409 differre
1588 3357 1732 3426 quod
1759 3356 1812 3410 in
1841 3357 2124 3413 divinitate

529 3450 695 3493 verus
719 3439 792 3493 sit
814 3439 956 3496 Deus
981 3481 994 3503 ,
1043 3451 1101 3497 et
1134 3444 1188 3498 in
1217 3445 1556 3503 humanitate
1584 3464 1746 3504 verus
1778 3449 1960 3506 homo.
2007 3450 2122 3508 Hoc

531 3543 640 3584 non
671 3538 753 3586 est
777 3531 1080 3589 differentia
1122 3536 1400 3593 nominum
1430 3581 1444 3604 ,
1493 3541 1589 3595 sed
1627 3543 1809 3612 potius
1849 3544 2124 3614 separatio

532 3623 982 3681 substantiarum.
1023 3628 1160 3685 Nam
1191 3631 1272 3698 si,
1322 3640 1384 3688 ut
1425 3634 1532 3701 ait,
1584 3635 1885 3692 divinitatis
1922 3655 2123 3696 nomen

532 3724 620 3770 est
641 3716 806 3784 Deus,
831 3727 886 3774 et
910 3722 1268 3780 humanitatis
1297 3726 1479 3793 homo,
1509 3727 1694 3784 debuit
1720 3731 1910 3802 utique
1940 3733 2123 3791 dicere

531 3808 664 3877 quid
689 3807 905 3865 differat
927 3813 1073 3868 inter
1097 3823 1390 3888 utrumque
1417 3833 1615 3875 nomen
1634 3862 1647 3886 ,
1681 3820 1734 3876 id
1760 3831 1875 3888 est,
1902 3823 2044 3881 Deus
2067 3832 2123 3882 et

532 3902 726 3969 homo;
757 3912 811 3959 et
834 3914 896 3960 ut
917 3907 970 3962 in
1003 3910 1359 3979 sequentibus
1381 3911 1478 3978 ait,
1510 3913 1564 3968 in
1592 3915 1865 3971 divinitate
1891 3918 2124 3989 unigeni-

532 4003 638 4060 tus,
666 3996 719 4050 in
742 3997 1070 4054 humanitate
1102 4002 1493 4073 primogenitus,
1544 4005 1729 4061 debuit
1767 4014 1916 4065 certe
1941 4009 2122 4068 dicere

530 4086 661 4155 quid
692 4087 905 4144 differat
929 4091 1072 4146 inter
1096 4093 1431 4165 unigenitum
1459 4103 1516 4150 et
1537 4097 1976 4171 primogenitum.
2011 4101 2122 4160 Sed

529 4193 797 4248 ponamus
849 4183 1021 4252 ipsius
1062 4186 1257 4244 Felicis
1300 4191 1467 4246 verba
1505 4208 1627 4263 qum
1665 4198 2031 4266 prosequitur,
2063 4207 2123 4254 ut

529 4289 598 4328 ex
627 4275 760 4345 ipsis
783 4276 954 4333 lector
982 4292 1276 4352 cognoscat
1312 4287 1584 4355 quomodo
1618 4291 1921 4359 separando
1949 4292 2125 4346 nomi-

531 4383 626 4433 na,
652 4369 846 4425 dividit
872 4373 1208 4431 substantias
1233 4395 1246 4430 :
1280 4396 1298 4427 ι
1326 4377 1384 4432 In
1413 4378 1527 4444 illa,
1568 4380 1764 4452 inquit,
1790 4382 1932 4439 Deus
1962 4400 2126 4454 super

530 4461 745 4529 omnia,
779 4463 833 4517 in
874 4465 976 4520 ista
1015 4481 1144 4523 vero
1183 4469 1345 4526 homo
1381 4471 1525 4528 intra
1565 4477 1777 4543 omnia;
1807 4485 1864 4534 et
1886 4485 1946 4532 ut
1974 4477 2127 4532 brevi

530 4556 853 4625 compendio
882 4559 1117 4628 plurima
1146 4563 1467 4619 concludam
1487 4607 1501 4631 ,
1535 4568 1588 4621 in
1615 4567 1725 4633 illa,
1757 4569 1809 4624 id
1845 4578 1928 4625 est
1958 4571 2011 4625 in
2040 4586 2128 4626 es-

530 4647 707 4702 sentia
751 4649 1083 4721 divinitatis,
1127 4653 1296 4721 Deus,
1331 4657 1590 4714 Dominus
1611 4701 1626 4726 ,
1655 4659 1833 4716 Patris
1860 4661 2120 4730 Verbum,

528 4736 712 4797 Patris
741 4745 970 4813 veritas,
1001 4748 1293 4819 sapientia,
1334 4751 1528 4820 virtus,
1561 4753 1740 4826 imago
1765 4753 1968 4821 Patris,
1994 4755 2130 4810 invi-

2149 4607 2204 4668 D

2209 575 2478 632 stantialis
2517 575 2696 642 Patri,
2738 575 3036 632 consimilis
3061 577 3148 642 ei,
3197 577 3421 648 aequalis
3457 594 3555 650 per
3583 584 3794 650 omnia,

2209 671 2495 728 invisibilis
2541 679 2602 727 ut
2643 670 2835 736 Pater,
2885 670 3213 736 immensus,
3267 672 3797 747 incircumscriptus,

2208 769 2571 838 omnipotens,
2601 782 2793 834 creans
2815 767 2996 822 omnia
3015 783 3139 824 cum
3166 768 3329 826 Patre
3349 779 3406 826 et
3435 769 3643 842 Spiritu
3673 788 3801 829 san.

2210 869 2320 926 cto,
2352 860 2544 925 factor,
2571 859 2854 916 viviﬁcans
2881 875 3019 931 quos
3040 860 3186 927 vult,
3219 861 3362 916 sicut
3395 869 3453 918 et
3482 861 3661 928 Pater,
3697 863 3800 919 eli-

2210 967 2344 1025 gens
2362 967 2487 1008 cum
2514 951 2675 1007 Patre
2712 967 2850 1023 quos
2886 952 3028 1017 vult,
3068 953 3463 1023 praedestinans
3488 969 3613 1010 eum
3643 954 3803 1012 Patre

2211 1060 2348 1115 quos
2369 1045 2606 1115 praescit,
2634 1045 3004 1108 sanctiﬁcans,
3026 1043 3310 1110 deificans,
3333 1045 3644 1117 gloriﬁcans
3664 1062 3805 1117 quos

2209 1137 2346 1202 vult,
2375 1145 2432 1193 et
2458 1137 2664 1208 reliqua
2686 1137 2774 1193 his
2799 1137 2995 1193 similia
3024 1137 3279 1209 plurima.
3315 1137 3643 1194 Accedentia
3673 1155 3806 1199 vero

2211 1227 2287 1283 illi
2319 1236 2480 1295 sunt,
2527 1229 2723 1293 homo,
2756 1227 2969 1293 infans,
3001 1243 3157 1298 puer,
3191 1227 3540 1304 adolescens,
3562 1227 3804 1297 juvenis,

2213 1321 2468 1377 minister
2507 1320 2664 1393 legis,
2701 1335 2893 1376 servus
2931 1319 3134 1384 Patris,
3179 1319 3358 1375 minor
3396 1319 3580 1387 Patre,
3625 1318 3808 1390 subje-

2213 1421 2333 1470 ctus
2354 1454 2369 1480 ,
2415 1412 2588 1469 frater
2627 1411 2927 1468 electorum
2944 1453 2960 1478 ,
2987 1413 3260 1483 particeps
3283 1427 3505 1478 eorum,
3523 1413 3802 1482 cohaeres,

2210 1506 2548 1578 propinquus
2569 1505 2809 1572 illorum,
2834 1503 3152 1572 conformis,
3165 1505 3467 1562 consimilis
3477 1521 3576 1577 per
3597 1509 3805 1576 omnia,

2210 1607 2444 1670 excepto
2489 1607 2719 1671 peccato
2745 1639 2760 1664 ,
2809 1597 3078 1654 mediator
3122 1598 3219 1654 Dei
3271 1606 3328 1653 et
3349 1599 3650 1665 hominum,
3679 1615 3810 1671 pro-

2211 1692 2410 1761 pheta,
2459 1690 2826 1762 evangelista,
2859 1689 3164 1761 apostolus,
3205 1691 3458 1748 saeerdos
3481 1731 3498 1758 ,
3538 1691 3808 1763 pontifex.

2217 1781 2344 1838 Haec
2368 1782 2570 1849 omnia,
2606 1790 2663 1838 et
2687 1781 2777 1838 his
2797 1781 2997 1838 similia
3025 1781 3338 1838 accedentia
3360 1790 3488 1838 sunt
3509 1783 3586 1838 illi
3613 1798 3811 1840 secun-

2140 1862 2189 1923 B
2215 1874 2347 1930 dum
2377 1873 2845 1947 dispensationem
2868 1872 3050 1929 carnis
3071 1911 3088 1941 ,
3116 1887 3228 1930 non
3255 1873 3475 1946 propria
3509 1875 3812 1932 secundum

2213 1972 2544 2038 potestatem
2573 1964 2813 2021 deitatis.
2845 1983 2865 2017 ι

2287 2055 2479 2112 XXIX.
2523 2055 2664 2112 Ecce
2685 2097 2702 2124 ,
2747 2065 2810 2111 ut
2851 2055 3013 2113 lectio
3060 2057 3179 2129 ipsa
3234 2057 3611 2124 demonstrat,
3655 2056 3814 2114 Felix

2217 2157 2403 2223 aperte
2429 2157 2662 2206 testatur
2688 2150 2807 2206 hinc
2847 2151 3075 2206 nomina
3115 2150 3415 2208 secundum
3453 2149 3815 2222 dispensatio-

2218 2261 2346 2303 nem
2387 2247 2590 2315 carnis,
2621 2260 2730 2302 non
2751 2263 2876 2304 esse
2908 2248 3128 2320 propria
3157 2248 3457 2304 secundum
3485 2254 3814 2318 potestatem

2220 2338 2461 2395 deitatis.
2499 2337 2557 2395 Si
2591 2354 2721 2396 caro
2755 2340 2873 2410 ipsa
2899 2340 3120 2412 propria
3158 2338 3380 2405 dicitur,
3417 2347 3473 2396 et
3499 2346 3584 2394 est
3613 2337 3814 2405 Verbi;

2219 2447 2390 2503 quare
2417 2432 2601 2488 carnis
2620 2433 2843 2488 nomina
2868 2447 2978 2489 non
3018 2443 3180 2489 erunt
3211 2431 3432 2503 prepria
3469 2430 3520 2485 ei
3555 2430 3710 2502 cujus
3731 2437 3819 2486 est

2220 2539 2352 2582 caro
2381 2526 2498 2598 ipsa
2523 2527 2780 2598 propria?
2831 2527 2903 2584 Ut
2932 2526 3067 2582 mihi
3094 2527 3339 2592 videtur,
3367 2525 3633 2582 intellexit
3661 2523 3817 2580 Felix

2221 2619 2366 2689 quod
2387 2619 2496 2675 ista
2533 2620 2776 2686 nomina,
2822 2619 2879 2675 id
2899 2627 3014 2685 est,
3044 2621 3227 2686 homo,
3255 2617 3466 2684 infans,
3503 2633 3656 2689 puer,
3687 2632 3819 2689 apo-

2223 2709 2393 2764 stolus
2432 2717 2489 2765 et
2524 2708 2768 2780 pontifex
2790 2751 2804 2775 ,
2841 2726 2950 2766 non
2978 2719 3165 2766 essent
3187 2710 3401 2766 Domini
3424 2718 3481 2766 et
3518 2707 3819 2765 Salvatoris

2222 2801 2394 2855 nostri
2423 2841 2438 2868 ,
2490 2800 2598 2856 nisi
2644 2801 3060 2856 incarnaretur:
3091 2800 3235 2871 quod
3277 2800 3463 2869 utique
3497 2813 3686 2852 verum
3711 2805 3817 2854 est.

2222 2891 2341 2948 Non
2364 2901 2545 2948 tamen
2590 2891 2855 2948 intellexit
2881 2892 3027 2962 quod
3055 2899 3343 2963 postquam
3371 2889 3688 2944 incarnatus
3713 2894 3819 2954 est,

2221 2985 2441 3055 propria
2479 2983 2624 3040 facta
2678 2985 2787 3039 sint
2830 2983 2958 3049 Dei,
3013 2983 3142 3053 quia
3183 2983 3324 3037 Deus
3360 2981 3474 3052 ipse
3512 2978 3691 3035 factus
3736 2985 3824 3035 est

2225 3078 2360 3143 hzec,
2386 3075 2441 3132 id
2469 3086 2552 3132 est
2570 3116 2585 3142 ,
2627 3076 2772 3131 Deus
2799 3076 3039 3131 Verbum
3068 3074 3244 3130 factus
3271 3080 3357 3130 est
3388 3068 3820 3150 horum-infans,

2225 3177 2281 3224 et
2305 3184 2476 3239 puer:
2516 3169 2632 3238 ipse
2677 3167 2856 3224 factus
2900 3175 2984 3223 est
3029 3166 3340 3238 apostolus,
3390 3166 3504 3235 ipse
3530 3163 3706 3218 factus
3733 3170 3824 3219 est

2225 3259 2490 3332 pontifex.
2535 3259 2642 3315 Sed
2669 3261 2829 3331 quia,
2869 3269 2930 3316 ut
2966 3261 3108 3324 dixi,
3150 3261 3287 3316 bene
3319 3259 3496 3329 potuit
3521 3258 3701 3313 dicere
3722 3255 3822 3314 Fe-

2224 3355 2300 3410 lix
2328 3355 2470 3425 quod
2499 3355 2617 3426 ipsa
2646 3355 2867 3410 nomina
2897 3371 3005 3410 non
3038 3355 3148 3410 sint
3177 3355 3231 3409 in
3257 3352 3488 3409 Domino
3516 3366 3584 3407 cx
3623 3357 3822 3405 natura

2224 3447 2563 3512 divinitatis,
2602 3446 2697 3502 sed
2731 3461 2798 3500 ex
2829 3445 3214 3509 humanitatis;
3240 3459 3346 3500 non
3380 3451 3559 3498 tamen
3579 3443 3718 3498 bene
3743 3440 3824 3497 di-

2224 3545 2306 3599 xit
2334 3543 2479 3614 quod
2513 3559 2622 3598 non
2662 3543 2773 3598 sint
2799 3541 3047 3613 propria;
3082 3541 3210 3612 quia
3244 3539 3462 3612 prOpria
3492 3537 3632 3594 facta
3667 3540 3818 3600 sunt,

2223 3645 2453 3709 propter
2479 3633 2703 3691 carnem
2724 3635 2999 3706 propriam
3025 3648 3188 3704 quam
3216 3631 3530 3702 assumpsit.

2293 3728 2465 3785 XXX.
2504 3728 2614 3784 Nos
2661 3736 2876 3794 tamen,
2917 3742 3080 3798 quam
3126 3726 3392 3782 cautelam
3423 3739 3569 3779 sanae
3601 3721 3726 3778 fidei
3761 3721 3823 3777 in

2223 3825 2329 3880 hac
2357 3838 2418 3880 re
2447 3831 2634 3877 tenere
2667 3819 2962 3885 debemus,
2995 3835 3064 3874 ex
3101 3817 3284 3874 verbis
3316 3817 3537 3872 Patrum
3566 3813 3824 3869 ostenda-

2223 3933 2364 3974 mus.
2401 3916 2602 3972 Beatus
2636 3915 2818 3986 itaque
2845 3915 3076 3986 Vigilius
3103 3915 3387 3985 episcopus
3409 3925 3433 3952 ιι
3459 3912 3515 3966 in
3541 3925 3822 3982 expugna-

2227 4012 2377 4069 tione
2411 4008 2814 4080 Acephalorum
2843 4005 3226 4062 haereticorum
3257 4005 3336 4061 sic
3376 4003 3513 4058 dixit
3545 4020 3557 4056 :
3613 4019 3632 4053 ε
3667 4000 3826 4056 Sicut

2226 4102 2303 4159 illi
2344 4103 2484 4158 mori
2525 4110 2580 4156 et
2623 4116 2731 4156 non
2778 4099 2919 4155 mori
2966 4115 3032 4154 ex
3070 4098 3320 4167 utrisque
3351 4095 3559 4149 naturis
3589 4102 3672 4148 est
3698 4108 3826 4163 pro-
3853 4145 3865 4154 ,

2224 4200 2442 4272 prium,
2496 4198 2572 4252 ita
2614 4210 2900 4252 commune
2949 4202 3033 4249 est
3081 4193 3135 4248 in
3168 4193 3284 4262 ipso
3323 4190 3569 4258 utrisque
3611 4186 3826 4243 naturis

2234 4291 2378 4363 quod
2421 4288 2638 4346 illarum
2687 4298 2774 4345 est
2799 4288 3101 4360 proprium.
3142 4287 3229 4352 Et,
3278 4295 3339 4340 ut
3372 4284 3606 4353 exempli
3651 4283 3826 4354 gratia

2231 4382 2483 4450 dixerim,
2535 4381 2818 4453 proprium
2848 4379 2983 4434 mihi
3011 4387 3097 4434 est
3124 4386 3313 4433 notam
3335 4377 3524 4432 livoris
3561 4375 3826 4445 cujusque

2227 4477 2476 4534 verberis
2497 4482 2712 4549 gestare
2747 4475 2802 4530 in
2830 4488 3059 4544 corpore
3085 4488 3208 4528 meo
3239 4487 3340 4544 per
3366 4479 3616 4526 naturam
3641 4468 3827 4524 carnis

2228 4585 2395 4636 meae;
2440 4577 2496 4626 et
2531 4567 2811 4640 proprium
2863 4566 2995 4621 mihi
3036 4573 3123 4621 est
3167 4565 3309 4619 hanc
3354 4563 3601 4618 eamdem
3638 4570 3828 4616 notam

2230 4677 2342 4719 non
2371 4667 2585 4734 gestare
2607 4660 2661 4714 in
2686 4659 2880 4729 spiritu
2905 4673 3028 4714 meo
3047 4672 3147 4728 per
3168 4665 3419 4712 naturam
3443 4655 3639 4710 anima:
3666 4669 3824 4710 meae.

2233 4755 2370 4811 Item
2387 4794 2404 4820 ,
2445 4752 2726 4825 proprium
2753 4750 2888 4806 mihi
2925 4757 3012 4806 est
3037 4749 3248 4822 plagam
3273 4749 3457 4814 verbi,
3487 4749 3542 4804 Id
3566 4755 3680 4815 est,
3711 4761 3830 4802 ser-

1890 4848 2167 4906 BALUZII
2202 4845 2440 4906 NOTAE.

530 4931 726 5016 beatus
775 4933 999 5016 Proeliis
1047 4938 1704 5016 Constantinopolitanus
1733 4945 2020 5016 episcopus
2067 4945 2122 5000 in

532 5003 760 5086 epistola
784 5008 853 5063 ad
873 5009 1162 5086 Armenios
1190 5015 1264 5068 ita
1301 5015 1378 5069 ait
1410 5003 1436 5068 ἒ
1489 5003 1784 5086 Apostolus.
1823 5003 1959 5071 dixit
2005 5033 2125 5071 eum

579 5075 825 5144 hristum,
843 5091 914 5155 _ut
946 5084 1185 5155 ostendat
1210 5086 1337 5155 quia
1365 5075 1654 5140 secundum
1680 5087 1950 5143 veritatem
1978 5087 2124 5142 Deus

531 5146 715 5226 factus
728 5159 802 5226 est
831 5150 1006 5226 homo:
1032 5153 1180 5208 Dixit
1210 5146 1328 5209 eum
1353 5157 1441 5226 qui
1478 5165 1574 5221 est,
1603 5167 1660 5211 ut
1683 5174 1802 5212 eum
1837 5159 1950 5212 sine
1975 5159 2126 5213 initio

532 5233 644 5298 esse
678 5218 925 5298 declaret.
968 5224 1116 5278 Dixit
1157 5242 1277 5298 eum
1301 5218 1456 5298 super
1487 5218 1685 5293 omnia,
1712 5238 1768 5282 ut
1795 5231 1953 5284 totius
1981 5246 2127 5284 crea-

531 5296 670 5366 turae
695 5290 968 5348 dominum
1019 5295 1286 5366 prtedicet.
1335 5290 1482 5353 Dirit
1519 5315 1637 5353 eum
1674 5290 2039 5365 benedictum,
2071 5313 2126 5354 ut

534 5360 816 5418 adoremus
841 5381 960 5420 eum
983 5360 1237 5439 tanquam
1263 5370 1669 5439 omnipotentem
1705 5370 1989 5434 trioni-iter,
2025 5360 2118 5426 nec

535 5441 591 5508 ut
629 5449 934 5508 conservum
962 5436 1242 5492 calmnniis
1269 5436 1594 5508 appetamus.
1632 5461 1652 5494 ι
1680 5442 1950 5497 (‘L-uterum
1980 5443 2122 5497 hanc

532 5502 708 5584 Procli
734 5506 809 5584 ad
850 5502 1471 5584 Armenigs_epistolam
1522 5514 1842 5584 approbavit
1885 5511 2125 5584 Joannes

531 5575 908 5650 Antiochenus
932 5594 1055 5633 eum
1079 5575 1624 5650 Orientali-Concilid,
1641 5593 1701 5641 ut
1727 5585 1888 5642 docet
1910 5582 2126 5640 Facun-

535 5647 636 5703 dus
664 5648 719 5728 in
757 5649 895 5728 I_ibro
919 5665 972 5728 __t_
1008 5665 1106 5720 pro
1149 5651 1464 5728 defensione
1517 5647 1678 5712 trium
1730 5655 2122 5728 Capitulorum,

535 5734 656 5798 cap.
685 5720 735 5784 l,
761 5720 899 5798 3,_et
919 5719 1018 5798 lib.
1039 5738 1158 5787 vm,
1182 5740 1302 5798 cap.
1331 5725 1354 5778 I
1387 5727 1522 5798 τηιιί
1553 5735 1609 5782 et
1637 5729 1691 5783 in
1714 5719 1902 5793 libfu,
1923 5743 2044 5797 cap.
2066 5719 2122 5793 2,

535 5788 694 5883 docet
722 5807 787 5846 ex
809 5790 1120 5883 gustu-uano
1147 5788 1394 5883 eamdem
1418 5788 1596 5883 Procli
1629 5788 1911 5883 epistolam
1939 5788 2127 5883 stt-scel-

533 5869 685 5931 ptam
702 5861 962 5919 conﬁrma
971 5872 1187 5938 tamque
1202 5884 1232 5925 a
1247 5861 1678 5930 Chalcedonensi
1689 5872 1921 5929 concilio
1936 5872 2122 5926 fuisse.

2183 5789 2186 5791 _
2231 5732 2390 5780 vocat
2412 5720 2554 5777 idem
2584 5720 2870 5777 Facundus
2898 5721 2953 5776 in
2985 5720 3123 5774 libro
3150 5736 3166 5774 1

2234 4941 2498 5028 Esmdem
2513 4938 2800 5028 quaem
2821 4937 3250 5028 {autcaesa
3263 4930 3828 5028 Alseiusieliiue

2234 5016 2498 5070 adversus
2526 5004 2793 5077 Felicem,
2823 5018 2880 5066 et
2923 5006 3253 5064 Theodulfus
3288 5004 3699 5062 Aurelianensis
3723 5004 3828 5062 sub

2233 5086 2397 5141 finem
2427 5083 2548 5140 libri
2582 5083 2662 5138 De
2701 5081 2906 5154 Spiritu
2933 5087 3142 5154 sancto.

2305 5169 2331 5197 ι
2373 5155 2439 5209 1η
2471 5171 2699 5226 expugn.
2722 5144 3136 5226 dceplmior._,_id_
3160 5157 3266 5226 est,
3287 5148 3352 5226 _i_n
3381 5147 3592 5226 libro_v
3635 5144 3830 5226 adver-

2233 5243 2326 5300 sus
2354 5214 2733 5300 Etttychefem,
2759 5214 3076 5300 ca'p._8,ubi
3105 5219 3350 5300 defendit
3374 5218 3637 5300 synodum
3665 5214 3830 5300 Chal-

2234 5287 2614 5372 cedonerisem.
2642 5287 2903 5372 Aeeplfali
2927 5287 3234 5372 enimth
3259 5287 3549 5372 {ustiniani
3573 5287 3826 5372 augusti,

2227 5369 2429 5426 infensi
2453 5369 2604 5424 fuere
2631 5357 2866 5424 decretis
2901 5363 3119 5421 concilii
3166 5357 3830 5420 Chalcedonensis.'Ace-

2230 5441 2376 5512 phali
2409 5448 2588 5512 autem
2626 5439 2788 5512 iidem
2827 5451 2960 5512 cum
3005 5434 3379 5512 Eutychianis,
3407 5442 3468 5512 ut
3515 5432 3700 5512 docet-
3729 5429 3833 5484 Fa-

2231 5502 2872 5585 cundusﬂermianensis
2897 5508 2952 5562 in
2981 5502 3214 5585 epistola
3222 5522 3353 5585 quae
3378 5521 3408 5559 a
3437 5505 3634 5585 domno
3679 5502 3830 5557 Luca

2231 5582 2499 5658 Dacberio
2523 5580 2670 5634 edita
2678 5588 2798 5658 est.
2814 5579 3137 5658 Quanquam
3159 5577 3236 5633 illi
3257 5592 3368 5658 non
3389 5577 3612 5658 omnino
3633 5588 3832 5658 seque-

2229 5655 2430 5728 bantur
2449 5653 2649 5728 _dogn_1_a
2678 5644 3279 5728 Eutychetis',_ideoque
3315 5644 3832 5728 _S_eniieutych‘iaonos

3196 5717 3296 5789 pro
3315 5717 3635 5789 defensione
3661 5717 3831 5770 trium

2231 5794 2599 5871 Capitulorum
2626 5792 2830 5871 cap_.__5,
2859 5801 2914 5848 et
2942 5791 3034 5847 lib.
3067 5806 3144 5871 ινζ
3167 5785 3374 5871 cap}.
3407 5789 3539 5871 Vide
3575 5785 3830 5843 Sirmon-

2231 5860 2360 5928 dum
2383 5869 2437 5923 in
2458 5867 2600 5942 notis
2625 5860 2917 5923 ad‘librum
2942 5860 3250 5922 secundum
3273 5860 3532 5919 Facundi.
