4088 6344
2853 306 2936 318 εὴ

312 389 385 447 57
1055 381 1058 384 ’
1452 385 1580 444 LIB.
1622 385 1781 444 ADV.
1824 385 2124 446 FELICEM
2159 385 2461 448 URGELL.
3508 399 3579 457 53

311 493 534 564 mortem
583 502 778 561 durum
803 510 1018 576 gestare
1059 500 1114 556 in
1157 508 1337 558 mente
1374 518 1494 560 mea
1527 519 1627 575 per
1648 513 1896 558 naturam
1925 509 1976 568 Α
2001 505 2121 558 est?
2146 503 2322 557 Etiam
2346 516 2488 556 nunc
2517 511 2696 558 sermo
2723 499 2813 558 hic
2840 513 2870 557 a
2907 499 3064 559 nobis
3083 504 3445 564 examinetur.
3486 508 3579 565 Si-
3604 535 3612 544 -

312 598 512 654 animae
536 613 701 664 mete,
745 605 800 653 et
820 595 1098 667 proprium
1127 595 1260 649 mihi
1290 603 1374 650 est
1409 597 1655 651 eamdem
1682 596 1894 666 plagam

310 707 422 748 non
472 699 694 762 portare
738 691 795 746 in
842 704 1069 760 corpore
1118 703 1239 744 meo
1285 703 1384 760 per
1427 697 1674 744 naturam
1714 688 1894 743 carnis

310 798 468 839 meae.
510 784 577 838 Et
603 798 727 837 eum
763 783 833 837 sit
865 781 998 836 mihi
1032 789 1324 851 utrumque
1347 781 1660 850 proprium;
1692 787 1747 835 et
1771 795 1894 835 cor-

309 877 450 947 pori,
486 884 542 931 et
570 876 765 930 animae
804 889 967 939 meat,
1000 881 1287 943 utrumque
1323 873 1586 938 alienum;
1623 872 1750 941 quia
1791 885 1895 927 nec

306 985 510 1040 corpus
533 969 728 1022 durum
753 967 1000 1022 laetumve
1022 981 1326 1022 sermonem
1348 964 1614 1036 intelligit,
1644 978 1744 1019 nec
1778 963 1896 1018 ani-

307 1077 396 1116 ma
436 1059 634 1132 ﬂagelli
663 1059 898 1114 vulnere
927 1059 1153 1114 livescit.
1198 1057 1496 1128 Utrumque
1535 1067 1716 1112 tamen
1748 1071 1896 1112 com-

308 1167 475 1206 mune
515 1160 600 1206 est
641 1151 696 1204 in
739 1150 1062 1220 semetipso,
1088 1158 1145 1205 et
1175 1149 1371 1204 animae
1398 1158 1452 1204 et
1479 1149 1692 1220 corpori
1722 1163 1845 1203 meo
1875 1165 1889 1202 :

306 1244 432 1314 quia
460 1256 559 1298 nec
583 1242 763 1296 anima
793 1250 947 1296 extra
982 1256 1179 1312 corpus
1197 1281 1213 1306 ,
1262 1257 1292 1296 a
1321 1255 1428 1311 quo
1453 1240 1502 1295 ei
1537 1239 1738 1295 sentire
1762 1253 1892 1310 pro--

304 1335 482 1390 prium
515 1333 720 1399 fuerat,
752 1335 945 1398 sentit;
985 1348 1086 1389 nec
1124 1347 1323 1403 corpus
1361 1333 1498 1387 citra
1541 1331 1733 1386 animae
1761 1345 1894 1387 con-

302 1424 538 1480 sortium
572 1423 854 1494 plagarum
894 1421 1092 1478 indicia
1131 1421 1384 1494 gestavit.
1426 1421 1579 1490 Quod
1606 1437 1738 1493 ergo
1760 1436 1891 1492 pro-

299 1517 484 1588 prium
528 1516 661 1571 mihi
704 1516 761 1570 in
801 1515 1057 1585 singulis,
1108 1523 1164 1570 et
1189 1513 1423 1571 alienum
1452 1522 1536 1570 cst
1565 1512 1808 1584 singulis,
1838 1512 1892 1567 id

302 1622 592 1663 commune
619 1614 702 1662 est
730 1606 785 1661 in
808 1621 895 1660 me
923 1607 1042 1678 ipso
1063 1596 1310 1676 singulis,
1349 1604 1490 1674 quod
1511 1603 1789 1674 proprium
1811 1609 1896 1658 est

302 1699 550 1769 singulis.
588 1698 658 1753 Et
693 1705 874 1753 tamen
917 1711 1019 1769 ego
1047 1697 1162 1768 ipse
1205 1713 1345 1752 unus
1373 1711 1492 1752 sum
1540 1696 1595 1751 in
1621 1697 1889 1766 utrisque,

301 1791 359 1847 in
406 1807 495 1848 me
535 1792 653 1863 ipso
701 1793 1112 1859 communibus;
1161 1802 1218 1848 et
1243 1807 1344 1864 ego
1371 1792 1486 1862 ipse
1515 1807 1659 1848 unus
1694 1807 1814 1848 sum
1834 1791 1892 1846 in

297 1885 531 1958 singulis
575 1885 826 1942 mihimet
861 1886 964 1956 ipsi
1002 1885 1252 1958 propriis.
1311 1884 1440 1954 Quae
1476 1900 1601 1941 cum
1641 1885 1716 1941 ita
1759 1885 1967 1970 sint,'B

297 1976 470 2032 series
493 1976 652 2032 nobis
693 1975 998 2032 divinarum
1032 1976 1399 2049 percurrenda
1441 1984 1526 2032 est
1562 1975 1886 2045 litterarum,

293 2079 350 2126 et
384 2071 624 2141 plurima
652 2071 959 2128 testimonia
1001 2071 1410 2144 congreganda,
1452 2069 1651 2142 quibus
1671 2070 1891 2126 demon-

295 2173 509 2220 stretur
537 2179 700 2234 quam
726 2165 798 2220 sit
822 2163 1046 2234 impium
1068 2169 1124 2218 et
1149 2162 1491 2233 sacrilegum,
1519 2176 1583 2218 ea
1606 2177 1726 2233 quas
1761 2168 1890 2217 sunt

292 2258 518 2331 propria
563 2258 750 2313 carnis
791 2256 1030 2323 Christi,
1079 2255 1148 2311 ad
1175 2264 1426 2311 naturam
1453 2255 1617 2311 Verbi
1645 2255 1890 2326 proprie-

296 2357 408 2405 tate
438 2348 682 2415 referre,
711 2355 767 2403 et
805 2363 925 2420 quae
966 2354 1093 2403 sunt
1115 2346 1334 2419 propria
1363 2343 1527 2402 Verbi
1553 2346 1890 2417 proprietate

297 2450 509 2497 naturae
555 2439 736 2496 carnis
775 2440 1050 2496 ascribere
1093 2457 1108 2494 :
1151 2447 1207 2494 et
1237 2453 1400 2510 quam
1427 2438 1498 2493 sit
1536 2437 1887 2495 nihilominus

298 2535 559 2605 impium,
590 2548 657 2589 ea
701 2549 820 2604 qua:
851 2541 978 2589 sunt
1014 2533 1231 2605 propria
1260 2533 1440 2589 carnis
1475 2548 1576 2604 per
1621 2534 1889 2603 exceptio-

295 2642 419 2682 nem
445 2626 801 2696 proprietatis
829 2625 1064 2680 alienare
1084 2640 1115 2680 a
1153 2625 1351 2691 Verbo,
1379 2633 1436 2680 et
1461 2639 1582 2695 quae
1610 2632 1736 2680 sunt
1761 2640 1890 2695 pro-

293 2719 416 2790 pria
437 2717 628 2783 Verbi,
661 2718 850 2772 eadem
871 2715 1201 2788 exceptionis
1224 2715 1341 2788 lege
1361 2715 1600 2771 alienare
1624 2731 1656 2771 a
1685 2731 1883 2784 carne;

294 2824 419 2866 cum
449 2810 522 2864 sit
550 2809 633 2865 eis
663 2809 719 2863 in
746 2807 966 2864 Christo
992 2815 1281 2879 utrumque
1309 2821 1619 2874 commune,
1645 2814 1702 2863 et
1723 2805 1884 2863 Chri-

293 2907 412 2956 stus
436 2901 509 2956 sit
537 2909 851 2970 utrumque.
886 2919 905 2952 ι

362 3012 560 3069 XXXI.
597 3011 752 3068 Felix
795 3012 852 3068 in
900 3011 1014 3068 sola
1042 3010 1380 3067 humanitate
1425 3010 1557 3067 dicit
1592 3009 1884 3066 Dominum

290 3103 600 3175 apostolum
647 3110 704 3158 et
744 3101 1058 3173 pontiﬁcem
1096 3102 1284 3158 fuisse.
1348 3103 1546 3158 Beatus
1572 3109 1750 3158 autem
1775 3100 1883 3173 Cy-

289 3201 463 3272 ryllus
493 3208 686 3256 contra
734 3199 837 3255 hoc
882 3199 958 3253 ita
1003 3199 1198 3265 docet,
1249 3197 1434 3253 dicens
1476 3215 1490 3252 :
1542 3215 1560 3248 α
1590 3196 1883 3266 Scriptum

288 3307 532 3362 namque
577 3290 836 3346 divinitus
861 3289 1140 3361 inSpirataa
1166 3289 1337 3344 Deum
1364 3287 1521 3344 nobis
1558 3289 1883 3343 inhumana-

289 3391 415 3438 tum
435 3383 730 3453 praedicant
753 3381 1104 3446 Emmanuel,
1128 3381 1620 3452 partieipatumque
1643 3393 1808 3434 carne
1831 3385 1887 3433 et

291 3473 566 3545 sanguine
590 3473 828 3543 proxime
865 3471 1022 3527 nobis
1048 3470 1144 3526 Dei
1173 3479 1229 3526 et
1256 3469 1435 3525 Patris
1459 3467 1729 3524 aIIirmant
1753 3468 1886 3523 Ver-

287 3561 424 3616 bum
455 3558 674 3624 l‘actum,
705 3559 810 3616 hoc
843 3567 958 3626 est,
995 3557 1292 3622 hominem,
1320 3571 1427 3612 non
1448 3571 1546 3627 per
1573 3554 1884 3610 conversio-

287 3667 442 3716 nem,
473 3665 567 3706 seu
593 3651 970 3716 mutationem,
1002 3649 1098 3706 sed
1124 3649 1328 3704 virtute
1359 3646 1616 3703 ineﬁ‘abili
1640 3646 1882 3702 unitatis.

291 3743 525 3814 Ideoque
561 3751 615 3797 et
659 3759 828 3798 unum
892 3743 1120 3799 dicimus
1165 3742 1451 3799 Dominum
1498 3739 1682 3797 Iesum
1727 3739 1886 3795 Chri-

291 3846 460 3904 stum,
488 3852 762 3908 unamque
787 3835 970 3902 ﬁdem,
1013 3844 1069 3891 et
1099 3851 1268 3892 unum
1309 3842 1560 3891 sanctum
1591 3833 1881 3904 baptisma.

293 3927 396 3996 Qui
427 3937 611 3985 autem
639 3944 669 3983 a
697 3927 1044 4000 dogmatibus
1067 3927 1146 3984 sic
1174 3927 1338 3982 rectis
1363 3925 1649 3992 recedunt,
1680 3933 1736 3980 et
1760 3940 1888 3981 con-

294 4030 379 4077 tra
402 4037 588 4078 sacras
625 4022 836 4077 litteras
871 4021 1067 4076 durum
1095 4028 1260 4092 atque
1299 4019 1587 4090 superbum
1627 4015 1886 4087 objiciunt

291 4128 534 4177 sensum,
565 4113 746 4168 ethoc
773 4111 946 4167 solum
971 4112 1114 4182 quod
1144 4113 1283 4167 bene
1303 4124 1361 4166 se
1386 4110 1588 4166 habere
1615 4107 1885 4164 arbitran-

291 4215 380 4260 tur
423 4206 757 4277 inspiciunt,
809 4206 1086 4261 hominem
1133 4221 1265 4262 vero
1309 4211 1646 4276 assumptum
1693 4218 1724 4258 a
1771 4202 1884 4259 Deo

293 4297 472 4353 Verbo
503 4299 726 4363 dicunt,
772 4299 1069 4354 secundum
1101 4297 1228 4353 illud
1257 4305 1388 4368 puto
1419 4298 1560 4367 quod
1596 4312 1695 4368 per
1715 4310 1883 4351 unum

292 4400 607 4446 sanctorum
638 4391 839 4446 dictum
869 4400 952 4446 est
973 4392 1363 4462 prophetarum
1393 4409 1406 4445 :
1437 4388 1555 4445 Non
1583 4405 1734 4444 eram
1758 4403 1885 4460 pro-

292 4485 455 4554 pheta
481 4525 497 4550 ,
549 4498 725 4555 neque
767 4483 911 4538 ﬁlius
938 4485 1217 4554 prophetae
1237 4523 1252 4549 ,
1293 4483 1386 4536 sed
1419 4497 1591 4552 caupo
1615 4497 1765 4537 eram
1787 4479 1884 4535 fri-

292 4589 431 4629 cans
457 4575 743 4639 sieamina,
774 4582 829 4629 et
848 4573 1139 4644 assumpsit
1166 4588 1253 4628 me
1280 4587 1348 4628 ex
1381 4573 1592 4628 ovibus.
1645 4571 1714 4626 Et
1739 4571 1882 4626 sicut

1999 593 2212 664 quidem
2237 634 2252 658 ,
2293 592 2434 648 sicut
2475 600 2531 648 et
2572 607 2759 663 sapere
2801 601 2858 650 et
2891 594 3071 652 dicere
3098 596 3200 669 ipsi
3222 609 3578 670 praeumunt,

1999 687 2164 742 homo
2197 694 2504 758 assumptus
2545 702 2577 741 a
2620 687 2732 743 Deo
2773 695 2896 756 est,
2936 691 3205 760 quomodo
3245 708 3450 766 pauper
3494 703 3583 751 est

1997 775 2175 832 factus
2199 777 2288 848 qui
2323 785 2632 848 assumptus
2655 787 2770 846 est,
2824 788 2881 835 et
2903 780 3046 836 ultra
3073 791 3323 839 naturam
3347 784 3581 857 dignita-

1997 869 2142 925 tibus
2171 869 2494 944 declaratus.
2553 869 2897 930 Gloriﬁcatus
2931 883 3016 930 est
3053 877 3227 944 enim;
3277 887 3372 934 aut
3393 880 3440 933 si
3467 895 3577 936 non

1995 969 2080 1016 est
2111 962 2212 1016 hoc
2267 976 2455 1017 verum
2483 1002 2498 1028 ,
2559 963 2906 1036 derogabitur
2955 966 3023 1021 ab
3077 969 3158 1022 eis
3215 969 3577 1040 assumptioni

1995 1061 2253 1125 tanquam
2293 1055 2598 1126 deportanti
2643 1056 2712 1112 ad
2760 1059 3025 1115 minorem
3076 1070 3309 1133 partem,
3337 1071 3394 1118 et
3423 1064 3576 1120 inho-

1995 1146 2287 1202 nestiorem
2334 1163 2644 1205 mensuram
2684 1151 3056 1210 humanitatis.
3115 1153 3223 1212 Sed
3270 1155 3344 1211 ita
3388 1173 3576 1229 sapere

1994 1237 2272 1306 dissonum
2315 1248 2418 1296 est.
2452 1242 2595 1314 Ergo
2635 1259 2743 1300 non
2779 1253 2866 1302 est
2892 1261 3096 1317 pauper
3141 1247 3349 1316 factus,
3377 1252 3468 1321 qui
3489 1266 3576 1306 as-

1995 1340 2243 1403 sumptus
2281 1341 2385 1389 est.
2437 1333 2628 1391 Restat
2666 1337 2809 1393 enim
2841 1339 3043 1406 dicere,
3061 1340 3188 1412 quia
3215 1339 3392 1398 factus
3418 1343 3576 1399 estin

1993 1432 2317 1495 paupertate
2344 1435 2555 1492 nostra,
2609 1428 2702 1499 qui
2747 1430 2898 1488 dives
2939 1440 3020 1488 est
3053 1440 3312 1504 tauquam
3360 1434 3520 1491 Deus.
3552 1455 3572 1490 ι

1992 1514 2063 1571 Et
2096 1515 2336 1573 iterum:
2389 1537 2407 1570 ε
2431 1518 2785 1591 Respieienda
2831 1523 3012 1594 itaque
3052 1534 3178 1581 sunt
3216 1541 3322 1582 non
3363 1527 3575 1583 illorum

1991 1603 2357 1676 multiloquia,
2373 1607 2467 1662 sed
2486 1617 2637 1664 recta
2659 1616 2714 1665 et
2736 1610 3080 1668 immaculata
3097 1613 3229 1670 ﬁdes
3252 1616 3574 1689 evangeliea:

1993 1702 2156 1766 atque
2178 1697 2487 1767 apostolica:
2516 1701 2833 1757 sanetionis.
2875 1703 3019 1758 Deus
3045 1711 3130 1760 est
3165 1705 3221 1761 in
3247 1721 3412 1762 carne
3441 1715 3496 1763 et
3521 1707 3576 1764 in

1993 1785 2274 1858 sanguine,
2297 1787 2760 1862 humanitatisque
2782 1809 3092 1851 mensuram
3116 1812 3214 1868 per
3237 1812 3302 1854 ea
3325 1815 3449 1870 qua.
3473 1799 3573 1855 bu-

1993 1893 2155 1934 mana
2187 1887 2314 1936 sunt
2341 1883 2734 1954 cognoscimus.
2780 1885 2942 1942 Millia
2979 1887 3206 1944 millium
3241 1891 3386 1946 enim
3422 1907 3562 1964 ange

1994 1967 2168 2024 lorum
2208 1979 2520 2027 sanctorum
2565 1974 2878 2032 ministrant
2905 1977 2988 2044 ei,
3019 1986 3074 2034 et
3112 1995 3324 2036 sacram
3351 1979 3467 2052 ejus
3495 1999 3568 2040 se-

1994 2063 2118 2118 dem
2165 2062 2522 2120 circumstant
2567 2067 2861 2137 serapbim.
2927 2068 3062 2136 Quia
3110 2086 3240 2127 vero
3281 2070 3455 2129 factus
3493 2083 3574 2130 esl
3667 2136 3674 2142 ,

1992 2156 2176 2223 homo,
2192 2157 2601 2230 appellatusque
2623 2174 2867 2216 summus
2882 2163 3153 2228 sacerdos,
3183 2177 3288 2218 non
3317 2171 3574 2235 tanquam

1991 2248 2183 2320 majori
2211 2249 2323 2306 Deo
2357 2249 2592 2308 oﬁ‘erens
2633 2251 2960 2310 sacriﬁcium
2981 2295 2996 2317 ,
3035 2256 3132 2312 sed
3160 2253 3376 2311 sibimet
3403 2264 3459 2312 et
3482 2255 3560 2312 Pa

1991 2344 2094 2410 tri,
2138 2343 2263 2401 ﬁdei
2298 2353 2497 2401 nostrae
2529 2346 2836 2418 negotiatus
2873 2347 3289 2404 confessionem.
3321 2368 3340 2402 ι
3389 2349 3456 2405 Ει
3479 2349 3586 2406 ite-

1993 2452 2116 2492 rum
2145 2455 2158 2491 :
2198 2455 2218 2489 ι
2245 2436 2462 2494 Intuere
2495 2438 2764 2509 siquidem
2805 2455 2928 2496 eum
2961 2440 3330 2498 immolantem
3358 2441 3574 2513 quidem

1991 2527 2290 2583 secundum
2355 2529 2747 2584 humanitatem
2775 2569 2790 2596 ,
2854 2529 3184 2587 assidentem
3253 2545 3382 2586 vero
3437 2531 3573 2586 sicut

1990 2618 2184 2674 Deum.
2222 2619 2361 2686 Quid
2389 2621 2533 2675 enim
2568 2621 2647 2674 ait
2670 2622 2861 2678 beatus
2883 2622 3120 2678 Paulus?
3149 2621 3334 2678 Talem
3361 2619 3576 2693 pontiﬁ-

1989 2725 2110 2766 cem
2145 2711 2408 2767 habemus
2426 2749 2444 2777 ,
2474 2711 2567 2781 qui
2595 2713 2746 2768 sedet
2771 2712 2827 2766 in
2853 2714 3073 2769 dextera
3108 2714 3252 2770 sedis
3273 2711 3574 2782 majestatis

1989 2797 2044 2854 in
2071 2798 2323 2854 excelsis.
2384 2797 2630 2856 Scientes
2672 2799 2838 2871 igitur
2877 2801 3004 2871 quia
3049 2816 3173 2857 cum
3220 2803 3365 2858 Deus
3407 2807 3576 2857 esset.

1988 2889 2164 2946 factus
2188 2897 2274 2947 est
2299 2891 2484 2958 homo,
2531 2900 2616 2947 est
2651 2899 2833 2948 autem
2868 2908 3008 2948 unus
3046 2901 3210 2964 atque
3246 2893 3387 2948 idem
3410 2892 3575 2960 ﬁlius,

1989 2985 2092 3056 ipsi
2119 2985 2301 3040 omnia
2333 2986 2622 3042 tribuimus
2653 2995 2911 3058 tanquam
2937 2987 3054 3054 uni,
3085 2995 3141 3042 et
3161 2987 3576 3058 dispensationis

1988 3091 2096 3132 non
2137 3075 2506 3147 ignoravimus
2549 3077 2774 3144 modos,
2819 3092 3074 3134 sensuum
3109 3076 3364 3133 virtutem
3408 3076 3576 3132 artiﬁ-

1989 3167 2136 3224 ciose
2164 3176 2326 3239 atque
2364 3168 2658 3238 prudenter
2686 3169 2741 3226 in
2781 3167 2898 3239 ejus
2937 3183 3154 3242 semper
3195 3157 3577 3227 convertentes

1911 3272 1957 3336 α
1987 3261 2369 3317 obedientiam.
2407 3281 2424 3314 ι

2059 3370 2274 3426 XXXII.
2334 3369 2486 3428 Felix
2546 3372 2649 3429 soli
2695 3373 2965 3430 divinitati
3018 3375 3207 3432 tribuit
3249 3375 3573 3434 viviﬁeatio-

1987 3478 2110 3518 nem
2131 3503 2145 3528 ,
2175 3463 2364 3519 dicens
2395 3462 2683 3520 Dominum
2711 3467 3008 3522 secundum
3037 3467 3376 3524 divinitatem
3399 3467 3576 3524 viviﬁ-

1987 3565 2202 3612 cantem
2244 3571 2381 3627 quos
2423 3557 2569 3624 vult;
2611 3567 2668 3614 et
2705 3574 2812 3614 non
2862 3561 3155 3617 recordans
3198 3561 3343 3632 quod
3369 3570 3425 3617 et
3443 3577 3572 3618 caro

1987 3646 2340 3703 viviﬁcatoris
2370 3648 2566 3715 Verbi,
2616 3649 2942 3706 viviﬁcatrix
2971 3652 3242 3708 credenda
3269 3659 3386 3717 est,
3415 3653 3576 3708 beato

1985 3735 2190 3808 Cyrillo
2219 3738 2445 3794 docente
2473 3739 2547 3795 ita
2583 3756 2595 3793 :
2633 3757 2654 3792 ι
2680 3740 2965 3812 Proprium
2993 3756 3124 3816 ergo
3150 3757 3348 3815 corpus
3372 3742 3574 3798 factum

1985 3829 2216 3885 dicimus
2245 3830 2441 3896 Verbi,
2484 3839 2541 3887 et
2573 3846 2682 3886 non
2707 3833 2944 3890 hominis
2971 3835 3200 3906 alicujus
3224 3849 3490 3900 seorsum,
3518 3843 3575 3891 et

1986 3925 2223 3994 separati
2267 3925 2495 3981 alterius
2531 3927 2669 3982 citra
2709 3942 2833 3983 eum
2860 3931 2952 3999 qui
2987 3930 3306 4002 intelligitur
3324 3929 3574 3986 Christus

1984 4023 2041 4072 et
2058 4015 2246 4073 Filius.
2290 4016 2444 4073 Sicut
2487 4026 2666 4074 autem
2689 4021 2982 4092 proprium
3024 4030 3269 4078 nostrum
3319 4023 3575 4080 uniuscu-

1977 4104 2175 4178 jusque
2201 4108 2400 4164 dicitur
2424 4124 2622 4180 corpus
2651 4126 2896 4168 seorsum
2927 4111 3044 4184 ejus
3073 4114 3226 4184 cujus
3269 4125 3385 4183 est,
3426 4127 3482 4172 et
3519 4118 3574 4174 in

1983 4214 2094 4254 uno
2136 4198 2353 4256 Christo
2401 4200 2809 4274 intelligendum
2843 4205 3028 4277 utique
3073 4207 3339 4263 exsistens
3371 4208 3574 4264 nostris

1983 4293 2300 4363 corporibus
2337 4303 2625 4366 cognatum
2668 4296 2783 4352 sive
2822 4299 3298 4356 consubstantiale.
3347 4300 3571 4355 Factum

1981 4383 2127 4439 enim
2150 4398 2215 4438 ex
2245 4383 2472 4440 muliere
2498 4385 2778 4456 proprium
2805 4385 2924 4456 ejus
2946 4428 2961 4454 ,
3009 4388 3089 4443 sic
3124 4397 3184 4444 ut
3226 4389 3333 4444 dixi
3377 4388 3573 4443 intelli-

1982 4477 2129 4546 gitur
2151 4482 2208 4529 et
2235 4474 2452 4530 dicitur.
2512 4474 2781 4543 Quoniam
2814 4492 2943 4532 vero
2981 4478 3276 4534 secundum
3320 4486 3571 4534 naturam

1983 4578 2067 4625 est
2110 4584 2179 4625 ex
2209 4568 2320 4624 Deo
2360 4568 2524 4625 Patre
2569 4569 2838 4635 Verbum,
2890 4570 3298 4627 viviﬁcatricem
3335 4572 3572 4628 ostendit

292 4667 368 4720 ait
403 4666 598 4721 beatus
639 4632 809 4722 David
836 4707 851 4732 ,
898 4632 1202 4736 Suscipiens
1249 4672 1548 4718 mansuetos
1597 4661 1874 4717 Dominus.
1902 4632 1956 4693 D
1982 4675 2137 4716 suam
2182 4674 2436 4725 carnem;
2484 4658 2688 4716 idcirco
2733 4659 2875 4716 facta
2920 4669 3004 4717 est
3047 4661 3201 4717 nobis
3243 4660 3568 4718 benedictio.

289 4757 395 4814 Per
440 4759 686 4813 habitum
731 4759 929 4830 quippe
987 4767 1042 4814 et
1089 4756 1514 4813 familiaritatem
1559 4755 1878 4826 spiritalem,

291 4859 552 4920 tanquam
602 4851 654 4905 in
695 4851 972 4906 voluntate
1019 4857 1074 4905 et
1114 4849 1287 4921 gratia
1328 4855 1383 4902 et
1427 4846 1876 4912 sanctiﬁcatione,

287 4945 431 4998 sicut
459 4951 517 4997 et
546 4958 646 4996 nos
686 4943 786 5011 ipsi
821 4943 1158 4996 adbzerentes
1187 4939 1444 5004 Domino,
1482 4953 1624 4992 unus
1657 4937 1880 5007 spiritus

285 5051 498 5102 sumus,
545 5038 841 5092 secundum
881 5036 1024 5107 quod
1073 5035 1333 5106 scriptum
1363 5039 1465 5090 est.
1522 5031 1630 5088 Sed
1667 5047 1773 5086 non
1799 5038 1883 5087 est

283 5128 390 5182 hoc
416 5128 706 5182 bumanari
753 5127 1039 5182 Dominum
1065 5167 1080 5190 ,
1125 5126 1219 5180 sed
1245 5139 1419 5195 neque
1448 5122 1695 5195 proxime
1726 5122 1884 5178 nobis

281 5233 453 5273 carne
503 5228 560 5274 et
597 5220 855 5290 sanguine
883 5217 1210 5289 participare
1231 5257 1246 5283 ,
1289 5216 1384 5272 sed
1409 5216 1579 5286 magis
1602 5214 1882 5286 proprium

281 5309 467 5365 facere
508 5313 786 5368 hominem
811 5353 825 5377 ,
869 5319 925 5365 et
969 5326 1078 5364 non
1125 5309 1425 5365 secundum
1463 5309 1628 5364 alium
1660 5303 1880 5361 modum

279 5418 449 5472 quem
493 5404 600 5459 dici
647 5404 849 5472 poterit
891 5402 1184 5474 prophetas
1226 5409 1283 5456 et
1331 5400 1606 5471 apostolos
1646 5406 1703 5453 et
1744 5397 1880 5453 alios

282 5505 508 5552 sanctos
557 5512 766 5552 omnes.
822 5496 1057 5552 Putasne
1093 5502 1315 5551 sanctus
1357 5493 1555 5548 Paulus
1589 5491 1880 5547 seducebat

284 5587 660 5644 sanctiﬁcatos
685 5605 785 5659 per
813 5589 972 5643 ﬁdem
999 5585 1342 5659 apertissime
1375 5585 1562 5639 dicens
1593 5583 1658 5638 de
1691 5581 1878 5652 unige-

283 5679 418 5742 nito,
453 5679 582 5747 quia
613 5695 736 5733 cum
781 5685 924 5734 esset
951 5677 1119 5742 dives,
1167 5688 1372 5746 pauper
1411 5683 1495 5728 est
1536 5673 1712 5727 factus
1751 5685 1878 5741 pro-

284 5780 406 5841 pter
441 5769 587 5825 nos?
622 5769 798 5826 Absit.
838 5763 976 5825 Vere
1011 5783 1243 5838 namque
1266 5767 1396 5823 dicit
1426 5765 1647 5821 omnino
1677 5764 1876 5819 verita-

287 5859 356 5914 tis
378 5875 562 5931 praeco
579 5902 594 5926 ,
640 5861 732 5931 qui
764 5869 850 5917 est
872 5859 1042 5918 dives.
1081 5858 1149 5915 Et
1174 5857 1445 5930 quomodo
1470 5869 1674 5928 pauper
1697 5853 1874 5913 factus

1983 4752 2278 4808 Viviﬁcans
2305 4751 2538 4821 denique
2565 4749 2782 4806 dicebat
2817 4751 3068 4808 Christus
3093 4766 3107 4805 :
3130 4751 3306 4807 Amen
3333 4752 3454 4808 dico
3477 4769 3570 4809 vo-

1982 4845 2103 4900 bis:
2133 4844 2247 4916 Ego
2290 4861 2406 4898 sum
2445 4844 2598 4914 panis
2643 4844 2788 4900 vivus
2822 4847 2914 4916 qui
2957 4845 3023 4900 de
3050 4843 3176 4900 coelo
3209 4844 3485 4908 descendi,
3518 4855 3569 4901 et

1982 4937 2152 4993 vitam
2191 4937 2312 4992 dedi
2345 4937 2567 4992 mundo.
2609 4937 2678 4992 Et
2712 4953 2902 4993 rursus
2934 4956 2949 4993 :
2992 4935 3160 4993 Panis
3192 4948 3370 4995 autem
3411 4957 3496 5007 qui
3522 4961 3566 4990 zu.

1983 5045 2086 5101 ego
2111 5029 2330 5095 dedero,
2361 5046 2486 5084 caro
2516 5046 2632 5084 mea
2657 5039 2735 5085 est
2759 5047 2854 5101 pro
2879 5031 3062 5085 mundi
3089 5033 3214 5087 vita.
3239 5032 3306 5087 Et
3334 5033 3524 5088 iterum
3554 5077 3566 5089 .

1991 5119 2095 5186 Qui
2117 5120 2401 5175 manduca!
2430 5138 2598 5175 meam
2629 5138 2870 5187 carnem,
2921 5132 2972 5176 et
3011 5123 3135 5177 bibit
3161 5140 3332 5178 meum
3356 5129 3564 5195 sangui-

1987 5227 2123 5276 nem,
2165 5211 2220 5265 in
2242 5226 2324 5264 me
2351 5218 2545 5276 manet,
2575 5219 2624 5264 et
2651 5226 2744 5280 ego
2773 5210 2828 5264 in
2856 5227 2936 5266 eo.
2968 5231 2986 5265 ι
3021 5212 3152 5268 Item
3178 5214 3369 5269 beatus
3395 5212 3570 5285 Cyril-

1984 5304 2118 5360 lus:
2171 5323 2190 5356 ι
2219 5303 2308 5361 Uti
2353 5317 2423 5360 ne
2463 5304 2648 5359 videar
2691 5319 2794 5376 ego
2829 5304 2978 5362 solus
3021 5307 3182 5363 Verbi
3225 5322 3422 5378 corpus
3445 5324 3572 5378 pro-

1983 5395 2162 5464 prium
2219 5395 2531 5460 nominare,
2580 5394 2744 5450 etiam
2792 5406 3102 5454 sanctorum
3148 5398 3372 5454 Patrum
3421 5401 3567 5458 volui

1983 5502 2186 5556 ponere
2217 5487 2522 5543 testimonia
2553 5527 2568 5553 ,
2595 5496 2657 5541 ut
2696 5489 2872 5546 sciant
2906 5491 3202 5548 adversarii
3230 5493 3358 5563 quia
3389 5493 3569 5549 inani-

1984 5586 2067 5633 ter
2089 5594 2189 5636 nos
2227 5579 2523 5634 inclamant
2563 5590 2850 5650 sequentes
2889 5583 3092 5653 ubique
3129 5582 3344 5640 illorum
3384 5598 3565 5641 voces.

1981 5672 2072 5728 Ait
2095 5673 2297 5742 'itaque
2341 5669 2742 5730 famosissimus
2780 5681 2968 5731 noster
2997 5674 3159 5730 Pater
3189 5684 3245 5730 et
3282 5675 3569 5747 episcopus

1980 5763 2310 5819 Athanasius
2347 5763 2402 5819 in
2430 5763 2568 5820 libro
2611 5764 2678 5821 de
2723 5774 2914 5823 sancta
2944 5765 3213 5830 Trinitate
3251 5785 3264 5821 :
3303 5767 3372 5822 Et
3401 5781 3568 5838 appa-

1981 5857 2134 5914 rebat
2179 5857 2305 5928 quia
2348 5872 2455 5917 non
2501 5866 2622 5916 erat
2655 5861 2974 5931 phantasia,
3023 5861 3116 5918 sed
3158 5874 3286 5918 vere
3325 5861 3563 5920 habebat
