4088 6344
510 444 591 516 ω

1478 442 1543 505 S.
1583 435 1935 509 AGOBARDI
1973 429 2282 493 EPISCOPI
2322 429 2807 490 LUGDUNENSIS
3705 426 3774 488 60

515 577 732 638 ωιιι-ι.
766 559 1010 627 ΜΝ
1046 555 1191 618 enim
1556 555 1868 615 induentem
1908 550 2096 605 buma-
2121 542 2177 605 A
2201 554 2393 605 cuncta
2423 546 2624 605 Christi
2657 546 2898 625 Ecclesia
2923 544 3190 607 catholica
3229 547 3405 623 credit
3453 555 3509 613 et
3553 549 3777 626 confise,

510 672 645 718 ιιι-ι
676 651 1134 727 ’φανή
1161 665 1293 709 ω
1324 649 1565 720 orandis
1602 644 1943 717 passionibus
1981 640 2097 713 eius

518 749 667 807 indui
692 756 892 812 mam;
936 752 1001 801 ut
1032 745 1174 801 sicut
1208 752 1375 803 totam
1398 739 1680 815 primum»
1716 752 1833 806 eius
1862 736 2099 804 dicimus

518 854 639 897 esse
661 852 881 907 corpus,
904 836 981 895 ita
1007 841 1066 893 et
1090 833 1334 903 carparis
1358 828 1896 923 μδεὶωθδλθωρτξε

517 928 639 1000 eius
656 927 928 997 dicantur,
962 923 1089 980 licet
1106 937 1218 985 non
1238 921 1616 995 contingerent
1642 915 1938 987 secundum
1960 915 2098 991 divi-

520 1018 750 1079 nitatem
775 1015 918 1086 ejus.
948 1035 970 1069 ο
1776 1080 1781 1089 η

589 1128 827 1188 XXXIII.
883 1127 1189 1200 lnterrogat
1226 1124 1383 1181 Felix
1441 1135 1628 1178 arcens
1665 1139 1681 1177 :
1732 1139 1754 1175 ι
1788 1120 2102 1178 Recurmnt

516 1225 738 1299 prepria
757 1223 975 1279 nomina
997 1222 1066 1277 ad
1092 1218 1414 1284 accidentia,
1444 1232 1542 1273 seu
1562 1216 1861 1286 scindentia
1880 1215 1949 1270 ad
1966 1229 2099 1285 pm—

517 1320 660 1392 pria,
692 1333 762 1373 an
806 1317 952 1372 non?
983 1336 1001 1368 ι
1030 1313 1379 1385 Respondet:
1418 1330 1436 1362 ι
1474 1311 1795 1367 Recurrunt.
1820 1329 1841 1363 ι
1870 1310 2103 1366 Interro-

521 1422 612 1483 ειη
638 1429 652 1464 :
690 1429 709 1461 ι
735 1409 857 1476 Quo
888 1409 1115 1465 ordine?
1140 1426 1161 1460 δ
1192 1404 1540 1477 Respondet:
1568 1425 1590 1457 ι
1612 1406 1841 1476 Propter
1861 1404 2101 1477 stimula-

520 1503 740 1557 ritatem
766 1514 1031 1573 personae,
1073 1500 1128 1553 in
1153 1513 1260 1569 qua
1289 1498 1542 1554 divinitas
1562 1497 1690 1559 ΕΗἱὶ
1718 1497 1814 1552 Dei
1846 1512 1971 1552 cum
1990 1498 2098 1553 hu-

519 1594 783 1651 manitate
830 1607 928 1648 sua
964 1602 1284 1648 communes
1324 1590 1526 1646 habent
1576 1589 1850 1654 actiones;
1894 1605 2000 1660 qua
2031 1604 2100 1645 ex

520 1695 688 1744 causa
735 1683 1023 1755 aliquando
1060 1696 1128 1737 ea
1171 1695 1294 1751 quas
1320 1681 1503 1737 divina
1540 1687 1668 1736 sunt
1695 1678 2007 1739 referuntur
2033 1680 2101 1741 ad

519 1775 778 1837 humana,
817 1780 873 1827 et
911 1782 976 1826 ea
1020 1786 1142 1843 qua
1184 1770 1418 1825 humana
1449 1769 1610 1833 ﬁunt,
1640 1766 1911 1825 interdum
1932 1769 2102 1825 ascri—

518 1865 724 1921 buntur
745 1865 813 1919 ad
838 1863 1040 1929 divina,
1063 1871 1119 1917 et
1144 1863 1247 1917 hoc
1272 1863 1466 1917 ordine
1492 1860 1780 1932 aliquando
1806 1860 1901 1915 Dei
1930 1859 2101 1915 Filius

2199 646 2305 709 tur,
2343 640 2442 709 Qui
2472 657 2591 699 esse
2616 650 2983 715 promeretur,
3024 657 3152 705 vere
3180 651 3235 703 et
3260 643 3478 723 proprie
3506 660 3625 719 esse
3659 664 3774 717 coe-

2195 737 2314 807 pit:
2342 738 2490 813 quia,
2525 746 2584 793 ut
2601 736 2718 806 jam
2748 753 2910 809 supra
2942 736 3147 803 dictum
3173 748 3281 804 est,
3306 756 3379 805 ,σε
3408 758 3510 813 quo
3536 758 3648 807 esse
3678 761 3777 809 ca:-

2196 828 2292 898 pit,
2336 843 2441 883 non
2485 825 2631 882 aliud
2670 828 2822 899 capit
2865 844 2975 885 esse
3009 844 3168 899 quam
3208 827 3308 891 Dei
3347 826 3544 899 Filius,
3590 843 3639 905 ρι
3679 833 3778 899 hoc

2198 921 2405 979 unicus.
2437 920 2541 989 Qui
2570 929 2753 987 autem
2795 921 3131 993 appellantur
3160 931 3215 991 et
3238 916 3642 999 nuncupantur,
3670 927 3782 999 spi-

2198 1012 2361 1071 ritum
2391 1013 2695 1087 adeptionis
2716 1022 3063 1091 acceperunt.
3084 1024 3145 1073 ut
3166 1015 3264 1077 ﬁlii
3289 1014 3384 1075 Dei
3412 1026 3778 1089 vocarentur:

2198 1104 2326 1176 quia
2353 1119 2421 1167 ex
2445 1120 2552 1175 quo
2590 1120 2712 1165 esse
2755 1112 3035 1179 creperum
3079 1121 3201 1173 esse
3248 1105 3341 1165 lilii
3386 1105 3504 1172 Dei,
3548 1108 3642 1167 sed
3687 1107 3781 1163 ﬁlii

2198 1193 2400 1253 Adam:
2449 1194 2544 1251 lilii
2591 1195 2704 1263 irae,
2747 1203 2801 1251 et
2841 1182 2937 1253 ﬁlii
2980 1192 3141 1267 hujus
3188 1195 3404 1263 saeculi;
3439 1206 3493 1252 et
3526 1197 3654 1261 dum
3679 1196 3785 1252 ista

2199 1297 2402 1354 essent,
2425 1289 2688 1363 praevenit
2709 1303 2805 1344 eos
2831 1288 3206 1349 misericordia
3240 1288 3339 1351 Dei
3378 1297 3668 1361 antequam
3711 1287 3789 1345 illi

2199 1380 2307 1439 ulla
2358 1381 2500 1449 bona
2543 1380 2683 1435 velle
2727 1388 2822 1437 aut
2868 1379 3072 1450 eligere
3115 1387 3364 1453 possent:
3407 1388 3464 1455 et
3506 1380 3651 1439 sicut
3688 1396 3790 1441 eos

2198 1470 2473 1544 praescivit
2512 1477 2567 1526 et
2605 1470 3009 1543 praedestinavit
3052 1479 3178 1533 ante
3221 1470 3409 1531 mundi
3448 1473 3791 1531 constitutio-

2200 1578 2349 1633 nem,
2374 1572 2435 1621 et
2466 1564 2681 1625 vocavit
2720 1572 2966 1635 tempore
3008 1562 3321 1631 constituto,
3368 1578 3435 1623 ac
3466 1563 3795 1639 justiﬁcavit

2201 1670 2299 1727 per
2320 1653 2668 1730 adoptionem
2694 1662 2748 1712 et
2775 1653 3201 1727 redemptionem
3240 1654 3566 1721 animarum,
3593 1653 3795 1719 deinde

2202 1747 2607 1822 gloriﬁcaturus
2642 1755 2730 1805 est
2766 1763 2868 1821 per
2908 1747 3252 1819 adeptionem
3276 1755 3331 1803 et
3359 1745 3797 1823 redemptionem

2203 1855 2493 1912 corporum
2524 1824 2582 1911 to
2608 1839 2800 1901 ultima
2836 1838 3251 1911 resurrecﬁone.
3286 1837 3415 1899 Haec
3439 1837 3575 1907 ﬁunt
3601 1837 3655 1893 in
3687 1835 3799 1894 illis

523 1957 579 2013 in
606 1956 841 2012 hominis
874 1954 984 2010 lilio
1011 1921 1153 2010 titius
1182 1954 1423 2010 hominis
1455 1921 1712 2024 appellari
1749 1952 2019 2024 dignatur,
2050 1962 2103 2008 et

2210 1935 2296 2009 qui
2325 1951 2424 2009 per
2442 1934 2678 2008 gratiam
2712 1935 3019 2005 adoptionis
3052 1934 3152 2001 (ﬁlii
3184 1932 3493 2001 clliciuntur
3519 1942 3573 1993 et
3607 1935 3799 2013 appel-

520 2048 756 2104 bominis
780 2048 925 2103 ﬁlius
967 2047 1024 2102 in
1060 2047 1161 2103 Dei
1188 2046 1323 2102 Filio
1347 2045 1516 2105 Filius
1554 2045 1651 2101 Dei
1688 2052 2050 2114 nuncupatur.
2078 2063 2100 2097 ι

519 2138 621 2195 llic
658 2140 924 2197 admoneo
968 2138 1226 2195 lectorem
1271 2145 1332 2193 ut
1375 2131 1543 2192 istum
1580 2136 1779 2197 Feiicis
1825 2150 2106 2195 recursum

518 2230 803 2286 nominum
846 2228 1094 2286 conferat
1140 2243 1263 2285 cum
1308 2229 1572 2284 relatione
1605 2228 1862 2292 Nestorii,
1894 2235 1951 2283 et
1984 2243 2109 2299 per-

519 2327 723 2394 pendat
755 2339 823 2379 ne
848 2322 995 2379 forte
1015 2323 1211 2379 similia
1247 2324 1374 2379 sint.
1411 2322 1567 2381 Sicut
1583 2323 1727 2378 enim
1757 2338 1919 2394 supra
1943 2322 2105 2394 (Cap.

522 2416 578 2490 7)
616 2416 899 2487 posuimus
918 2417 1084 2472 verba
1106 2414 1365 2482 Nestorii,
1402 2415 1536 2471 dicit
1565 2415 1653 2472 ille
1678 2432 1692 2468 :
1731 2433 1752 2467 ι
1782 2414 1936 2471 Sicut
1962 2415 2109 2470 inse-

522 2510 824 2591 parabilem
865 2526 897 2566 a
939 2510 1121 2565 divina
1146 2517 1338 2564 natura
1362 2509 1568 2565 habens
1594 2506 1997 2580 copidationcm
2023 2522 2110 2563 re—

522 2601 727 2658 latione
768 2601 865 2658 Dei
894 2609 950 2657 et
972 2601 1323 2673 intelligentia
1370 2602 1519 2657 omni
1558 2610 1809 2658 creatura
1840 2602 2110 2660 adoratio—

520 2707 645 2749 nem
676 2692 997 2765 exhibente;
1025 2702 1081 2749 et
1106 2708 1282 2763 neque
1306 2692 1444 2749 duos
1472 2692 1615 2750 ﬁlios
1639 2692 1869 2749 dicimus
1887 2734 1903 2759 ,
1930 2708 2110 2765 nerine

520 2786 657 2841 duos
693 2785 973 2841 Dominus.
1005 2805 1025 2837 ι
1090 2786 1158 2839 Et
1196 2792 1320 2854 post
1367 2785 1547 2854 aliqua
1588 2786 1788 2839 iterum
1828 2782 2110 2843 Nestorius

521 2876 635 2931 ait:
689 2894 709 2927 ‹
738 2874 851 2932 Sed
894 2875 1041 2932 solus
1086 2878 1418 2947 prmcipuum
1466 2876 1671 2931 habens
1720 2877 1824 2931 hoc
1865 2878 2011 2946 quod
2039 2877 2109 2932 ad

521 2966 621 3022 Dei
651 2964 815 3023 Verbi
860 2966 1256 3038 eopulaticnem
1285 3008 1300 3033 ,
1346 2967 1636 3039 adoptione
1659 2977 1714 3022 et
1739 2967 2110 3027 dominatione

521 3057 891 3129 participans,
938 3056 1191 3114 auferens
1228 3059 1445 3129 quidem
1487 3072 1704 3114 omnem
1748 3059 2108 3128 suspicionem

523 3152 1067 3219 dualitatisjliorum
1096 3162 1152 3209 et
1181 3154 1521 3209 dominorum
1539 3193 1553 3219 ,
1583 3153 1822 3223 praestita
1850 3168 1981 3209 vero
2013 3169 2111 3209 no-

522 3244 611 3302 bis
654 3246 708 3300 in
747 3246 1089 3315 copulatione
1118 3247 1183 3301 ad
1210 3246 1379 3299 Deum
1410 3244 1667 3310 Verbum,
1697 3261 1914 3301 onmem
1944 3246 2111 3302 habe-

524 3344 613 3394 ret
638 3338 809 3407 ipsius
838 3339 1001 3395 lidan
1027 3345 1085 3395 et
1118 3336 1527 3408 intelligentiam
1574 3346 1632 3397 et
1673 3337 1970 3404 theorinm,
2004 3353 2111 3409 pro

524 3431 733 3501 quibus
764 3438 825 3487 et
860 3430 1236 3488 adorationem
1280 3446 1385 3501 pro
1424 3430 1693 3489 relatinne
1725 3431 1827 3488 Dei
1852 3432 1924 3491 ab
1963 3432 2112 3491 omni

523 3521 767 3591 suscepit
797 3529 1072 3583 ereautra.
1103 3541 1122 3576 ι
1174 3520 1316 3582 Ecce
1338 3520 1622 3581 Nestorius
1659 3519 1791 3577 dicit
1823 3520 2112 3585 Dominum

522 3612 791 3669 relatione
829 3612 926 3670 Dei
964 3613 1232 3671 theoriam
1254 3613 1595 3683 suscepisse,
1628 3612 1680 3671 id
1704 3621 1792 3670 est
1810 3653 1825 3679 ,
1856 3614 2111 3673 deitatem

520 3710 585 3759 et
608 3702 1000 3771 adorationem.
1040 3702 1191 3763 Felix
1231 3718 1364 3771 vero
1400 3703 1538 3763 dicit
1572 3717 1857 3763 recurrere
1893 3704 2113 3765 nomina

522 3800 751 3865 promer
792 3792 1055 3853 unitatem
1094 3808 1345 3863 persona
1365 3835 1381 3861 ,
1431 3803 1487 3855 et
1528 3803 1841 3865 propterea»
1853 3796 2113 3867 appellari

522 3883 845 3947 DeiAFilium
1130 3885 1318 3977 ﬁlium,
1338 3896 1396 3944 et
1427 3887 1666 3951 hominis
1700 3888 1873 3951 ﬁlium
1900 3889 1999 3949 Dei
2025 3889 2115 3951 Fi-

522 3976 659 4035 lium
705 3980 1027 4051 nuncupari.
1086 3976 1315 4044 Videwr
1354 3996 1592 4052 namque
1629 3983 1764 4043 mihi
1810 3983 1936 4055 quia
1988 3982 2117 4046 licet

523 4073 815 4143 utriusque
835 4113 851 4140 ,
898 4073 1133 4135 Nectarii
1162 4075 1414 4135 videlicet
1435 4084 1599 4146 atque
1624 4075 1844 4143 Felicis,
1893 4094 2034 4135 nova
2059 4086 2116 4135 et

526 4163 789 4223 inusitata
821 4171 985 4234 atque
1007 4165 1235 4237 confusa
1263 4166 1375 4223 sint
1399 4166 1564 4225 verba
1581 4206 1596 4231 .
1640 4183 1782 4225 unus
1810 4175 1991 4225 tamen
2024 4185 2118 4227 eo—

528 4272 656 4315 rum
684 4266 778 4317 act
1019 4259 1074 4317 in
1102 4258 1209 4318 bac
1247 4258 1367 4319 loco
1398 4265 1488 4315 est
1510 4273 1724 4319 sensus.
1768 4259 1969 4319 Deinde
1993 4260 2117 4321 dili-

526 4356 723 4420 genter
778 4349 1230 4413 considerandum
1270 4357 1358 4406 est
1402 4349 1507 4423 hoc
1557 4349 1704 4423 quod
1736 4350 1889 4409 Felix
1937 4351 2113 4409 dixit;

536 4458 559 4496 ι
584 4439 892 4512 Aliquando
910 4439 1009 4497 Dei
1030 4440 1201 4497 Filius
1243 4442 1297 4496 in
1321 4441 1560 4511 hominis
1580 4442 1691 4501 ﬁlio
1711 4442 1859 4501 ﬁlius
1882 4444 2120 4509 hominis

526 4533 793 4604 appellari
810 4533 1083 4605 dignatur.
1095 4553 1116 4589 ο
1133 4533 1271 4601 Quid
1287 4542 1377 4592 est
1391 4535 1525 4593 hoc?
1541 4534 1791 4606 Nunquid
1806 4536 2118 4607 aliquando,

2206 2029 2387 2091 lantur
2426 2028 2543 2103 Dei,
2589 2042 2693 2105 per
2735 2026 2889 2103 illum
2936 2026 3028 2099 qui
3066 2034 3192 2086 ante
3227 2024 3423 2083 saecula
3471 2026 3804 2085 naturaliter

2205 2130 2400 2186 natus,
2450 2128 2506 2176 et
2548 2120 2604 2177 in
2645 2119 2842 2181 mulo
2881 2118 3201 2193 naturaliter
3241 2117 3415 2175 factus
3462 2126 3547 2175 est
3599 2119 3803 2187 unicus

2204 2212 2376 2271 Filius
2402 2211 2517 2277 Dei,
2554 2212 2650 2284 qui
2675 2210 2948 2275 nascendo
2990 2219 3074 2269 est
3104 2209 3274 2272 Filius
3302 2209 3421 2278 Dei,
3467 2226 3577 2266 non
3628 2226 3801 2266 rena-

2207 2302 2427 2379 scentia,
2460 2302 2546 2373 cui
2576 2318 2773 2361 nomen
2800 2302 2897 2363 ﬁlii
2918 2301 3203 2375 generatio
3231 2302 3397 2370 dedit,
3431 2317 3539 2358 non
3570 2317 3802 2375 regene-

2207 2395 2370 2463 ratio,
2399 2396 2492 2467 qui
2523 2410 2589 2452 ex
2633 2394 2723 2450 illa
2764 2393 3065 2455 substantia
3096 2408 3201 2464 qua
3223 2408 3344 2453 esse
3372 2393 3554 2465 coepit,
3588 2409 3655 2450 ex
3687 2408 3805 2467 quo

2206 2501 2326 2547 esse
2351 2488 2538 2565 cmpit,
2569 2502 2679 2545 non
2704 2485 2995 2559 aliquando
3020 2493 3363 2555 nuncupatur
3388 2483 3561 2540 Filius
3585 2483 3706 2551 Dei,
3737 2492 3809 2542 ut

2206 2578 2357 2647 Felix
2384 2578 2519 2643 vult,
2550 2577 2646 2637 sed
2672 2592 2889 2650 semper
2911 2584 3015 2649 est,
3043 2584 3104 2632 ut
3127 2574 3382 2635 catholici
3429 2575 3674 2631 credunt.
3714 2574 3806 2631 ita

2207 2685 2331 2738 nos,
2371 2670 2515 2726 sicut
2553 2670 2749 2729 beatus
2784 2667 3145 2742 Hieronymus
3175 2667 3271 2734 ait,
3297 2665 3469 2725 Deum
3494 2667 3810 2727 hominem-

2208 2776 2315 2833 que
2342 2759 2652 2837 jungentes,
2692 2768 2748 2825 et
2770 2760 2941 2823 lilium
2966 2759 3203 2837 hominis
3233 2759 3292 2835 in
3326 2757 3476 2833 Iesu,
3521 2767 3576 2814 et
3599 2759 3810 2825 Filium

2207 2852 2307 2907 Dt-i
2349 2862 2596 2908 tenemus
2622 2854 2678 2907 in
2708 2851 2950 2909 Christo.
2990 2852 3091 2909 Hic
3131 2837 3394 2925 sapientia
3437 2858 3698 2920 vertetur,
3741 2860 3812 2915 ut

2206 2944 2564 3021 Apocalypsis
2616 2946 2714 3005 ait.
2774 2945 2874 3003 Hic
2916 2946 3196 3018 promissae
3236 2945 3465 3002 antidoti
3504 2946 3811 3017 aperienda

2208 3042 2404 3098 virtus.
2439 3040 2542 3096 llic
2582 3039 3003 3103 Manichaeorum
3038 3041 3211 3107 virus,
3260 3047 3524 3096 terrestre
3576 3055 3812 3111 germen

2209 3133 2563 3209 Arianorum,
2589 3132 2793 3206 divino,
2819 3133 2867 3191 si
2910 3133 3016 3188 dici
3048 3131 3133 3188 fas
3169 3139 3273 3199 est,
3306 3132 3514 3190 semine
3544 3147 3814 3204 superan-

2213 3227 2340 3282 dum
2364 3235 2469 3283 est.

2284 3317 2502 3376 XXXV.
2563 3317 2892 3375 Memoratur
2945 3317 3079 3374 item
3130 3316 3287 3373 Felix
3332 3316 3465 3383 dicti
3511 3316 3809 3385 Dominici,

2213 3427 2322 3487 quo
2349 3413 2426 3467 ait
2453 3430 2465 3465 :
2497 3409 2667 3466 Nemo
2694 3410 2927 3465 ascendit
2960 3411 3018 3465 in
3052 3407 3236 3465 centum
3271 3410 3373 3464 nisi
3414 3408 3505 3489 qui
3540 3408 3814 3464 descendit

2212 3507 2278 3569 de
2305 3504 2455 3572 cmlo,
2502 3502 2649 3574 ﬁlius
2694 3503 2923 3558 hominis
2953 3503 3046 3580 qui
3074 3511 3148 3558 est
3176 3503 3234 3557 in
3258 3499 3405 3556 coelo.
3434 3501 3504 3557 Et
3531 3502 3817 3575 subjungit

2214 3599 2443 3657 dicens:
2482 3594 2684 3652 «Certe
2730 3595 2950 3665 quando
3001 3595 3119 3653 hmo
3164 3592 3511 3667 loquebatur,
3565 3594 3813 3651 nondum

2213 3701 2334 3747 erat
2362 3690 2506 3749 ﬁlius
2541 3689 2780 3747 hominis
2820 3690 2874 3744 in
2908 3687 3055 3745 cmlo
3097 3704 3197 3763 per
3240 3695 3490 3743 naturam
3534 3687 3589 3743 in
3636 3688 3815 3745 susci-

2213 3784 2399 3863 piente
2424 3799 2503 3850 se,
2557 3783 2661 3841 hoc
2707 3791 2814 3849 est,
2864 3781 2922 3836 in
2958 3780 3097 3837 Filio
3132 3781 3248 3836 Dei.
3276 3800 3295 3839 ι
3335 3778 3443 3836 Sed
3464 3780 3590 3853 quia
3620 3796 3720 3854 ego
3752 3781 3815 3837 in

2210 3878 2333 3942 licet:
2360 3876 2528 3933 verba
2567 3875 2851 3933 advertere
2892 3889 3000 3929 non
3032 3888 3257 3943 possum
3301 3871 3431 3944 quid
3478 3871 3661 3928 dicere
3706 3888 3815 3931 vo-

2210 3968 2398 4043 luerit,
2427 3976 2522 4023 aut
2555 3966 2685 4053 quid
2712 3964 2966 4032 senserit,
3003 3964 3108 4020 ista
3138 3964 3441 4021 indiscussa
3474 3964 3811 4053 praetermit-

2216 4062 2404 4127 tenda,
2433 4068 2488 4119 et
2511 4058 2578 4119 ad
2604 4057 2712 4117 alia
2736 4057 2852 4131 ejus
2876 4055 3264 4115 transeundum
3286 4064 3402 4124 est;
3426 4056 3658 4112 maxime
3681 4056 3812 4128 quia

2212 4154 2478 4231 prmdicta
2516 4151 2788 4209 dominica
2831 4149 2998 4205 verba
3042 4147 3288 4222 exposita
3317 4148 3500 4207 verbis
3528 4148 3676 4209 beati
3698 4148 3816 4204 Au-

2212 4245 2421 4325 gustini
2444 4258 2610 4314 supra
2640 4240 2941 4315 posuimus.

2290 4353 2533 4435 XXXVI.
2570 4353 2707 4426 Item
2730 4340 2883 4413 Felix
2910 4369 2926 4407 :
2954 4350 3176 4419 rCerte,
3226 4350 3324 4421 ait,
3371 4348 3637 4411 catholica
3676 4349 3816 4409 ﬁdes

2218 4448 2395 4513 credit
2419 4445 2565 4518 quod
2587 4459 2695 4509 non
2719 4442 2973 4516 proprius
2999 4443 3099 4503 Dei
3118 4442 3311 4517 Filius.
3341 4441 3434 4514 qui
3458 4442 3523 4499 de
3551 4441 3812 4507 substan-

2214 4542 2295 4601 tia
2336 4539 2520 4605 Patris
2562 4537 2778 4611 genitus
2798 4543 2911 4611 ,est,
2953 4542 3011 4611 et
3039 4549 3138 4615 per
3182 4534 3364 4611 omnia
3406 4533 3555 4593 Patri
3590 4533 3811 4601 similis,

528 4632 711 4714 etnon
721 4626 970 4714 smper?
988 4624 1244 4696 Nunquid
1258 4626 1519 4697 appellati
1536 4637 1594 4683 et
1613 4643 1718 4685 non
1736 4629 1891 4687 esse?
1915 4629 2117 4689 Deinde
2141 4652 2196 4714 Β
2218 4649 2323 4705 pro
2342 4632 2504 4691 nobis
2530 4630 2765 4689 traditus
2789 4629 2882 4694 sit,
2912 4627 3011 4695 sed
3036 4625 3201 4699 homo
3226 4634 3536 4701 assumptus
3562 4626 3633 4685 ab
3666 4640 3755 4703 eo.
3784 4647 3806 4687 ›

534 4712 633 4779 ait,
682 4732 702 4765 ι
729 4713 796 4770 Εῑ
816 4716 1055 4773 hominis
1078 4715 1222 4773 illus
1254 4717 1312 4772 in
1336 4716 1437 4774 Dei
1474 4716 1614 4775 Filio
1651 4717 1826 4776 Filius
1854 4717 1950 4779 Dei
1980 4734 2118 4777 miu-

534 4813 787 4877 cupatur.
816 4828 837 4861 ι
870 4807 1125 4879 Nunquid
1160 4817 1504 4880 usurpatur
1537 4817 1778 4877 tanttmi,
1806 4819 1988 4871 etnon
2012 4811 2119 4873 est?

606 4896 850 4955 XXXIV.
884 4898 998 4959 Sed
1030 4899 1159 4970 quia
1194 4899 1315 4959 scio
1351 4899 1546 4957 borum
1588 4901 1883 4961 verborum
1928 4917 2121 4972 quam-

538 4988 667 5046 dam
709 4990 1117 5051 similitudinem
1154 5007 1279 5049 esse
1314 4992 1373 5051 in
1413 4992 1572 5051 dictis
1594 4992 1741 5051 beati
1782 4992 2117 5064 Hieronymi,

537 5100 661 5155 qua:
680 5084 785 5139 iste
806 5084 861 5138 in
878 5084 1051 5153 prima
1074 5100 1171 5142 sua
1192 5085 1536 5145 contentione
1552 5102 1724 5158 pravo
1744 5102 1905 5145 sensu
1926 5086 2123 5147 eﬂerre

538 5176 767 5243 solebat,
822 5175 1125 5243 videamus,
1171 5179 1218 5234 si
1257 5180 1325 5235 ab
1352 5178 1446 5237 illo
1472 5181 1630 5236 istius
1652 5196 1846 5237 sensus
1871 5189 1930 5237 et
1956 5182 2123 5237 verba

536 5282 648 5325 non
701 5266 1032 5337 discrepant.
1083 5267 1177 5324 Ait
1226 5286 1463 5341 namque
1515 5272 1710 5328 beatus
1762 5272 2125 5345 Hieronymus

538 5358 699 5433 (Vide
743 5360 1015 5430 integrum
1052 5359 1233 5418 loeti.
1272 5361 1588 5435 Hieronymi
1631 5361 1775 5419 inﬂa
1813 5379 1935 5434 cap.
1982 5364 2120 5437 39):

545 5449 687 5507 inin
720 5448 864 5523 Elius
898 5452 1133 5510 hunsinis
1164 5469 1264 5525 per
1298 5454 1393 5510 Dei
1427 5453 1646 5520 Filium,
1674 5454 1772 5511 Dei
1803 5469 1930 5512 esse
1956 5453 2127 5511 Filius

516 5543 601 5601 ,ιιι
626 5542 891 5603 ῡείιιῖὶϋο
914 5554 1277 5615 promeretur.
1312 5565 1333 5601 ο
1371 5545 1513 5603 Ecce
1541 5546 1735 5603 beatus
1764 5544 2128 5617 Hieronymus

700 5647 1176 5709 «promeretur.
1210 5636 1367 5695 Felix
1409 5637 1545 5695 dicit
1578 5634 1877 5710 mellam!
1908 5643 1965 5699 et
1990 5650 2128 5701 νικη-

539 5738 783 5800 cmtar.
827 5730 990 5787 Certe
1013 5732 1244 5787 unitum
1269 5728 1449 5787 difert
1477 5730 1618 5787 inter
1636 5747 1749 5791 esse
1778 5739 2125 5803 promatur.

518 5830 600 5877 “et
622 5822 936 5893 appellatur,
961 5834 1059 5880 alt
1086 5834 1441 5895 nuncupatur.
1484 5822 1683 5890 Filius,
1716 5823 1915 5901 inquit,
1960 5823 2130 5881 homi-

2222 4726 2349 4783 Hsec
2380 4723 2558 4787 Felix.
2596 4722 2709 4781 Nos
2738 4728 2921 4777 autem
2952 4718 3223 4777 dicimus:
3249 4719 3428 4797 absit,
3460 4718 3714 4802 absit,ut
3735 4719 3813 4787 ita

2221 4818 2492 4878 catholica
2533 4816 2668 4877 ﬁdes
2710 4814 2916 4881 credat,
2961 4828 3082 4883 qme
3116 4812 3236 4873 sine
3285 4813 3691 4881 intermissione
3717 4814 3814 4871 de-

2221 4915 2427 4974 cantat,
2451 4906 2675 4969 diccns:
2712 4903 2882 4967 Credo
2920 4903 2978 4959 in
3013 4901 3185 4959 Deum
3225 4900 3455 4961 Patrem
3485 4903 3816 4974 omnipoten-

2222 5012 2347 5067 tem,
2384 5009 2435 5055 et
2455 4997 2718 5054 inlesum
2750 4993 3019 5057 Christum
3054 4990 3258 5049 Filium
3294 4994 3409 5066 ejus
3450 4996 3668 5053 unicum
3704 4994 3819 5052 Do-

2225 5093 2429 5151 minum
2461 5099 2723 5154 nostrum,
2769 5096 2952 5143 notum
2998 5085 3062 5141 de
3103 5084 3310 5158 Spiritu
3347 5095 3528 5142 sancto
3557 5096 3605 5141 et
3636 5085 3818 5143 Maria

2223 5185 2444 5256 virgine,
2494 5198 2709 5255 passum
2756 5179 2852 5236 sub
2903 5176 3099 5234 Pontio
3142 5177 3353 5247 Pilato,
3404 5178 3716 5247 cruciﬁxum
3769 5188 3817 5234 et

2222 5275 2506 5348 sepultum.
2550 5273 2629 5337 ita
2676 5272 2823 5330 enim
2847 5270 3119 5349 catholica
3144 5270 3276 5326 lides
3303 5270 3496 5338 credit,
3528 5271 3671 5342 quod
3702 5271 3819 5343 ipse

2225 5367 2319 5439 qui
2341 5366 2510 5424 Filius
2546 5364 2647 5421 Dei
2684 5363 2866 5431 Patris
2900 5362 3297 5437 omnipotentis
3324 5370 3431 5429 est,
3464 5371 3523 5420 et
3542 5370 3708 5421 natus
3734 5372 3819 5421 est

2226 5460 2295 5519 de
2328 5457 2539 5530 Spiritu
2568 5464 2760 5519 sancto
2797 5467 2852 5519 et
2889 5455 3132 5533 Virgine,
3157 5454 3276 5529 ipse
3303 5454 3378 5510 sit
3404 5469 3503 5527 pro
3524 5454 3684 5513 nobis
3707 5462 3818 5511 tra-

2226 5553 2394 5619 ditus,
2424 5552 2540 5623 ipse
2568 5564 2782 5622 passus,
2829 5549 2946 5623 ipse
2980 5547 3299 5628 cruciﬁxus,
3341 5554 3592 5611 mortuus
3635 5553 3692 5604 et
3735 5562 3817 5605 se-

2226 5642 2432 5714 pultus,
2463 5643 2685 5714 ipseque
2706 5639 3097 5713 {esui-rexerit,
3118 5639 3428 5717 ascenderit
3450 5638 3520 5719 ad
3545 5637 3736 5707 caelos,
3763 5645 3821 5697 et

2229 5733 2417 5792 sedeat
2454 5748 2607 5797 nunc
2640 5732 2715 5791 ad
2737 5732 3020 5795 dexteram
3056 5730 3261 5797 Patris,
3305 5740 3361 5786 et
3387 5732 3537 5799 inde,
3570 5730 3675 5789 hoc
3709 5740 3815 5791 est.

2229 5825 2298 5882 de
2326 5824 2551 5883 dextera
2580 5826 2783 5891 Patris,
2814 5835 3078 5887 venturus
3100 5826 3173 5883 sit
3215 5824 3282 5879 ad
3311 5820 3635 5905 iudicandos
3664 5826 3817 5881 vivos

542 5916 627 5970 nis
651 5917 708 5972 in
729 5917 829 5973 Dei
848 5916 992 5974 Filio
1013 5917 1186 5973 Filius
1207 5918 1306 5974 Dei
1326 5935 1437 5975 esse
1475 5926 1820 5989 promeretur.
1860 5916 2020 5973 Certe
2052 5916 2132 5974 sic
2231 5923 2287 5973 et
2312 5926 2576 5975 mortuos.
2626 5918 2731 5975 Sed
2754 5918 2900 5992 quia,
2951 5927 3011 5977 ut
3049 5917 3299 5988 superius
3330 5918 3474 5989 (cap.
3515 5918 3608 5993 25)
3634 5920 3815 5976 verbis
