4088 6344
344 442 414 507 81
1474 439 1605 499 LIB.
1639 438 1802 502 ΜΠ.
1847 439 1927 500 FE

2026 439 2151 500 ΖΕΗ
2182 434 2483 497 URGELL.
3547 434 3620 493 σε

338 562 493 642 pesti
532 557 849 633 Hieronymi
888 556 1093 630 dictum
1118 562 1224 625 est,
1252 554 1370 625 hate
1392 556 1685 641 cogitasse,
1730 558 1932 615 vixisse
1958 558 2013 619 Α
2039 556 2176 621 tulit,
2211 556 2386 631 ipsum
2417 553 2655 642 Verbum
2699 552 2755 625 in
2793 567 2892 625 suo
2927 566 3158 635 corpore
3177 552 3305 613 dum
3332 553 3618 630 cruciﬁge-

316 630 451 729 ".e_s‘t,
476 658 601 713 haec
628 630 927 724 meditatio,
960 659 1151 723 partus
1170 657 1262 707 est
1290 632 1505 718 animze,
1537 653 1593 708 in
1621 653 1740 712 htec
1763 651 1931 713 relabi

338 751 429 807 vel
466 762 773 811 recurrere,
814 734 939 819 cum
966 741 1205 817 “Domino
1231 741 1380 814 jungi
1420 750 1524 812 est,
1558 751 1616 798 et
1655 759 1778 803 cum
1815 742 1932 814 ipso

334 858 442 918 per
478 841 598 911 htec
639 820 917 907 humiliari
945 842 1048 917 est,
1090 850 1213 903 curn
1238 834 1356 917 ipso
1389 835 1500 918 pati
1524 842 1626 901 est,
1658 850 1784 891 cum
1813 834 1932 907 ipso

326 924 487 990 inuri
529 939 630 997 est,
674 944 799 986 cum
842 927 964 999 ipso
996 933 1080 995 est
1118 926 1280 996 etiam
1316 927 1591 993 suscitari,
1639 928 1841 984 bonum
1875 933 1933 987 et

324 1026 634 1099 iocundum
676 1030 762 1099 est
797 1008 871 1077 de
891 1021 997 1076 hac
1020 1034 1081 1077 re
1105 1004 1328 1083 Patrum
1354 1034 1570 1099 quoque
1592 1018 1687 1083 hic
1715 1026 1929 1075 senten-

314 1096 445 1172 1tias
471 1096 814 1186 subnectere.
842 1111 1045 1167 Beatus
1072 1096 1411 1182 Augustinus
1441 1110 1507 1166 de
1534 1109 1638 1166 hoc
1665 1109 1741 1165 ita
1765 1110 1925 1165 dicit:

331 1207 441 1287 {De
463 1208 593 1279 ﬁde,
632 1205 702 1261 ad
741 1203 887 1275 Petr.
927 1202 1068 1273 diae.
1095 1200 1300 1287 c.12):
1331 1220 1349 1255 ‹
1377 1201 1541 1287 Cujus
1584 1210 1641 1258 et
1678 1201 1930 1257 nativita-

332 1280 451 1357 tem
478 1298 716 1379 fumi-am
752 1297 1047 1363 secundum
1095 1282 1338 1369 carnem,
1385 1280 1453 1362 et;
1479 1304 1731 1363 mortem,
1760 1305 1817 1352 et
1843 1310 1931 1365 re-

328 1377 763 1465 surrectionem,
802 1399 967 1463 atque
1004 1389 1389 1457 ascensionem
1428 1388 1483 1445 in
1532 1388 1705 1455 ctelis,
1756 1387 1843 1449 lex
1871 1396 1928 1445 et

314 1458 1022 1557 prophetafprtepun'tiare
1069 1495 1348 1555 nunquam
1389 1480 1733 1549 destiterunt,
1763 1488 1927 1552 prout

314 1562 453 1644 ipse
482 1571 855 1645 praecipiebat,
880 1571 1199 1627 obedientes
1224 1578 1278 1626 et
1297 1571 1479 1627 verbis
1504 1579 1559 1627 et
1584 1570 1761 1627 factis.
1787 1571 1927 1639 Nam

329 1658 398 1742 et
440 1656 723 1721 sacriﬁciis
764 1662 1066 1719 carnalium
1108 1663 1474 1730 victimarum,
1520 1679 1639 1735 quae
1678 1663 1781 1721 sibi
1812 1666 1926 1736 ipsa

316 1740 523 1812 “sancta
544 1750 806 1820 Trinitas,
851 1770 973 1826 quas
1012 1769 1154 1809 unus
1187 1762 1267 1810 est
1294 1755 1436 1810 Deus
1454 1740 1598 1810 Nevi
1629 1763 1684 1810 et
1713 1755 1928 1812 Veteris

326 1846 697 1914 Testamenti,
730 1862 760 1901 a
788 1844 1043 1918 Patribus
1084 1847 1287 1915 nostris
1325 1847 1679 1929 prtecipiebat
1716 1847 1922 1915 offerri,

2037 657 2187 703 retur
2208 648 2508 731 aspiciens;
2549 654 2607 709 et
2647 662 2771 725 cum
2808 655 2993 727 posset
3014 649 3331 723 prohibere,
3360 666 3467 705 non
3491 664 3620 722 pro-

2031 740 2229 808 hibuit,
2276 743 2371 798 sed
2405 742 2571 813 etiam
2609 740 2831 817 propria
2877 758 2977 821 sua
3021 740 3253 819 faciebat
3296 756 3417 821 quae
3461 747 3621 799 erant

2026 835 2250 915 propria
2277 836 2543 907 corporis,
2567 843 2823 909 tanquam
2849 852 2972 903 sua,
2994 835 3232 892 Verbum
3254 835 3617 911 incorporale,

2028 922 2262 1000 denique
2301 945 2441 985 caeso
2480 944 2708 1001 corpore
2732 944 2762 1003 a
2792 928 3060 1003 ministro,
3098 928 3239 983 sicut
3267 927 3383 999 ipse
3404 927 3619 1001 patiens

2031 1019 2283 1079 dicebat:
2309 1017 2541 1079 Dorsum
2578 1000 2761 1079 meum
2791 1019 2916 1075 dedi
2946 1019 3014 1074 ad
3038 1000 3295 1089 'verbera,
3332 1015 3614 1096 etfaciem

2030 1125 2208 1167 meam
2233 1127 2344 1168 non
2368 1112 2539 1166 averti
2566 1128 2597 1166 a
2622 1110 2941 1171 confusione
2972 1119 3272 1182 sputorum.
3315 1109 3446 1179 Quae
3471 1109 3617 1187 enim

2029 1203 2343 1265 humanitas
2362 1204 2670 1275 patiebatur
2694 1202 2878 1281 Verbi,
2908 1203 3026 1260 haec
3048 1203 3356 1263 inhabitans
3383 1202 3617 1279 Verbum

2030 1299 2101 1377 ad
2126 1314 2185 1355 se
2208 1295 2501 1365 referebat,
2534 1306 2594 1353 ut
2620 1312 2720 1354 nos
2749 1297 2966 1354 deitatis
2990 1296 3155 1356 Verbi
3180 1297 3472 1375 participes
3495 1311 3618 1357 esse

2029 1405 2334 1462 possemus.
2363 1389 2431 1445 Et
2452 1396 2572 1446 erat
2600 1391 2936 1456 admirabile,
2963 1390 3087 1473 quia
3116 1382 3231 1462 ipse
3257 1398 3376 1461 erat
3406 1390 3619 1461 patiens

2028 1490 2084 1540 et
2108 1500 2213 1539 non
2252 1485 2497 1555 patiens;
2535 1485 2748 1563 patiens
2777 1486 3013 1561 quidem,
3050 1485 3307 1558 quoniam
3334 1484 3617 1557 proprium

2012 1575 2146 1647 'ejus
2195 1592 2393 1653 corpus
2433 1577 2773 1649 patiebatur;
2820 1585 2876 1633 et
2913 1577 2969 1632 in
3011 1577 3129 1650 ipso
3179 1576 3272 1647 qui
3312 1575 3619 1647 patiebatur

2027 1678 2147 1725 erat
2176 1685 2284 1725 nou
2314 1669 2549 1745 patiens,
2576 1679 2865 1742 propterea
2903 1670 3031 1741 quia
3069 1678 3264 1725 natura
3307 1669 3451 1725 Deus
3496 1681 3615 1745 ma-

2029 1775 2167 1816 nens
2194 1761 2448 1827 Verbum,
2477 1772 2558 1817 est
2583 1762 2946 1834 impassibile;
2974 1769 3028 1816 et
3054 1761 3169 1833 ipse
3196 1760 3413 1831 quidem
3440 1758 3619 1819 incor-

2028 1851 2232 1923 poralis
2268 1860 2388 1907 erat
2413 1853 2467 1908 in
2497 1868 2725 1923 corpore
2757 1851 3050 1922 passibile;
3089 1866 3289 1921 corpus
3316 1855 3497 1905 autem
3523 1848 3618 1907 ha-

310 1930 483 1999 ‘illius
516 1939 784 2015 sacrificii
837 1940 1244 2012 significabatur
1292 1926 1660 2011 gratissimum
1707 1955 1923 2007 munus,
1952 1926 2002 1988 Β
2026 1943 2193 2009 hebat
2220 1943 2276 1998 in
2305 1960 2364 2000 se
2379 1943 2616 1999 Verbum
2645 1944 3302 2020 iptpassibile,destruens
3331 1941 3618 2019 infirmita-

314 2025 478 2109 'quod
499 2048 600 2105 pro
622 2031 780 2088 nobis
806 2046 864 2087 se
895 2031 1069 2102 ipsum
1098 2031 1244 2087 solus
1266 2030 1410 2087 Deus
1432 2031 1601 2086 Filius
1629 2032 1924 2087 secundum

321 2118 556 2185 carnem
604 2135 752 2183 esset
796 2124 1226 2194 misericorditer
1267 2127 1568 2183 oblaturus.
1615 2126 1735 2199 ipse
1779 2130 1923 2186 enim

310 2218 631 2277 “secundum
654 2218 1003 2288 apostolicam
1027 2218 1324 2283 doctrinam
1349 2219 1545 2274 obtulit
1568 2220 1926 2293 semetipsum

308 2306 427 2387 :pro
472 2313 632 2369 nobis
683 2311 1012 2377 oblationem
1063 2321 1118 2367 et
1157 2311 1390 2369 hostiam
1441 2311 1552 2368 Deo
1598 2313 1653 2368 in
1700 2314 1924 2370 odorem

318 2394 635 2475 suavitatis.
685 2402 804 2475 ipse
848 2418 1013 2471 verus
1049 2402 1214 2470 Deus,
1243 2412 1297 2483 et
1323 2418 1488 2459 verus
1514 2403 1781 2483 pontifex,
1829 2406 1922 2477 qui

320 2515 429 2575 pro
457 2500 637 2564 nobis,
669 2513 775 2554 non
815 2498 870 2553 in
912 2496 1175 2575 sanguine
1221 2506 1502 2555 taurorum
1540 2508 1595 2553 et
1620 2499 1918 2564 hircorum,

320 2590 427 2651 'sed
455 2594 512 2647 in
542 2591 805 2667 sanguine
838 2606 936 2647 suo
965 2591 1131 2646 semel
1160 2590 1406 2647 introivit
1436 2591 1492 2645 in
1519 2599 1711 2648 sancta
1736 2610 1749 2646 :
1779 2592 1924 2665 quod

304 2686 463 2743 tunc
490 2682 737 2759 pontifex
785 2684 874 2740 ille
916 2684 1278 2763 significabat,
1331 2685 1424 2757 qui
1492 2700 1615 2740 cum
1661 2686 1924 2757 sanguine

327 2786 520 2851 sancta
564 2784 883 2843 sanctorum
906 2792 1004 2848 per
1027 2792 1197 2835 annos
1227 2775 1468 2849 singulos
1499 2777 1776 2834 introihat.
1814 2779 1921 2839 iste

324 2872 495 2944 Igitur
520 2876 607 2929 est
632 2870 726 2942 qui
773 2870 827 2923 in
865 2884 923 2924 se
968 2884 1075 2925 uno
1114 2876 1327 2924 tantum
1357 2868 1605 2925 exhibuit
1635 2870 1777 2945 quod
1802 2885 1923 2925 esse

322 2964 700 3025 necessarium
749 2960 818 3015 ad
856 2958 1241 3037 redemptionis
1290 2968 1491 3016 nostrae
1547 2960 1755 3017 sciebat
1795 2959 1925 3018 ell‘e—

324 3067 500 3118 ctum.
542 3058 692 3115 Idem
742 3055 993 3111 sacerdos
1041 3063 1096 3110 et
1140 3055 1493 3127 sacriﬁcium,
1518 3054 1663 3111 idem
1693 3055 1835 3111 Deus
1867 3063 1923 3112 et

326 3154 523 3221 homo;
570 3149 844 3211 sacerdos,
885 3162 984 3218 per
1014 3162 1172 3219 quem
1212 3163 1402 3225 sumus
1428 3147 1802 3229 reconciliati;
1842 3162 1924 3229 sa-

330 3242 619 3317 criﬁcium,
648 3254 755 3315 quo
783 3238 1149 3309 reconciliati;
1196 3239 1478 3310 templum,
1509 3238 1564 3294 in
1593 3254 1700 3313 quo
1733 3254 1923 3307 recou-

328 3312 533 3398 ciliati;
560 3330 723 3397 Deus,
744 3330 835 3401 ,cui
870 3330 1221 3407 reconciliati.
1252 3328 1410 3387 Solus
1444 3339 1622 3401 tamen
1646 3296 1996 3399 sacerdos,ﬂ

330 3422 665 3480 sacriﬁcium
696 3429 748 3477 et
787 3423 1081 3493 templum;
1128 3421 1253 3495 quia
1296 3423 1414 3477 haec
1452 3424 1635 3489 omnia
1672 3420 1815 3490 Deus
1845 3438 1928 3479 sc-

308 3516 577 3573 ‘cundum
614 3514 841 3570 formam
874 3516 1036 3571 servi.
1070 3513 1188 3570 Non
1218 3523 1399 3569 autem
1429 3513 1575 3572 solus
1600 3513 1767 3585 Deus,
1795 3515 1924 3593 quia

328 3617 437 3665 hoc
473 3623 598 3663 cum
632 3605 795 3663 Patre
822 3615 876 3663 et
908 3605 1116 3683 Spiritu
1148 3614 1337 3663 sancto
1369 3607 1663 3663 secundum
1689 3605 1924 3661 formam

329 3694 448 3754 Dei.
502 3696 861 3754 Reconciliati
906 3696 1075 3769 igitur
1120 3713 1306 3753 sumus
1351 3714 1449 3769 per
1496 3698 1671 3754 solum
1726 3697 1923 3753 Filium

318 3790 631 3847 secundum
661 3804 904 3856 carnem,
943 3789 1037 3845 sed
1078 3806 1186 3845 non
1214 3789 1313 3845 soli
1346 3788 1489 3845 Filio
1514 3789 1807 3846 secundum
1839 3789 1924 3845 di-

316 3882 634 3938 winitatem.
659 3901 678 3934 ι
718 3882 919 3937 Beatus
962 3896 1179 3967 quoque
1225 3881 1456 3953 Vigilius
1487 3880 1641 3954 (Adv.
1667 3878 1921 3952 Eutych.,

322 3972 370 4032 ι.
394 3988 458 4042 rt,
487 3973 616 4048 αθ)
641 3992 657 4028 :
688 3992 708 4026 ί
732 3974 813 4029 Ita
851 3972 1088 4031 Verbum
1118 3973 1212 4029 Dei
1236 3973 1360 4045 jure
1388 3973 1618 4029 dicimus
1654 3973 1925 4047 passionis

320 4064 562 4134 injurias
596 4066 907 4138 pertulisse,
935 4081 1041 4121 non
1069 4072 1248 4121 tamen
1280 4065 1593 4137 passionem
1624 4065 1736 4122 ullo
1762 4065 1924 4122 modo

637 4158 826 4214 Dicam
860 4159 1039 4214 adhuc
1077 4144 1439 4215 manifestius.
1473 4157 1697 4215 Conﬂata
1724 4167 1808 4214 est
1844 4158 1927 4214 di-

330 4247 535 4303 vinitas
554 4248 758 4314 clavis;
789 4248 885 4304 sed
921 4248 1035 4318 ipsa
1079 4249 1354 4319 penetrari
1398 4264 1508 4304 non
1548 4249 1747 4320 potuit,
1784 4249 1926 4306 sicut

318 4348 463 4392 caro
481 4334 604 4406 ejus
622 4337 817 4409 potuit.
856 4328 1141 4408 Siquidem
1173 4339 1386 4395 vulneri
1408 4338 1589 4395 locum
1619 4356 1747 4396 caro
1776 4348 1927 4412 pate-

323 4426 474 4484 facta
516 4429 749 4499 aperuit.
798 4427 935 4485 Nam
976 4428 1152 4486 deitas
1194 4420 1544 4486 indivisibilis
1567 4441 1729 4502 atque
1756 4435 1925 4503 impe-

329 4522 623 4580 netrabilis
649 4522 867 4578 mansit.
909 4522 987 4581 Ita
1013 4539 1144 4596 ergo
1173 4512 1518 4596 suscipiendo
1542 4525 1843 4596 passiones,
1872 4536 1930 4584 et

318 4626 525 4672 «tum
550 4628 663 4669 non
693 4614 938 4671 cedendo
975 4614 1278 4680 eﬁ‘ectibus,
1310 4624 1536 4687 apparet
1561 4602 1656 4672 Dei
1684 4617 1927 4673 Verbum

320 4707 746 4780 irnpassibiliter
785 4724 1023 4780 passum.
1068 4694 1185 4766 Sed,
1207 4710 1334 4781 quia
1362 4726 1492 4766 caro
1519 4710 1637 4783 ejus
1665 4711 1783 4768 hazc
1809 4727 1927 4768 om-

322 4800 423 4857 nia
445 4812 557 4856 non
587 4801 762 4856 saltim
787 4802 1035 4873 pertulit,
1063 4802 1159 4858 sed
1192 4809 1247 4859 et
1276 4805 1472 4870 sensit,
1504 4813 1558 4859 et
1583 4805 1771 4871 cessit,
1801 4803 1930 4876 jure

335 4884 406 4948 ac
450 4894 652 4949 merito
699 4895 931 4950 dicimus
972 4894 1141 4951 Deum
1188 4895 1275 4952 his
1320 4897 1570 4952 omnibus
1610 4899 1928 4968 passionum

329 4987 738 5044 conditionibus
766 4988 1097 5044 scnsibiliter
1124 4989 1375 5045 affectum
1400 4991 1453 5045 in
1480 5005 1644 5047 carne
1669 5007 1787 5059 sua,
1811 4992 1930 5051 sine

330 5093 499 5135 sensu
546 5078 631 5135 vel
674 5080 976 5163 mutatione
1026 5081 1330 5159 divinitatis
1382 5097 1512 5153 sure.
1565 5083 1701 5143 Vide
1754 5101 1925 5159 ergo:

316 5171 585 5249 gerres-ge
624 5172 951 5245 passionem.
992 5166 1202 5233 natura:
1236 5181 1322 5230 est
1357 5174 1673 5246 utriusque;
1714 5179 1810 5233 sed
1840 5194 1929 5253 ce-

327 5265 466 5341 dere
502 5262 767 5337 possiem,
812 5278 922 5322 non
952 5273 1036 5322 est
1075 5267 1360 5345 ttiriqsque
1404 5276 1633 5335 naturae,
1684 5286 1809 5327 cum
1859 5273 1931 5327 sit

320 5358 506 5447 Ίιηίιιξ
527 5346 879 5447 εἱυδάεηξῃιξςέ
901 5374 1165 5441 personar-
1190 5379 1207 5417 ›
1234 5358 1437 5439 Beatus
1461 5378 1676 5439 eisque
1697 5364 1930 5439 Albana-

328 5442 451 5528 sius
471 5453 548 5527 ita
564 5453 699 5524 dicit
716 5470 731 5519 ξ
865 5460 1145 5529 ostensum
1161 5463 1246 5517 est
1260 5456 1515 5515 mnibus
1528 5458 1658 5530 quia
1678 5475 1788 5516 non
1800 5476 1929 5517 cort-

322 5553 583 5635 ipuserat
624 5546 884 5635 Verbum,
929 5547 1023 5603 sed
1071 5561 1269 5620 corpus
1310 5558 1432 5635 erat
1480 5551 1672 5621 Verbi;
1725 5561 1781 5623 et
1824 5553 1928 5611 hoc

320 5630 578 5723 retraxit
615 5620 1187 5730 Ψοῷεὲὲρρξςημξεω,
1208 5651 1345 5728 sum,
1382 5620 1748 5727 iésarrsxisse
1794 5647 1929 5726 yidit

334 5741 370 5787 ε
396 5730 648 5813 mortuis.
669 5741 741 5808 et
764 5731 897 5807 sidit
920 5732 980 5806 ia
1008 5732 1306 5805 catenas
1328 5735 1606 5827 alarm
1635 5752 1771 5810 quas
1802 5757 1927 5813 pen-

2027 2042 2109 2091 tes
2130 2035 2301 2106 ipsius
2323 2037 2587 2107 corporis.
2615 2055 2634 2089 ι

2098 2126 2362 2184 XXXVII.
2418 2127 2572 2184 Felix
2622 2127 2791 2184 dicit:
2834 2127 2953 2183 tita
2994 2128 3174 2184 divina
3219 2125 3501 2198 Scriptura
3538 2122 3620 2181 lo—

2026 2219 2234 2293 quitur,
2264 2228 2324 2274 ut
2352 2235 2417 2275 ea
2446 2235 2567 2290 qua:
2605 2218 2801 2291 capitis
2830 2226 2974 2283 sunt,
3008 2218 3061 2274 id
3096 2226 3182 2274 est
3214 2216 3437 2283 Christi,
3477 2215 3620 2273 refe-

2026 2320 2220 2367 rantur
2243 2311 2311 2366 ad
2336 2327 2554 2383 corpus,
2582 2313 2639 2367 id
2663 2322 2747 2371 est
2776 2312 3100 2379 Ecclesiam.
3147 2319 3202 2367 et
3244 2326 3310 2389 ea
3345 2327 3466 2391 quae
3495 2325 3621 2366 cor-

2022 2406 2177 2476 poris
2204 2413 2348 2471 sunt,
2381 2406 2727 2463 ascribantur
2746 2404 2938 2478 capiti.
2964 2428 2982 2459 ›
3015 2406 3127 2465 Hoc
3155 2422 3224 2462 ex
3250 2414 3407 2479 parte
3428 2420 3620 2461 verum

2024 2484 2147 2550 esse
2195 2504 2393 2567 potest.
2442 2496 2549 2552 Sed
2594 2497 2777 2553 verius
2825 2498 3061 2564 diceret,
3109 2496 3155 2553 si
3205 2498 3426 2557 dixisset
3465 2496 3618 2555 :Ali-

2026 2588 2243 2657 quando
2290 2602 2358 2642 ex
2396 2603 2529 2643 voce
2572 2589 2819 2659 corporis
2859 2588 3101 2659 loquitur
3142 2599 3325 2659 caput,
3367 2590 3509 2645 sicut
3534 2597 3618 2645 est

2026 2666 2179 2746 illud,
2206 2676 2385 2744 Saule,
2413 2678 2594 2745 Saule,
2621 2680 2749 2750 quid
2774 2697 2855 2735 me
2877 2684 3239 2755 persequeris?
3266 2680 3335 2736 Et
3358 2699 3371 2735 :
3402 2681 3620 2757 ,Esurivi

2027 2782 2078 2828 et
2117 2772 2336 2828 dedistis
2375 2774 2506 2828 mihi
2550 2773 2905 2839 manducare,
2944 2781 3000 2829 et
3042 2782 3240 2830 caetera
3282 2772 3615 2842 huiusmodi.

2026 2865 2299 2929 Caeterum
2340 2880 2405 2921 ea
2452 2880 2576 2936 quae
2617 2864 2839 2939 pr0prie
2876 2865 3213 2921 excellentiae
3240 2865 3435 2943 capitis
3462 2871 3614 2933 sunt,

2027 2975 2137 3015 non
2164 2960 2242 3015 sic
2269 2957 2582 3015 referuntur
2603 2958 2672 3014 ad
2702 2973 2920 3031 corpus,
2948 2966 3007 3012 ut
3033 2957 3135 3012 iste
3164 2956 3335 3013 dicit':
3358 2957 3619 3030 quoniam

2026 3051 2136 3111 ista
2173 3051 2485 3113 communio
2516 3051 2710 3122 capitis
2738 3058 2794 3105 et
2827 3050 3073 3122 corporis
3108 3051 3282 3127 magis
3317 3058 3401 3107 est
3439 3051 3494 3123 in
3524 3036 3622 3123 vo-

2027 3146 2182 3200 cibus
2214 3143 2647 3215 Scripturarum,
2676 3158 2839 3215 quam
2867 3143 2922 3199 in
2944 3144 3156 3201 actibus
3177 3153 3233 3198 et
3262 3144 3446 3207 rebus,
3480 3143 3625 3205 sicut

2027 3244 2114 3292 est
2151 3235 2281 3291 illud
2308 3236 2363 3293 in
2392 3235 2602 3307 psalmo
2629 3253 2642 3288 :
2673 3233 2849 3307 Longe
2887 3252 2919 3289 a
2958 3235 3128 3290 salute
3154 3253 3269 3303 mea
3299 3234 3453 3292 verba
3491 3233 3624 3289 deli-

2027 3340 2230 3397 ctorum
2283 3343 2541 3382 meorum.
2602 3325 2671 3381 Et
2714 3340 2727 3377 :
2772 3325 2935 3392 Deus,
2992 3336 3051 3380 tu
3102 3327 3203 3383 scis
3260 3325 3620 3398 insipientiam

2026 3437 2218 3486 meam,
2257 3428 2305 3474 et
2336 3417 2527 3472 delicta
2572 3435 2687 3472 mea
2728 3436 2759 3472 a
2797 3427 2846 3472 te
2890 3435 2995 3474 non
3034 3427 3156 3474 sunt
3190 3417 3518 3477 abscondita.
3557 3415 3619 3473 In

2027 3514 2224 3593 quibus
2254 3496 2510 3568 Dominus
2531 3528 2629 3584 pro
2649 3528 2877 3585 corpore
2907 3529 3006 3568 suo
3027 3512 3195 3581 solam
3226 3529 3413 3568 vocem
3444 3498 3628 3569 susce-

2026 3607 2129 3687 pit,
2164 3622 2271 3662 non
2314 3614 2521 3687 actum,
2554 3613 2645 3660 aut
2674 3620 2810 3659 rem.
2842 3604 2949 3663 Iste
2978 3613 3185 3672 autem,
3220 3612 3280 3659 ut
3313 3605 3445 3660 mihi
3470 3604 3621 3663 vide-

1983 3762 1999 3787 Ι
2028 3684 2139 3765 tur,
2171 3706 2464 3772 propterea
2499 3684 2743 3755 elaborat
2768 3698 2823 3754 in
2864 3707 3072 3755 tantum
3103 3698 3431 3771 conjungere
3461 3702 3624 3771 caput

2026 3799 2083 3848 et
2110 3808 2329 3866 corpus,
2362 3801 2421 3847 ut
2446 3794 2611 3849 etiam
2656 3808 2818 3849 unam
2867 3793 2984 3848 haec
3032 3808 3324 3867 personam
3363 3792 3528 3857 dicat,
3566 3795 3625 3846 et

2026 3901 2094 3941 ex
2122 3886 2224 3941 hoc
2251 3884 2567 3945 conﬁrmari
2595 3885 2847 3940 videatur
2875 3899 3095 3939 sensum
3133 3885 3270 3957 ejus,
3302 3899 3410 3955 quo
3440 3882 3625 3937 Domi—

2028 3993 2158 4033 num
2204 3976 2504 4041 secundum
2553 3974 2947 4030 humanitatem
2992 3974 3195 4029 eisdem
3250 3972 3624 4033 tantummodo

2027 4072 2204 4135 modis
2251 4069 2441 4126 credat
2477 4068 2675 4131 Filium
2710 4067 2806 4123 Dei
2848 4064 3050 4135 Patris,
3098 4067 3297 4139 quibus
3338 4076 3394 4124 et
3437 4069 3623 4126 caeteri

2029 4161 2203 4220 sancti
2250 4162 2386 4225 liunt
2430 4161 2526 4221 filii
2561 4160 2676 4237 Dei,
2713 4161 2767 4221 id
2813 4169 2919 4231 est,
2957 4162 3153 4235 gratia,
3183 4161 3490 4239 adoptione,
3520 4161 3625 4233 ele-

2029 4256 2230 4323 ctione,
2288 4254 2793 4327 prazdestinatione,
2841 4261 2898 4313 et
2946 4254 3178 4333 caeteris,
3228 4263 3293 4310 ut
3320 4254 3434 4331 ipse
3464 4242 3625 4333 supe—

2028 4349 2143 4415 rius
2169 4356 2353 4418 aperte
2380 4344 2448 4401 de
2472 4346 2704 4415 Domino
2744 4344 2898 4401 dixit.
2926 4345 3157 4425 PrOpter
3202 4338 3347 4423 quod
3392 4352 3619 4417 apparet

2030 4441 2086 4509 in
2127 4440 2311 4509 verbis
2349 4437 2487 4508 ejus,
2536 4437 2681 4519 quod
2725 4437 2849 4519 plus
2885 4439 3285 4509 quodammodo
3330 4436 3625 4513 conjungat

2031 4548 2229 4605 corpus
2270 4516 2574 4589 Salvatoris
2614 4516 2889 4596 Ecclesite,
2922 4548 3085 4602 quam
3112 4538 3311 4593 sancta:
3345 4529 3619 4589 Triuitati.

2032 4628 2187 4688 Unde
2214 4635 2269 4684 et
2295 4628 2382 4685 his
2412 4628 2592 4684 verbis
2631 4608 2906 4699 sulljungit
2951 4628 3005 4707 in
3053 4623 3405 4695 conclusione
3439 4623 3623 4707 operis

2032 4723 2115 4780 sui
2145 4722 2331 4779 dicens
2357 4740 2370 4776 :
2404 4741 2423 4774 ι
2442 4718 2585 4785 Nihil
2609 4721 2754 4789 enim
2782 4722 2984 4783 habere
3005 4724 3186 4794 potest
3207 4716 3452 4776 Ecclesia
3475 4719 3621 4793 quod

2032 4816 2100 4879 ad
2127 4816 2295 4870 vitam
2335 4822 2389 4870 et
2425 4813 2683 4885 pietatem
2732 4813 3022 4891 pertineat,
3072 4810 3175 4891 nisi
3213 4811 3357 4882 quod
3385 4827 3415 4867 a
3444 4811 3622 4885 capite

2032 4923 2155 4974 suo,
2184 4907 2238 4962 id
2264 4914 2350 4961 est
2368 4904 2610 4971 Christo,
2641 4904 2932 4975 acceperit,
2972 4901 3232 4972 Apostolo
3261 4909 3422 4970 teste,
3450 4903 3541 4973 qui
3564 4900 3619 4957 in

2031 4998 2261 5071 epistola
2291 4999 2358 5054 ad
2387 4996 2651 5068 Ephesios
2690 4995 2935 5051 scribens
2971 4994 3084 5048 ait:
3117 4993 3434 5049 Benedictus
3471 4992 3614 5049 Deus

2021 5102 2083 5150 et
2108 5087 2273 5147 Pater
2295 5089 2511 5147 Domini
2534 5086 2700 5145 nostri
2718 5085 2847 5141 Iesu
2870 5080 3089 5151 Christi,
3118 5087 3210 5156 qui
3236 5085 3501 5143 benedicti!
3526 5101 3621 5141 nos

2028 5187 2088 5241 in
2115 5185 2258 5240 omni
2289 5183 2645 5239 benedictione
2671 5176 2901 5253 spiritali
2922 5178 2980 5245 in
3000 5178 3289 5245 etplestibus
3307 5180 3364 5233 in
3387 5176 3620 5257 Christo,

2020 5276 2122 5357 qui
2165 5277 2319 5350 elegit
2346 5295 2442 5337 nos
2470 5277 2525 5357 in
2555 5277 2666 5348 ipso
2699 5282 2818 5329 ante
2847 5272 3030 5333 mundi
3059 5272 3502 5355 constitutionem,
3526 5273 3623 5346 qui
3710 5328 3715 5337 ,

2022 5372 2420 5445 prcedestinavit
2452 5386 2551 5447 nos
2593 5370 2649 5425 in
2687 5366 3021 5439 adeptionem
3055 5366 3292 5438 ﬁliorum
3312 5382 3408 5440 per
3436 5366 3623 5430 locum

2031 5462 2302 5520 Christum
2325 5465 2382 5519 in
2403 5464 2533 5547 ipso.
2558 5478 2580 5514 ι
2612 5452 2817 5517 Verum
2843 5469 2931 5518 est
2953 5460 3178 5547 omnino
3201 5462 3343 5547 quod

2032 5567 2088 5625 et
2114 5556 2359 5637 Ecclesia
2382 5546 2545 5628 caput
2571 5560 2628 5625 et
2651 5569 2850 5639 corpus
2878 5542 3494 5635 ἀίουᾲπωινθὶξᾉροξιριη
3519 5542 3623 5627 im"
3668 5636 3677 5641 _

2024 5657 2286 5724 menter-
2320 5646 2387 5703 Ει
2413 5659 2440 5715 ι)
2463 5646 2587 5716 ideo
2614 5664 2726 5715 una
2748 5663 2992 5731 persons
3032 5656 3203 5715 sunt;
3244 5648 3373 5727 aliis
3416 5655 3474 5712 et
3498 5662 3623 5725 cor:-

2024 5744 2156 5815 pus,
2184 5740 2381 5811 capitis
2401 5754 2601 5812 comis
2632 5728 2875 5833 dicitur;
2994 5732 3193 5829 eaput;
3514 5736 3622 5839 uti;

1701 5852 1976 5941 name
2012 5840 2247 5937 horia.
2808 5904 2809 5907 χ

412 5949 441 5981 ι
483 5936 555 5995 Et
588 5938 708 5997 ideo
733 5955 840 5997 una
857 5955 1081 6012 persona
1101 5950 1241 6010 sunt,
1268 5942 1324 6001 id
1348 5953 1433 6003 est
1462 5945 1714 6006 Christus
1736 5936 1798 6007 et
1825 5936 1928 6007 Ee-

2022 5930 2027 5937 η

2031 5906 2345 6010 ciesiaT-Sic
2379 5951 2474 6013 lib.
2510 5970 2566 6027 vt
2612 5950 3035 6051 Capitularium,
3057 5967 3178 6024 cap.
3206 5952 3345 6021 302,
3601 5965 3618 6007 :
