4088 6344
457 407 531 464 53
1437 395 1498 452 S.
1531 389 1880 453 AGOBARDI
1921 384 2231 446 EPISCOPI
2264 389 2754 452 LUGDUNENSIS
3669 397 3742 456 64

463 534 570 592 que
613 521 796 589 caput.
837 512 957 570 Non
996 509 1140 568 enim
1183 508 1251 566 ad
1287 524 1346 565 se
1401 507 1602 566 dicitur
1643 513 1828 576 caput,
1859 499 1954 558 sed
1982 499 2051 554 ad
2077 502 2129 561 Α
2156 521 2288 576 ergo
2305 521 2410 563 non
2431 508 2636 574 omnia,
2654 507 2750 563 sed
2767 506 2967 579 aliqua,
2986 508 3128 566 sicut
3157 508 3211 566 in
3233 509 3487 568 omnibus
3513 528 3624 570 non
3646 512 3741 570 ali-

462 627 680 681 corpus.
711 607 820 664 Sed
844 615 1025 662 tamen
1055 603 1248 660 modus
1283 609 1342 658 et
1373 601 1632 660 discretio
1677 596 1908 654 tenenda
1938 602 2043 659 est,

465 703 701 777 qualiter
720 700 975 754 dicantur
1011 711 1120 750 una
1161 711 1417 767 persona.
1449 694 1638 764 Neque
1665 691 1812 746 enim
1855 687 2049 743 eodem

468 795 630 850 modo
660 809 767 864 quo
796 792 851 847 in
876 789 1015 846 Filio
1059 789 1156 844 Dei
1184 789 1441 854 Verbum,
1491 795 1547 842 et
1587 798 1830 849 carnem,
1881 796 2050 836 unam

466 886 738 942 credimus
785 883 1003 938 omnino
1031 896 1154 936 esse
1181 895 1493 952 personam,
1552 892 1662 932 non
1703 873 2052 945 coniunctam

466 994 533 1034 ex
555 977 760 1033 duabus
803 975 1074 1048 personis,
1117 975 1212 1030 sed
1236 988 1300 1028 ex
1330 973 1540 1029 duabus
1569 970 1922 1034 substantiis;
1961 985 2053 1025 co-

470 1071 592 1126 dem
639 1069 805 1125 etiam
859 1068 1022 1123 modo
1070 1065 1366 1122 creduntur
1410 1063 1661 1121 Christus
1708 1071 1764 1119 et
1808 1061 2052 1117 Ecclesia

466 1177 574 1217 una
611 1175 734 1217 esse
765 1175 1019 1232 persona,
1046 1173 1167 1229 qum
1197 1156 1487 1226 conjuncta
1516 1164 1600 1212 est
1626 1170 1692 1210 ex
1725 1153 1911 1208 multis
1930 1168 2055 1224 per-

467 1255 640 1320 sonis,
694 1269 816 1324 quze
861 1254 1043 1308 unitas
1093 1267 1359 1322 persona},
1409 1251 1464 1305 id
1510 1259 1617 1314 est,
1647 1248 1849 1305 Christi
1891 1257 2056 1319 atque

468 1346 747 1411 Ecclesiae,
781 1346 836 1400 in
863 1346 1056 1416 spiritu
1093 1344 1279 1414 utique
1306 1350 1409 1407 est,
1446 1358 1555 1398 non
1585 1342 1640 1396 in
1676 1357 1922 1412 corpore.
1963 1340 2056 1397 Sic

470 1440 615 1494 enim
644 1439 802 1494 docet
828 1439 1112 1509 diligenter
1137 1436 1446 1508 Apostolus,
1497 1437 1718 1493 dicens:
1752 1435 1922 1490 Nemo
1956 1452 2056 1506 po-

469 1539 566 1585 test
596 1531 786 1596 dicere,
835 1530 1091 1585 Dominus
1137 1528 1319 1595 Iesus,
1365 1529 1470 1584 nisi
1506 1530 1564 1584 in
1605 1527 1806 1600 Spiritu
1852 1539 2053 1584 sancto.

471 1627 765 1682 Divisiones
792 1643 911 1682 vero
929 1625 1219 1698 gratiarum
1234 1624 1432 1690 insunt,
1455 1624 1595 1678 idem
1615 1631 1788 1677 autem
1806 1619 2056 1692 Spiritus.

471 1717 543 1773 Et
573 1718 851 1774 divisiones
879 1717 1324 1772 ministrationum
1362 1724 1504 1781 sunt,
1551 1714 1689 1768 idem
1729 1723 1904 1769 autem
1949 1712 2060 1767 Do-

473 1809 668 1864 minus.
721 1808 789 1863 Et
831 1809 1109 1864 divisiones
1161 1807 1524 1879 operationum
1571 1814 1714 1872 sunt,
1764 1807 1902 1860 idem
1938 1821 2058 1860 vero

471 1901 643 1968 Deus,
671 1903 760 1973 qui
787 1911 1030 1973 operatur
1057 1900 1232 1954 omnia
1258 1901 1313 1953 in
1335 1897 1594 1953 omnibus.
1625 1896 1918 1970 Unicuique
1959 1914 2060 1952 au-
2086 1872 2134 1933 B

473 2007 576 2052 tem
623 1997 784 2051 datur
831 1993 1184 2064 manifestatio
1233 1990 1466 2062 Spiritus
1503 1991 1573 2045 ad
1615 1989 1914 2045 utilitatem.
1956 1991 2063 2045 Alii

471 2089 681 2161 quidem
713 2089 872 2143 datur
905 2105 997 2160 per
1031 2087 1289 2159 Spiritum
1323 2102 1494 2141 sermo
1521 2085 1816 2157 sapientiw,
1843 2083 1937 2138 alii
1966 2099 2064 2151 au-

475 2193 578 2239 tem
615 2199 786 2238 sermo
811 2181 1044 2236 scientia:
1081 2178 1366 2235 secundum
1397 2178 1636 2233 eumdem
1677 2175 1956 2248 Spiritum,
1991 2175 2066 2230 al-

473 2273 573 2328 teri
593 2273 725 2342 ﬁdes
756 2273 811 2327 in
836 2272 1016 2326 eodem
1052 2268 1279 2342 Spiritu,
1324 2267 1419 2324 alii
1461 2269 1636 2340 gratia
1677 2269 1964 2322 sanitatum
2007 2269 2066 2323 in

474 2379 580 2417 uno
624 2360 847 2434 Spiritu,
888 2360 984 2415 alii
1029 2359 1261 2430 operatio
1307 2358 1579 2422 virtutum,
1629 2356 1725 2411 alii
1768 2357 2063 2429 prophetia,

481 2453 577 2509 alii
621 2455 865 2510 discretio
902 2454 1204 2525 spirituum,
1249 2451 1342 2506 alii
1385 2468 1576 2523 genera
1615 2451 1940 2522 linguarum,
1971 2450 2066 2505 alii

473 2546 836 2619 interpretatio
863 2563 1183 2602 sermonum.
1227 2544 1358 2600 Ha’c
1391 2554 1566 2598 autem
1610 2544 1788 2597 omnia
1817 2552 2068 2614 operatur

479 2655 618 2693 unus
674 2649 830 2710 atque
885 2637 1024 2692 idem
1071 2635 1322 2707 Spiritus,
1360 2634 1597 2690 dividens
1643 2633 1865 2706 singulis
1912 2643 2067 2704 prout

474 2729 605 2784 vult.
639 2727 787 2785 Sicut
815 2729 951 2784 enim
981 2744 1169 2798 corpus
1216 2743 1380 2781 unum
1423 2736 1519 2792 est,
1557 2737 1604 2781 et
1639 2727 1872 2782 membra
1913 2726 2068 2782 habet

475 2822 681 2889 multa,
741 2823 918 2875 omnia
969 2829 1142 2874 autem
1201 2818 1432 2874 membra
1491 2821 1726 2892 corporis
1783 2836 1904 2874 cum
1959 2820 2066 2875 sint

475 2911 668 2978 multa,
693 2928 855 2966 unum
880 2927 1066 2982 corpus
1100 2919 1257 2976 sunt;
1295 2911 1371 2964 ita
1392 2918 1440 2965 et
1467 2908 1727 2965 Christus.
1768 2910 1978 2966 Etenim
2012 2911 2068 2966 in

479 3019 585 3057 uno
626 3001 826 3074 Spiritu
877 3017 1052 3056 omnes
1111 3017 1205 3054 nos
1250 3000 1306 3054 in
1361 3017 1524 3055 unum
1576 3016 1766 3072 corpus
1814 3000 2068 3071 baptisati

477 3111 682 3161 sumus,
706 3095 810 3148 sive
835 3093 1036 3158 Judaei,
1075 3093 1181 3147 sive
1207 3090 1461 3158 Gentiles,
1504 3093 1610 3146 sive
1645 3093 1800 3157 servi,
1853 3092 1956 3147 sive
2003 3091 2069 3146 li—

480 3190 612 3258 beri,
633 3201 682 3246 et
709 3208 882 3247 omnes
905 3207 1009 3246 uno
1036 3188 1235 3260 Spiritu
1269 3188 1435 3260 potati
1463 3204 1664 3242 sumus.
1700 3186 1840 3241 Nam
1867 3196 1917 3242 et
1944 3203 2064 3243 cor-

2152 615 2279 669 qua,
2295 601 2388 655 sed
2403 599 2604 654 omnia.
2621 599 2845 656 Divinus
2868 599 3151 675 [Dividit‘l]
3170 602 3406 674 Spiritus
3425 605 3743 676 gratias,di-

2151 690 2286 745 vidit
2315 689 2577 747 Dominus
2612 691 3063 758 ministrationes,
3091 695 3282 750 dividit
3303 696 3444 753 Deus
3470 698 3744 768 operatio-

2154 797 2270 837 nes.
2290 780 2491 838 Sancta
2514 782 2772 851 Trinitas,
2789 801 2931 842 unus
2951 785 3204 844 videlicet
3222 787 3384 855 Deus,
3408 789 3500 860 qui
3517 798 3575 847 et
3595 805 3744 850 nunc

2153 881 2411 945 operatur
2434 875 2616 930 omnia
2643 874 2698 931 in
2723 877 2996 944 omnibus,
3023 886 3081 933 et
3103 878 3161 934 in
3188 877 3371 936 futuro
3411 881 3517 938 erit
3555 885 3743 941 omnia

2155 965 2210 1022 in
2231 967 2501 1032 omnibus,
2536 976 2591 1022 et
2617 966 2672 1021 in
2697 966 2947 1038 singulis.
2983 967 3093 1025 Sed
3123 968 3250 1042 quia
3275 972 3455 1027 omnia
3490 987 3589 1044 per
3621 987 3742 1030 meo

2155 1057 2420 1115 diatorem
2450 1058 2546 1114 Dei
2569 1067 2626 1116 et
2647 1058 2926 1115 hominum
2955 1059 3113 1127 fiunt,
3149 1063 3242 1133 qui
3268 1070 3354 1119 est
3378 1063 3567 1135 utique
3597 1065 3746 1122 Deus

2155 1160 2213 1208 et
2235 1154 2429 1219 homo;
2484 1154 2606 1210 ideo
2646 1153 2845 1209 dicitur
2869 1162 2928 1210 et
2945 1163 3031 1210 est
3056 1155 3178 1233 ipse,
3195 1155 3462 1212 mediator
3489 1155 3745 1214 Christus

2157 1253 2319 1316 caput
2375 1245 2652 1302 Ecclesiae.
2705 1245 2890 1302 Omnis
2931 1246 3029 1302 viri
3073 1256 3227 1318 caput
3266 1245 3508 1304 Christus
3534 1257 3632 1315 est,
3667 1249 3749 1306 ait

2155 1336 2466 1407 Apostolus,
2495 1336 2696 1407 (omnis
2717 1337 2925 1393 scilicet
2943 1335 3046 1393 viri
3078 1351 3147 1393 ex
3177 1337 3375 1408 quibus
3398 1345 3612 1394 constat
3630 1354 3748 1396 om-

2157 1430 2243 1485 nis
2282 1428 2546 1501 Ecclesia)
2589 1439 2746 1499 caput
2774 1445 2892 1485 vero
2927 1427 3124 1485 Christi
3156 1429 3298 1486 Deus
3335 1429 3386 1502 (1
3411 1427 3534 1485 Cor.
3559 1431 3745 1505 x1,‘5).

2159 1522 2273 1580 Hoc
2299 1524 2481 1596 itaque
2503 1523 2665 1580 modo
2705 1538 2806 1580 nos
2843 1522 3123 1579 Christum
3156 1532 3213 1578 et
3248 1522 3548 1580 Ecclesiam
3581 1539 3750 1581 unam

2159 1613 2428 1672 fateamur
2457 1631 2579 1673 esse
2605 1630 2912 1686 personam.
2940 1613 3091 1671 Felix
3119 1623 3324 1682 autem,
3355 1615 3482 1687 quia
3510 1615 3749 1686 quadam

2161 1707 2430 1766 indecenti
2454 1709 2662 1765 ratione
2685 1707 2880 1764 referri
2903 1706 3034 1764 dicit
3053 1707 3122 1762 ad
3143 1723 3342 1778 corpus
3366 1723 3432 1765 ea
3453 1723 3574 1780 qua:
3599 1708 3753 1780 capi-

2162 1798 2234 1854 tis
2271 1807 2420 1866 sunt,
2463 1798 2788 1855 confirmare
2828 1798 3020 1854 nititur
3062 1798 3206 1870 quod
3237 1813 3302 1855 ea
3329 1813 3450 1869 quae
3472 1813 3504 1853 a
3532 1796 3753 1856 Christo

2163 1890 2362 1960 accipit
2395 1889 2660 1954 Ecclesia,
2703 1887 2794 1944 illa
2832 1888 2940 1945 sint
2985 1905 3106 1960 qum
3144 1888 3348 1946 Christi
3374 1904 3496 1946 esse
3530 1890 3752 1959 astruit,

2165 1981 2219 2036 id
2242 1989 2344 2046 est,
2372 1981 2567 2053 gratia,
2615 1981 2858 2052 adoptio,
2909 1981 3124 2047 electio,
3169 1988 3225 2036 et
3257 1989 3475 2038 ctetera.
3522 1979 3756 2052 Propter

2164 2076 2306 2146 quod
2328 2083 2384 2130 et
2409 2074 2722 2152 testimonio
2750 2074 3048 2145 apostolico
3080 2074 3369 2130 confirmat
3396 2083 3452 2131 et
3479 2073 3758 2130 concludit

2166 2167 2352 2222 dicens
2378 2185 2390 2221 :
2419 2166 2526 2234 Qui
2568 2166 2719 2237 elegit
2770 2182 2864 2221 nos
2896 2167 2952 2221 in
2985 2167 3099 2237 ipso
3127 2177 3247 2222 ante
3273 2167 3455 2222 mundi
3500 2168 3760 2223 constitu-

2165 2259 2379 2324 tionem,
2409 2259 2499 2330 qui
2524 2257 2915 2330 prazdestinavit
2953 2275 3045 2314 nos
3075 2259 3131 2314 in
3161 2259 3491 2329 adoptionem
3518 2258 3757 2329 ﬁliorum

2165 2367 2259 2422 per
2295 2349 2478 2405 Jesum
2533 2349 2799 2405 Christum
2858 2349 2914 2404 in
2959 2351 3082 2421 ipso,
3119 2349 3337 2422 (Ephes.
3383 2365 3422 2416 ι,
3460 2349 3539 2421 4).
3588 2349 3759 2418 Quasi

2167 2441 2460 2512 Apostolus
2516 2441 2725 2497 diceret
2769 2456 2784 2496 :
2832 2440 2976 2497 Deus
3033 2458 3088 2497 ιιι
3144 2439 3362 2498 Christo
3409 2457 3512 2498 nos
3557 2440 3758 2514 elegit,

2168 2535 2385 2605 quando
2423 2532 2573 2588 illum
2611 2533 2805 2605 elegit;
2841 2533 2897 2588 in
2927 2534 3044 2603 ipso
3079 2549 3180 2589 nos
3212 2549 3312 2604 per
3344 2534 3522 2606 ipsum
3545 2534 3758 2606 praede-

2169 2626 2390 2682 stinavit
2411 2625 2467 2680 in
2486 2625 2830 2697 adoptionem
2853 2624 3106 2692 filiorum,
3135 2628 3351 2696 quando
3377 2635 3434 2682 et
3455 2625 3601 2682 illum
3625 2641 3762 2698 pra:-

2170 2717 2464 2773 destinavit
2506 2717 2564 2772 in
2613 2716 2959 2787 adoptionem
3001 2715 3117 2782 ﬁlii,
3175 2725 3238 2772 ut
3270 2725 3417 2774 esset
3461 2718 3761 2775 secundum

2170 2811 2567 2866 humanitatem
2624 2809 2911 2881 adoptivus
2967 2809 3130 2866 filius.
3195 2809 3341 2865 Talis
3389 2812 3610 2867 omnino
3658 2812 3762 2868 fuit

2171 2915 2364 2957 sensus
2389 2901 2618 2968 Felicis;
2665 2910 2722 2956 et
2742 2911 3034 2972 propterea
3059 2901 3088 2942 ι)
3112 2901 3179 2958 de
3223 2901 3433 2956 unitate
3475 2899 3680 2957 Christi
3707 2909 3764 2959 et

2170 2991 2426 3048 Ecclesiae
2468 2992 2719 3064 loquens,
2760 3008 2827 3048 ea
2857 3008 2977 3063 qua:
3007 2992 3202 3064 capitis
3240 3000 3368 3048 sunt
3413 2991 3604 3048 referri
3625 2992 3762 3048 dixit

2171 3083 2240 3138 ad
2263 3097 2493 3154 corpus;
2521 3084 2586 3139 de
2609 3083 2807 3154 quibus
2823 3083 2938 3154 jam
2960 3098 3121 3154 supra
3150 3082 3480 3138 sufﬁcienter
3501 3083 3762 3150 diximus,

2169 3187 2409 3247 congrua
2440 3173 2796 3246 adjungentes
2819 3173 3045 3229 Patrum
3078 3173 3406 3239 testimonia,
3431 3188 3552 3243 quae
3580 3183 3762 3230 osten-

479 3300 578 3354 pus
599 3251 716 3337 'non
750 3291 825 3337 est
865 3297 1026 3335 unum
1072 3251 1383 3344 membrum,
1410 3277 1500 3333 sed
1530 3277 1697 3331 multa
1728 3276 1780 3350 (ι
1811 3275 1934 3332 Cor.
1966 3293 2065 3345 xu,
2095 3251 2141 3316 Ο
2172 3268 2367 3324 derent
2387 3275 2574 3322 mutuo
2595 3265 2754 3320 aliter
2776 3264 3208 3338 intelligendum,
3229 3263 3538 3334 ubicunque
3561 3265 3764 3336 gratia,

482 3373 660 3446 5-H).
685 3373 826 3429 Ecce
865 3371 1157 3445 Apostolus
1197 3371 1478 3426 evidenter
1516 3370 1754 3426 ostendit
1798 3371 2071 3441 quomodo

483 3468 776 3524 credantur
809 3466 1058 3523 Christus
1083 3475 1138 3521 et
1167 3464 1408 3520 Ecclesia
1439 3479 1547 3519 una
1572 3479 1838 3534 persona;
1888 3463 2074 3520 videli-

395 3600 407 3610 .
484 3568 592 3626 cet,
637 3558 763 3628 quia
806 3573 914 3612 uno
957 3557 1162 3628 Spiritu
1202 3556 1397 3628 potati,
1437 3556 1492 3611 in
1523 3571 1631 3611 uno
1663 3555 1866 3626 Spiritu
1889 3554 2070 3626 bapti-

485 3653 614 3720 zati,
641 3669 810 3708 unum
837 3667 1033 3723 corpus
1071 3651 1248 3708 etl‘ecti
1288 3667 1388 3723 per
1430 3650 1696 3722 Spiritum
1736 3650 1940 3707 Christi
1981 3665 2072 3708 se-

483 3743 721 3800 cundum
759 3743 1028 3810 eumdem,
1072 3751 1128 3799 et
1153 3743 1208 3798 in
1246 3743 1437 3798 eodem
1472 3743 1528 3798 in
1573 3758 1684 3799 uno
1717 3741 1923 3813 Spiritu
1962 3743 2075 3798 sin-

485 3837 625 3910 gulis
671 3837 982 3893 hominibus
1022 3836 1251 3891 diversae
1275 3835 1464 3907 gratim
1491 3835 1716 3899 dantur;
1747 3834 1822 3889 ita
1845 3840 1904 3889 ut
1930 3849 2075 3890 unus

486 3946 552 3986 ex
576 3945 804 4001 corpore
827 3931 1007 3995 homo,
1035 3945 1141 3985 non
1163 3944 1353 3984 omnes
1373 3929 1578 4000 gratias
1601 3927 1858 3994 habeant,
1883 3942 2074 3984 omnes

485 4026 949 4093 ministrationes,
986 4039 1177 4082 omnes
1218 4026 1568 4097 operationes
1605 4024 1813 4081 infusas
1856 4025 1912 4080 in
1952 4039 2074 4082 cor-

483 4133 617 4190 pore
639 4133 738 4188 per
771 4133 937 4172 unum
968 4125 1133 4187 caput
1159 4116 1458 4172 Christum.
1499 4115 1731 4187 Propter
1767 4117 1911 4186 quod
1942 4115 2074 4173 dicit

485 4209 542 4265 in
571 4207 677 4264 alio
706 4207 825 4263 loco
851 4225 863 4261 :
897 4205 958 4262 Si
988 4208 1105 4278 quis
1126 4216 1300 4262 autem
1325 4204 1581 4278 Spiritum
1609 4205 1806 4262 Christi
1842 4223 1948 4262 non
1977 4207 2074 4261 ha-

487 4303 589 4368 bet,
617 4303 702 4356 hic
729 4318 834 4357 non
861 4310 935 4355 est
959 4300 1094 4371 ejus.
1137 4298 1196 4355 Si
1232 4310 1406 4355 autem
1445 4297 1686 4355 Christus
1714 4299 1771 4354 in
1801 4299 1942 4355 vobis
1973 4309 2070 4366 est,

487 4411 676 4466 corpus
701 4393 912 4467 quidem
943 4403 1208 4448 mortuum
1241 4402 1315 4447 est
1343 4401 1554 4464 propter
1581 4401 1868 4462 peccatum,
1899 4391 2074 4465 Spiri-

485 4498 570 4542 tus
590 4505 710 4543 vero
739 4488 860 4543 vivit
891 4497 1101 4558 propter
1112 4487 1572 4558 justiﬁcationem.
1609 4487 1749 4543 Ecce
1772 4501 1870 4557 per
1895 4486 2072 4559 Spiri-

486 4589 600 4636 tum
626 4581 826 4638 Christi
849 4581 1116 4636 efﬁcimur
1163 4579 1279 4650 ejus
1327 4579 1590 4634 membra.
1642 4578 1832 4636 Efl‘ccti
1889 4588 2071 4636 autem

484 4676 727 4731 membra
773 4675 910 4745 ejus,
962 4675 1213 4732 Christus
1261 4676 1316 4732 in
1360 4676 1518 4731 nobis
1557 4683 1662 4734 est.
1694 4683 1750 4730 et
1776 4676 1880 4731 hoc
1908 4675 2070 4730 modo

484 4779 510 4809 α
542 4777 702 4838 caput
742 4777 826 4824 est
861 4779 1129 4835 nostrum,
1170 4767 1222 4822 id
1263 4777 1349 4824 est
1386 4768 1661 4833 Ecclesiae,
1693 4768 1786 4838 qui
1813 4774 2071 4838 operatur

484 4860 667 4917 omnia
707 4876 816 4917 non
857 4861 912 4917 in
950 4860 1200 4934 singulis,
1240 4861 1334 4918 sed
1360 4861 1415 4917 in
1444 4861 1716 4918 omnibus.
1754 4860 1812 4916 In
1841 4858 2068 4932 singulis

2171 3361 2386 3425 electio,
2425 3358 2855 3430 praedestinatio,
2897 3356 3218 3428 assumptio,
3248 3356 3334 3412 vel
3363 3357 3579 3430 adoptio
3605 3362 3763 3413 sonat

2171 3455 2228 3511 in
2257 3453 2416 3509 dictis
2438 3459 2753 3508 sanctorum
2772 3449 3016 3506 Patrum.

2241 3562 2529 3622 XXXVIII.
2569 3563 2723 3632 Quod
2756 3571 2817 3618 ut
2852 3561 3066 3619 facilius
3099 3578 3246 3619 nunc
3279 3563 3476 3619 iterum
3512 3564 3763 3620 ostenda-

2172 3673 2322 3724 mus,
2363 3657 2608 3714 dicamus
2643 3655 2877 3728 exempli
2914 3671 3104 3712 causa.
3143 3655 3299 3728 Legit
3327 3655 3569 3737 Felixin
3602 3658 3764 3714 beato

2172 3750 2476 3822 Augustino
2508 3769 2523 3805 :
2582 3748 2810 3806 Verbum
2845 3749 2945 3805 Dei
2982 3751 3156 3823 gratia
3193 3751 3421 3823 suscepit
3455 3751 3764 3818 hominem;

2176 3841 2271 3898 sed
2302 3857 2413 3898 non
2442 3842 2581 3898 bene
2609 3842 2763 3898 novit
2793 3841 3106 3898 discernere
3132 3839 3286 3911 cujus
3314 3841 3386 3897 sit
3413 3841 3520 3896 ista
3549 3840 3764 3913 gratia,

2178 3948 2209 3988 a
2248 3948 2356 4004 quo
2378 3974 2393 3999 ,
2429 3941 2525 3988 aut
2561 3933 2649 3990 cui
2687 3933 2938 4006 largitur.
2975 3931 3230 4003 Largitur
3265 3932 3454 4004 utique
3492 3945 3524 3988 a
3556 3931 3696 3995 Deo,
3733 3945 3768 3987 a

2175 4029 2357 4085 Verbo
2388 4028 2484 4084 Dei
2515 4036 2725 4084 natura;
2752 4029 3004 4083 humanae
3023 4067 3039 4093 ,
3076 4034 3138 4082 ut
3165 4025 3491 4098 suscipiatur
3518 4025 3574 4081 in
3601 4023 3764 4092 Filio,

2173 4130 2236 4178 ut
2263 4122 2336 4178 sit
2363 4137 2484 4178 cum
2515 4121 2626 4177 ﬁlio
2653 4137 2795 4178 unus
2821 4120 3014 4186 Filius,
3047 4128 3103 4176 et
3129 4121 3431 4176 habeamus
3460 4133 3561 4176 nos
3586 4117 3641 4174 in
3673 4118 3767 4175 illo

2173 4215 2446 4288 primitias
2485 4215 2802 4272 substantias
2834 4221 3070 4280 nostrae,
3107 4213 3200 4284 qui
3241 4221 3327 4270 est
3359 4227 3523 4269 verus
3558 4211 3763 4278 Filius,

2179 4318 2235 4366 et
2264 4309 2518 4382 proprius
2543 4307 2734 4364 Filius.
2771 4307 2890 4363 Non
2918 4306 3063 4362 enim
3091 4305 3288 4362 merito
3315 4303 3676 4361 humanitatis
3701 4302 3768 4358 il-

2176 4401 2281 4456 lius
2326 4407 2592 4470 susceptae
2635 4406 2764 4455 sunt
2805 4398 2860 4454 in
2904 4412 3136 4470 persona
3185 4395 3348 4453 Verbi
3394 4396 3523 4466 ipsas
3563 4402 3767 4451 nostrae

2174 4491 2430 4564 primitiae
2449 4533 2464 4558 ,
2504 4491 2598 4548 sed
2627 4489 3003 4548 misericordia
3033 4498 3089 4546 et
3113 4489 3286 4562 gratia
3311 4487 3429 4561 ejus
3451 4502 3552 4558 pro
3576 4495 3766 4544 nostra

2177 4585 2570 4658 redemptione.
2612 4583 2681 4640 Et
2719 4585 2836 4640 haec
2862 4590 2947 4640 est
2974 4582 3148 4655 gratia
3179 4580 3271 4638 illa
3301 4595 3465 4651 quam
3491 4593 3768 4636 commen-

2177 4676 2271 4731 dat
2305 4675 2611 4732 catholicus
2645 4675 2854 4730 doctor.
2888 4671 3043 4727 Felix
3078 4680 3261 4727 autem
3314 4685 3422 4726 non
3476 4670 3553 4727 ita
3600 4669 3762 4726 intel-

2178 4767 2340 4833 lexit;
2368 4766 2462 4822 sed
2483 4765 2697 4837 putavit
2717 4780 2750 4821 e
2767 4763 3042 4820 contrario
3063 4763 3208 4820 hanc
3248 4763 3482 4836 gratiam
3527 4777 3560 4818 a
3599 4761 3766 4820 Patre

2176 4858 2317 4915 Filio
2353 4858 2606 4930 largitam
2635 4897 2650 4923 ,
2688 4865 2751 4912 ut
2787 4856 3108 4928 dignaretur
3141 4869 3268 4912 eum
3304 4869 3373 4914 ex
3409 4853 3767 4912 humanitatis

1825 4970 2101 5029 BALUZII
2138 4970 2372 5029 ΝΟΤΛΕ.

487 5110 508 5145 ι
557 5089 727 5146 Porro
774 5086 1052 5144 Christum
1109 5095 1165 5143 et
1215 5087 1534 5151 Ecclesiam,
1563 5101 1729 5142 unam
1780 5101 2070 5156 personam

482 5177 603 5220 esse
623 5175 732 5215 non
753 5158 1136 5230 nescimus.iEt
1163 5160 1284 5216 ideo
1311 5174 1430 5230 quae
1460 5159 1728 5230 Ecclesiae
1751 5166 1896 5230 sunt,
1914 5157 2072 5230 Chri-

483 5234 554 5290 sti
582 5239 740 5296 sunt;
788 5239 843 5285 et
867 5246 987 5301 quae
1025 5229 1280 5286 Ecclesiae
1325 5227 1650 5301 offeruntur,
1671 5227 1890 5282 Christo
1937 5227 2070 5301 ol‘fej

481 5312 709 5367 runtur;
761 5309 817 5356 et
865 5299 984 5372 qua:
1027 5302 1095 5356 ab
1145 5301 1387 5358 Ecclesia
1416 5299 1532 5370 ejus
1561 5299 1852 5372 tolluntpr,
1883 5299 2072 5372 procul

484 5375 649 5432 dubio
697 5369 916 5428 Christo
961 5372 1242 5428 tolluntur.
1305 5393 1325 5426 ι
1377 5369 1508 5427 item
1539 5371 1715 5440 capite
1745 5369 1850 5424 305
1881 5369 1899 5424 ἱ
1931 5388 1950 5422 ι
2005 5371 2076 5427 Et

483 5447 610 5519 quia
651 5443 934 5519 Christum
985 5453 1040 5519 et
1081 5443 1382 5501 Ecclesiam
1425 5457 1590 5496 unam
1606 5455 1918 5519 personam
1951 5458 2074 5500 esse

483 5511 752 5575 veraciter
808 5515 1172 5586 agnoscimus,
1217 5526 1572 5586 quaecunque
1606 5511 1869 5586 Ecclesiae
1911 5523 2070 5580 sunt,

484 5587 683 5644 Christi
706 5583 892 5642 sunt.)
913 5586 1192 5655 Quomodo
1213 5583 1532 5655 autemghzrc
1560 5583 1907 5654 intelligenda
1940 5587 2070 5651 sint,

487 5667 673 5728 aperte
699 5653 1182 5728 explicat'sanctus
1206 5653 1669 5728 papaCregorius
1708 5653 1760 5710 in
1793 5657 1930 5712 libro
1979 5671 2074 5713 nx

487 5675 673 5791 ῗΓειειιξ
699 5675 936 5741 explicat
960 5675 1182 5714 sanctus
1206 5675 1669 5740 papa_uregonus
1708 5675 1760 5710 ιιι
1793 5675 1930 5712 Itnro
1979 5675 2072 5742 xix

541 5729 769 5789 arabum
801 5745 856 5784 ιιι
885 5727 1005 5795 Job,
1035 5728 1245 5800 cap-“
1276 5728 1368 5783 ubi
1411 5725 1527 5783 hzec
1547 5726 1800 5799 leguntur
1826 5743 1841 5783 :
1879 5747 1899 5780 ι
1934 5728 2072 5798 Quia

488 5801 766 5862 Christum
783 5809 840 5858 et
870 5800 1188 5862 Ecclesiam,
1217 5814 1380 5853 unam
1414 5813 1534 5854 esse
1561 5813 1851 5870 personam
1881 5803 2074 5859 crebro

491 5887 602 5943 tam
627 5873 884 5938 diximus,
916 5872 1064 5929 illum
1092 5870 1344 5927 videlicet
1392 5870 1552 5940 hujus
1597 5872 1843 5948 corporis
1889 5883 2074 5945 caput,

2178 5087 2321 5142 hanc
2332 5095 2528 5161 _autem
2555 5086 2698 5143 illius
2725 5087 2922 5161 capitis
2946 5103 3166 5160 corpus,
3188 5096 3294 5146 etc.
3328 5108 3347 5144 ι

2251 5170 2277 5198 ιι
2319 5155 2490 5229 Caput
2513 5169 2590 5233 est
2615 5155 2869 5233 nostrum.
2905 5160 2962 5216 In
2995 5155 3100 5227 ms,
3131 5155 3211 5216 sic
3237 5161 3459 5233 legitpr,
3489 5169 3647 5233 caput
3689 5167 3768 5220 est

2179 5227 2318 5304 Xpm
2350 5227 2539 5304 :quod
2571 5231 2644 5304 ita
2670 5229 2774 5304 legi
2822 5232 3016 5304 debet,
3036 5241 3191 5304 caput
3233 5227 3320 5304 est:
3347 5227 3634 5304 Christum,
3657 5249 3766 5304 quo

2180 5301 2341 5375 modo
2369 5302 2532 5375 etiam
2563 5301 2767 5375 editum
2797 5310 2882 5375 est
2909 5319 2940 5358 a
2970 5301 3240 5364 Massono.
3287 5301 3394 5375 Sed
3432 5303 3548 5375 ipse
3580 5304 3635 5360 in
3659 5301 3768 5361 Er-

2181 5374 2319 5429 ratis
2343 5373 2623 5428 admonuit
2651 5372 2976 5445 legidebere
3002 5382 3260 5428 nostrum.
3297 5374 3365 5430 Et
3406 5372 3537 5432 sane
3580 5389 3772 5434 neces-

2181 5445 2326 5500 saria
2356 5454 2440 5501 est
2463 5445 2567 5500 ista
2591 5443 2918 5501 emendatio.
2959 5445 3144 5517 Itaque
3181 5445 3262 5503 sic
3284 5445 3372 5501 edi
3398 5447 3599 5504 debere
3624 5447 3771 5504 arbi-

2182 5517 2308 5572 trati
2334 5531 2539 5572 sumus.

2253 5588 2301 5661 b7
2315 5587 2396 5661 De
2422 5588 2621 5661 unitate
2651 5585 2866 5661 Christi.
2891 5587 3174 5661 Massonus
3201 5588 3387 5661 edidit,
3411 5597 3462 5644 et
3494 5596 3769 5661 propterea

2179 5660 2246 5714 de
2268 5659 2541 5713 divinitate
2563 5657 2778 5725 Christi,
2809 5668 2935 5723 etc.,
2976 5659 3124 5715 nullo
3166 5659 3454 5715 admodum
3489 5657 3670 5716 sensu.
3710 5660 3768 5715 In

2181 5747 2283 5786 ms.
2328 5730 2546 5801 legitur,
2569 5740 2617 5784 et
2646 5740 2920 5801 propterea
2968 5732 3240 5787 divinitate
3282 5729 3505 5797 Christi,
3544 5740 3674 5798 etc.,
3700 5747 3770 5788 ex

2123 5849 2128 5854 .
2181 5818 2290 5873 quo
2314 5798 2414 5856 nos
2441 5798 2718 5875 effecimus
2743 5798 2810 5857 de
2836 5803 3057 5858 unitate.
3084 5801 3176 5860 Sic
3198 5801 3346 5859 enim
3380 5801 3620 5875 postulat
3641 5817 3770 5860 sen-

2184 5872 2296 5941 sus,
2323 5880 2384 5928 ut
2413 5872 2759 5933 manifestum
2785 5881 2888 5930 est.
