4088 6344
302 501 382 564 σε
1448 501 1576 560 LIB.
1614 499 1775 559 ADV.
1815 497 2115 556 FELICEM
2151 494 2451 556 URGELL.
3509 494 3583 559 66

301 615 660 691 ωεοεριὶοηο
691 615 870 690 gratia
903 614 1012 674 sibi
1055 616 1316 690 adoptare
1363 616 1421 673 in
1466 617 1657 674 ﬁlium.
1705 617 1774 672 Et
1807 615 1898 673 hic
1921 616 1978 680 Α
1998 627 2126 669 cum
2153 613 2315 670 Patre
2357 612 2526 670 fuisse
2570 627 2692 670 esse
2736 611 3068 671 credendum
3110 620 3232 681 est;
3263 614 3358 672 sed
3384 615 3583 686 homo,

302 723 468 769 error
494 708 805 766 necessario
831 708 1085 782 exigebat
1119 709 1190 765 ab
1218 707 1312 765 illo
1340 716 1401 764 ut
1428 724 1598 764 unum
1627 723 1658 763 e
1684 707 1896 764 duobus

305 797 472 856 malis
502 798 837 868 incurreret,
864 798 920 855 id
945 806 1060 867 est,
1088 806 1148 855 ut
1175 807 1271 855 aut
1293 799 1430 856 duos
1456 798 1598 858 ﬁlios
1625 798 1893 866 crederet,

305 907 481 948 unum
505 891 783 949 hominem
800 933 818 960 ,
847 900 905 948 et
930 891 1163 948 alterum
1192 892 1362 949 Deum
1383 933 1400 959 ,
1439 901 1531 948 aut
1567 908 1690 948 cum
1729 908 1897 948 unum

301 984 482 1043 ﬁlium
507 985 748 1054 diceret,
781 986 991 1043 duobus
1017 1002 1144 1043 eum
1169 988 1346 1045 modis
1370 1001 1492 1044 esse
1515 987 1689 1042 ﬁlium
1718 985 1899 1042 Patris

302 1077 684 1146 conﬁteretur,
708 1093 898 1136 verum
923 1079 1132 1137 scilicet
1152 1088 1208 1136 et
1235 1095 1346 1138 non
1368 1094 1560 1137 verum
1577 1120 1590 1145 ,
1616 1078 1898 1152 preprium

302 1179 362 1229 et
397 1171 746 1243 adoptivum,
785 1183 980 1228 natura
1009 1181 1064 1230 et
1096 1175 1270 1247 gratia
1289 1215 1304 1242 ,
1335 1190 1458 1246 quae
1494 1174 1602 1230 duo
1629 1173 1768 1229 mala
1801 1172 1898 1228 ad-

301 1269 598 1318 vertuntur
628 1263 684 1319 in
731 1263 929 1321 litteris
975 1262 1134 1334 ejus:
1182 1282 1304 1337 quas
1332 1267 1523 1339 utique
1555 1281 1665 1322 non
1703 1265 1898 1321 adver-

302 1360 576 1420 terentur,
607 1354 715 1411 nisi
743 1353 836 1410 illa
863 1355 1157 1426 aliquando
1182 1358 1250 1413 ad
1279 1358 1472 1424 istum,
1509 1357 1799 1430 aliquando
1827 1357 1898 1412 ad

303 1447 462 1504 illum
493 1462 590 1504 cor
621 1448 942 1515 inclinaret,
988 1449 1360 1507 occultissimo
1397 1450 1495 1506 Dei
1526 1449 1732 1522 judicio
1768 1464 1897 1520 per-

300 1540 578 1598 mittente.
610 1541 680 1596 Et
703 1541 834 1612 quia
860 1555 1016 1598 error
1039 1542 1334 1599 terminum
1359 1543 1563 1599 habere
1590 1542 1798 1608 nescit,
1827 1541 1898 1596 ad

301 1633 411 1691 hoc
438 1635 724 1692 devolutus
749 1643 865 1704 est,
894 1637 1127 1694 utsicut
1152 1654 1278 1696 eum
1313 1639 1451 1696 dixit
1496 1637 1643 1694 Patri
1681 1639 1895 1694 duobus

305 1725 490 1784 modis
512 1725 710 1783 Filium
732 1742 882 1794 esse,
913 1728 991 1785 ita
1020 1729 1227 1786 diceret
1256 1738 1313 1786 et
1335 1738 1581 1786 sanctam
1611 1729 1708 1786 Dei
1737 1728 1894 1801 geni-

304 1817 502 1874 tricem
538 1817 696 1876 aliter
727 1819 980 1890 genuisse
1017 1821 1216 1887 Deum,
1267 1830 1324 1877 et
1369 1821 1529 1876 aliter
1579 1821 1856 1878 hominem
1875 1860 1894 1889 ,

303 1908 466 1979 quasi
495 1917 652 1974 extra
679 1908 850 1966 Deum
879 1911 1159 1968 hominem
1194 1912 1462 1984 genuerit.

1999 719 2163 777 quem
2191 706 2245 762 in
2275 706 2510 778 gratiam
2551 705 2740 762 salutis
2780 705 2924 763 Deus
2953 706 3189 763 Verbum
3234 717 3583 779 susceperat,

2000 798 2228 854 audivit.
2259 799 2359 856 Hic
2388 799 2531 856 ﬁlius
2560 800 2795 857 hominis
2821 816 2921 872 per
2951 801 3048 856 Dei
3078 799 3272 858 Filium
3292 843 3308 869 ,
3340 802 3437 858 Dei
3464 817 3586 858 esse

1999 889 2171 946 Filius
2195 890 2249 945 in
2273 891 2370 947 Dei
2395 891 2534 947 Filio
2556 899 2897 962 promeretur
2921 911 2934 946 :
2964 908 3066 950 nec
3091 892 3310 964 adoptio
3333 908 3367 947 a
3392 900 3587 948 natura

1999 981 2325 1054 seiungitur,
2356 983 2450 1040 sed
2479 993 2672 1040 natura
2700 1000 2825 1041 cum
2866 983 3155 1056 adoptione
3195 985 3582 1058 coniungitur:

2001 1073 2260 1144 quoniam
2310 1089 2434 1129 cum
2475 1075 2713 1131 Verbum
2759 1091 2886 1132 caro
2931 1076 3134 1132 factum
3179 1085 3293 1144 est,
3335 1092 3444 1133 non
3485 1091 3586 1148 per

2001 1173 2336 1236 assumptam
2384 1166 2628 1222 decrevit
2665 1177 2995 1239 assumptor,
3045 1169 3140 1224 sed
3179 1169 3236 1224 in
3274 1177 3586 1225 assumente

2001 1257 2177 1312 crevit
2219 1258 2536 1328 assumptio.
2583 1257 2858 1315 Creaturae
2897 1259 3041 1316 enim
3066 1268 3283 1331 poterat
3309 1276 3408 1331 per
3433 1274 3584 1316 crea-

2001 1356 2177 1406 torem
2210 1349 2539 1407 inﬁrmitatis
2579 1353 2880 1408 substantia
2917 1355 3272 1422 commutari,
3318 1353 3584 1410 creatoris

2000 1450 2185 1499 autem
2215 1443 2270 1498 in
2302 1453 2609 1500 creaturam
2645 1461 2752 1501 non
2788 1455 2999 1517 poterat
3035 1447 3358 1503 teternitatis
3387 1456 3583 1502 natura

1999 1534 2263 1589 converti.
2295 1535 2364 1590 Et
2391 1535 2512 1591 ideo
2543 1551 2667 1592 cum
2700 1537 2894 1593 dicitur
2921 1556 2933 1592 :
2968 1535 3131 1593 Prior
3158 1539 3314 1594 homo
3343 1539 3408 1593 de
3441 1548 3584 1593 terra

1999 1632 2266 1692 terrenus,
2319 1627 2580 1682 secundus
2626 1645 2655 1682 e
2700 1628 2826 1684 celo
2883 1629 3102 1686 cazlestis
3122 1649 3142 1698 ;
3193 1647 3299 1687 non
3339 1633 3586 1703 corporis

1998 1719 2230 1775 materia
2258 1729 2567 1791 separatur,
2599 1721 2695 1777 sed
2725 1721 2898 1778 forma
2928 1723 3148 1790 vitalis;
3179 1739 3283 1780 nec
3323 1741 3451 1780 caro
3480 1725 3584 1780 tol-

1998 1808 2151 1879 litur,
2181 1812 2276 1869 sed
2305 1814 2489 1870 carnis
2518 1822 2802 1885 susceptor
2825 1817 3152 1883 ostenditur,
3183 1816 3293 1883 ille,
3321 1817 3544 1887 inquam
3562 1858 3577 1882 ,

2000 1905 2094 1975 qui
2143 1906 2200 1960 in
2250 1906 2543 1979 Evangelio
2582 1909 2658 1964 ait
2704 1927 2718 1963 :
2769 1910 2878 1966 Vos
2916 1910 2983 1966 de
3023 1910 3372 1967 inferioribus
3412 1912 3579 1978 estis,

373 2000 623 2057 XXXIX.
659 2001 818 2074 Legit
852 2003 1018 2059 etiam
1051 2003 1203 2060 Felix
1232 2005 1288 2060 in
1317 2013 1632 2062 sanctorum
1667 2004 1890 2061 Patrum
1918 1988 1968 2048 Β
1995 2011 2097 2071 ego
2123 1998 2192 2056 de
2221 2000 2596 2071 superioribus
2635 2016 2776 2056 sum.
2819 2002 2896 2057 De
2937 2004 3306 2074 superioribus
3332 2005 3443 2071 ait,
3474 2019 3585 2061 non

298 2084 654 2166 Hieronymi,
695 2092 1014 2166 Augustini,
1051 2095 1358 2165 Ambrosii,
1399 2097 1622 2166 Hilarii,
1657 2106 1714 2155 et
1749 2098 1896 2154 Aviti

299 2183 498 2252 libris,
547 2200 674 2241 cum
715 2186 782 2242 de
826 2188 1200 2246 incarnatione
1249 2189 1560 2248 Salvatoris
1596 2201 1890 2262 tractaret,

298 2274 679 2332 intromissum
707 2292 906 2334 nomen
942 2279 1282 2352 adoptionis,
1323 2282 1418 2339 sed
1459 2282 1619 2354 juxta
1671 2285 1895 2341 modum

299 2369 692 2440 assumptionis
719 2370 801 2426 vel
831 2373 1190 2444 susceptionis
1216 2375 1286 2431 ab
1327 2375 1408 2432 eis
1451 2377 1686 2447 positum
1704 2418 1720 2444 ,
1749 2377 1896 2448 quod

300 2458 392 2516 ille
425 2459 534 2516 alio
571 2470 631 2518 et
663 2476 696 2518 e
730 2464 1008 2520 contrario
1047 2466 1231 2522 hausit
1260 2480 1446 2524 sensu.
1484 2468 1561 2524 De
1597 2485 1705 2540 qua
1740 2485 1804 2526 re
1831 2476 1894 2525 ut

300 2565 364 2608 ea
395 2569 520 2625 quae
547 2555 815 2612 sentimus
834 2597 849 2622 ,
878 2559 1268 2629 congruentius
1304 2559 1687 2631 proferamus;
1717 2576 1890 2633 pona-

301 2659 423 2701 mus
459 2645 700 2716 aliquam
726 2661 797 2703 ex
830 2646 939 2703 illis
966 2649 1294 2704 sententiam
1323 2657 1437 2704 tam
1464 2649 1800 2722 plenariam,
1831 2659 1893 2707 ut

302 2737 399 2794 ubi
425 2738 643 2810 adoptio
668 2739 890 2808 dicitur,
921 2740 1155 2812 qualiter
1180 2742 1495 2813 accipienda
1523 2743 1626 2810 sit,
1655 2758 1724 2800 ex
1749 2757 1891 2814 prae-

300 2831 518 2888 cedenti
555 2841 615 2888 et
649 2833 1002 2904 subsequenti
1041 2834 1291 2892 sensibus
1326 2835 1630 2908 colligatur.
1669 2835 1762 2891 Ait
1790 2836 1894 2892 ita-

300 2937 407 2995 que
429 2924 624 2981 beatus
636 2923 1002 2998 Hieronymus
1026 2925 1082 2981 in
1107 2942 1206 2984 suo
1230 2928 1382 2984 brevi
1407 2937 1463 2983 et
1489 2926 1892 2998 elegantissimo

299 3021 544 3072 tractatu
569 3017 638 3074 de
672 3017 1028 3075 similitudine
1053 3019 1235 3075 carnis
1265 3019 1475 3090 peccati
1503 3028 1694 3076 contra
1721 3019 1893 3075 Mani-

295 3108 480 3167 chaos
507 3128 520 3164 :
551 3127 571 3162 ι
599 3109 847 3182 Denique
867 3109 974 3167 hoc
997 3110 1286 3168 conﬁrmat
1312 3111 1592 3184 proposita
1619 3112 1736 3184 ipsa
1766 3127 1892 3168 sen-

297 3200 502 3268 tentia,
555 3216 677 3272 qua:
725 3201 960 3274 primum
1006 3203 1184 3259 Adam
1227 3203 1285 3260 in
1332 3205 1570 3260 animam
1615 3205 1889 3261 viventem

296 3289 512 3350 factum
543 3307 668 3349 esse
699 3301 954 3362 testatur,
988 3296 1346 3352 novissimum
1382 3296 1437 3352 in
1475 3295 1671 3367 spiritu
1710 3295 1888 3352 viviﬁ-

295 3394 547 3444 cantem.
587 3386 728 3444 Ecce
761 3403 856 3444 cur
886 3397 997 3444 tam
1025 3397 1152 3461 post
1179 3390 1492 3446 innumeros
1520 3405 1694 3445 annos
1721 3397 1778 3446 et
1806 3389 1890 3445 in-

298 3479 699 3550 comprehensa
723 3482 990 3538 curricula
1019 3483 1344 3540 saeculorum
1371 3481 1440 3538 ab
1464 3483 1719 3540 omnibus
1744 3497 1891 3538 mor-

296 3569 535 3638 talibus,
567 3587 599 3627 a
626 3572 823 3644 quibus
847 3582 908 3630 ut
933 3575 1026 3646 qui
1053 3575 1347 3632 secundum
1375 3590 1596 3632 carnem
1623 3583 1782 3630 natus
1808 3582 1892 3630 est

296 3673 608 3736 separatur,
639 3666 785 3737 quod
815 3667 906 3724 ille
934 3669 1145 3739 primus
1170 3669 1386 3734 vivens,
1433 3669 1523 3726 hic
1563 3670 1892 3725 novissimus

302 3753 632 3822 viviﬁeans;
676 3756 764 3812 ille
799 3757 903 3813 sibi
940 3759 1070 3814 data
1103 3759 1194 3815 vix
1231 3760 1546 3831 possidens,
1590 3761 1682 3816 hic
1716 3761 1892 3832 possi-

299 3845 477 3902 denda
507 3847 844 3906 condonans.
877 3849 1032 3918 Quod
1062 3859 1119 3908 et
1145 3851 1437 3909 Psalmista
1467 3851 1678 3910 duobus
1717 3854 1892 3911 versi-

297 3938 439 3994 culis
470 3940 819 4010 explanavit,
860 3942 1084 3999 dicens:
1120 3942 1261 4010 Quid
1299 3954 1374 4001 est
1407 3945 1562 4000 homo
1597 3945 1738 4016 quod
1775 3963 1888 4002 me-

295 4045 419 4084 mor
463 4048 520 4086 es
567 4031 717 4102 ejus,
767 4044 858 4088 aut
906 4034 1050 4104 ﬁlius
1097 4036 1358 4104 hominis,
1407 4038 1658 4109 quoniam
1707 4039 1890 4094 visitas

295 4137 419 4178 eum
447 4122 670 4181 PHomo
688 4164 704 4192 ,
730 4125 904 4181 Adam
931 4128 1278 4198 accipiendus
1304 4137 1389 4184 est
1414 4146 1429 4196 ;
1460 4127 1601 4185 ﬁlius
1631 4129 1886 4194 hominis,

301 4211 565 4270 Dominus
587 4215 968 4289 intelligendus
991 4228 1077 4276 est
1103 4239 1115 4274 :
1144 4221 1238 4291 qui
1267 4221 1320 4276 in
1349 4223 1668 4278 memoriam
1690 4223 1891 4278 veteris

301 4305 580 4375 visitatur,
611 4318 668 4365 et
695 4309 749 4365 in
776 4309 1016 4368 defuncti
1048 4313 1422 4370 recordatione
1459 4314 1651 4385 spiritu
1687 4313 1891 4369 saluta-

297 4396 470 4454 tionis
519 4400 813 4470 impletur:
865 4402 1010 4473 quod
1049 4403 1165 4474 ipsa
1213 4404 1378 4460 verba
1427 4405 1778 4476 exprimunt:
1831 4414 1893 4461 ut

300 4505 421 4548 rem
456 4492 675 4563 planam
711 4495 894 4550 videre
923 4511 1030 4552 non
1057 4497 1257 4552 mirum
1284 4497 1386 4562 sit,
1419 4497 1546 4552 dum
1587 4506 1642 4552 et
1683 4497 1890 4552 homini

301 4583 572 4640 memoria
601 4583 969 4657 conjungitur,
1007 4596 1063 4643 et
1098 4587 1212 4642 ﬁlio
1245 4587 1480 4644 hominis
1517 4587 1758 4644 visitatio
1799 4604 1892 4646 co-

298 4674 542 4746 pulatur.
578 4677 658 4732 illi
694 4679 908 4735 mortali
942 4679 1074 4750 quid
1109 4679 1255 4735 aliud
1298 4687 1511 4751 poterat
1553 4694 1839 4750 superesse
1863 4681 1887 4735 ?
1911 4706 1965 4766 Β

297 4764 431 4822 huic
464 4766 763 4823 viviﬁcauti
787 4769 917 4839 quid
943 4769 1088 4826 aliud
1119 4770 1404 4841 oportebat
1447 4767 1702 4825 infundi?
1748 4769 1887 4826 Nam

307 4855 584 4915 defunctis
612 4861 874 4916 memoria
900 4861 1146 4928 debetur,
1177 4861 1414 4918 visitatio
1455 4862 1763 4918 viventibus
1791 4878 1889 4918 ex—

301 4949 569 5010 hibetur:
621 4956 768 5026 quod
809 4965 1104 5027 utrumque
1139 4956 1196 5012 in
1234 4956 1463 5012 Domino
1501 4972 1601 5028 per
1638 4956 1891 5012 incarna-

297 5045 510 5104 tionem
536 5056 756 5104 constat
783 5047 1098 5120 impletum,
1121 5064 1244 5104 cum
1272 5049 1343 5105 ob
1369 5048 1535 5118 primi
1563 5063 1892 5105 commemo-

290 5139 577 5196 rationem
602 5141 929 5198 novissimus
958 5141 1232 5208 visitatur,
1265 5149 1322 5198 et
1346 5156 1445 5213 per
1486 5141 1766 5198 novissimi
1804 5142 1890 5199 vi-

289 5229 616 5286 sitationem
647 5231 889 5289 salvatur
911 5241 967 5290 et
992 5233 1221 5304 primus.
1254 5233 1388 5290 Huic
1417 5248 1610 5291 sensus
1638 5249 1893 5307 germana

297 5330 386 5380 est
411 5322 506 5378 illa
531 5325 843 5381 sententia:
875 5323 1092 5382 Primus
1134 5327 1289 5382 homo
1329 5325 1393 5381 de
1434 5336 1574 5382 terra
1616 5337 1890 5396 terrenus,

295 5415 565 5471 secundus
589 5433 618 5472 e
642 5416 770 5473 uelo
798 5417 1038 5475 caelestis.
1066 5417 1200 5487 Quis
1224 5426 1309 5474 est
1330 5418 1434 5474 iste
1460 5419 1734 5476 caelestis?
1764 5417 1894 5475 Sine

298 5507 470 5564 dubio
501 5508 592 5564 ille
620 5510 715 5582 qui
745 5523 871 5566 eum
899 5527 1061 5584 quem
1092 5512 1343 5585 gestabat
1369 5511 1424 5567 in
1454 5512 1784 5584 baptismate
1815 5512 1894 5570 fe—

297 5599 379 5656 cit
403 5599 598 5657 audire
627 5601 771 5672 quod
802 5612 927 5659 ante
954 5603 1131 5674 ipsum
1171 5603 1351 5660 nullus
1391 5603 1682 5660 audierat:
1716 5602 1892 5662 Filius

285 5704 450 5744 meus
486 5707 542 5745 es
585 5699 678 5759 tu,
716 5709 810 5764 ego
853 5692 1008 5748 hodie
1050 5693 1206 5765 genui
1235 5702 1306 5748 te.
1337 5692 1405 5748 Et
1433 5692 1668 5763 qualiter
1697 5693 1895 5750 dicitur

298 5782 491 5850 hodie,
547 5783 592 5839 si
642 5785 697 5840 in
745 5785 1014 5857 principio
1059 5785 1331 5853 Verbum,
1378 5795 1428 5841 et
1479 5784 1708 5842 Verbum
1751 5785 1893 5858 apud

299 5872 508 5941 Deum,
557 5885 605 5930 et
650 5876 790 5932 Deus
835 5887 949 5932 erat
1002 5877 1278 5934 Verbum?
1321 5878 1446 5950 quia
1489 5894 1596 5934 non
1638 5887 1724 5934 est
1749 5877 1895 5934 istud

300 5964 547 6053 Verbum
574 5967 720 6042 quod
747 5984 960 6064 semper
989 5970 1044 6027 in
1075 5968 1270 6042 Patre,
1301 5977 1356 6028 et
1383 5969 1526 6045 apud
1555 5969 1809 6049 Patrem,
1838 5977 1916 6057 et

1998 2089 2190 2160 utique
2246 2090 2457 2147 siderea
2510 2108 2704 2160 carne,
2758 2094 2853 2149 sed
2907 2095 3107 2151 virtute
3159 2097 3356 2152 divina.
3389 2117 3408 2150 ι
3443 2097 3585 2154 Ecce

1996 2181 2192 2238 beatus
2231 2181 2624 2255 Hieronymus,
2652 2193 2944 2256 postquam
2971 2187 3136 2253 dixit,
3175 2207 3193 2239 ι
3223 2188 3334 2245 Nec
3360 2190 3579 2260 adoptio

1995 2269 2298 2344 sejungitur
2327 2288 2357 2328 a
2385 2283 2576 2330 natura
2596 2316 2612 2342 ,
2643 2277 2738 2332 sed
2766 2285 2959 2333 natura
2989 2295 3112 2335 cum
3142 2280 3430 2353 adoptione
3457 2297 3586 2339 con-

1990 2362 2259 2435 jungitur,
2288 2385 2307 2418 ι
2353 2374 2415 2421 ut
2461 2368 2774 2424 ostenderet
2803 2385 2932 2440 quae
2979 2380 3122 2428 esset
3170 2373 3286 2429 haec
3331 2373 3583 2446 adoptio,

1995 2453 2247 2524 adjunxit
2275 2475 2287 2511 :
2319 2481 2337 2509 ι
2366 2457 2634 2526 Quoniam
2661 2476 2782 2516 cum
2811 2462 3050 2518 Verbum
3075 2479 3206 2521 caro
3233 2463 3438 2521 factum
3465 2475 3585 2535 est,

1995 2561 2105 2602 non
2132 2563 2234 2618 per
2260 2559 2594 2620 assumptam
2625 2551 2870 2608 decrevit
2901 2565 3226 2626 assumptor,
3272 2556 3366 2612 sed
3403 2557 3460 2612 in
3500 2571 3588 2614 as-

1996 2646 2248 2692 sumente
2277 2639 2450 2693 crevit
2490 2642 2810 2712 assumptio.
2837 2663 2858 2696 ι
2914 2645 3067 2711 Quod
3109 2662 3272 2718 supra
3314 2648 3450 2704 dixit
3489 2648 3587 2703 ad-

1995 2729 2159 2799 optio,
2181 2729 2287 2786 hoc
2302 2729 2530 2786 inferius
2555 2732 2785 2804 subjecit
2809 2737 3132 2809 assumptio;
3159 2747 3214 2794 et
3237 2754 3399 2810 quam
3415 2754 3580 2811 supra

1995 2818 2211 2876 dixerat
2237 2830 2487 2891 naturam
2506 2863 2521 2888 ,
2551 2823 2865 2894 explanavit
2890 2827 3172 2884 subdendo
3199 2841 3581 2901 assumptorem

1995 2917 2054 2966 et
2081 2921 2455 2968 assumentem.
2486 2911 2633 2969 Nihil
2660 2930 2792 2988 ergo
2834 2915 2981 2974 aliud
3020 2918 3112 2974 hie
3150 2919 3420 2991 signiﬁcat
3453 2922 3584 2978 ado-

1993 3003 2110 3075 ptio
2144 3019 2308 3074 quam
2337 3005 2483 3075 quod
2518 3008 2856 3078 assumptio;
2889 3017 2944 3066 et
2968 3010 3103 3066 nihil
3128 3012 3350 3070 omnino
3378 3014 3585 3087 aliquid

1994 3094 2104 3150 tale
2133 3095 2226 3151 hic
2253 3097 2591 3154 demonstrat
2623 3107 2734 3155 tota
2764 3101 2911 3158 beati
2939 3100 3252 3176 Hieronymi
3281 3109 3582 3178 sententia,

1992 3201 2093 3258 per
2129 3189 2275 3258 quod
2313 3190 2583 3260 suspicari
2620 3193 2898 3264 possimus
2933 3195 3012 3250 ita
3051 3211 3175 3252 eum
3216 3201 3486 3268 sensisse,
3528 3213 3589 3260 ut

1996 3279 2286 3336 Dominum
2328 3293 2575 3340 nostrum
2613 3283 2802 3342 Jesum
2839 3288 3115 3347 Christum
3158 3295 3454 3352 secundum
3485 3298 3586 3354 hu-

1994 3377 2312 3433 manitatem
2341 3377 2439 3434 Dei
2476 3379 2655 3438 Patris
2692 3382 3003 3454 adoptivum
3043 3385 3218 3442 ﬁlium
3251 3390 3584 3448 credendum

1994 3469 2236 3526 doceret.
2284 3469 2424 3538 Quia
2470 3488 2596 3528 cum
2642 3473 2777 3530 dicit
2820 3475 3069 3547 adoptio,
3115 3487 3172 3534 et
3212 3490 3404 3536 natura
3433 3500 3585 3538 assu-

1993 3576 2170 3628 mens,
2202 3569 2257 3617 et
2300 3564 2622 3634 assumptio,
2655 3577 2952 3639 assumpta,
2986 3577 3042 3624 et
3079 3583 3416 3644 assumptor;
3447 3576 3585 3632 nihil

1990 3649 2189 3708 horum
2239 3653 2308 3708 ad
2355 3653 2573 3710 Patrem
2620 3656 2811 3714 referri
2851 3659 3085 3728 videtur,
3129 3663 3224 3718 sed
3269 3664 3335 3720 de
3374 3663 3586 3724 duobus

1995 3749 2210 3800 tantum
2239 3745 2558 3803 substantiis
2577 3788 2592 3815 ,
2625 3763 2693 3804 ex
2721 3749 2921 3820 quibus
2948 3762 3163 3808 constat
3203 3771 3310 3810 una
3350 3772 3584 3827 persona

1995 3837 2142 3893 unici
2183 3847 2240 3894 et
2281 3839 2396 3895 veri
2439 3839 2561 3895 Filii
2606 3839 2739 3908 Dei,
2771 3845 2994 3900 tractari
3023 3848 3389 3918 cognoscitur.
3427 3851 3495 3905 Et
3523 3859 3586 3907 ut

1989 3930 2205 4002 plenius
2231 3931 2477 3989 dicamus
2502 3935 2647 4005 quod
2671 3936 2966 4003 sentimus,
2994 3939 3250 4008 adoptata
3275 3953 3360 3996 est
3387 3951 3583 3999 natura

1992 4022 2232 4078 humana
2254 4063 2269 4090 ,
2303 4024 2358 4078 id
2385 4032 2500 4091 est,
2533 4034 2786 4096 suscepta
2813 4027 2900 4082 vel
2941 4039 3219 4100 assumpta
3258 4031 3312 4088 iu
3355 4049 3584 4104 persona

1991 4111 2116 4168 Filii
2146 4129 2178 4169 a
2206 4113 2344 4171 Filio
2371 4132 2385 4182 ;
2416 4125 2477 4172 ut
2504 4133 2628 4173 cum
2662 4118 2776 4190 ipse
2801 4129 2945 4177 esset
2970 4121 3162 4193 Filius,
3196 4142 3305 4182 non
3331 4128 3459 4197 alio,
3489 4129 3585 4186 sed

1991 4221 2060 4264 eo
2088 4209 2249 4265 modo
2275 4225 2384 4280 quo
2415 4220 2533 4266 erat
2559 4220 2616 4268 et
2654 4221 2781 4270 ante
2823 4214 3031 4272 Filius:
3076 4227 3132 4274 et
3169 4218 3274 4276 hoc
3314 4230 3399 4278 est
3437 4224 3582 4292 quod

1992 4301 2211 4370 dicitur,
2254 4322 2273 4355 ι
2302 4303 2418 4360 Non
2443 4322 2543 4376 per
2571 4319 2912 4380 assumptam
2956 4313 3202 4370 decrevit
3247 4327 3576 4389 assumptor,

1991 4394 2087 4449 sed
2115 4394 2170 4448 in
2199 4406 2512 4453 assumente
2540 4400 2712 4454 crevit
2737 4404 3056 4473 assumptio.
3089 4425 3107 4456 ι

2064 4483 2177 4540 XL.
2209 4485 2370 4542 Juxta
2394 4488 2558 4559 igitur
2582 4491 2726 4547 hunc
2747 4495 2962 4549 modum
2993 4507 3049 4551 et
3075 4505 3303 4554 caeteros
3333 4499 3582 4560 doctores

1992 4576 2194 4633 dixisse
2234 4587 2291 4634 et
2335 4581 2604 4649 sensisse,
2653 4583 2961 4656 ubicunque
3007 4604 3202 4643 nomen
3251 4597 3306 4644 et
3351 4591 3578 4648 verbum

1992 4670 2295 4740 adeptionis
2337 4671 2389 4726 in
2431 4672 2554 4728 ﬁdei
2590 4673 2934 4746 dogmatibus
2973 4677 3348 4745 inseruerunt,
3400 4683 3579 4738 credi-

1994 4778 2134 4820 mus.
2167 4764 2310 4820 Dicit
2340 4765 2521 4835 itaque
2549 4767 2740 4825 beatus
2765 4769 3004 4827 Hilarius
3032 4771 3184 4841 (Lib.
3217 4789 3257 4827 il
3287 4774 3351 4828 de
3383 4774 3579 4835 Trinit.

1993 4858 2114 4912 sub.
2147 4857 2284 4929 ﬁn.)
2315 4877 2327 4913 :
2358 4879 2375 4910 ι
2405 4858 2553 4914 Parit
2586 4861 2774 4934 Virgo,
2808 4873 2999 4934 partus
3035 4880 3066 4919 a
3093 4865 3206 4921 Deo
3247 4875 3349 4923 est.
3393 4868 3578 4928 Infans

1991 4948 2174 5020 vagit,
2203 4947 2485 5006 laudantes
2510 4950 2704 5023 Angeli
2746 4954 3058 5009 audiuntur.
3105 4955 3276 5013 Panni
3319 4961 3574 5030 sordent,

1991 5040 2137 5097 Deus
2165 5041 2441 5096 adoratur.
2473 5041 2554 5097 Ita
2583 5043 2864 5113 potestatis
2890 5043 3125 5116 dignitas
3149 5062 3255 5101 non
3284 5049 3578 5118 amittitur,

1991 5131 2122 5187 dum
2167 5133 2348 5186 carnis
2393 5133 2673 5189 humilitas
2707 5133 3017 5203 adoptatur.
3047 5155 3066 5188 ι
3106 5136 3213 5192 Sed
3239 5139 3428 5194 statim
3459 5151 3585 5213 post

1992 5222 2271 5293 paululum
2316 5223 2590 5296 subjungit
2635 5224 2821 5280 dicens
2866 5239 2991 5281 eum
3035 5226 3091 5282 in
3139 5230 3322 5287 carnis
3365 5246 3583 5288 assum-

1992 5315 2180 5387 ptione
2219 5316 2530 5381 hominem,
2582 5317 2751 5371 Deum
2790 5331 2919 5373 vero
2958 5319 3014 5373 in
3056 5321 3224 5391 gestis
3261 5323 3424 5379 rebus
3462 5325 3581 5380 exi-

1995 5417 2160 5466 stere.
2186 5408 2354 5465 Paulo
2380 5423 2616 5480 namque
2642 5409 2893 5481 superius
2917 5410 3094 5466 dixit:
3125 5431 3143 5463 ι
3162 5413 3446 5472 Postremo
3473 5433 3581 5473 una

1995 5517 2122 5559 cum
2149 5499 2350 5559 Judazis
2379 5503 2686 5557 irascantur
2713 5501 2878 5558 iidem
2921 5502 3200 5572 haeretici,
3241 5508 3386 5577 quod
3426 5508 3585 5567 Chri-

1996 5603 2114 5652 stus
2137 5594 2239 5650 sibi
2265 5593 2546 5666 proprium
2568 5591 2788 5650 Patrem
2813 5593 3099 5662 conﬁtens,
3121 5595 3294 5653 Deum
3319 5601 3582 5672 aequalem

1997 5703 2056 5745 se
2084 5686 2277 5744 fecerit
2303 5687 2451 5750 Deo;
2484 5694 2540 5741 et
2565 5701 2688 5746 una.
2703 5701 2826 5743 eum
2865 5686 2952 5744 his
2991 5689 3242 5757 audiant,
3271 5689 3367 5747 Vel
3398 5694 3584 5764 operi-

1996 5782 2100 5839 bus
2125 5778 2330 5835 credite
2355 5777 2520 5846 meis,
2546 5778 2672 5851 quia
2702 5793 2804 5852 ego
2826 5779 2887 5835 in
2913 5778 3107 5847 Patre,
3138 5789 3194 5837 et
3221 5779 3384 5839 Pater
3411 5783 3468 5839 in
3497 5799 3586 5840 me

1997 5881 2103 5932 est.
2137 5869 2315 5928 Unum
2355 5869 2519 5943 igitur
2555 5877 2640 5926 est
2677 5869 2780 5926 hoc
2818 5869 3095 5927 immobile
3137 5871 3584 5942 fundamentum,

1996 5977 2110 6027 una
2137 5965 2256 6024 haec
2283 5961 2416 6024 felix
2451 5962 2580 6024 ﬁdei
2599 5999 2602 6002 ~
2623 5970 2781 6037 petra
2799 6002 2816 6036 ,
2847 5961 2995 6026 Petri
3023 5979 3157 6024 voce
3184 5962 3434 6058 confessa
3453 6004 3471 6039 ,
3501 5963 3588 6050 Tu
