4088 6344
488 406 558 460 75
699 358 707 363 ”
1459 397 1519 454 s.
1559 396 1909 455 acassam
1950 393 2257 451 EPISCOPI
2287 389 2787 450 ‘LUGDUNENSIS
3697 391 3770 447 76

490 516 786 576 Christiani
835 517 1029 573 melius
1074 515 1156 571 eis
1184 512 1482 586 praedicare
1504 509 1718 568 Iudaeos
1748 526 1913 581 quam
1934 525 2090 584 pres-
2114 520 2168 595 Α
2194 516 2280 564 tur
2299 524 2463 579 quam
2490 506 2842 563 detestabiles
2866 504 3099 561 habendi
3127 505 3236 562 sint
3265 504 3470 560 inimici
3499 505 3772 573 veritatis,

489 613 714 684 byteros
756 616 1007 678 nostros;
1048 609 1286 665 maxime
1328 621 1453 661 cum
1495 613 1552 661 et
1580 604 1873 675 supradicti
1902 604 2080 671 missi,
2183 609 2239 655 et
2257 601 2526 670 quomodo
2544 600 2757 671 pejores
2774 599 2883 656 sint
2906 599 3160 655 omnibus
3190 599 3509 667 incredulis,
3529 599 3770 672 Scriptu-

492 718 568 763 ne
593 703 956 759 sabbatismus
984 716 1173 759 eorum
1199 701 1576 772 impediretur,
1611 710 1637 743 δ
1664 706 1930 765 mercata,
1960 713 2081 768 quae
2182 697 2261 753 ris
2281 696 2477 751 divinis
2503 696 2607 751 hoc
2632 695 2973 760 docentibus,
2998 701 3055 749 et
3080 708 3245 763 quam
3265 693 3567 766 indigniora
3594 694 3778 751 omni-

492 795 553 854 in
572 794 817 853 sabbatis
843 795 1089 852 solebant
1109 794 1252 861 fieri,
1297 791 1653 849 transmutari
1697 791 2101 863 praeceperint;

494 897 555 945 et
594 886 793 959 quibus
836 887 1028 944 diebus
1079 888 1340 957 deinceps
1364 882 1697 954 frequentari
1728 882 1984 946 debeant,
2027 881 2085 936 in

496 981 715 1039 illorum
761 982 1020 1053 opinione
1061 981 1366 1051 posuerint,
1411 978 1655 1033 dicentes
1681 976 1784 1030 hoc
1818 974 2086 1029 Christia-

494 1087 694 1127 norum
749 1064 971 1127 utilitati
1020 1079 1242 1141 propter
1294 1068 1403 1124 diei
1436 1066 1705 1123 Dominici
1746 1065 2087 1121 vacationem

499 1176 833 1235 congruere;
868 1177 991 1217 cum
1017 1161 1219 1217 ludatis
1246 1160 1420 1231 magis
1434 1160 1695 1229 probetur
1710 1156 1930 1213 inutile:
1955 1155 2091 1226 quia

496 1258 558 1310 et
593 1254 649 1309 hi
679 1254 773 1321 qui
818 1268 988 1323 prope
1019 1260 1166 1314 sunt,
1214 1250 1440 1307 sabbato
1492 1258 1739 1306 ementes
1760 1247 1939 1311 victus
1993 1260 2088 1303 ne-

497 1341 763 1408 cessaria,
810 1341 1039 1419 liberius
1062 1340 1151 1396 die
1181 1334 1468 1396 Doniinico
1500 1339 1789 1399 missarum
1832 1336 2091 1397 solemni-

498 1434 706 1490 tatibus
726 1432 1279 1503 et,pra3dicationibus
1301 1437 1500 1488 vacant
1523 1448 1539 1496 ;
1573 1437 1629 1485 et
1648 1430 1694 1487 si
1715 1428 1809 1501 qui
1835 1432 1903 1485 de
1930 1428 2088 1500 longe

429 1556 437 1593 ε
500 1526 750 1593 veniunt,
772 1539 843 1582 ex
865 1527 1153 1583 occasione
1180 1524 1411 1581 mercati
1437 1532 1549 1579 tam
1568 1520 1896 1591 vespertinis
1926 1536 2090 1591 quam

430 1646 435 1651 ι
500 1618 785 1676 matutinis
811 1628 1160 1677 occurrentes
1182 1615 1393 1685 ciliciis,
1434 1615 1726 1672 missarum
1750 1613 2093 1671 solemnitate

499 1718 743 1781 peracta,
776 1727 901 1767 cum
937 1710 1295 1768 mdiﬁcatione
1350 1718 1697 1765 revertuntur
1732 1708 1800 1763 ad
1849 1708 2090 1777 propria.

500 1803 659 1862 Nune
708 1806 894 1880 igitur,
944 1807 989 1863 si
1026 1806 1206 1879 placet
1247 1806 1653 1879 benignissimae
1694 1804 2094 1860 mansuetudini

2182 788 2288 843 bus
2307 787 2614 843 infidelibus
2642 788 2709 843 de
2734 787 2851 841 Deo
2867 786 3133 853 sentiant,
3161 793 3218 841 et
3239 787 3404 841 rebus
3437 785 3776 842 emicatibus.

2186 880 2317 949 Quae
2341 881 2524 936 omnia
2545 887 2566 916 ε
2592 895 2713 935 cum
2726 877 3098 935 confratribus
3113 878 3462 944 contulimus,
3480 886 3536 933 et
3558 877 3778 948 amplis-

2188 971 2338 1027 simae
2362 969 2706 1026 Eccellentiae
2735 978 2931 1025 vestrae
2950 970 3331 1039 praasentanda
3360 969 3681 1024 direximus.

2261 1063 2349 1119 Vl.
2373 1063 2442 1119 Et
2463 1079 2586 1118 cum
2608 1062 2920 1133 praecedens
2944 1061 3201 1116 sebedula
3230 1061 3437 1116 dictata
3460 1060 3673 1125 fuisset,
3697 1074 3783 1115 su-

2187 1156 2439 1224 pervenit
2457 1154 2676 1225 quidam
2696 1155 2861 1211 homo
2882 1154 3095 1225 fugiens
3116 1152 3186 1208 ab
3203 1152 3482 1224 Hispaniis
3500 1151 3570 1208 de
3595 1151 3623 1197 d
3648 1151 3784 1206 Cor-

2189 1246 2350 1314 dolia,
2380 1249 2473 1318 qui
2503 1263 2563 1304 se
2584 1248 2800 1304 dicebat
2820 1246 3060 1303 furatum
3095 1246 3265 1303 fuisse
3289 1263 3320 1302 a
3345 1245 3581 1317 quodam
3596 1244 3787 1301 Judaeo

2190 1340 2455 1413 Lugdune
2481 1350 2610 1397 ante
2631 1358 2802 1398 annos
2827 1342 3018 1413 viginti
3045 1351 3299 1412 quatuor,
3345 1355 3575 1411 parvum
3604 1338 3789 1395 adhuc

2191 1447 2439 1504 puerum,
2491 1442 2548 1490 et
2571 1435 2870 1501 venditum,
2914 1426 3118 1506 fugisse
3147 1443 3333 1489 autem
3357 1448 3505 1489 anno
3525 1431 3789 1503 praesenti

2191 1543 2318 1584 cum
2338 1527 2446 1583 alio
2469 1529 2564 1599 qui
2593 1529 2843 1585 similiter
2865 1528 3078 1585 furatus
3106 1528 3287 1585 fuerat
3310 1529 3530 1585 Arelate
3578 1529 3648 1585 ab
3679 1529 3791 1584 alio

2193 1618 2382 1676 Iudaeo
2404 1629 2531 1676 ante
2558 1636 2868 1679 annossex.
2954 1620 3201 1694 Cumque
3225 1621 3409 1692 hujus,
3438 1622 3529 1693 qui
3565 1621 3788 1693 Lugdu-

2195 1714 2383 1769 nensis
2413 1714 2614 1781 fuerat,
2659 1724 2820 1772 notos
2856 1731 3243 1787 quaereremus,
3286 1722 3342 1772 et
3394 1716 3788 1781 inveniremus,

2197 1802 2401 1859 dictum
2424 1814 2508 1861 est
2531 1821 2563 1860 a
2584 1807 2909 1876 quibusdam
2936 1815 2991 1863 et
3017 1807 3151 1864 alios
3182 1807 3250 1862 ab
3274 1808 3467 1863 eodem
3488 1805 3677 1862 Iudaeo
3702 1805 3790 1862 iiu-

500 1906 702 1956 vestrse
733 1899 943 1968 audire,
977 1901 1225 1956 dicamus
1246 1897 1377 1970 quid
1400 1898 1662 1955 Ecclesiae
1693 1897 2015 1964 Galliarum,
2036 1907 2093 1955 et
2118 1914 2170 1977 Β
2195 1906 2366 1963 ratos,
2404 1898 2538 1955 alios
2580 1914 2712 1955 vero
2747 1908 2962 1971 emptos
2987 1916 3052 1956 ac
3080 1901 3359 1966 venditus;
3413 1900 3481 1956 ab
3511 1900 3618 1956 alio
3652 1916 3791 1971 quo-

502 2000 748 2051 rectores
766 2009 978 2062 earum,
992 1995 1022 2037 ιι
1051 2002 1161 2049 tam
1189 2009 1345 2065 reges
1364 2008 1528 2063 quam
1551 1992 1791 2062 episcopi
1814 1992 1881 2047 de
1894 1991 2101 2047 discre-

507 2088 657 2146 tione
685 2088 1307 2162 utriusque'religionis,
1364 2084 1748 2144 ecclesiasticas
1770 2085 2025 2142 videlicet
2044 2090 2102 2143 et

501 2178 761 2250 Iudaicae,
778 2181 1073 2248 tenuerint,
1091 2181 1494 2251 tenendumque
1514 2178 1855 2244 tradiderint,
1883 2186 1941 2233 et
1966 2177 2103 2233 scri-

500 2282 660 2346 ptum
685 2274 921 2346 posteris
956 2273 1300 2344 reliquerint,
1338 2281 1393 2329 et
1411 2271 1683 2343 quomodo
1703 2284 2005 2327 consonum
2026 2270 2100 2326 sit

504 2366 818 2423 auctoritati
843 2366 934 2423 vel
960 2366 1173 2423 actibus
1221 2364 1557 2436 apostolicis,
1610 2370 1666 2419 et
1713 2378 1746 2420 a
1782 2360 1967 2417 Veteri
1996 2361 2101 2417 Te-

502 2470 783 2521 stamento
803 2463 1072 2536 originem
1116 2462 1359 2520 trahens.
1423 2462 1503 2517 Ex
1530 2461 1726 2532 quibus
1753 2461 2097 2517 demonstra-

2198 2008 2305 2064 que
2328 1990 2515 2049 Judan
2531 2009 2676 2050 anno
2699 1997 2955 2067 praesenti
2997 1995 3163 2051 alium
3195 2011 3424 2067 puerum
3469 1994 3711 2051 furatum
3739 2003 3797 2050 et

2200 2091 2482 2146 venditum
2508 2111 2522 2147 :
2554 2109 2661 2164 qua
2682 2093 2817 2149 hora
2836 2093 3115 2149 inventum
3137 2099 3220 2148 est
3245 2092 3430 2163 plures
3453 2091 3795 2148 Christianos

2205 2197 2235 2237 a
2272 2183 2594 2241 Christianis
2638 2185 2801 2240 vendi
2851 2194 2907 2240 et
2934 2185 3239 2256 comparari
3266 2201 3297 2240 a
3339 2182 3562 2250 Iudaeis,
3599 2197 3797 2256 perpe-

2204 2275 2449 2346 trarique
2467 2276 2538 2333 ab
2555 2277 2634 2332 eis
2656 2276 2827 2333 multa
2845 2277 3067 2334 infanda
3087 2294 3210 2349 quae
3229 2277 3410 2351 turpia
3429 2284 3556 2334 sunt
3577 2275 3646 2332 ad
3659 2275 3800 2332 scri-

2208 2369 2466 2426 bendum.

1859 2570 2135 2629 BALUZII
2170 2570 2404 2630 NOTAE.

506 2669 655 2727 ciant
689 2683 854 2741 quam
892 2674 1052 2741 antea
1090 2666 1256 2723 fuisse
1293 2671 1621 2741 noscuntur;
1655 2662 1747 2736 qui
1780 2664 1982 2741 utique
2002 2680 2102 2735 pro

503 2737 922 2814 magno'debent
939 2740 1148 2814 habere
1174 2737 1317 2809 quod
1343 2737 1400 2792 in
1426 2737 1701 2792 veteribus
1729 2737 2016 2807 synagogis
2048 2742 2103 2791 et

507 2810 624 2875 suis
648 2810 1006 2873 observandis
1029 2810 1349 2867 tolerantur.
1386 2827 1406 2863 ι

582 2896 610 2923 ιι
650 2880 887 2937 Mercata
925 2881 980 2939 in
1019 2880 1269 2939 sabbatis.
1311 2878 1610 2948 Antiquum
1646 2892 1777 2948 ergo
1819 2884 1927 2935 est.
1959 2877 2103 2948 quod

509 2960 752 3011 mercata
788 2948 924 3005 ﬁunt
952 2951 1009 3004 in
1046 2951 1133 3005 die
1161 2948 1392 3005 sabbati.
1430 2948 1566 3003 Tum
1603 2948 1765 3019 paulo
1794 2957 1917 3018 post
1946 2949 2105 3003 ratio-

510 3040 635 3080 nem
666 3020 825 3091 hujus
864 3020 1098 3084 instituti
1141 3019 1296 3075 affert
1325 3019 1659 3089 Agobardus.
1700 3019 1998 3091 Nimirum,
2042 3028 2102 3074 ut

510 3089 779 3165 coemptis
810 3106 878 3152 eo
904 3092 992 3165 die
1027 3091 1375 3165 necessariis,
1403 3090 1665 3160 postridie
1690 3091 1915 3165 liberius
1946 3089 2103 3165 Chri-

511 3162 687 3241 stiani
703 3164 815 3231 Deo
841 3162 1320 3241 servirentublain.
1338 3176 1434 3241 per
1462 3169 1633 3241 totum
1674 3162 1816 3219 diem
1832 3203 1847 3227 ,
1871 3162 2103 3241 quoties

512 3234 682 3293 festus
709 3242 856 3301 erat,
890 3235 1095 3301 antiqui
1122 3231 1414 3289 Christiani
1446 3231 1714 3286 vacabant
1745 3231 1976 3287 orationi
1999 3273 2013 3299 ,
2045 3241 2104 3288 ut

511 3316 662 3381 patet
680 3302 1409 3381 erglfacundullermianensi
1428 3303 1482 3357 in
1504 3302 1819 3381 praefatione
1838 3304 2101 3381 librorum

2211 2666 2328 2720 cius
2368 2664 2486 2719 ﬁeri
2526 2679 2555 2719 a
2596 2660 3372 2735 Christianisprohibuerunt.
3410 2658 3678 2735 Nimirum
3714 2675 3804 2716 re-

2210 2736 2534 2807 frigescente
2555 2737 2608 2791 in
2625 2737 2748 2807 dies
2771 2733 3053 2800 charitate,
3081 2734 3483 2807 superabundat
3508 2733 3796 2807 iniquitas;

2208 2814 2270 2862 ut
2288 2804 2536 2863 futurum
2563 2804 2816 2877 praedixit
2848 2808 3098 2865 Christus
3131 2807 3287 2862 Jesus
3311 2805 3368 2860 in
3396 2804 3691 2874 Evangelio
3720 2820 3806 2859 se-

2209 2879 2447 2935 cundum
2472 2877 2802 2935 Mattbaeum.

2282 2948 2311 2990 ι)
2350 2948 2479 3003 Tam
2508 2966 2669 3019 reges.
2715 2948 2977 3020 Regimen
3013 2949 3270 3004 Ecclesia:
3296 2946 3585 3020 Gallicanae
3610 2944 3807 3020 dividit

2211 3020 2357 3075 inter
2386 3035 2539 3090 reges
2565 3017 2630 3075 'et
2657 3017 2956 3091 episcopos.
3000 3020 3241 3076 Ecclesia
3284 3019 3431 3074 enim
3458 3017 3806 3091 principibus

2208 3088 2497 3163 commissa
2530 3099 2616 3147 est
2649 3088 2715 3145 ad
2742 3088 3068 3163 regendum;
3099 3102 3160 3147 ut
3200 3093 3280 3146 ait
3317 3089 3544 3163 Carolus
3579 3088 3807 3163 Magnus

2211 3162 2266 3234 in
2288 3162 2605 3234 praefatione
2629 3160 2893 3219 librorum
2921 3162 2985 3219 de
3009 3179 3116 3219 non
3132 3162 3431 3234 aderandis
3455 3160 3802 3234 imaginibus,

2209 3231 2449 3309 itemque
2476 3234 2923 3309 synodusbabila
2951 3235 3093 3309 apud
3116 3231 3630 3309 Theodonis-villam
3658 3246 3805 3309 anno

2211 3300 2581 3369 849,‘can.'l.
2628 3304 2777 3360 Unde
2809 3315 2861 3359 et
2892 3300 3128 3375 episcopi
3171 3304 3223 3358 in
3266 3302 3471 3375 synodo
3511 3300 3806 3375 Parisiensi

513 3370 654 3452 quos
680 3376 852 3432 edidit
870 3390 971 3452 pro
994 3376 1306 3452 defensione
1324 3370 1909 3452 _trium:Capitulorum.
1949 3395 1967 3426 ι
2001 3376 2104 3452 Vix
2132 3388 2178 3452 ρ
2210 3377 2523 3452 congregati
2546 3391 2689 3432 anno
2714 3376 2819 3429 8‘24
2842 3370 3143 3452 scribentes
3173 3378 3241 3432 ad
3267 3370 3597 3452 [Ludovicum
3623 3380 3678 3452 et
3703 3371 3808 3426 Lo-

513 3446 649 3575 milﬁ
680 3446 890 3523 septeni
916 3447 1154 3511 dierum,
1188 3447 1395 3520 inquit,
1430 3446 1662 3501 inducite
1696 3446 1836 3505 data:
1861 3455 2017 3514 sunt,
2045 3448 2102 3504 in

514 3522 607 3575 aui
650 3535 709 3573 us
733 3529 887 3573 erant
909 3519 1071 3573 etiam
1095 3517 1201 3573 duo
1230 3517 1375 3573 festi.
1408 3538 1426 3569 ι
1453 3515 1721 3571 Prrcclare
1749 3518 1914 3575 igitur
1938 3516 2102 3573 Joan-

514 3515 709 3593 quibus
733 3515 887 3593 erant
909 3519 1071 3593 etiam
1095 3517 1201 3573 duo
1230 3515 1378 3593 festi.
1408 3538 1426 3569 ι
1453 3515 1919 3593 erclareigitur
1938 3516 2103 3593 Joan-

512 3584 613 3662 nes
643 3589 941 3662 Monlucius
971 3588 1254 3662 episcopus
1282 3588 1600 3662 Valentinus
1630 3588 1685 3642 in
1722 3584 1860 3662 libro
1887 3584 1964 3644 De
1989 3589 2103 3662 lte-

512 3659 1295 3742 formationeICleri'Valentini
1317 3668 1372 3742 et
1396 3659 1611 3742 Diensis
1636 3676 1757 3742 cap.
1786 3660 1856 3715 55
1886 3679 1898 3714 :
1933 3679 1952 3711 ‹
1984 3661 2101 3715 Non

514 3734 662 3803 enim
690 3733 803 3793 dies
828 3732 948 3788 illos
987 3733 1220 3803 majores
1248 3732 1423 3795 nostri
1449 3730 1654 3789 otiosos
1695 3730 1817 3793 ideo
1846 3747 1968 3788 esse
2008 3748 2103 3786 vo-

512 3802 752 3870 luerunt,
797 3811 857 3858 ut
896 3804 952 3857 in
982 3802 1239 3875 bisdilllll
1267 3816 1567 3875 ageremus,
1597 3810 1651 3856 ct
1692 3810 1901 3875 tantum
1943 3803 2102 3875 plane

514 3888 885 3941 cessaremus;
932 3874 1027 3930 sed
1065 3872 1325 3929 festorum
1367 3872 1505 3927 ratio
1545 3872 1813 3943 praecipue
1851 3875 1907 3928 in
1946 3872 2106 3928 Chri-

513 3947 708 4019 stianis
730 3945 1088 4019 cessationem
1120 3944 1550 4019 habetlabOrum
1575 3952 1907 4019 etoperum,
1934 3953 1994 4001 ut
2018 3962 2103 3999 sa-

514 4032 613 4075 cra
637 4017 724 4072 his
745 4016 932 4073 diebus
967 4018 1126 4073 adeat
1144 4016 1391 4088 populus,
1421 4014 1603 4088 cultus
1630 4014 1745 4088 Deo
1762 4015 2103 4088 honoresque

515 4103 582 4144 ac
622 4100 812 4157 preces
847 4085 1545 4153 adhibeatfconcionibus,
1570 4085 1820 4157 publicis
1850 4085 2104 4143 Ecclesiae

511 4154 877 4230 precibus,__et
899 4158 1040 4215 votis
1067 4159 1206 4214 adsit
1248 4156 1515 4230 assiduus.
1556 4154 1637 4211 0b
1679 4158 1976 4230 easigitur
2005 4174 2103 4214 nos

514 4227 710 4286 causas
738 4228 1031 4293 ediximus,
1057 4237 1116 4287 ut
1141 4230 1257 4284 dies
1283 4227 1612 4291 Dominicos,
1645 4237 1700 4281 et
1739 4227 1898 4293 alios,
1927 4230 2020 4298 qui
2050 4230 2103 4283 in

514 4299 762 4370 catalogo
786 4304 972 4354 nostro
992 4307 1403 4370 enumerantur,
1428 4307 1679 4359 accurate
1706 4314 1895 4355 onmes
1925 4301 1979 4355 in
2009 4315 2105 4353 no-

516 4370 650 4427 stris
677 4369 1002 4426 diaecesibus
1030 4377 1219 4441 agant,
1248 4379 1303 4424 et
1332 4369 1612 4441 religiose;
1643 4371 1887 4441 atquein
1916 4370 2106 4440 primis

515 4448 712 4499 curent
754 4456 823 4497 ne
862 4441 949 4499 his
990 4439 1182 4497 die—bus
1221 4441 1343 4497 ullae
1388 4439 1661 4506 ludorum,
1696 4439 2019 4501 fabularum,
2053 4449 2107 4494 et

513 4512 747 4584 aliorum
776 4511 831 4569 id
859 4527 1037 4584 genus,
1059 4512 1390 4584 ludicrorum
1427 4511 1689 4584 coitiones
1716 4513 1931 4584 Iiant.__i
1968 4512 2105 4584 Tum

516 4583 586 4639 ad
612 4581 987 4654 probationem
1024 4582 1184 4654 hujus
1220 4583 1415 4653 capitis
1442 4582 1585 4654 inter
1608 4592 1802 4638 caetera
1833 4581 1988 4637 affert
2016 4583 2108 4637 de-

516 4663 732 4711 cretum
776 4653 992 4710 concilii
1036 4653 1383 4724 provincialis
1429 4653 1790 4719 Coloniensis,
1835 4655 1978 4722 quod
2026 4654 2105 4710 sic

515 4723 685 4797 habet
708 4743 773 4797 εξ(
802 4723 1096 4797 Diligentér
1118 4740 1330 4796 quoque
1355 4725 1586 4797 pepulus
1607 4725 1979 4797 admonendus
1998 4733 2103 4791 est,

517 4793 814 4868 cur__feriar,
845 4793 1261 4868 etpotissiiiiuui
1287 4793 1402 4852 dies
1427 4793 1759 4861 Dominicus,
1789 4796 1881 4865 qui
1913 4811 1951 4868 ag
1973 4803 2107 4868 tem-

591 4865 743 4947 ribus
765 4865 1129 4947 apostolorum
1147 4869 1213 4947 in
1245 4868 1486 4925 Ecclesia
1512 4868 1608 4923 Dei
1634 4882 1850 4947 semper
1872 4865 2107 4922 celebris

544 4936 656 5017 ὶιίι.ἲ
692 4936 951 4993 instituta).
976 4939 1114 5017 _sint.
1147 4938 1591 5017 Nempeuttum
1632 4939 1687 4992 in
1709 4953 2106 5017 _unum_omnc_s

514 5008 739 5079 pariter
763 5010 1115 5079 convenirent
1140 5012 1211 5067 ad
1246 5008 1572 5067 audiendum
1610 5009 1833 5063 verbum
1869 5008 2102 5075 Domini,

518 5074 593 5158 ad
618 5076 944 5158 audiendum
973 5096 1186 5158 quoque
1212 5088 1534 5158 sgeru1n,_et
1562 5074 2101 5158 communicandum;

515 5145 785 5216 breviter,
820 5149 891 5207 ad
913 5145 1211 5208 vacandum
1237 5152 1348 5207 Deo
1376 5150 1505 5215 soli;
1548 5158 1608 5204 ut
1633 5149 1751 5204 dies
1774 5149 1863 5204 illa
1892 5158 2104 5205 tantum

516 5219 878 5294 orationibus,
926 5221 1158 5294 hymnis,
1199 5222 1422 5293 psalmis
1454 5228 1510 5276 et
1547 5220 1773 5294 canticis
1811 5220 2105 5294 spirituali-

516 5286 625 5345 bus
668 5286 1015 5366 transigatur.
1065 5286 1177 5366 lloc
1199 5286 1365 5348 'enim
1407 5300 1491 5366 est
1520 5286 1871 5366 sanctificatio
1913 5291 2105 5366 sabbaf

523 5368 663 5415 tum.
710 5382 729 5415 ι
780 5360 959 5437 Αιῖιιιθ
1002 5364 1209 5423 utinam
1251 5365 1367 5437 haec
1408 5361 1767 5437 intelligerent
1796 5360 2104 5437 Christiani

520 5440 835 5499 nostrorum
868 5433 1192 5505 temporum,
1223 5435 1315 5505 qui
1345 5433 1459 5489 huic
1499 5433 1680 5505 omnia
1719 5433 1931 5502 publice
1963 5449 2107 5491 nunc

522 5450 835 5499 nosrrorum
868 5450 1169 5505 temporum
1262 5450 1315 5489 ui
1346 5450 1459 5489 nate
1499 5450 1680 5491 omnia
1719 5450 1931 5502 puunce
1963 5450 2107 5491 nunc

522 5512 689 5572 agunt
728 5521 849 5578 qua:
888 5507 1124 5577 synodus
1160 5450 1497 5562 CoTOniensis
1534 5511 1589 5561 et
1629 5501 1862 5561 Joannes
1902 5505 2107 5565 Muniu-

2131 4765 2185 4825 D

2211 3444 2451 3503 tbarium
2483 3448 2870 3517 imperatores,
2902 3448 3054 3503 aiunt
3094 3448 3241 3517 ipsos
3276 3445 3549 3517 principes
3588 3444 3807 3499 univcr.

2211 3534 2327 3573 sam
2359 3527 2602 3572 sanctam
2630 3519 2724 3573 Dei
2766 3519 3087 3585 Ecclesiam,
3111 3517 3339 3575 Domino
3380 3517 3725 3584 dispensante
3750 3523 3808 3569 et

2210 3590 2602 3655 committente,
2637 3591 2960 3662 gubernare.
2989 3584 3396 3662 Et’Ludovicus
3426 3587 3553 3641 Pius
3587 3588 3653 3640 ad
3690 3584 3805 3662 R97

2209 3676 2428 3731 manum
2461 3656 2774 3731 pontificem
2817 3663 3092 3726 scribens,
3124 3661 3382 3731 Spiritum
3414 3664 3656 3731 sanctum
3698 3656 3803 3731 sibi

2209 3726 2481 3787 Ludovico
2521 3732 2706 3791 datum
2742 3748 2864 3789 esse
2908 3734 3003 3789 ait.
3053 3726 3182 3789 Sed'
3201 3730 3334 3789 nihil
3376 3730 3637 3799 apertius,
3669 3726 3807 3799 nihil

2208 3800 2564 3875 Aggobardicae
2621 3805 2902 3858 sententiae
2958 3803 3379 3875 congruentius,
3410 3798 3612 3875 iquam
3656 3798 3805 3875 quod

2210 3869 2363 3926 aiunt
2401 3869 2638 3944 episcopi
2685 3875 2740 3929 in
2783 3890 2991 3929 canone
3034 3869 3091 3927 ιι*
3118 3873 3359 3943 ejusdem
3405 3871 3613 3944 concilii
3662 3869 3805 3944 apud

2212 3940 2751 4005 Theodoiiis-villam.
2792 3964 2809 3997 ι
2847 3945 2986 4011 Quia
3012 3940 3161 3999 bene
3184 3944 3385 4002 nostis.
3420 3942 3703 4010 inquiunt,
3734 3940 3807 3996 ab

2211 4015 2325 4078 illo,
2350 4017 2440 4085 qui
2469 4016 2615 4071 solus
2642 4017 2836 4071 merito
2865 4025 2919 4070 et
2954 4031 3047 4071 rex
3077 4024 3131 4070 et
3160 4014 3414 4071 sacerdos
3433 4012 3568 4085 ﬁeri
3597 4012 3804 4085 potuit,

2211 4086 2287 4143 ita
2304 4083 2597 4143 Ecclesiam
2615 4088 2927 4155 dispositam
2942 4103 3082 4151 esse,
3100 4096 3159 4141 ut
3172 4083 3466 4157 pontiﬁcali
3481 4083 3807 4157 auctoritate

2211 4166 2266 4210 et
2300 4158 2468 4226 regali
2495 4154 2762 4226 potestate
2787 4159 3136 4225 gubernetur.
3170 4154 3189 4209 ἱ
3224 4158 3358 4211 Vide
3386 4154 3623 4213 Marcam
3653 4155 3709 4213 in
3734 4154 3806 4208 li-

2211 4228 2309 4289 bro
2338 4229 2574 4298 secundo
2604 4228 2669 4283 de
2697 4227 3019 4293 Concordia,
3046 4243 3164 4298 cap.
3196 4229 3393 4298 primo.

2286 4309 2307 4336 ο
2351 4296 2486 4355 Cum
2523 4298 2876 4368 confratribus
2913 4295 3251 4364 contulimus,
3282 4298 3335 4354 id
3372 4307 3487 4363 est,
3528 4312 3653 4352 cum
3683 4295 3805 4365 cpi—

2212 4369 2411 4439 scopis.
2460 4369 2596 4441 llinc
2644 4370 2823 4439 itaque
2869 4370 3066 4427 confici
3111 4386 3270 4441 posse
3308 4377 3438 4439 puto
3486 4376 3807 4441 sequentem

2212 4438 2493 4510 epiStolam
2528 4440 2693 4497 fuisse
2722 4442 2978 4512 scriptam
3006 4458 3035 4497 e
3065 4438 3272 4511 sy'nodo,
3292 4438 3568 4509 quapiam,
3598 4438 3685 4512 cui
3716 4438 3804 4512 in-

2211 4508 2459 4567 tel'fuerit
2485 4513 2798 4582 Agobardus
2817 4508 2848 4577 ;“
2875 4514 3021 4582 quod
3060 4508 3544 4571 indicareividetur
3573 4508 3807 4576 epistola

2211 4582 2324 4649 illa,
2366 4601 2488 4653 quae
2523 4584 2739 4639 nomine
2768 4586 2928 4638 trium
2962 4586 3342 4653 episcoporum
3368 4582 3715 4653 scripta_est,
3746 4588 3809 4653 et

2212 4657 2281 4707 ab
2311 4649 2596 4723 Agbbardo
2635 4655 2796 4710 simul
2827 4649 3008 4710 missa
3030 4656 3098 4710 ad
3142 4649 3523 4723 imperatorem
3566 4649 3809 4723 Ludovif

2212 4741 2334 4780 cum
2363 4721 2542 4779 Pium.
2591 4724 2732 4779 Fieri
2762 4726 2960 4795 quippe
2997 4734 3175 4794 potest
3215 4721 3272 4781 ut
3318 4725 3371 4780 bi
3408 4734 3523 4780 tres
3563 4721 3807 4795 episcopi

2214 4796 2532 4865 scripserint
2564 4792 2793 4850 nomine
2819 4792 3212 4865 tutius—synodi
3232 4836 3245 4861 ,
3285 4795 3677 4867 Agobardoque
3705 4792 3809 4867 de:

2213 4862 2467 4923 mandata
2512 4883 2640 4921 cura
2685 4867 2756 4922 sit
2786 4862 3361 4937 mittendi-epistolam
3392 4862 3809 4937 synodicantad

2212 4938 2510 5008 principem
2539 4956 2552 4992 :
2582 4939 2725 5008 quod
2758 4938 2845 4993 ille
2880 4933 3142 5009 prtcstare
3180 4939 3384 5003 noluit,
3411 4933 3541 5009 quin
3585 4933 3811 5009 relatio-

2213 5006 2338 5064 nem
2370 5006 2585 5079 quoque
2601 5006 2764 5065 suam
2788 5006 3122 5079 adiungeret.
3148 5010 3215 5065 Et
3242 5006 3491 5079 fortasSis
3509 5006 3653 5079 istud
3680 5019 3809 5073 per-

2215 5089 2394 5134 actum
2438 5078 2523 5135 est
2564 5082 2616 5136 in
2658 5083 2865 5151 synodo
2906 5078 3025 5150 qua:
3074 5097 3214 5136 anno
3259 5081 3357 5137 82l
3406 5078 3678 5151 celebrata
3719 5083 3810 5133 est

2211 5152 2355 5276 ‘apud
2382 5147 2700 5276 L‘ugdunum
2717 5194 2730 5215 ,
2761 5154 2846 5209 cui
2876 5147 3194 5223 Agebardus
3220 5161 3274 5209 et
3298 5149 3609 5211 Bernartius
3634 5147 3809 5203 inter-

2237 5238 2404 5276 uerun
2437 5263 2448 5275 .

2237 5231 2448 5281 uerunt.

2284 5294 2311 5333 ιι
2350 5291 2622 5357 Cordoba,
2666 5296 2778 5351 sive
2811 5295 3094 5362 Corduba;
3129 5311 3248 5365 qua:
3289 5293 3712 5351 Sarracenorum
3745 5290 3805 5365 in

2215 5363 2471 5438 Hispania
2500 5366 2655 5420 sedes
2687 5376 2826 5431 erat,
2857 5376 2914 5421 ut
2941 5360 3098 5438 docet
3123 5360 3297 5438 Lucas
3319 5364 3582 5438 Tudensis
3609 5379 3632 5438 :_
3657 5360 3806 5438 quod

2214 5431 2379 5508 etiam
2412 5438 2588 5507 colligi
2630 5446 2806 5507 potest
2835 5453 2898 5493 ex
2940 5435 3168 5508 epistola
3199 5436 3409 5507 Eulogii
3438 5431 3809 5493 Cordubensis

2215 5509 2286 5563 ad
2315 5507 2692 5565 Wilicsindum
2720 5507 3033 5580 episcopum
3064 5509 3550 5579 Pampilouensem.
