  <div class='ocr_page' id='page_1' title='image "/cluster/home/n/w/nwhite01/storage/ocr_20150623/104/hvd.32044015466824/045.png"; bbox 0 0 4088 6344; ppageno 0'>
   <div class='ocr_carea' id='block_1_1' title="bbox 533 411 3827 509">
    <p class='ocr_par' dir='ltr' id='par_1_1' title="bbox 533 411 3827 509">
     <span class='ocr_line' id='line_1_1' title="bbox 533 411 3827 509; baseline -0.012 -2"><span class='ocrx_word' id='word_1_1' title='bbox 533 450 605 509; x_wconf 74' lang='grc'><strong>70</strong></span> <span class='ocrx_word' id='word_1_2' title='bbox 1532 438 1590 493; x_wconf 89' lang='lat' dir='ltr'><strong>S.</strong></span> <span class='ocrx_word' id='word_1_3' title='bbox 1631 432 1981 494; x_wconf 83' lang='lat' dir='ltr'><strong>AGOBARDl</strong></span> <span class='ocrx_word' id='word_1_4' title='bbox 2018 428 2329 488; x_wconf 83' lang='lat' dir='ltr'><strong>EPISCOPI</strong></span> <span class='ocrx_word' id='word_1_5' title='bbox 2367 421 2857 485; x_wconf 82' lang='lat' dir='ltr'><strong>LUGDUNENSIS</strong></span> <span class='ocrx_word' id='word_1_6' title='bbox 3754 411 3827 469; x_wconf 85' lang='lat'><strong>80</strong></span> 
     </span>
    </p>
   </div>
   <div class='ocr_carea' id='block_1_2' title="bbox 529 530 3833 633">
    <p class='ocr_par' dir='ltr' id='par_1_2' title="bbox 529 530 3833 633">
     <span class='ocr_line' id='line_1_2' title="bbox 529 530 3833 633; baseline -0.01 -11"><span class='ocrx_word' id='word_1_7' title='bbox 529 571 650 624; x_wconf 86' lang='lat' dir='ltr'><strong>stus</strong></span> <span class='ocrx_word' id='word_1_8' title='bbox 671 557 1060 633; x_wconf 85' lang='lat' dir='ltr'><strong>pacificaturus</strong></span> <span class='ocrx_word' id='word_1_9' title='bbox 1082 553 1265 611; x_wconf 85' lang='lat' dir='ltr'><strong>omnia</strong></span> <span class='ocrx_word' id='word_1_10' title='bbox 1298 567 1398 624; x_wconf 89' lang='lat' dir='ltr'><strong>per</strong></span> <span class='ocrx_word' id='word_1_11' title='bbox 1433 550 1751 624; x_wconf 89' lang='lat' dir='ltr'><strong>sanguinem</strong></span> <span class='ocrx_word' id='word_1_12' title='bbox 1776 546 1957 604; x_wconf 91' lang='lat' dir='ltr'><strong>crucis</strong></span> <span class='ocrx_word' id='word_1_13' title='bbox 1986 562 2120 614; x_wconf 71' lang='lat' dir='ltr'><strong>suae,</strong></span> <span class='ocrx_word' id='word_1_14' title='bbox 2148 548 2204 610; x_wconf 85' lang='grc' dir='ltr'><strong>Α</strong></span> <span class='ocrx_word' id='word_1_15' title='bbox 2225 552 2457 601; x_wconf 87' lang='lat' dir='ltr'><strong>mortem</strong></span> <span class='ocrx_word' id='word_1_16' title='bbox 2493 544 2699 610; x_wconf 87' lang='lat' dir='ltr'><strong>subire,</strong></span> <span class='ocrx_word' id='word_1_17' title='bbox 2740 556 2811 598; x_wconf 90' lang='lat' dir='ltr'><strong>ne</strong></span> <span class='ocrx_word' id='word_1_18' title='bbox 2838 535 3272 596; x_wconf 80' lang='lat' dir='ltr'><strong>dissimulatione</strong></span> <span class='ocrx_word' id='word_1_19' title='bbox 3312 531 3397 591; x_wconf 90' lang='lat' dir='ltr'><strong>sui</strong></span> <span class='ocrx_word' id='word_1_20' title='bbox 3437 530 3833 603; x_wconf 64' lang='lat' dir='ltr'><strong>prevaricato-</strong></span> 
     </span>
    </p>
   </div>
   <div class='ocr_carea' id='block_1_3' title="bbox 529 648 2126 719">
    <p class='ocr_par' dir='ltr' id='par_1_3' title="bbox 529 648 2126 719">
     <span class='ocr_line' id='line_1_3' title="bbox 529 648 2126 719; baseline -0.009 -8"><span class='ocrx_word' id='word_1_21' title='bbox 529 654 784 711; x_wconf 90' lang='lat' dir='ltr'><strong>venditus</strong></span> <span class='ocrx_word' id='word_1_22' title='bbox 810 660 895 709; x_wconf 91' lang='lat' dir='ltr'><strong>est</strong></span> <span class='ocrx_word' id='word_1_23' title='bbox 930 666 963 707; x_wconf 87' lang='lat' dir='ltr'><strong>a</strong></span> <span class='ocrx_word' id='word_1_24' title='bbox 990 649 1129 706; x_wconf 87' lang='lat' dir='ltr'><strong>falso</strong></span> <span class='ocrx_word' id='word_1_25' title='bbox 1151 648 1433 719; x_wconf 88' lang='lat' dir='ltr'><strong>discipulo,</strong></span> <span class='ocrx_word' id='word_1_26' title='bbox 1459 654 1516 703; x_wconf 91' lang='lat' dir='ltr'><strong>et</strong></span> <span class='ocrx_word' id='word_1_27' title='bbox 1548 659 1574 688; x_wconf 73' lang='grc' dir='ltr'><strong>ι</strong></span> <span class='ocrx_word' id='word_1_28' title='bbox 1604 651 1953 715; x_wconf 87' lang='lat' dir='ltr'><strong>comparatus</strong></span> <span class='ocrx_word' id='word_1_29' title='bbox 1977 658 2008 697; x_wconf 90' lang='lat' dir='ltr'><strong>a</strong></span> <span class='ocrx_word' id='word_1_30' title='bbox 2033 656 2126 696; x_wconf 86' lang='lat' dir='ltr'><strong>ve-</strong></span> 
     </span>
    </p>
   </div>
   <div class='ocr_carea' id='block_1_4' title="bbox 528 734 2122 819">
    <p class='ocr_par' dir='ltr' id='par_1_4' title="bbox 528 734 2122 819">
     <span class='ocr_line' id='line_1_4' title="bbox 528 734 2122 819; baseline -0.009 -14"><span class='ocrx_word' id='word_1_31' title='bbox 528 749 608 805; x_wconf 93' lang='lat' dir='ltr'><strong>ris</strong></span> <span class='ocrx_word' id='word_1_32' title='bbox 632 743 1070 819; x_wconf 77' lang='lat' dir='ltr'><strong>persecutoribus</strong></span> <span class='ocrx_word' id='word_1_33' title='bbox 1095 742 1167 799; x_wconf 92' lang='lat' dir='ltr'><strong>ad</strong></span> <span class='ocrx_word' id='word_1_34' title='bbox 1209 739 1540 798; x_wconf 90' lang='lat' dir='ltr'><strong>illudendum</strong></span> <span class='ocrx_word' id='word_1_35' title='bbox 1573 746 1628 794; x_wconf 90' lang='lat' dir='ltr'><strong>et</strong></span> <span class='ocrx_word' id='word_1_36' title='bbox 1674 734 2122 808; x_wconf 86' lang='lat' dir='ltr'><strong>cruciﬁgendum,</strong></span> 
     </span>
    </p>
   </div>
   <div class='ocr_carea' id='block_1_5' title="bbox 530 825 2127 908">
    <p class='ocr_par' dir='ltr' id='par_1_5' title="bbox 530 825 2127 908">
     <span class='ocr_line' id='line_1_5' title="bbox 530 825 2127 908; baseline -0.01 -10"><span class='ocrx_word' id='word_1_37' title='bbox 530 842 603 898; x_wconf 90' lang='lat' dir='ltr'><strong>ita</strong></span> <span class='ocrx_word' id='word_1_38' title='bbox 644 852 791 895; x_wconf 90' lang='lat' dir='ltr'><strong>nunc</strong></span> <span class='ocrx_word' id='word_1_39' title='bbox 817 842 1165 908; x_wconf 77' lang='lat' dir='ltr'><strong>comparetur</strong></span> <span class='ocrx_word' id='word_1_40' title='bbox 1193 833 1261 889; x_wconf 88' lang='lat' dir='ltr'><strong>ab</strong></span> <span class='ocrx_word' id='word_1_41' title='bbox 1310 831 1490 903; x_wconf 89' lang='lat' dir='ltr'><strong>impiis</strong></span> <span class='ocrx_word' id='word_1_42' title='bbox 1519 827 1720 886; x_wconf 69' lang='lat' dir='ltr'><strong>Iudaeis</strong></span> <span class='ocrx_word' id='word_1_43' title='bbox 1748 829 1985 899; x_wconf 91' lang='lat' dir='ltr'><strong>quodam</strong></span> <span class='ocrx_word' id='word_1_44' title='bbox 2012 825 2127 883; x_wconf 60' lang='lat' dir='ltr'><strong>moi-</strong></span> 
     </span>
    </p>
   </div>
   <div class='ocr_carea' id='block_1_6' title="bbox 532 920 2125 1003">
    <p class='ocr_par' dir='ltr' id='par_1_6' title="bbox 532 920 2125 1003">
     <span class='ocr_line' id='line_1_6' title="bbox 532 920 2125 1003; baseline -0.008 -14"><span class='ocrx_word' id='word_1_45' title='bbox 532 934 603 989; x_wconf 93' lang='lat' dir='ltr'><strong>do</strong></span> <span class='ocrx_word' id='word_1_46' title='bbox 658 932 727 988; x_wconf 91' lang='lat' dir='ltr'><strong>ad</strong></span> <span class='ocrx_word' id='word_1_47' title='bbox 761 929 1181 1003; x_wconf 89' lang='lat' dir='ltr'><strong>vituperandum</strong></span> <span class='ocrx_word' id='word_1_48' title='bbox 1229 927 1480 983; x_wconf 89' lang='lat' dir='ltr'><strong>licentius</strong></span> <span class='ocrx_word' id='word_1_49' title='bbox 1522 931 1578 979; x_wconf 88' lang='lat' dir='ltr'><strong>et</strong></span> <span class='ocrx_word' id='word_1_50' title='bbox 1620 920 2125 995; x_wconf 88' lang='lat' dir='ltr'><strong>blasphemandum)</strong></span> 
     </span>
    </p>
   </div>
   <div class='ocr_carea' id='block_1_7' title="bbox 532 1012 2124 1092">
    <p class='ocr_par' dir='ltr' id='par_1_7' title="bbox 532 1012 2124 1092">
     <span class='ocr_line' id='line_1_7' title="bbox 532 1012 2124 1092; baseline -0.01 -9"><span class='ocrx_word' id='word_1_51' title='bbox 532 1024 824 1083; x_wconf 85' lang='lat' dir='ltr'><strong>scribimus</strong></span> <span class='ocrx_word' id='word_1_52' title='bbox 852 1030 1062 1079; x_wconf 90' lang='lat' dir='ltr'><strong>tantum</strong></span> <span class='ocrx_word' id='word_1_53' title='bbox 1087 1034 1262 1092; x_wconf 88' lang='lat' dir='ltr'><strong>pauca</strong></span> <span class='ocrx_word' id='word_1_54' title='bbox 1289 1018 1357 1074; x_wconf 93' lang='lat' dir='ltr'><strong>de</strong></span> <span class='ocrx_word' id='word_1_55' title='bbox 1385 1015 1649 1088; x_wconf 83' lang='lat' dir='ltr'><strong>exemplis</strong></span> <span class='ocrx_word' id='word_1_56' title='bbox 1674 1023 1731 1071; x_wconf 92' lang='lat' dir='ltr'><strong>et</strong></span> <span class='ocrx_word' id='word_1_57' title='bbox 1772 1015 1992 1071; x_wconf 85' lang='lat' dir='ltr'><strong>statutis</strong></span> <span class='ocrx_word' id='word_1_58' title='bbox 2020 1012 2124 1068; x_wconf 91' lang='lat' dir='ltr'><strong>Pa-</strong></span> 
     </span>
    </p>
   </div>
   <div class='ocr_carea' id='block_1_8' title="bbox 534 1110 2128 1187">
    <p class='ocr_par' dir='ltr' id='par_1_8' title="bbox 534 1110 2128 1187">
     <span class='ocr_line' id='line_1_8' title="bbox 534 1110 2128 1187; baseline -0.008 -11"><span class='ocrx_word' id='word_1_59' title='bbox 534 1128 704 1187; x_wconf 86' lang='lat' dir='ltr'><strong>trum,</strong></span> <span class='ocrx_word' id='word_1_60' title='bbox 732 1133 799 1175; x_wconf 88' lang='lat' dir='ltr'><strong>ac</strong></span> <span class='ocrx_word' id='word_1_61' title='bbox 824 1118 1019 1175; x_wconf 92' lang='lat' dir='ltr'><strong>deinde</strong></span> <span class='ocrx_word' id='word_1_62' title='bbox 1042 1117 1110 1173; x_wconf 96' lang='lat' dir='ltr'><strong>de</strong></span> <span class='ocrx_word' id='word_1_63' title='bbox 1135 1115 1287 1171; x_wconf 84' lang='lat' dir='ltr'><strong>Actis</strong></span> <span class='ocrx_word' id='word_1_64' title='bbox 1329 1110 1665 1184; x_wconf 83' lang='lat' dir='ltr'><strong>apostolicis,</strong></span> <span class='ocrx_word' id='word_1_65' title='bbox 1694 1111 1809 1167; x_wconf 87' lang='lat' dir='ltr'><strong>sive</strong></span> <span class='ocrx_word' id='word_1_66' title='bbox 1855 1111 1922 1165; x_wconf 84' lang='lat' dir='ltr'><strong>de</strong></span> <span class='ocrx_word' id='word_1_67' title='bbox 1951 1110 2128 1165; x_wconf 87' lang='lat' dir='ltr'><strong>Evan-</strong></span> 
     </span>
    </p>
   </div>
   <div class='ocr_carea' id='block_1_9' title="bbox 532 1202 2127 1286">
    <p class='ocr_par' dir='ltr' id='par_1_9' title="bbox 532 1202 2127 1286">
     <span class='ocr_line' id='line_1_9' title="bbox 532 1202 2127 1286; baseline -0.008 -17"><span class='ocrx_word' id='word_1_68' title='bbox 532 1212 689 1286; x_wconf 89' lang='lat' dir='ltr'><strong>geliis</strong></span> <span class='ocrx_word' id='word_1_69' title='bbox 716 1218 773 1267; x_wconf 91' lang='lat' dir='ltr'><strong>et</strong></span> <span class='ocrx_word' id='word_1_70' title='bbox 820 1210 1036 1268; x_wconf 80' lang='lat' dir='ltr'><strong>Veteris</strong></span> <span class='ocrx_word' id='word_1_71' title='bbox 1082 1206 1413 1265; x_wconf 87' lang='lat' dir='ltr'><strong>Testamenti</strong></span> <span class='ocrx_word' id='word_1_72' title='bbox 1458 1203 1776 1275; x_wconf 90' lang='lat' dir='ltr'><strong>Scripturis,</strong></span> <span class='ocrx_word' id='word_1_73' title='bbox 1812 1203 1881 1258; x_wconf 88' lang='lat' dir='ltr'><strong>ad</strong></span> <span class='ocrx_word' id='word_1_74' title='bbox 1927 1202 2127 1258; x_wconf 82' lang='lat' dir='ltr'><strong>conﬁr-</strong></span> 
     </span>
    </p>
   </div>
   <div class='ocr_carea' id='block_1_10' title="bbox 532 1295 2127 1374">
    <p class='ocr_par' dir='ltr' id='par_1_10' title="bbox 532 1295 2127 1374">
     <span class='ocr_line' id='line_1_10' title="bbox 532 1295 2127 1374; baseline -0.006 -14"><span class='ocrx_word' id='word_1_75' title='bbox 532 1303 789 1360; x_wconf 91' lang='lat' dir='ltr'><strong>mandam</strong></span> <span class='ocrx_word' id='word_1_76' title='bbox 837 1302 985 1374; x_wconf 86' lang='lat' dir='ltr'><strong>piam</strong></span> <span class='ocrx_word' id='word_1_77' title='bbox 1026 1298 1433 1374; x_wconf 79' lang='lat' dir='ltr'><strong>gubernationis</strong></span> <span class='ocrx_word' id='word_1_78' title='bbox 1474 1295 1813 1370; x_wconf 75' lang='lat' dir='ltr'><strong>vigilantiam</strong></span> <span class='ocrx_word' id='word_1_79' title='bbox 1861 1295 2127 1353; x_wconf 90' lang='lat' dir='ltr'><strong>bonorum</strong></span> 
     </span>
    </p>
   </div>
   <div class='ocr_carea' id='block_1_11' title="bbox 534 1402 838 1466">
    <p class='ocr_par' dir='ltr' id='par_1_11' title="bbox 534 1402 838 1466">
     <span class='ocr_line' id='line_1_11' title="bbox 534 1402 838 1466; baseline -0.01 -14"><span class='ocrx_word' id='word_1_80' title='bbox 534 1402 838 1466; x_wconf 88' lang='lat' dir='ltr'><strong>pastorum.</strong></span> 
     </span>
    </p>
   </div>
   <div class='ocr_carea' id='block_1_12' title="bbox 603 1480 2126 1558">
    <p class='ocr_par' dir='ltr' id='par_1_12' title="bbox 603 1480 2126 1558">
     <span class='ocr_line' id='line_1_12' title="bbox 603 1480 2126 1558; baseline -0.006 -14"><span class='ocrx_word' id='word_1_81' title='bbox 603 1488 668 1545; x_wconf 90' lang='lat' dir='ltr'><strong>ll.</strong></span> <span class='ocrx_word' id='word_1_82' title='bbox 705 1488 906 1544; x_wconf 84' lang='lat' dir='ltr'><strong>Beatus</strong></span> <span class='ocrx_word' id='word_1_83' title='bbox 933 1484 1213 1544; x_wconf 81' lang='lat' dir='ltr'><strong>confessor</strong></span> <span class='ocrx_word' id='word_1_84' title='bbox 1236 1483 1475 1541; x_wconf 81' lang='lat' dir='ltr'><strong>Hilarius</strong></span> <span class='ocrx_word' id='word_1_85' title='bbox 1498 1482 1590 1558; x_wconf 92' lang='lat' dir='ltr'><strong>(de</strong></span> <span class='ocrx_word' id='word_1_86' title='bbox 1614 1499 1724 1556; x_wconf 84' lang='lat' dir='ltr'><strong>quo</strong></span> <span class='ocrx_word' id='word_1_87' title='bbox 1749 1491 1971 1539; x_wconf 91' lang='lat' dir='ltr'><strong>sanctus</strong></span> <span class='ocrx_word' id='word_1_88' title='bbox 1994 1480 2126 1536; x_wconf 85' lang='lat' dir='ltr'><strong>Hie-</strong></span> 
     </span>
    </p>
   </div>
   <div class='ocr_carea' id='block_1_13' title="bbox 531 1572 2129 1652">
    <p class='ocr_par' dir='ltr' id='par_1_13' title="bbox 531 1572 2129 1652">
     <span class='ocr_line' id='line_1_13' title="bbox 531 1572 2129 1652; baseline -0.008 -16"><span class='ocrx_word' id='word_1_89' title='bbox 531 1595 794 1652; x_wconf 87' lang='lat' dir='ltr'><strong>ronymus</strong></span> <span class='ocrx_word' id='word_1_90' title='bbox 818 1580 897 1634; x_wconf 91' lang='lat' dir='ltr'><strong>ita</strong></span> <span class='ocrx_word' id='word_1_91' title='bbox 919 1577 1162 1650; x_wconf 81' lang='lat' dir='ltr'><strong>loquitur</strong></span> <span class='ocrx_word' id='word_1_92' title='bbox 1184 1576 1241 1631; x_wconf 91' lang='lat' dir='ltr'><strong>in</strong></span> <span class='ocrx_word' id='word_1_93' title='bbox 1266 1576 1494 1647; x_wconf 88' lang='lat' dir='ltr'><strong>epistola</strong></span> <span class='ocrx_word' id='word_1_94' title='bbox 1519 1574 1589 1632; x_wconf 89' lang='lat' dir='ltr'><strong>ad</strong></span> <span class='ocrx_word' id='word_1_95' title='bbox 1610 1574 1817 1630; x_wconf 61' lang='lat' dir='ltr'><strong>Laetam</strong></span> <span class='ocrx_word' id='word_1_96' title='bbox 1841 1574 1908 1629; x_wconf 94' lang='lat' dir='ltr'><strong>de</strong></span> <span class='ocrx_word' id='word_1_97' title='bbox 1930 1572 2129 1627; x_wconf 88' lang='lat' dir='ltr'><strong>instru-</strong></span> 
     </span>
    </p>
   </div>
   <div class='ocr_carea' id='block_1_14' title="bbox 533 1666 2128 1740">
    <p class='ocr_par' dir='ltr' id='par_1_14' title="bbox 533 1666 2128 1740">
     <span class='ocr_line' id='line_1_14' title="bbox 533 1666 2128 1740; baseline -0.007 -12"><span class='ocrx_word' id='word_1_98' title='bbox 533 1672 716 1728; x_wconf 80' lang='lat' dir='ltr'><strong>ctione</strong></span> <span class='ocrx_word' id='word_1_99' title='bbox 741 1670 958 1727; x_wconf 89' lang='lat' dir='ltr'><strong>dicens:</strong></span> <span class='ocrx_word' id='word_1_100' title='bbox 996 1687 1015 1720; x_wconf 76' lang='grc' dir='ltr'><strong>ι</strong></span> <span class='ocrx_word' id='word_1_101' title='bbox 1049 1667 1309 1740; x_wconf 85' lang='lat' dir='ltr'><strong>Cypriani</strong></span> <span class='ocrx_word' id='word_1_102' title='bbox 1343 1667 1601 1739; x_wconf 90' lang='lat' dir='ltr'><strong>opuscula</strong></span> <span class='ocrx_word' id='word_1_103' title='bbox 1630 1682 1846 1738; x_wconf 88' lang='lat' dir='ltr'><strong>semper</strong></span> <span class='ocrx_word' id='word_1_104' title='bbox 1874 1666 1930 1721; x_wconf 93' lang='lat' dir='ltr'><strong>in</strong></span> <span class='ocrx_word' id='word_1_105' title='bbox 1964 1678 2128 1720; x_wconf 91' lang='lat' dir='ltr'><strong>manu</strong></span> 
     </span>
    </p>
   </div>
   <div class='ocr_carea' id='block_1_15' title="bbox 530 1755 2129 1831">
    <p class='ocr_par' dir='ltr' id='par_1_15' title="bbox 530 1755 2129 1831">
     <span class='ocr_line' id='line_1_15' title="bbox 530 1755 2129 1831; baseline -0.004 -12"><span class='ocrx_word' id='word_1_106' title='bbox 530 1770 733 1819; x_wconf 80' lang='lat' dir='ltr'><strong>teneat.</strong></span> <span class='ocrx_word' id='word_1_107' title='bbox 762 1760 1044 1817; x_wconf 81' lang='lat' dir='ltr'><strong>Athanasii</strong></span> <span class='ocrx_word' id='word_1_108' title='bbox 1075 1759 1333 1831; x_wconf 90' lang='lat' dir='ltr'><strong>epistolas</strong></span> <span class='ocrx_word' id='word_1_109' title='bbox 1360 1768 1416 1815; x_wconf 91' lang='lat' dir='ltr'><strong>et</strong></span> <span class='ocrx_word' id='word_1_110' title='bbox 1445 1759 1638 1814; x_wconf 85' lang='lat' dir='ltr'><strong>Hilarii</strong></span> <span class='ocrx_word' id='word_1_111' title='bbox 1664 1759 1836 1815; x_wconf 88' lang='lat' dir='ltr'><strong>libros</strong></span> <span class='ocrx_word' id='word_1_112' title='bbox 1866 1755 2129 1813; x_wconf 79' lang='lat' dir='ltr'><strong>inoffenso</strong></span> 
     </span>
    </p>
   </div>
   <div class='ocr_carea' id='block_1_16' title="bbox 531 1848 2130 1923">
    <p class='ocr_par' dir='ltr' id='par_1_16' title="bbox 531 1848 2130 1923">
     <span class='ocr_line' id='line_1_16' title="bbox 531 1848 2130 1923; baseline -0.005 -13"><span class='ocrx_word' id='word_1_113' title='bbox 531 1860 726 1910; x_wconf 46' lang='lat' dir='ltr'><strong>currat:</strong></span> <span class='ocrx_word' id='word_1_114' title='bbox 745 1853 900 1923; x_wconf 90' lang='lat' dir='ltr'><strong>pede.</strong></span> <span class='ocrx_word' id='word_1_115' title='bbox 931 1852 1154 1909; x_wconf 90' lang='lat' dir='ltr'><strong>Illorum</strong></span> <span class='ocrx_word' id='word_1_116' title='bbox 1181 1852 1518 1918; x_wconf 85' lang='lat' dir='ltr'><strong>tractatibus,</strong></span> <span class='ocrx_word' id='word_1_117' title='bbox 1569 1850 1786 1906; x_wconf 89' lang='lat' dir='ltr'><strong>illorum</strong></span> <span class='ocrx_word' id='word_1_118' title='bbox 1827 1848 2130 1905; x_wconf 90' lang='lat' dir='ltr'><strong>delectetur</strong></span> 
     </span>
    </p>
   </div>
   <div class='ocr_carea' id='block_1_17' title="bbox 534 1924 2203 2019">
    <p class='ocr_par' dir='ltr' id='par_1_17' title="bbox 534 1924 2203 2019">
     <span class='ocr_line' id='line_1_17' title="bbox 534 1924 2203 2019; baseline -0.004 -17"><span class='ocrx_word' id='word_1_119' title='bbox 534 1946 784 2019; x_wconf 80' lang='lat' dir='ltr'><strong>ingeniis,</strong></span> <span class='ocrx_word' id='word_1_120' title='bbox 824 1946 881 2003; x_wconf 91' lang='lat' dir='ltr'><strong>in</strong></span> <span class='ocrx_word' id='word_1_121' title='bbox 908 1960 1140 2017; x_wconf 90' lang='lat' dir='ltr'><strong>quorum</strong></span> <span class='ocrx_word' id='word_1_122' title='bbox 1172 1944 1326 2001; x_wconf 90' lang='lat' dir='ltr'><strong>libris</strong></span> <span class='ocrx_word' id='word_1_123' title='bbox 1366 1943 1541 2015; x_wconf 88' lang='lat' dir='ltr'><strong>pietas</strong></span> <span class='ocrx_word' id='word_1_124' title='bbox 1577 1941 1701 2000; x_wconf 85' lang='lat' dir='ltr'><strong>ﬁdei</strong></span> <span class='ocrx_word' id='word_1_125' title='bbox 1748 1957 1857 1998; x_wconf 91' lang='lat' dir='ltr'><strong>non</strong></span> <span class='ocrx_word' id='word_1_126' title='bbox 1885 1939 2123 1996; x_wconf 86' lang='lat' dir='ltr'><strong>vacillat.</strong></span> <span class='ocrx_word' id='word_1_127' title='bbox 2155 1924 2203 1985; x_wconf 83' lang='grc' dir='ltr'><strong>Β</strong></span> 
     </span>
    </p>
   </div>
   <div class='ocr_carea' id='block_1_18' title="bbox 429 2031 2124 2111">
    <p class='ocr_par' dir='ltr' id='par_1_18' title="bbox 429 2031 2124 2111">
     <span class='ocr_line' id='line_1_18' title="bbox 429 2031 2124 2111; baseline -0.005 -16"><span class='ocrx_word' id='word_1_128' title='bbox 429 2046 433 2051; x_wconf 77' lang='lat'><em>‘</em></span> <span class='ocrx_word' id='word_1_129' title='bbox 533 2039 1055 2111; x_wconf 78' lang='lat' dir='ltr'><strong>CaeterossicJegat,</strong></span> <span class='ocrx_word' id='word_1_130' title='bbox 1074 2046 1136 2094; x_wconf 90' lang='lat' dir='ltr'><strong>ut</strong></span> <span class='ocrx_word' id='word_1_131' title='bbox 1164 2037 1337 2109; x_wconf 90' lang='lat' dir='ltr'><strong>magis</strong></span> <span class='ocrx_word' id='word_1_132' title='bbox 1359 2036 1566 2108; x_wconf 79' lang='lat' dir='ltr'><strong>iudicet</strong></span> <span class='ocrx_word' id='word_1_133' title='bbox 1585 2049 1749 2105; x_wconf 86' lang='lat' dir='ltr'><strong>quam</strong></span> <span class='ocrx_word' id='word_1_134' title='bbox 1774 2039 2034 2104; x_wconf 86' lang='lat' dir='ltr'><strong>sequatur</strong></span> <span class='ocrx_word' id='word_1_135' title='bbox 2056 2031 2124 2103; x_wconf 77' lang='grc' dir='ltr'><strong>ι),</strong></span> 
     </span>
    </p>
   </div>
   <div class='ocr_carea' id='block_1_19' title="bbox 420 2123 2133 2201">
    <p class='ocr_par' dir='ltr' id='par_1_19' title="bbox 420 2123 2133 2201">
     <span class='ocr_line' id='line_1_19' title="bbox 420 2123 2133 2201; baseline -0.005 -15"><span class='ocrx_word' id='word_1_136' title='bbox 420 2163 428 2172; x_wconf 68' lang='grc' dir='ltr'>α</span> <span class='ocrx_word' id='word_1_137' title='bbox 531 2130 879 2201; x_wconf 83' lang='lat' dir='ltr'><strong>qua‘cautela</strong></span> <span class='ocrx_word' id='word_1_138' title='bbox 907 2129 1217 2187; x_wconf 71' lang='lat' dir='ltr'><strong>Iudaeorum</strong></span> <span class='ocrx_word' id='word_1_139' title='bbox 1248 2142 1463 2198; x_wconf 90' lang='lat' dir='ltr'><strong>semper</strong></span> <span class='ocrx_word' id='word_1_140' title='bbox 1482 2134 1537 2182; x_wconf 89' lang='lat' dir='ltr'><strong>et</strong></span> <span class='ocrx_word' id='word_1_141' title='bbox 1560 2124 1942 2182; x_wconf 66' lang='lat' dir='ltr'><strong>haereticorum</strong></span> <span class='ocrx_word' id='word_1_142' title='bbox 1983 2123 2133 2178; x_wconf 86' lang='lat' dir='ltr'><strong>devi-</strong></span> 
     </span>
    </p>
   </div>
   <div class='ocr_carea' id='block_1_20' title="bbox 532 2214 2133 2296">
    <p class='ocr_par' dir='ltr' id='par_1_20' title="bbox 532 2214 2133 2296">
     <span class='ocr_line' id='line_1_20' title="bbox 532 2214 2133 2296; baseline -0.004 -18"><span class='ocrx_word' id='word_1_143' title='bbox 532 2224 733 2280; x_wconf 88' lang='lat' dir='ltr'><strong>taverit</strong></span> <span class='ocrx_word' id='word_1_144' title='bbox 754 2222 983 2296; x_wconf 87' lang='lat' dir='ltr'><strong>profana</strong></span> <span class='ocrx_word' id='word_1_145' title='bbox 1022 2222 1316 2286; x_wconf 90' lang='lat' dir='ltr'><strong>consortia,</strong></span> <span class='ocrx_word' id='word_1_146' title='bbox 1346 2220 1376 2261; x_wconf 72' lang='lat' dir='ltr'><strong>b</strong></span> <span class='ocrx_word' id='word_1_147' title='bbox 1413 2219 1535 2275; x_wconf 87' lang='lat' dir='ltr'><strong>Vita</strong></span> <span class='ocrx_word' id='word_1_148' title='bbox 1580 2218 1700 2290; x_wconf 84' lang='lat' dir='ltr'><strong>ejus</strong></span> <span class='ocrx_word' id='word_1_149' title='bbox 1746 2217 1950 2286; x_wconf 89' lang='lat' dir='ltr'><strong>scripta</strong></span> <span class='ocrx_word' id='word_1_150' title='bbox 1998 2214 2133 2271; x_wconf 88' lang='lat' dir='ltr'><strong>fate-</strong></span> 
     </span>
    </p>
   </div>
   <div class='ocr_carea' id='block_1_21' title="bbox 534 2304 2135 2385">
    <p class='ocr_par' dir='ltr' id='par_1_21' title="bbox 534 2304 2135 2385">
     <span class='ocr_line' id='line_1_21' title="bbox 534 2304 2135 2385; baseline -0.005 -17"><span class='ocrx_word' id='word_1_151' title='bbox 534 2320 669 2380; x_wconf 86' lang='lat' dir='ltr'><strong>tur;</strong></span> <span class='ocrx_word' id='word_1_152' title='bbox 722 2312 869 2385; x_wconf 91' lang='lat' dir='ltr'><strong>quod</strong></span> <span class='ocrx_word' id='word_1_153' title='bbox 905 2312 982 2367; x_wconf 90' lang='lat' dir='ltr'><strong>ita</strong></span> <span class='ocrx_word' id='word_1_154' title='bbox 1031 2310 1241 2367; x_wconf 87' lang='lat' dir='ltr'><strong>scilicet</strong></span> <span class='ocrx_word' id='word_1_155' title='bbox 1284 2307 1594 2381; x_wconf 89' lang='lat' dir='ltr'><strong>hujusmodi</strong></span> <span class='ocrx_word' id='word_1_156' title='bbox 1642 2308 1827 2363; x_wconf 86' lang='lat' dir='ltr'><strong>hostes</strong></span> <span class='ocrx_word' id='word_1_157' title='bbox 1873 2304 2135 2361; x_wconf 66' lang='lat' dir='ltr'><strong>Ecclesiae</strong></span> 
     </span>
    </p>
   </div>
   <div class='ocr_carea' id='block_1_22' title="bbox 535 2390 2157 2473">
    <p class='ocr_par' dir='ltr' id='par_1_22' title="bbox 535 2390 2157 2473">
     <span class='ocr_line' id='line_1_22' title="bbox 535 2390 2157 2473; baseline -0.004 -11"><span class='ocrx_word' id='word_1_158' title='bbox 535 2407 697 2462; x_wconf 76' lang='lat' dir='ltr'><strong>fuerit</strong></span> <span class='ocrx_word' id='word_1_159' title='bbox 734 2413 1067 2473; x_wconf 82' lang='lat' dir='ltr'><strong>exsecratus,</strong></span> <span class='ocrx_word' id='word_1_160' title='bbox 1099 2412 1161 2460; x_wconf 89' lang='lat' dir='ltr'><strong>ut</strong></span> <span class='ocrx_word' id='word_1_161' title='bbox 1187 2419 1297 2459; x_wconf 89' lang='lat' dir='ltr'><strong>non</strong></span> <span class='ocrx_word' id='word_1_162' title='bbox 1324 2402 1501 2459; x_wconf 92' lang='lat' dir='ltr'><strong>solum</strong></span> <span class='ocrx_word' id='word_1_163' title='bbox 1548 2401 1880 2465; x_wconf 88' lang='lat' dir='ltr'><strong>convivium,</strong></span> <span class='ocrx_word' id='word_1_164' title='bbox 1926 2399 2022 2455; x_wconf 90' lang='lat' dir='ltr'><strong>sed</strong></span> <span class='ocrx_word' id='word_1_165' title='bbox 2065 2390 2157 2455; x_wconf 71' lang='grc' dir='ltr'><strong>[ιϐ’</strong></span> 
     </span>
    </p>
   </div>
   <div class='ocr_carea' id='block_1_23' title="bbox 534 2490 2136 2568">
    <p class='ocr_par' dir='ltr' id='par_1_23' title="bbox 534 2490 2136 2568">
     <span class='ocr_line' id='line_1_23' title="bbox 534 2490 2136 2568; baseline -0.004 -16"><span class='ocrx_word' id='word_1_166' title='bbox 534 2497 787 2554; x_wconf 86' lang='lat' dir='ltr'><strong>salutatio</strong></span> <span class='ocrx_word' id='word_1_167' title='bbox 814 2498 1033 2568; x_wconf 88' lang='lat' dir='ltr'><strong>quidem</strong></span> <span class='ocrx_word' id='word_1_168' title='bbox 1065 2496 1118 2553; x_wconf 91' lang='lat' dir='ltr'><strong>ei</strong></span> <span class='ocrx_word' id='word_1_169' title='bbox 1162 2495 1439 2551; x_wconf 78' lang='lat' dir='ltr'><strong>exstiterit</strong></span> <span class='ocrx_word' id='word_1_170' title='bbox 1474 2510 1600 2550; x_wconf 91' lang='lat' dir='ltr'><strong>cum</strong></span> <span class='ocrx_word' id='word_1_171' title='bbox 1644 2493 1732 2549; x_wconf 90' lang='lat' dir='ltr'><strong>bis</strong></span> <span class='ocrx_word' id='word_1_172' title='bbox 1774 2490 2136 2563; x_wconf 68' lang='lat' dir='ltr'><strong>prmtereunti</strong></span> 
     </span>
    </p>
   </div>
   <div class='ocr_carea' id='block_1_24' title="bbox 534 2582 2138 2660">
    <p class='ocr_par' dir='ltr' id='par_1_24' title="bbox 534 2582 2138 2660">
     <span class='ocr_line' id='line_1_24' title="bbox 534 2582 2138 2660; baseline -0.004 -14"><span class='ocrx_word' id='word_1_173' title='bbox 534 2591 859 2647; x_wconf 89' lang='lat' dir='ltr'><strong>communis.</strong></span> <span class='ocrx_word' id='word_1_174' title='bbox 909 2590 987 2645; x_wconf 93' lang='lat' dir='ltr'><strong>De</strong></span> <span class='ocrx_word' id='word_1_175' title='bbox 1036 2598 1225 2645; x_wconf 90' lang='lat' dir='ltr'><strong>sancto</strong></span> <span class='ocrx_word' id='word_1_176' title='bbox 1255 2602 1473 2660; x_wconf 91' lang='lat' dir='ltr'><strong>quoque</strong></span> <span class='ocrx_word' id='word_1_177' title='bbox 1498 2585 1789 2642; x_wconf 81' lang='lat' dir='ltr'><strong>Ambrosio</strong></span> <span class='ocrx_word' id='word_1_178' title='bbox 1837 2585 1976 2641; x_wconf 74' lang='lat' dir='ltr'><strong>Vitae</strong></span> <span class='ocrx_word' id='word_1_179' title='bbox 2020 2582 2138 2653; x_wconf 88' lang='lat' dir='ltr'><strong>ejus</strong></span> 
     </span>
    </p>
   </div>
   <div class='ocr_carea' id='block_1_25' title="bbox 534 2678 2139 2751">
    <p class='ocr_par' dir='ltr' id='par_1_25' title="bbox 534 2678 2139 2751">
     <span class='ocr_line' id='line_1_25' title="bbox 534 2678 2139 2751; baseline -0.004 -13"><span class='ocrx_word' id='word_1_180' title='bbox 534 2698 691 2739; x_wconf 87' lang='lat' dir='ltr'><strong>sacra</strong></span> <span class='ocrx_word' id='word_1_181' title='bbox 730 2690 918 2738; x_wconf 87' lang='lat' dir='ltr'><strong>narrat</strong></span> <span class='ocrx_word' id='word_1_182' title='bbox 944 2681 1193 2747; x_wconf 91' lang='lat' dir='ltr'><strong>historia,</strong></span> <span class='ocrx_word' id='word_1_183' title='bbox 1232 2680 1379 2751; x_wconf 90' lang='lat' dir='ltr'><strong>quod</strong></span> <span class='ocrx_word' id='word_1_184' title='bbox 1405 2688 1462 2734; x_wconf 91' lang='lat' dir='ltr'><strong>et</strong></span> <span class='ocrx_word' id='word_1_185' title='bbox 1501 2678 1593 2734; x_wconf 90' lang='lat' dir='ltr'><strong>hic</strong></span> <span class='ocrx_word' id='word_1_186' title='bbox 1625 2678 1867 2733; x_wconf 89' lang='lat' dir='ltr'><strong>inserere</strong></span> <span class='ocrx_word' id='word_1_187' title='bbox 1913 2678 2139 2748; x_wconf 87' lang='lat' dir='ltr'><strong>dignum</strong></span> 
     </span>
    </p>
   </div>
   <div class='ocr_carea' id='block_1_26' title="bbox 533 2769 2138 2842">
    <p class='ocr_par' dir='ltr' id='par_1_26' title="bbox 533 2769 2138 2842">
     <span class='ocr_line' id='line_1_26' title="bbox 533 2769 2138 2842; baseline -0.005 -10"><span class='ocrx_word' id='word_1_188' title='bbox 533 2784 638 2842; x_wconf 89' lang='lat' dir='ltr'><strong>est,</strong></span> <span class='ocrx_word' id='word_1_189' title='bbox 669 2785 726 2831; x_wconf 92' lang='lat' dir='ltr'><strong>et</strong></span> <span class='ocrx_word' id='word_1_190' title='bbox 771 2775 1098 2832; x_wconf 85' lang='lat' dir='ltr'><strong>Christianis</strong></span> <span class='ocrx_word' id='word_1_191' title='bbox 1139 2774 1413 2828; x_wconf 90' lang='lat' dir='ltr'><strong>mentibus</strong></span> <span class='ocrx_word' id='word_1_192' title='bbox 1450 2772 1592 2828; x_wconf 88' lang='lat' dir='ltr'><strong>scire</strong></span> <span class='ocrx_word' id='word_1_193' title='bbox 1636 2770 1987 2841; x_wconf 90' lang='lat' dir='ltr'><strong>religiosum:</strong></span> <span class='ocrx_word' id='word_1_194' title='bbox 2017 2787 2037 2821; x_wconf 75' lang='grc' dir='ltr'>ί</span> <span class='ocrx_word' id='word_1_195' title='bbox 2077 2769 2138 2824; x_wconf 87' lang='lat' dir='ltr'><strong>In</strong></span> 
     </span>
    </p>
   </div>
   <div class='ocr_carea' id='block_1_27' title="bbox 533 2858 2139 2937">
    <p class='ocr_par' dir='ltr' id='par_1_27' title="bbox 533 2858 2139 2937">
     <span class='ocr_line' id='line_1_27' title="bbox 533 2858 2139 2937; baseline -0.002 -18"><span class='ocrx_word' id='word_1_196' title='bbox 533 2866 804 2937; x_wconf 89' lang='lat' dir='ltr'><strong>partibus,</strong></span> <span class='ocrx_word' id='word_1_197' title='bbox 836 2864 1032 2933; x_wconf 87' lang='lat' dir='ltr'><strong>inquit,</strong></span> <span class='ocrx_word' id='word_1_198' title='bbox 1064 2862 1304 2918; x_wconf 87' lang='lat' dir='ltr'><strong>Orientis</strong></span> <span class='ocrx_word' id='word_1_199' title='bbox 1329 2863 1385 2916; x_wconf 91' lang='lat' dir='ltr'><strong>in</strong></span> <span class='ocrx_word' id='word_1_200' title='bbox 1407 2861 1642 2932; x_wconf 90' lang='lat' dir='ltr'><strong>quodam</strong></span> <span class='ocrx_word' id='word_1_201' title='bbox 1676 2859 1900 2917; x_wconf 87' lang='lat' dir='ltr'><strong>castello</strong></span> <span class='ocrx_word' id='word_1_202' title='bbox 1923 2876 1955 2914; x_wconf 90' lang='lat' dir='ltr'><strong>a</strong></span> <span class='ocrx_word' id='word_1_203' title='bbox 1981 2858 2139 2916; x_wconf 82' lang='lat' dir='ltr'><strong>Chri-</strong></span> 
     </span>
    </p>
   </div>
   <div class='ocr_carea' id='block_1_28' title="bbox 535 2953 2136 3029">
    <p class='ocr_par' dir='ltr' id='par_1_28' title="bbox 535 2953 2136 3029">
     <span class='ocr_line' id='line_1_28' title="bbox 535 2953 2136 3029; baseline -0.004 -13"><span class='ocrx_word' id='word_1_204' title='bbox 535 2957 730 3016; x_wconf 87' lang='lat' dir='ltr'><strong>stianis</strong></span> <span class='ocrx_word' id='word_1_205' title='bbox 756 2956 893 3013; x_wconf 88' lang='lat' dir='ltr'><strong>viris</strong></span> <span class='ocrx_word' id='word_1_206' title='bbox 919 2972 1194 3029; x_wconf 81' lang='lat' dir='ltr'><strong>synagoga</strong></span> <span class='ocrx_word' id='word_1_207' title='bbox 1219 2954 1528 3011; x_wconf 69' lang='lat' dir='ltr'><strong>Iudaeorum</strong></span> <span class='ocrx_word' id='word_1_208' title='bbox 1552 2962 1609 3011; x_wconf 93' lang='lat' dir='ltr'><strong>et</strong></span> <span class='ocrx_word' id='word_1_209' title='bbox 1633 2965 1655 2994; x_wconf 72' lang='grc' dir='ltr'><strong>ο</strong></span> <span class='ocrx_word' id='word_1_210' title='bbox 1703 2954 1858 3010; x_wconf 89' lang='lat' dir='ltr'><strong>lucus</strong></span> <span class='ocrx_word' id='word_1_211' title='bbox 1890 2953 2136 3011; x_wconf 90' lang='lat' dir='ltr'><strong>Valenti-</strong></span> 
     </span>
    </p>
   </div>
   <div class='ocr_carea' id='block_1_29' title="bbox 537 3049 2140 3121">
    <p class='ocr_par' dir='ltr' id='par_1_29' title="bbox 537 3049 2140 3121">
     <span class='ocr_line' id='line_1_29' title="bbox 537 3049 2140 3121; baseline -0.003 -11"><span class='ocrx_word' id='word_1_212' title='bbox 537 3055 825 3110; x_wconf 88' lang='lat' dir='ltr'><strong>nianorum</strong></span> <span class='ocrx_word' id='word_1_213' title='bbox 855 3051 1108 3108; x_wconf 89' lang='lat' dir='ltr'><strong>incendio</strong></span> <span class='ocrx_word' id='word_1_214' title='bbox 1132 3056 1481 3106; x_wconf 90' lang='lat' dir='ltr'><strong>concremata</strong></span> <span class='ocrx_word' id='word_1_215' title='bbox 1503 3057 1648 3116; x_wconf 91' lang='lat' dir='ltr'><strong>sunt,</strong></span> <span class='ocrx_word' id='word_1_216' title='bbox 1676 3058 1970 3121; x_wconf 90' lang='lat' dir='ltr'><strong>propterea</strong></span> <span class='ocrx_word' id='word_1_217' title='bbox 1993 3049 2140 3120; x_wconf 93' lang='lat' dir='ltr'><strong>quod</strong></span> 
     </span>
    </p>
   </div>
   <div class='ocr_carea' id='block_1_30' title="bbox 536 3140 2139 3203">
    <p class='ocr_par' dir='ltr' id='par_1_30' title="bbox 536 3140 2139 3203">
     <span class='ocr_line' id='line_1_30' title="bbox 536 3140 2139 3203; baseline -0.004 0"><span class='ocrx_word' id='word_1_218' title='bbox 536 3146 709 3203; x_wconf 73' lang='lat' dir='ltr'><strong>Judzei</strong></span> <span class='ocrx_word' id='word_1_219' title='bbox 736 3143 841 3201; x_wconf 35' lang='lat' dir='ltr'><strong>vel.</strong></span> <span class='ocrx_word' id='word_1_220' title='bbox 874 3143 1239 3202; x_wconf 84' lang='lat' dir='ltr'><strong>Valentiniani</strong></span> <span class='ocrx_word' id='word_1_221' title='bbox 1285 3142 1612 3201; x_wconf 90' lang='lat' dir='ltr'><strong>insultarent</strong></span> <span class='ocrx_word' id='word_1_222' title='bbox 1655 3142 1940 3199; x_wconf 88' lang='lat' dir='ltr'><strong>monachis</strong></span> <span class='ocrx_word' id='word_1_223' title='bbox 1982 3140 2139 3198; x_wconf 89' lang='lat' dir='ltr'><strong>Chri-</strong></span> 
     </span>
    </p>
   </div>
   <div class='ocr_carea' id='block_1_31' title="bbox 538 3235 2139 3308">
    <p class='ocr_par' dir='ltr' id='par_1_31' title="bbox 538 3235 2139 3308">
     <span class='ocr_line' id='line_1_31' title="bbox 538 3235 2139 3308; baseline -0.004 -11"><span class='ocrx_word' id='word_1_224' title='bbox 538 3240 749 3298; x_wconf 90' lang='lat' dir='ltr'><strong>stianis.</strong></span> <span class='ocrx_word' id='word_1_225' title='bbox 779 3236 1284 3295; x_wconf 87' lang='lat' dir='ltr'><strong>Valentinianorum</strong></span> <span class='ocrx_word' id='word_1_226' title='bbox 1312 3238 1461 3294; x_wconf 91' lang='lat' dir='ltr'><strong>enim</strong></span> <span class='ocrx_word' id='word_1_227' title='bbox 1497 3238 1734 3294; x_wconf 77' lang='lat' dir='ltr'><strong>haereses</strong></span> <span class='ocrx_word' id='word_1_228' title='bbox 1758 3236 1983 3308; x_wconf 88' lang='lat' dir='ltr'><strong>triginta</strong></span> <span class='ocrx_word' id='word_1_229' title='bbox 2009 3235 2139 3292; x_wconf 88' lang='lat' dir='ltr'><strong>deos</strong></span> 
     </span>
    </p>
   </div>
   <div class='ocr_carea' id='block_1_32' title="bbox 538 3301 2212 3403">
    <p class='ocr_par' dir='ltr' id='par_1_32' title="bbox 538 3301 2212 3403">
     <span class='ocr_line' id='line_1_32' title="bbox 538 3301 2212 3403; baseline -0.005 -12"><span class='ocrx_word' id='word_1_230' title='bbox 538 3335 745 3392; x_wconf 88' lang='lat' dir='ltr'><strong>colunt.</strong></span> <span class='ocrx_word' id='word_1_231' title='bbox 799 3330 906 3388; x_wconf 90' lang='lat' dir='ltr'><strong>Sed</strong></span> <span class='ocrx_word' id='word_1_232' title='bbox 930 3331 1001 3387; x_wconf 86' lang='lat' dir='ltr'><strong>de</strong></span> <span class='ocrx_word' id='word_1_233' title='bbox 1035 3330 1341 3403; x_wconf 73' lang='lat' dir='ltr'><strong>huiusmodi</strong></span> <span class='ocrx_word' id='word_1_234' title='bbox 1390 3328 1537 3386; x_wconf 90' lang='lat' dir='ltr'><strong>facto</strong></span> <span class='ocrx_word' id='word_1_235' title='bbox 1577 3344 1763 3386; x_wconf 90' lang='lat' dir='ltr'><strong>comes</strong></span> <span class='ocrx_word' id='word_1_236' title='bbox 1800 3301 2042 3383; x_wconf 58' lang='lat' dir='ltr'><strong>orientis</strong></span> <span class='ocrx_word' id='word_1_237' title='bbox 2069 3328 2140 3383; x_wconf 91' lang='lat' dir='ltr'><strong>ad</strong></span> <span class='ocrx_word' id='word_1_238' title='bbox 2167 3301 2212 3365; x_wconf 64' lang='grc' dir='ltr'>ε</span> 
     </span>
    </p>
   </div>
   <div class='ocr_carea' id='block_1_33' title="bbox 540 3421 2139 3499">
    <p class='ocr_par' dir='ltr' id='par_1_33' title="bbox 540 3421 2139 3499">
     <span class='ocr_line' id='line_1_33' title="bbox 540 3421 2139 3499; baseline -0.005 -17"><span class='ocrx_word' id='word_1_239' title='bbox 540 3427 925 3499; x_wconf 86' lang='lat' dir='ltr'><strong>imperatorem</strong></span> <span class='ocrx_word' id='word_1_240' title='bbox 944 3422 1264 3478; x_wconf 88' lang='lat' dir='ltr'><strong>relationem</strong></span> <span class='ocrx_word' id='word_1_241' title='bbox 1287 3422 1505 3488; x_wconf 81' lang='lat' dir='ltr'><strong>direxit,</strong></span> <span class='ocrx_word' id='word_1_242' title='bbox 1533 3421 1661 3491; x_wconf 88' lang='lat' dir='ltr'><strong>quia</strong></span> <span class='ocrx_word' id='word_1_243' title='bbox 1684 3421 1983 3492; x_wconf 90' lang='lat' dir='ltr'><strong>imperator</strong></span> <span class='ocrx_word' id='word_1_244' title='bbox 1999 3435 2139 3491; x_wconf 84' lang='lat' dir='ltr'><strong>prae-</strong></span> 
     </span>
    </p>
   </div>
   <div class='ocr_carea' id='block_1_34' title="bbox 540 3511 2141 3591">
    <p class='ocr_par' dir='ltr' id='par_1_34' title="bbox 540 3511 2141 3591">
     <span class='ocr_line' id='line_1_34' title="bbox 540 3511 2141 3591; baseline -0.004 -16"><span class='ocrx_word' id='word_1_245' title='bbox 540 3526 761 3591; x_wconf 86' lang='lat' dir='ltr'><strong>ceperat</strong></span> <span class='ocrx_word' id='word_1_246' title='bbox 796 3524 857 3573; x_wconf 86' lang='lat' dir='ltr'><strong>ut</strong></span> <span class='ocrx_word' id='word_1_247' title='bbox 888 3531 1161 3589; x_wconf 82' lang='lat' dir='ltr'><strong>synagoga</strong></span> <span class='ocrx_word' id='word_1_248' title='bbox 1206 3516 1277 3571; x_wconf 88' lang='lat' dir='ltr'><strong>ab</strong></span> <span class='ocrx_word' id='word_1_249' title='bbox 1312 3515 1567 3587; x_wconf 90' lang='lat' dir='ltr'><strong>episcopo</strong></span> <span class='ocrx_word' id='word_1_250' title='bbox 1594 3513 1977 3570; x_wconf 61' lang='lat' dir='ltr'><strong>aedificaretur.</strong></span> <span class='ocrx_word' id='word_1_251' title='bbox 2029 3511 2141 3569; x_wconf 91' lang='lat' dir='ltr'><strong>Sed</strong></span> 
     </span>
    </p>
   </div>
   <div class='ocr_carea' id='block_1_35' title="bbox 540 3609 2141 3685">
    <p class='ocr_par' dir='ltr' id='par_1_35' title="bbox 540 3609 2141 3685">
     <span class='ocr_line' id='line_1_35' title="bbox 540 3609 2141 3685; baseline -0.004 -14"><span class='ocrx_word' id='word_1_252' title='bbox 540 3614 701 3685; x_wconf 86' lang='lat' dir='ltr'><strong>hujus</strong></span> <span class='ocrx_word' id='word_1_253' title='bbox 734 3614 991 3685; x_wconf 57' lang='lat' dir='ltr'><strong>praecepti</strong></span> <span class='ocrx_word' id='word_1_254' title='bbox 1017 3620 1177 3668; x_wconf 89' lang='lat' dir='ltr'><strong>tenor</strong></span> <span class='ocrx_word' id='word_1_255' title='bbox 1205 3626 1332 3667; x_wconf 90' lang='lat' dir='ltr'><strong>cum</strong></span> <span class='ocrx_word' id='word_1_256' title='bbox 1373 3610 1443 3665; x_wconf 88' lang='lat' dir='ltr'><strong>ad</strong></span> <span class='ocrx_word' id='word_1_257' title='bbox 1472 3624 1636 3666; x_wconf 91' lang='lat' dir='ltr'><strong>aures</strong></span> <span class='ocrx_word' id='word_1_258' title='bbox 1677 3609 2021 3679; x_wconf 81' lang='lat' dir='ltr'><strong>pervenisset</strong></span> <span class='ocrx_word' id='word_1_259' title='bbox 2046 3624 2141 3665; x_wconf 89' lang='lat' dir='ltr'><strong>ve-</strong></span> 
     </span>
    </p>
   </div>
   <div class='ocr_carea' id='block_1_36' title="bbox 542 3700 2141 3774">
    <p class='ocr_par' dir='ltr' id='par_1_36' title="bbox 542 3700 2141 3774">
     <span class='ocr_line' id='line_1_36' title="bbox 542 3700 2141 3774; baseline -0.004 -11"><span class='ocrx_word' id='word_1_260' title='bbox 542 3705 804 3763; x_wconf 90' lang='lat' dir='ltr'><strong>nerabilis</strong></span> <span class='ocrx_word' id='word_1_261' title='bbox 830 3705 936 3760; x_wconf 90' lang='lat' dir='ltr'><strong>viri</strong></span> <span class='ocrx_word' id='word_1_262' title='bbox 962 3704 1238 3759; x_wconf 87' lang='lat' dir='ltr'><strong>Ambrosii</strong></span> <span class='ocrx_word' id='word_1_263' title='bbox 1272 3702 1535 3774; x_wconf 90' lang='lat' dir='ltr'><strong>episcopi,</strong></span> <span class='ocrx_word' id='word_1_264' title='bbox 1567 3700 1767 3758; x_wconf 79' lang='lat' dir='ltr'><strong>direxit</strong></span> <span class='ocrx_word' id='word_1_265' title='bbox 1805 3701 1876 3757; x_wconf 92' lang='lat' dir='ltr'><strong>ad</strong></span> <span class='ocrx_word' id='word_1_266' title='bbox 1904 3701 2141 3773; x_wconf 85' lang='lat' dir='ltr'><strong>impera-</strong></span> 
     </span>
    </p>
   </div>
   <div class='ocr_carea' id='block_1_37' title="bbox 543 3793 2143 3869">
    <p class='ocr_par' dir='ltr' id='par_1_37' title="bbox 543 3793 2143 3869">
     <span class='ocr_line' id='line_1_37' title="bbox 543 3793 2143 3869; baseline -0.003 -16"><span class='ocrx_word' id='word_1_267' title='bbox 543 3806 722 3855; x_wconf 87' lang='lat' dir='ltr'><strong>torem</strong></span> <span class='ocrx_word' id='word_1_268' title='bbox 747 3796 1031 3869; x_wconf 81' lang='lat' dir='ltr'><strong>epistolam</strong></span> <span class='ocrx_word' id='word_1_269' title='bbox 1062 3793 1210 3869; x_wconf 89' lang='lat' dir='ltr'><strong>(quia</strong></span> <span class='ocrx_word' id='word_1_270' title='bbox 1233 3795 1348 3866; x_wconf 91' lang='lat' dir='ltr'><strong>ipse</strong></span> <span class='ocrx_word' id='word_1_271' title='bbox 1374 3795 1432 3850; x_wconf 94' lang='lat' dir='ltr'><strong>in</strong></span> <span class='ocrx_word' id='word_1_272' title='bbox 1452 3803 1696 3866; x_wconf 89' lang='lat' dir='ltr'><strong>tempore</strong></span> <span class='ocrx_word' id='word_1_273' title='bbox 1721 3808 2015 3850; x_wconf 80' lang='lat' dir='ltr'><strong>excurrere</strong></span> <span class='ocrx_word' id='word_1_274' title='bbox 2033 3809 2143 3849; x_wconf 91' lang='lat' dir='ltr'><strong>non</strong></span> 
     </span>
    </p>
   </div>
   <div class='ocr_carea' id='block_1_38' title="bbox 543 3874 2143 3962">
    <p class='ocr_par' dir='ltr' id='par_1_38' title="bbox 543 3874 2143 3962">
     <span class='ocr_line' id='line_1_38' title="bbox 543 3874 2143 3962; baseline -0.003 -16"><span class='ocrx_word' id='word_1_275' title='bbox 543 3888 782 3962; x_wconf 87' lang='lat' dir='ltr'><strong>poterat)</strong></span> <span class='ocrx_word' id='word_1_276' title='bbox 806 3874 914 3960; x_wconf 85' lang='lat' dir='ltr'><strong>qua</strong></span> <span class='ocrx_word' id='word_1_277' title='bbox 951 3888 1103 3943; x_wconf 91' lang='lat' dir='ltr'><strong>illum</strong></span> <span class='ocrx_word' id='word_1_278' title='bbox 1139 3894 1467 3953; x_wconf 90' lang='lat' dir='ltr'><strong>commonet,</strong></span> <span class='ocrx_word' id='word_1_279' title='bbox 1492 3894 1552 3943; x_wconf 91' lang='lat' dir='ltr'><strong>ut</strong></span> <span class='ocrx_word' id='word_1_280' title='bbox 1577 3886 1632 3943; x_wconf 91' lang='lat' dir='ltr'><strong>id</strong></span> <span class='ocrx_word' id='word_1_281' title='bbox 1654 3886 1801 3957; x_wconf 92' lang='lat' dir='ltr'><strong>quod</strong></span> <span class='ocrx_word' id='word_1_282' title='bbox 1838 3885 1907 3941; x_wconf 90' lang='lat' dir='ltr'><strong>ab</strong></span> <span class='ocrx_word' id='word_1_283' title='bbox 1950 3886 2143 3943; x_wconf 88' lang='lat' dir='ltr'><strong>eodem</strong></span> 
     </span>
    </p>
   </div>
   <div class='ocr_carea' id='block_1_39' title="bbox 545 3980 2145 4052">
    <p class='ocr_par' dir='ltr' id='par_1_39' title="bbox 545 3980 2145 4052">
     <span class='ocr_line' id='line_1_39' title="bbox 545 3980 2145 4052; baseline -0.003 -11"><span class='ocrx_word' id='word_1_284' title='bbox 545 3992 809 4041; x_wconf 86' lang='lat' dir='ltr'><strong>statutum</strong></span> <span class='ocrx_word' id='word_1_285' title='bbox 841 3983 1021 4042; x_wconf 82' lang='lat' dir='ltr'><strong>fuerat</strong></span> <span class='ocrx_word' id='word_1_286' title='bbox 1048 3990 1414 4046; x_wconf 89' lang='lat' dir='ltr'><strong>revocaretur,</strong></span> <span class='ocrx_word' id='word_1_287' title='bbox 1462 3980 1780 4052; x_wconf 86' lang='lat' dir='ltr'><strong>servarique</strong></span> <span class='ocrx_word' id='word_1_288' title='bbox 1825 3980 1928 4037; x_wconf 90' lang='lat' dir='ltr'><strong>sibi</strong></span> <span class='ocrx_word' id='word_1_289' title='bbox 1955 3981 2145 4037; x_wconf 89' lang='lat' dir='ltr'><strong>deberi</strong></span> 
     </span>
    </p>
   </div>
   <div class='ocr_carea' id='block_1_40' title="bbox 554 4073 2148 4147">
    <p class='ocr_par' dir='ltr' id='par_1_40' title="bbox 554 4073 2148 4147">
     <span class='ocr_line' id='line_1_40' title="bbox 554 4073 2148 4147; baseline -0.004 -14"><span class='ocrx_word' id='word_1_290' title='bbox 554 4078 625 4133; x_wconf 86' lang='lat' dir='ltr'><strong>ab</strong></span> <span class='ocrx_word' id='word_1_291' title='bbox 674 4092 740 4133; x_wconf 89' lang='lat' dir='ltr'><strong>eo</strong></span> <span class='ocrx_word' id='word_1_292' title='bbox 791 4077 1163 4133; x_wconf 89' lang='lat' dir='ltr'><strong>audientiam:</strong></span> <span class='ocrx_word' id='word_1_293' title='bbox 1221 4076 1315 4147; x_wconf 91' lang='lat' dir='ltr'><strong>qui</strong></span> <span class='ocrx_word' id='word_1_294' title='bbox 1371 4074 1417 4130; x_wconf 88' lang='lat' dir='ltr'><strong>si</strong></span> <span class='ocrx_word' id='word_1_295' title='bbox 1465 4073 1659 4145; x_wconf 88' lang='lat' dir='ltr'><strong>dignus</strong></span> <span class='ocrx_word' id='word_1_296' title='bbox 1712 4088 1820 4129; x_wconf 90' lang='lat' dir='ltr'><strong>non</strong></span> <span class='ocrx_word' id='word_1_297' title='bbox 1867 4080 2015 4129; x_wconf 89' lang='lat' dir='ltr'><strong>esset</strong></span> <span class='ocrx_word' id='word_1_298' title='bbox 2052 4073 2148 4144; x_wconf 83' lang='lat' dir='ltr'><strong>qui</strong></span> 
     </span>
    </p>
   </div>
   <div class='ocr_carea' id='block_1_41' title="bbox 549 4165 2146 4236">
    <p class='ocr_par' dir='ltr' id='par_1_41' title="bbox 549 4165 2146 4236">
     <span class='ocr_line' id='line_1_41' title="bbox 549 4165 2146 4236; baseline -0.001 -15"><span class='ocrx_word' id='word_1_299' title='bbox 549 4166 621 4222; x_wconf 91' lang='lat' dir='ltr'><strong>ab</strong></span> <span class='ocrx_word' id='word_1_300' title='bbox 657 4181 724 4223; x_wconf 93' lang='lat' dir='ltr'><strong>eo</strong></span> <span class='ocrx_word' id='word_1_301' title='bbox 750 4166 1052 4233; x_wconf 89' lang='lat' dir='ltr'><strong>audiretur,</strong></span> <span class='ocrx_word' id='word_1_302' title='bbox 1081 4165 1276 4236; x_wconf 88' lang='lat' dir='ltr'><strong>dignus</strong></span> <span class='ocrx_word' id='word_1_303' title='bbox 1302 4166 1469 4221; x_wconf 90' lang='lat' dir='ltr'><strong>etiam</strong></span> <span class='ocrx_word' id='word_1_304' title='bbox 1496 4180 1607 4221; x_wconf 90' lang='lat' dir='ltr'><strong>non</strong></span> <span class='ocrx_word' id='word_1_305' title='bbox 1632 4171 1777 4220; x_wconf 86' lang='lat' dir='ltr'><strong>esset</strong></span> <span class='ocrx_word' id='word_1_306' title='bbox 1804 4165 1897 4234; x_wconf 88' lang='lat' dir='ltr'><strong>qui</strong></span> <span class='ocrx_word' id='word_1_307' title='bbox 1920 4180 2022 4235; x_wconf 90' lang='lat' dir='ltr'><strong>pro</strong></span> <span class='ocrx_word' id='word_1_308' title='bbox 2052 4165 2146 4220; x_wconf 90' lang='lat' dir='ltr'><strong>illo</strong></span> 
     </span>
    </p>
   </div>
   <div class='ocr_carea' id='block_1_42' title="bbox 549 4254 2147 4328">
    <p class='ocr_par' dir='ltr' id='par_1_42' title="bbox 549 4254 2147 4328">
     <span class='ocr_line' id='line_1_42' title="bbox 549 4254 2147 4328; baseline 0 -17"><span class='ocrx_word' id='word_1_309' title='bbox 549 4256 853 4325; x_wconf 89' lang='lat' dir='ltr'><strong>audiretur,</strong></span> <span class='ocrx_word' id='word_1_310' title='bbox 885 4256 971 4313; x_wconf 90' lang='lat' dir='ltr'><strong>vel</strong></span> <span class='ocrx_word' id='word_1_311' title='bbox 997 4256 1087 4313; x_wconf 93' lang='lat' dir='ltr'><strong>cui</strong></span> <span class='ocrx_word' id='word_1_312' title='bbox 1122 4272 1312 4328; x_wconf 89' lang='lat' dir='ltr'><strong>preces</strong></span> <span class='ocrx_word' id='word_1_313' title='bbox 1350 4270 1477 4311; x_wconf 89' lang='lat' dir='ltr'><strong>suas</strong></span> <span class='ocrx_word' id='word_1_314' title='bbox 1501 4261 1596 4309; x_wconf 93' lang='lat' dir='ltr'><strong>aut</strong></span> <span class='ocrx_word' id='word_1_315' title='bbox 1617 4254 1707 4309; x_wconf 91' lang='lat' dir='ltr'><strong>cui</strong></span> <span class='ocrx_word' id='word_1_316' title='bbox 1730 4269 1828 4309; x_wconf 89' lang='lat' dir='ltr'><strong>sua</strong></span> <span class='ocrx_word' id='word_1_317' title='bbox 1852 4262 1978 4309; x_wconf 85' lang='lat' dir='ltr'><strong>vota</strong></span> <span class='ocrx_word' id='word_1_318' title='bbox 2002 4271 2147 4311; x_wconf 92' lang='lat' dir='ltr'><strong>com-</strong></span> 
     </span>
    </p>
   </div>
   <div class='ocr_carea' id='block_1_43' title="bbox 550 4346 2145 4419">
    <p class='ocr_par' dir='ltr' id='par_1_43' title="bbox 550 4346 2145 4419">
     <span class='ocr_line' id='line_1_43' title="bbox 550 4346 2145 4419; baseline -0.004 -8"><span class='ocrx_word' id='word_1_319' title='bbox 550 4353 815 4413; x_wconf 81' lang='lat' dir='ltr'><strong>mitteret.</strong></span> <span class='ocrx_word' id='word_1_320' title='bbox 863 4351 1124 4409; x_wconf 88' lang='lat' dir='ltr'><strong>Paratum</strong></span> <span class='ocrx_word' id='word_1_321' title='bbox 1171 4351 1337 4407; x_wconf 89' lang='lat' dir='ltr'><strong>etiam</strong></span> <span class='ocrx_word' id='word_1_322' title='bbox 1381 4364 1442 4406; x_wconf 89' lang='lat' dir='ltr'><strong>se</strong></span> <span class='ocrx_word' id='word_1_323' title='bbox 1467 4362 1591 4405; x_wconf 88' lang='lat' dir='ltr'><strong>esse</strong></span> <span class='ocrx_word' id='word_1_324' title='bbox 1630 4362 1733 4419; x_wconf 90' lang='lat' dir='ltr'><strong>pro</strong></span> <span class='ocrx_word' id='word_1_325' title='bbox 1783 4346 1879 4402; x_wconf 90' lang='lat' dir='ltr'><strong>tali</strong></span> <span class='ocrx_word' id='word_1_326' title='bbox 1928 4348 2145 4419; x_wconf 87' lang='lat' dir='ltr'><strong>negotio</strong></span> 
     </span>
    </p>
   </div>
   <div class='ocr_carea' id='block_1_44' title="bbox 2226 624 3831 708">
    <p class='ocr_par' dir='ltr' id='par_1_44' title="bbox 2226 624 3831 708">
     <span class='ocr_line' id='line_1_44' title="bbox 2226 624 3831 708; baseline -0.008 -15"><span class='ocrx_word' id='word_1_327' title='bbox 2226 654 2346 696; x_wconf 91' lang='lat' dir='ltr'><strong>rem</strong></span> <span class='ocrx_word' id='word_1_328' title='bbox 2375 637 2580 694; x_wconf 89' lang='lat' dir='ltr'><strong>faceret</strong></span> <span class='ocrx_word' id='word_1_329' title='bbox 2627 636 3035 708; x_wconf 81' lang='lat' dir='ltr'><strong>imperatorem,</strong></span> <span class='ocrx_word' id='word_1_330' title='bbox 3085 629 3179 702; x_wconf 89' lang='lat' dir='ltr'><strong>qui</strong></span> <span class='ocrx_word' id='word_1_331' title='bbox 3226 638 3340 685; x_wconf 91' lang='lat' dir='ltr'><strong>tam</strong></span> <span class='ocrx_word' id='word_1_332' title='bbox 3387 624 3588 697; x_wconf 80' lang='lat' dir='ltr'><strong>iniusta</strong></span> <span class='ocrx_word' id='word_1_333' title='bbox 3631 630 3831 682; x_wconf 79' lang='lat' dir='ltr'><strong>contra</strong></span> 
     </span>
    </p>
   </div>
   <div class='ocr_carea' id='block_1_45' title="bbox 2225 721 3831 803">
    <p class='ocr_par' dir='ltr' id='par_1_45' title="bbox 2225 721 3831 803">
     <span class='ocr_line' id='line_1_45' title="bbox 2225 721 3831 803; baseline -0.008 -14"><span class='ocrx_word' id='word_1_334' title='bbox 2225 731 2524 789; x_wconf 89' lang='lat' dir='ltr'><strong>Ecclesiam</strong></span> <span class='ocrx_word' id='word_1_335' title='bbox 2546 729 2913 803; x_wconf 67' lang='lat' dir='ltr'><strong>prmeepisset.</strong></span> <span class='ocrx_word' id='word_1_336' title='bbox 2937 727 3135 784; x_wconf 92' lang='lat' dir='ltr'><strong>Postea</strong></span> <span class='ocrx_word' id='word_1_337' title='bbox 3158 740 3292 782; x_wconf 87' lang='lat' dir='ltr'><strong>vero</strong></span> <span class='ocrx_word' id='word_1_338' title='bbox 3312 739 3438 781; x_wconf 91' lang='lat' dir='ltr'><strong>cum</strong></span> <span class='ocrx_word' id='word_1_339' title='bbox 3460 721 3831 781; x_wconf 77' lang='lat' dir='ltr'><strong>Mediolanum</strong></span> 
     </span>
    </p>
   </div>
   <div class='ocr_carea' id='block_1_46' title="bbox 2227 817 3832 900">
    <p class='ocr_par' dir='ltr' id='par_1_46' title="bbox 2227 817 3832 900">
     <span class='ocr_line' id='line_1_46' title="bbox 2227 817 3832 900; baseline -0.009 -13"><span class='ocrx_word' id='word_1_340' title='bbox 2227 831 2541 898; x_wconf 86' lang='lat' dir='ltr'><strong>revertitur,</strong></span> <span class='ocrx_word' id='word_1_341' title='bbox 2566 828 2744 900; x_wconf 92' lang='lat' dir='ltr'><strong>posito</strong></span> <span class='ocrx_word' id='word_1_342' title='bbox 2766 827 3102 898; x_wconf 89' lang='lat' dir='ltr'><strong>lmperatore</strong></span> <span class='ocrx_word' id='word_1_343' title='bbox 3128 823 3187 879; x_wconf 91' lang='lat' dir='ltr'><strong>in</strong></span> <span class='ocrx_word' id='word_1_344' title='bbox 3230 820 3500 887; x_wconf 87' lang='lat' dir='ltr'><strong>Ecclesia,</strong></span> <span class='ocrx_word' id='word_1_345' title='bbox 3543 820 3612 876; x_wconf 92' lang='lat' dir='ltr'><strong>de</strong></span> <span class='ocrx_word' id='word_1_346' title='bbox 3635 817 3832 875; x_wconf 90' lang='lat' dir='ltr'><strong>eadem</strong></span> 
     </span>
    </p>
   </div>
   <div class='ocr_carea' id='block_1_47' title="bbox 2233 909 3836 990">
    <p class='ocr_par' dir='ltr' id='par_1_47' title="bbox 2233 909 3836 990">
     <span class='ocr_line' id='line_1_47' title="bbox 2233 909 3836 990; baseline -0.011 -10"><span class='ocrx_word' id='word_1_347' title='bbox 2233 939 2402 980; x_wconf 90' lang='lat' dir='ltr'><strong>causa</strong></span> <span class='ocrx_word' id='word_1_348' title='bbox 2442 920 2702 981; x_wconf 86' lang='lat' dir='ltr'><strong>tractavit</strong></span> <span class='ocrx_word' id='word_1_349' title='bbox 2728 920 2784 975; x_wconf 92' lang='lat' dir='ltr'><strong>in</strong></span> <span class='ocrx_word' id='word_1_350' title='bbox 2830 917 3066 990; x_wconf 91' lang='lat' dir='ltr'><strong>populo:</strong></span> <span class='ocrx_word' id='word_1_351' title='bbox 3117 915 3175 971; x_wconf 92' lang='lat' dir='ltr'><strong>in</strong></span> <span class='ocrx_word' id='word_1_352' title='bbox 3202 929 3311 985; x_wconf 86' lang='lat' dir='ltr'><strong>quo</strong></span> <span class='ocrx_word' id='word_1_353' title='bbox 3356 911 3616 969; x_wconf 89' lang='lat' dir='ltr'><strong>Tractatu</strong></span> <span class='ocrx_word' id='word_1_354' title='bbox 3656 909 3836 965; x_wconf 89' lang='lat' dir='ltr'><strong>intro-</strong></span> 
     </span>
    </p>
   </div>
   <div class='ocr_carea' id='block_1_48' title="bbox 2229 1001 3839 1087">
    <p class='ocr_par' dir='ltr' id='par_1_48' title="bbox 2229 1001 3839 1087">
     <span class='ocr_line' id='line_1_48' title="bbox 2229 1001 3839 1087; baseline -0.011 -13"><span class='ocrx_word' id='word_1_355' title='bbox 2229 1017 2385 1074; x_wconf 86' lang='lat' dir='ltr'><strong>duxit</strong></span> <span class='ocrx_word' id='word_1_356' title='bbox 2417 1014 2632 1073; x_wconf 84' lang='lat' dir='ltr'><strong>Domini</strong></span> <span class='ocrx_word' id='word_1_357' title='bbox 2659 1027 2951 1087; x_wconf 88' lang='lat' dir='ltr'><strong>personam</strong></span> <span class='ocrx_word' id='word_1_358' title='bbox 2966 1008 3242 1081; x_wconf 90' lang='lat' dir='ltr'><strong>loquentis</strong></span> <span class='ocrx_word' id='word_1_359' title='bbox 3267 1005 3508 1080; x_wconf 87' lang='lat' dir='ltr'><strong>(Sozom.</strong></span> <span class='ocrx_word' id='word_1_360' title='bbox 3538 1002 3682 1059; x_wconf 78' lang='lat' dir='ltr'><strong>Hist.</strong></span> <span class='ocrx_word' id='word_1_361' title='bbox 3715 1001 3839 1057; x_wconf 83' lang='lat' dir='ltr'><strong>Tri-</strong></span> 
     </span>
    </p>
   </div>
   <div class='ocr_carea' id='block_1_49' title="bbox 2226 1093 3838 1183">
    <p class='ocr_par' dir='ltr' id='par_1_49' title="bbox 2226 1093 3838 1183">
     <span class='ocr_line' id='line_1_49' title="bbox 2226 1093 3838 1183; baseline -0.011 -18"><span class='ocrx_word' id='word_1_362' title='bbox 2226 1118 2368 1183; x_wconf 84' lang='lat' dir='ltr'><strong>part.</strong></span> <span class='ocrx_word' id='word_1_363' title='bbox 2407 1108 2445 1162; x_wconf 89' lang='lat' dir='ltr'><strong>l.</strong></span> <span class='ocrx_word' id='word_1_364' title='bbox 2474 1123 2570 1175; x_wconf 84' lang='lat' dir='ltr'><strong>vn,</strong></span> <span class='ocrx_word' id='word_1_365' title='bbox 2602 1122 2654 1163; x_wconf 91' lang='lat' dir='ltr'><strong>c.</strong></span> <span class='ocrx_word' id='word_1_366' title='bbox 2684 1107 2718 1163; x_wconf 90' lang='lat'><strong>8</strong></span> <span class='ocrx_word' id='word_1_367' title='bbox 2742 1123 2757 1173; x_wconf 91' lang='lat'><strong>;</strong></span> <span class='ocrx_word' id='word_1_368' title='bbox 2790 1104 2829 1173; x_wconf 93' lang='lat' dir='ltr'><strong>l,</strong></span> <span class='ocrx_word' id='word_1_369' title='bbox 2862 1121 2938 1171; x_wconf 80' lang='lat' dir='ltr'><strong>rx,</strong></span> <span class='ocrx_word' id='word_1_370' title='bbox 2968 1119 3018 1159; x_wconf 90' lang='lat' dir='ltr'><strong>c.</strong></span> <span class='ocrx_word' id='word_1_371' title='bbox 3046 1098 3167 1173; x_wconf 59' lang='lat'><strong>50):</strong></span> <span class='ocrx_word' id='word_1_372' title='bbox 3188 1099 3304 1171; x_wconf 88' lang='lat' dir='ltr'><strong>Ego</strong></span> <span class='ocrx_word' id='word_1_373' title='bbox 3331 1106 3387 1155; x_wconf 90' lang='lat' dir='ltr'><strong>te</strong></span> <span class='ocrx_word' id='word_1_374' title='bbox 3409 1113 3477 1153; x_wconf 88' lang='lat' dir='ltr'><strong>ex</strong></span> <span class='ocrx_word' id='word_1_375' title='bbox 3504 1095 3697 1152; x_wconf 90' lang='lat' dir='ltr'><strong>ultimo</strong></span> <span class='ocrx_word' id='word_1_376' title='bbox 3726 1093 3838 1150; x_wconf 85' lang='lat' dir='ltr'><strong>Im-</strong></span> 
     </span>
    </p>
   </div>
   <div class='ocr_carea' id='block_1_50' title="bbox 2225 1186 3833 1275">
    <p class='ocr_par' dir='ltr' id='par_1_50' title="bbox 2225 1186 3833 1275">
     <span class='ocr_line' id='line_1_50' title="bbox 2225 1186 3833 1275; baseline -0.011 -16"><span class='ocrx_word' id='word_1_377' title='bbox 2225 1210 2536 1275; x_wconf 89' lang='lat' dir='ltr'><strong>peratorem</strong></span> <span class='ocrx_word' id='word_1_378' title='bbox 2561 1199 2685 1266; x_wconf 88' lang='lat' dir='ltr'><strong>feci,</strong></span> <span class='ocrx_word' id='word_1_379' title='bbox 2720 1214 2820 1269; x_wconf 89' lang='lat' dir='ltr'><strong>ego</strong></span> <span class='ocrx_word' id='word_1_380' title='bbox 2846 1196 2944 1251; x_wconf 91' lang='lat' dir='ltr'><strong>tibi</strong></span> <span class='ocrx_word' id='word_1_381' title='bbox 2973 1193 3276 1251; x_wconf 84' lang='lat' dir='ltr'><strong>exercitum</strong></span> <span class='ocrx_word' id='word_1_382' title='bbox 3320 1188 3527 1247; x_wconf 90' lang='lat' dir='ltr'><strong>inimici</strong></span> <span class='ocrx_word' id='word_1_383' title='bbox 3551 1187 3632 1244; x_wconf 89' lang='lat' dir='ltr'><strong>tui</strong></span> <span class='ocrx_word' id='word_1_384' title='bbox 3653 1186 3833 1243; x_wconf 85' lang='lat' dir='ltr'><strong>tradi-</strong></span> 
     </span>
    </p>
   </div>
   <div class='ocr_carea' id='block_1_51' title="bbox 2226 1261 3909 1366">
    <p class='ocr_par' dir='ltr' id='par_1_51' title="bbox 2226 1261 3909 1366">
     <span class='ocr_line' id='line_1_51' title="bbox 2226 1261 3909 1366; baseline -0.009 -15"><span class='ocrx_word' id='word_1_385' title='bbox 2226 1261 2303 1360; x_wconf 77' lang='lat' dir='ltr'><strong>di,</strong></span> <span class='ocrx_word' id='word_1_386' title='bbox 2333 1309 2435 1366; x_wconf 89' lang='lat' dir='ltr'><strong>ego</strong></span> <span class='ocrx_word' id='word_1_387' title='bbox 2456 1293 2639 1365; x_wconf 91' lang='lat' dir='ltr'><strong>copias</strong></span> <span class='ocrx_word' id='word_1_388' title='bbox 2670 1261 2811 1363; x_wconf 72' lang='lat' dir='ltr'><strong>quas</strong></span> <span class='ocrx_word' id='word_1_389' title='bbox 2864 1288 2951 1345; x_wconf 91' lang='lat' dir='ltr'><strong>ille</strong></span> <span class='ocrx_word' id='word_1_390' title='bbox 2995 1288 3285 1343; x_wconf 90' lang='lat' dir='ltr'><strong>adversum</strong></span> <span class='ocrx_word' id='word_1_391' title='bbox 3324 1293 3379 1339; x_wconf 91' lang='lat' dir='ltr'><strong>te</strong></span> <span class='ocrx_word' id='word_1_392' title='bbox 3424 1281 3695 1339; x_wconf 81' lang='lat' dir='ltr'><strong>exercitui</strong></span> <span class='ocrx_word' id='word_1_393' title='bbox 3726 1296 3832 1337; x_wconf 91' lang='lat' dir='ltr'><strong>suo</strong></span> <span class='ocrx_word' id='word_1_394' title='bbox 3892 1261 3909 1315; x_wconf 63' lang='lat'><strong>&quot;-</strong></span> 
     </span>
    </p>
   </div>
   <div class='ocr_carea' id='block_1_52' title="bbox 2227 1375 3837 1459">
    <p class='ocr_par' dir='ltr' id='par_1_52' title="bbox 2227 1375 3837 1459">
     <span class='ocr_line' id='line_1_52' title="bbox 2227 1375 3837 1459; baseline -0.01 -16"><span class='ocrx_word' id='word_1_395' title='bbox 2227 1394 2633 1459; x_wconf 76' lang='lat' dir='ltr'><strong>przeparaverat</strong></span> <span class='ocrx_word' id='word_1_396' title='bbox 2659 1382 2804 1450; x_wconf 89' lang='lat' dir='ltr'><strong>dedi,</strong></span> <span class='ocrx_word' id='word_1_397' title='bbox 2838 1396 2941 1451; x_wconf 86' lang='lat' dir='ltr'><strong>ego</strong></span> <span class='ocrx_word' id='word_1_398' title='bbox 2972 1377 3254 1435; x_wconf 92' lang='lat' dir='ltr'><strong>inimicum</strong></span> <span class='ocrx_word' id='word_1_399' title='bbox 3301 1384 3458 1431; x_wconf 91' lang='lat' dir='ltr'><strong>tuum</strong></span> <span class='ocrx_word' id='word_1_400' title='bbox 3487 1375 3544 1430; x_wconf 91' lang='lat' dir='ltr'><strong>in</strong></span> <span class='ocrx_word' id='word_1_401' title='bbox 3589 1380 3837 1446; x_wconf 90' lang='lat' dir='ltr'><strong>potesta-</strong></span> 
     </span>
    </p>
   </div>
   <div class='ocr_carea' id='block_1_53' title="bbox 2231 1469 3839 1551">
    <p class='ocr_par' dir='ltr' id='par_1_53' title="bbox 2231 1469 3839 1551">
     <span class='ocr_line' id='line_1_53' title="bbox 2231 1469 3839 1551; baseline -0.009 -13"><span class='ocrx_word' id='word_1_402' title='bbox 2231 1491 2343 1539; x_wconf 89' lang='lat' dir='ltr'><strong>tem</strong></span> <span class='ocrx_word' id='word_1_403' title='bbox 2366 1488 2521 1545; x_wconf 76' lang='lat' dir='ltr'><strong>tuam</strong></span> <span class='ocrx_word' id='word_1_404' title='bbox 2548 1478 2757 1551; x_wconf 88' lang='lat' dir='ltr'><strong>redegi,</strong></span> <span class='ocrx_word' id='word_1_405' title='bbox 2808 1492 2908 1548; x_wconf 85' lang='lat' dir='ltr'><strong>ego</strong></span> <span class='ocrx_word' id='word_1_406' title='bbox 2937 1476 3003 1532; x_wconf 92' lang='lat' dir='ltr'><strong>de</strong></span> <span class='ocrx_word' id='word_1_407' title='bbox 3032 1474 3240 1530; x_wconf 88' lang='lat' dir='ltr'><strong>semine</strong></span> <span class='ocrx_word' id='word_1_408' title='bbox 3286 1479 3382 1528; x_wconf 89' lang='lat' dir='ltr'><strong>tuo</strong></span> <span class='ocrx_word' id='word_1_409' title='bbox 3424 1486 3590 1542; x_wconf 89' lang='lat' dir='ltr'><strong>supra</strong></span> <span class='ocrx_word' id='word_1_410' title='bbox 3637 1469 3839 1526; x_wconf 90' lang='lat' dir='ltr'><strong>solium</strong></span> 
     </span>
    </p>
   </div>
   <div class='ocr_carea' id='block_1_54' title="bbox 2229 1563 3840 1647">
    <p class='ocr_par' dir='ltr' id='par_1_54' title="bbox 2229 1563 3840 1647">
     <span class='ocr_line' id='line_1_54' title="bbox 2229 1563 3840 1647; baseline -0.007 -16"><span class='ocrx_word' id='word_1_411' title='bbox 2229 1574 2383 1647; x_wconf 90' lang='lat' dir='ltr'><strong>regni</strong></span> <span class='ocrx_word' id='word_1_412' title='bbox 2409 1572 2688 1639; x_wconf 89' lang='lat' dir='ltr'><strong>constitui,</strong></span> <span class='ocrx_word' id='word_1_413' title='bbox 2717 1586 2818 1643; x_wconf 88' lang='lat' dir='ltr'><strong>ego</strong></span> <span class='ocrx_word' id='word_1_414' title='bbox 2858 1578 2914 1626; x_wconf 91' lang='lat' dir='ltr'><strong>te</strong></span> <span class='ocrx_word' id='word_1_415' title='bbox 2954 1567 3290 1638; x_wconf 91' lang='lat' dir='ltr'><strong>triumphare</strong></span> <span class='ocrx_word' id='word_1_416' title='bbox 3312 1566 3431 1622; x_wconf 90' lang='lat' dir='ltr'><strong>sine</strong></span> <span class='ocrx_word' id='word_1_417' title='bbox 3470 1564 3659 1620; x_wconf 92' lang='lat' dir='ltr'><strong>labore</strong></span> <span class='ocrx_word' id='word_1_418' title='bbox 3698 1563 3840 1630; x_wconf 86' lang='lat' dir='ltr'><strong>feci;</strong></span> 
     </span>
    </p>
   </div>
   <div class='ocr_carea' id='block_1_55' title="bbox 2229 1651 3841 1725">
    <p class='ocr_par' dir='ltr' id='par_1_55' title="bbox 2229 1651 3841 1725">
     <span class='ocr_line' id='line_1_55' title="bbox 2229 1651 3841 1725; baseline -0.007 -5"><span class='ocrx_word' id='word_1_419' title='bbox 2229 1672 2286 1721; x_wconf 91' lang='lat' dir='ltr'><strong>et</strong></span> <span class='ocrx_word' id='word_1_420' title='bbox 2315 1671 2375 1719; x_wconf 91' lang='lat' dir='ltr'><strong>tu</strong></span> <span class='ocrx_word' id='word_1_421' title='bbox 2411 1664 2477 1719; x_wconf 92' lang='lat' dir='ltr'><strong>de</strong></span> <span class='ocrx_word' id='word_1_422' title='bbox 2512 1678 2601 1719; x_wconf 91' lang='lat' dir='ltr'><strong>me</strong></span> <span class='ocrx_word' id='word_1_423' title='bbox 2656 1661 2894 1718; x_wconf 91' lang='lat' dir='ltr'><strong>inimicis</strong></span> <span class='ocrx_word' id='word_1_424' title='bbox 2935 1660 3073 1715; x_wconf 91' lang='lat' dir='ltr'><strong>meis</strong></span> <span class='ocrx_word' id='word_1_425' title='bbox 3111 1658 3283 1714; x_wconf 87' lang='lat' dir='ltr'><strong>donas</strong></span> <span class='ocrx_word' id='word_1_426' title='bbox 3336 1655 3642 1725; x_wconf 90' lang='lat' dir='ltr'><strong>triumphos</strong></span> <span class='ocrx_word' id='word_1_427' title='bbox 3666 1654 3692 1708; x_wconf 81' lang='lat'><strong>?</strong></span> <span class='ocrx_word' id='word_1_428' title='bbox 3736 1651 3841 1709; x_wconf 89' lang='lat' dir='ltr'><strong>Cui</strong></span> 
     </span>
    </p>
   </div>
   <div class='ocr_carea' id='block_1_56' title="bbox 2231 1743 3843 1820">
    <p class='ocr_par' dir='ltr' id='par_1_56' title="bbox 2231 1743 3843 1820">
     <span class='ocr_line' id='line_1_56' title="bbox 2231 1743 3843 1820; baseline -0.009 -9"><span class='ocrx_word' id='word_1_429' title='bbox 2231 1753 2584 1812; x_wconf 87' lang='lat' dir='ltr'><strong>descendenti</strong></span> <span class='ocrx_word' id='word_1_430' title='bbox 2611 1752 2809 1809; x_wconf 87' lang='lat' dir='ltr'><strong>exedra</strong></span> <span class='ocrx_word' id='word_1_431' title='bbox 2855 1750 3159 1820; x_wconf 85' lang='lat' dir='ltr'><strong>Imperator</strong></span> <span class='ocrx_word' id='word_1_432' title='bbox 3183 1747 3296 1802; x_wconf 91' lang='lat' dir='ltr'><strong>ait:</strong></span> <span class='ocrx_word' id='word_1_433' title='bbox 3343 1743 3545 1801; x_wconf 86' lang='lat' dir='ltr'><strong>Contra</strong></span> <span class='ocrx_word' id='word_1_434' title='bbox 3583 1757 3683 1799; x_wconf 91' lang='lat' dir='ltr'><strong>nos</strong></span> <span class='ocrx_word' id='word_1_435' title='bbox 3712 1757 3843 1813; x_wconf 90' lang='lat' dir='ltr'><strong>pro-</strong></span> 
     </span>
    </p>
   </div>
   <div class='ocr_carea' id='block_1_57' title="bbox 2231 1836 3840 1920">
    <p class='ocr_par' dir='ltr' id='par_1_57' title="bbox 2231 1836 3840 1920">
     <span class='ocr_line' id='line_1_57' title="bbox 2231 1836 3840 1920; baseline -0.008 -16"><span class='ocrx_word' id='word_1_436' title='bbox 2231 1847 2461 1920; x_wconf 89' lang='lat' dir='ltr'><strong>posuisti</strong></span> <span class='ocrx_word' id='word_1_437' title='bbox 2487 1846 2671 1913; x_wconf 89' lang='lat' dir='ltr'><strong>hodie,</strong></span> <span class='ocrx_word' id='word_1_438' title='bbox 2707 1845 2981 1915; x_wconf 84' lang='lat' dir='ltr'><strong>episcOpe.</strong></span> <span class='ocrx_word' id='word_1_439' title='bbox 3009 1841 3083 1899; x_wconf 87' lang='lat' dir='ltr'><strong>At</strong></span> <span class='ocrx_word' id='word_1_440' title='bbox 3105 1840 3196 1897; x_wconf 92' lang='lat' dir='ltr'><strong>ille</strong></span> <span class='ocrx_word' id='word_1_441' title='bbox 3223 1838 3577 1909; x_wconf 90' lang='lat' dir='ltr'><strong>respondens,</strong></span> <span class='ocrx_word' id='word_1_442' title='bbox 3605 1836 3703 1903; x_wconf 91' lang='lat' dir='ltr'><strong>ait,</strong></span> <span class='ocrx_word' id='word_1_443' title='bbox 3726 1851 3840 1892; x_wconf 91' lang='lat' dir='ltr'><strong>non</strong></span> 
     </span>
    </p>
   </div>
   <div class='ocr_carea' id='block_1_58' title="bbox 2231 1925 3847 2010">
    <p class='ocr_par' dir='ltr' id='par_1_58' title="bbox 2231 1925 3847 2010">
     <span class='ocr_line' id='line_1_58' title="bbox 2231 1925 3847 2010; baseline -0.01 -14"><span class='ocrx_word' id='word_1_444' title='bbox 2231 1956 2291 1996; x_wconf 90' lang='lat' dir='ltr'><strong>se</strong></span> <span class='ocrx_word' id='word_1_445' title='bbox 2315 1945 2506 1995; x_wconf 88' lang='lat' dir='ltr'><strong>contra</strong></span> <span class='ocrx_word' id='word_1_446' title='bbox 2531 1938 2732 2010; x_wconf 89' lang='lat' dir='ltr'><strong>ipsum,</strong></span> <span class='ocrx_word' id='word_1_447' title='bbox 2762 1934 2859 1992; x_wconf 89' lang='lat' dir='ltr'><strong>sed</strong></span> <span class='ocrx_word' id='word_1_448' title='bbox 2894 1949 2996 2006; x_wconf 93' lang='lat' dir='ltr'><strong>pro</strong></span> <span class='ocrx_word' id='word_1_449' title='bbox 3040 1933 3159 2003; x_wconf 93' lang='lat' dir='ltr'><strong>ipso</strong></span> <span class='ocrx_word' id='word_1_450' title='bbox 3187 1930 3357 1987; x_wconf 89' lang='lat' dir='ltr'><strong>fuisse</strong></span> <span class='ocrx_word' id='word_1_451' title='bbox 3389 1929 3651 1985; x_wconf 92' lang='lat' dir='ltr'><strong>locutum.</strong></span> <span class='ocrx_word' id='word_1_452' title='bbox 3686 1925 3847 1981; x_wconf 89' lang='lat' dir='ltr'><strong>Tunc</strong></span> 
     </span>
    </p>
   </div>
   <div class='ocr_carea' id='block_1_59' title="bbox 2231 2025 3846 2103">
    <p class='ocr_par' dir='ltr' id='par_1_59' title="bbox 2231 2025 3846 2103">
     <span class='ocr_line' id='line_1_59' title="bbox 2231 2025 3846 2103; baseline -0.008 -15"><span class='ocrx_word' id='word_1_453' title='bbox 2231 2033 2571 2103; x_wconf 86' lang='lat' dir='ltr'><strong>Imperator:</strong></span> <span class='ocrx_word' id='word_1_454' title='bbox 2608 2030 2836 2095; x_wconf 80' lang='lat' dir='ltr'><strong>Revera,</strong></span> <span class='ocrx_word' id='word_1_455' title='bbox 2888 2026 3087 2098; x_wconf 90' lang='lat' dir='ltr'><strong>inquit,</strong></span> <span class='ocrx_word' id='word_1_456' title='bbox 3135 2025 3273 2080; x_wconf 88' lang='lat' dir='ltr'><strong>dura</strong></span> <span class='ocrx_word' id='word_1_457' title='bbox 3318 2036 3683 2095; x_wconf 68' lang='lat' dir='ltr'><strong>praeceperam</strong></span> <span class='ocrx_word' id='word_1_458' title='bbox 3713 2035 3846 2077; x_wconf 88' lang='lat' dir='ltr'><strong>con-</strong></span> 
     </span>
    </p>
   </div>
   <div class='ocr_carea' id='block_1_60' title="bbox 2235 2114 3845 2196">
    <p class='ocr_par' dir='ltr' id='par_1_60' title="bbox 2235 2114 3845 2196">
     <span class='ocr_line' id='line_1_60' title="bbox 2235 2114 3845 2196; baseline -0.008 -14"><span class='ocrx_word' id='word_1_459' title='bbox 2235 2134 2321 2182; x_wconf 89' lang='lat' dir='ltr'><strong>tra</strong></span> <span class='ocrx_word' id='word_1_460' title='bbox 2349 2125 2667 2196; x_wconf 78' lang='lat' dir='ltr'><strong>epiSCOpum</strong></span> <span class='ocrx_word' id='word_1_461' title='bbox 2697 2123 2764 2178; x_wconf 90' lang='lat' dir='ltr'><strong>de</strong></span> <span class='ocrx_word' id='word_1_462' title='bbox 2801 2135 3075 2193; x_wconf 87' lang='lat' dir='ltr'><strong>synagoga</strong></span> <span class='ocrx_word' id='word_1_463' title='bbox 3100 2117 3427 2189; x_wconf 90' lang='lat' dir='ltr'><strong>reparanda.</strong></span> <span class='ocrx_word' id='word_1_464' title='bbox 3458 2114 3518 2171; x_wconf 86' lang='lat' dir='ltr'><strong>In</strong></span> <span class='ocrx_word' id='word_1_465' title='bbox 3543 2115 3845 2170; x_wconf 89' lang='lat' dir='ltr'><strong>monachos</strong></span> 
     </span>
    </p>
   </div>
   <div class='ocr_carea' id='block_1_61' title="bbox 2234 2207 3846 2280">
    <p class='ocr_par' dir='ltr' id='par_1_61' title="bbox 2234 2207 3846 2280">
     <span class='ocr_line' id='line_1_61' title="bbox 2234 2207 3846 2280; baseline -0.006 -10"><span class='ocrx_word' id='word_1_466' title='bbox 2234 2233 2367 2273; x_wconf 92' lang='lat' dir='ltr'><strong>vero</strong></span> <span class='ocrx_word' id='word_1_467' title='bbox 2392 2216 2779 2271; x_wconf 88' lang='lat' dir='ltr'><strong>vindicandum</strong></span> <span class='ocrx_word' id='word_1_468' title='bbox 2806 2229 2927 2271; x_wconf 87' lang='lat' dir='ltr'><strong>esse</strong></span> <span class='ocrx_word' id='word_1_469' title='bbox 2957 2228 2987 2267; x_wconf 90' lang='lat' dir='ltr'><strong>a</strong></span> <span class='ocrx_word' id='word_1_470' title='bbox 3027 2210 3339 2277; x_wconf 87' lang='lat' dir='ltr'><strong>comitibus,</strong></span> <span class='ocrx_word' id='word_1_471' title='bbox 3388 2207 3482 2280; x_wconf 87' lang='lat' dir='ltr'><strong>qui</strong></span> <span class='ocrx_word' id='word_1_472' title='bbox 3509 2207 3568 2263; x_wconf 92' lang='lat' dir='ltr'><strong>in</strong></span> <span class='ocrx_word' id='word_1_473' title='bbox 3595 2214 3846 2279; x_wconf 89' lang='lat' dir='ltr'><strong>tempore</strong></span> 
     </span>
    </p>
   </div>
   <div class='ocr_carea' id='block_1_62' title="bbox 2236 2299 3846 2376">
    <p class='ocr_par' dir='ltr' id='par_1_62' title="bbox 2236 2299 3846 2376">
     <span class='ocr_line' id='line_1_62' title="bbox 2236 2299 3846 2376; baseline -0.006 -11"><span class='ocrx_word' id='word_1_474' title='bbox 2236 2310 2483 2376; x_wconf 89' lang='lat' dir='ltr'><strong>aderant,</strong></span> <span class='ocrx_word' id='word_1_475' title='bbox 2515 2308 2815 2364; x_wconf 89' lang='lat' dir='ltr'><strong>dicebatur.</strong></span> <span class='ocrx_word' id='word_1_476' title='bbox 2859 2306 3068 2375; x_wconf 87' lang='lat' dir='ltr'><strong>Quibus</strong></span> <span class='ocrx_word' id='word_1_477' title='bbox 3107 2305 3434 2375; x_wconf 85' lang='lat' dir='ltr'><strong>episeopus:</strong></span> <span class='ocrx_word' id='word_1_478' title='bbox 3476 2300 3590 2372; x_wconf 87' lang='lat' dir='ltr'><strong>Ego</strong></span> <span class='ocrx_word' id='word_1_479' title='bbox 3615 2299 3846 2370; x_wconf 90' lang='lat' dir='ltr'><strong>quidem</strong></span> 
     </span>
    </p>
   </div>
   <div class='ocr_carea' id='block_1_63' title="bbox 2237 2390 3850 2472">
    <p class='ocr_par' dir='ltr' id='par_1_63' title="bbox 2237 2390 3850 2472">
     <span class='ocr_line' id='line_1_63' title="bbox 2237 2390 3850 2472; baseline -0.009 -13"><span class='ocrx_word' id='word_1_480' title='bbox 2237 2418 2361 2459; x_wconf 92' lang='lat' dir='ltr'><strong>cum</strong></span> <span class='ocrx_word' id='word_1_481' title='bbox 2383 2403 2713 2472; x_wconf 90' lang='lat' dir='ltr'><strong>lmperatore</strong></span> <span class='ocrx_word' id='word_1_482' title='bbox 2732 2415 2879 2456; x_wconf 91' lang='lat' dir='ltr'><strong>nunc</strong></span> <span class='ocrx_word' id='word_1_483' title='bbox 2907 2414 3028 2471; x_wconf 90' lang='lat' dir='ltr'><strong>ago.</strong></span> <span class='ocrx_word' id='word_1_484' title='bbox 3054 2396 3352 2453; x_wconf 89' lang='lat' dir='ltr'><strong>Vobiscum</strong></span> <span class='ocrx_word' id='word_1_485' title='bbox 3371 2407 3505 2450; x_wconf 91' lang='lat' dir='ltr'><strong>vero</strong></span> <span class='ocrx_word' id='word_1_486' title='bbox 3527 2392 3659 2447; x_wconf 90' lang='lat' dir='ltr'><strong>mihi</strong></span> <span class='ocrx_word' id='word_1_487' title='bbox 3682 2390 3850 2446; x_wconf 87' lang='lat' dir='ltr'><strong>aliter</strong></span> 
     </span>
    </p>
   </div>
   <div class='ocr_carea' id='block_1_64' title="bbox 2238 2486 3847 2567">
    <p class='ocr_par' dir='ltr' id='par_1_64' title="bbox 2238 2486 3847 2567">
     <span class='ocr_line' id='line_1_64' title="bbox 2238 2486 3847 2567; baseline -0.009 -16"><span class='ocrx_word' id='word_1_488' title='bbox 2238 2495 2525 2567; x_wconf 86' lang='lat' dir='ltr'><strong>agendum.</strong></span> <span class='ocrx_word' id='word_1_489' title='bbox 2571 2493 2751 2565; x_wconf 86' lang='lat' dir='ltr'><strong>Atque</strong></span> <span class='ocrx_word' id='word_1_490' title='bbox 2799 2492 2877 2548; x_wconf 88' lang='lat' dir='ltr'><strong>ita</strong></span> <span class='ocrx_word' id='word_1_491' title='bbox 2931 2489 3187 2553; x_wconf 90' lang='lat' dir='ltr'><strong>obtinuit,</strong></span> <span class='ocrx_word' id='word_1_492' title='bbox 3236 2494 3299 2542; x_wconf 92' lang='lat' dir='ltr'><strong>ut</strong></span> <span class='ocrx_word' id='word_1_493' title='bbox 3346 2486 3440 2541; x_wconf 91' lang='lat' dir='ltr'><strong>illa</strong></span> <span class='ocrx_word' id='word_1_494' title='bbox 3467 2500 3589 2556; x_wconf 66' lang='lat' dir='ltr'><strong>qua:</strong></span> <span class='ocrx_word' id='word_1_495' title='bbox 3635 2490 3847 2540; x_wconf 88' lang='lat' dir='ltr'><strong>statuta</strong></span> 
     </span>
    </p>
   </div>
   <div class='ocr_carea' id='block_1_65' title="bbox 2238 2577 3851 2657">
    <p class='ocr_par' dir='ltr' id='par_1_65' title="bbox 2238 2577 3851 2657">
     <span class='ocr_line' id='line_1_65' title="bbox 2238 2577 3851 2657; baseline -0.011 -9"><span class='ocrx_word' id='word_1_496' title='bbox 2238 2591 2479 2657; x_wconf 87' lang='lat' dir='ltr'><strong>fuerant,</strong></span> <span class='ocrx_word' id='word_1_497' title='bbox 2507 2595 2916 2646; x_wconf 88' lang='lat' dir='ltr'><strong>revocarentur.</strong></span> <span class='ocrx_word' id='word_1_498' title='bbox 2959 2584 3073 2640; x_wconf 89' lang='lat' dir='ltr'><strong>Nec</strong></span> <span class='ocrx_word' id='word_1_499' title='bbox 3101 2582 3254 2655; x_wconf 91' lang='lat' dir='ltr'><strong>prius</strong></span> <span class='ocrx_word' id='word_1_500' title='bbox 3282 2580 3352 2636; x_wconf 90' lang='lat' dir='ltr'><strong>ad</strong></span> <span class='ocrx_word' id='word_1_501' title='bbox 3381 2579 3555 2635; x_wconf 88' lang='lat' dir='ltr'><strong>altare</strong></span> <span class='ocrx_word' id='word_1_502' title='bbox 3582 2577 3851 2633; x_wconf 87' lang='lat' dir='ltr'><strong>accedere</strong></span> 
     </span>
    </p>
   </div>
   <div class='ocr_carea' id='block_1_66' title="bbox 2238 2669 3851 2750">
    <p class='ocr_par' dir='ltr' id='par_1_66' title="bbox 2238 2669 3851 2750">
     <span class='ocr_line' id='line_1_66' title="bbox 2238 2669 3851 2750; baseline -0.011 -10"><span class='ocrx_word' id='word_1_503' title='bbox 2238 2686 2431 2750; x_wconf 91' lang='lat' dir='ltr'><strong>voluit,</strong></span> <span class='ocrx_word' id='word_1_504' title='bbox 2462 2683 2569 2740; x_wconf 90' lang='lat' dir='ltr'><strong>nisi</strong></span> <span class='ocrx_word' id='word_1_505' title='bbox 2618 2682 2723 2738; x_wconf 83' lang='lat' dir='ltr'><strong>fide</strong></span> <span class='ocrx_word' id='word_1_506' title='bbox 2758 2697 2857 2737; x_wconf 90' lang='lat' dir='ltr'><strong>sua</strong></span> <span class='ocrx_word' id='word_1_507' title='bbox 2903 2679 3205 2749; x_wconf 76' lang='lat' dir='ltr'><strong>imperator</strong></span> <span class='ocrx_word' id='word_1_508' title='bbox 3247 2673 3402 2729; x_wconf 92' lang='lat' dir='ltr'><strong>illum</strong></span> <span class='ocrx_word' id='word_1_509' title='bbox 3448 2686 3609 2743; x_wconf 89' lang='lat' dir='ltr'><strong>agere</strong></span> <span class='ocrx_word' id='word_1_510' title='bbox 3645 2669 3851 2724; x_wconf 89' lang='lat' dir='ltr'><strong>debere</strong></span> 
     </span>
    </p>
   </div>
   <div class='ocr_carea' id='block_1_67' title="bbox 2240 2762 3853 2846">
    <p class='ocr_par' dir='ltr' id='par_1_67' title="bbox 2240 2762 3853 2846">
     <span class='ocr_line' id='line_1_67' title="bbox 2240 2762 3853 2846; baseline -0.012 -10"><span class='ocrx_word' id='word_1_511' title='bbox 2240 2786 2559 2836; x_wconf 90' lang='lat' dir='ltr'><strong>testaretur.</strong></span> <span class='ocrx_word' id='word_1_512' title='bbox 2590 2774 2692 2832; x_wconf 91' lang='lat' dir='ltr'><strong>Cui</strong></span> <span class='ocrx_word' id='word_1_513' title='bbox 2734 2774 3062 2846; x_wconf 87' lang='lat' dir='ltr'><strong>episcopus:</strong></span> <span class='ocrx_word' id='word_1_514' title='bbox 3113 2770 3258 2842; x_wconf 87' lang='lat' dir='ltr'><strong>Ergo</strong></span> <span class='ocrx_word' id='word_1_515' title='bbox 3284 2782 3387 2837; x_wconf 87' lang='lat' dir='ltr'><strong>ago</strong></span> <span class='ocrx_word' id='word_1_516' title='bbox 3415 2766 3523 2822; x_wconf 83' lang='lat' dir='ltr'><strong>fide</strong></span> <span class='ocrx_word' id='word_1_517' title='bbox 3553 2771 3671 2819; x_wconf 90' lang='lat' dir='ltr'><strong>tua.</strong></span> <span class='ocrx_word' id='word_1_518' title='bbox 3712 2762 3853 2818; x_wconf 84' lang='lat' dir='ltr'><strong>Res-</strong></span> 
     </span>
    </p>
   </div>
   <div class='ocr_carea' id='block_1_68' title="bbox 2243 2857 3856 2946">
    <p class='ocr_par' dir='ltr' id='par_1_68' title="bbox 2243 2857 3856 2946">
     <span class='ocr_line' id='line_1_68' title="bbox 2243 2857 3856 2946; baseline -0.011 -17"><span class='ocrx_word' id='word_1_519' title='bbox 2243 2872 2437 2946; x_wconf 92' lang='lat' dir='ltr'><strong>pondit</strong></span> <span class='ocrx_word' id='word_1_520' title='bbox 2460 2870 2766 2942; x_wconf 83' lang='lat' dir='ltr'><strong>Imperator</strong></span> <span class='ocrx_word' id='word_1_521' title='bbox 2790 2887 2803 2922; x_wconf 94' lang='lat'><strong>:</strong></span> <span class='ocrx_word' id='word_1_522' title='bbox 2844 2866 2960 2939; x_wconf 91' lang='lat' dir='ltr'><strong>Age</strong></span> <span class='ocrx_word' id='word_1_523' title='bbox 2981 2866 3088 2921; x_wconf 79' lang='lat' dir='ltr'><strong>fide</strong></span> <span class='ocrx_word' id='word_1_524' title='bbox 3112 2879 3256 2920; x_wconf 91' lang='lat' dir='ltr'><strong>mea.</strong></span> <span class='ocrx_word' id='word_1_525' title='bbox 3285 2862 3403 2930; x_wconf 86' lang='lat' dir='ltr'><strong>Qua</strong></span> <span class='ocrx_word' id='word_1_526' title='bbox 3429 2859 3725 2931; x_wconf 89' lang='lat' dir='ltr'><strong>sponsione</strong></span> <span class='ocrx_word' id='word_1_527' title='bbox 3750 2857 3856 2913; x_wconf 85' lang='lat' dir='ltr'><strong>ite-</strong></span> 
     </span>
    </p>
   </div>
   <div class='ocr_carea' id='block_1_69' title="bbox 2241 2951 3848 3035">
    <p class='ocr_par' dir='ltr' id='par_1_69' title="bbox 2241 2951 3848 3035">
     <span class='ocr_line' id='line_1_69' title="bbox 2241 2951 3848 3035; baseline -0.011 -14"><span class='ocrx_word' id='word_1_528' title='bbox 2241 2974 2383 3032; x_wconf 90' lang='lat' dir='ltr'><strong>rata,</strong></span> <span class='ocrx_word' id='word_1_529' title='bbox 2404 2964 2518 3035; x_wconf 89' lang='lat' dir='ltr'><strong>jam</strong></span> <span class='ocrx_word' id='word_1_530' title='bbox 2539 2977 2766 3018; x_wconf 89' lang='lat' dir='ltr'><strong>securus</strong></span> <span class='ocrx_word' id='word_1_531' title='bbox 2788 2958 3001 3032; x_wconf 89' lang='lat' dir='ltr'><strong>peregit</strong></span> <span class='ocrx_word' id='word_1_532' title='bbox 3024 2957 3281 3014; x_wconf 89' lang='lat' dir='ltr'><strong>sacerdos</strong></span> <span class='ocrx_word' id='word_1_533' title='bbox 3305 2954 3486 3011; x_wconf 91' lang='lat' dir='ltr'><strong>divina</strong></span> <span class='ocrx_word' id='word_1_534' title='bbox 3512 2951 3798 3024; x_wconf 83' lang='lat' dir='ltr'><strong>mysteria.</strong></span> <span class='ocrx_word' id='word_1_535' title='bbox 3824 2968 3848 3003; x_wconf 71' lang='grc' dir='ltr'><strong>ι</strong></span> 
     </span>
    </p>
   </div>
   <div class='ocr_carea' id='block_1_70' title="bbox 2241 3040 3844 3113">
    <p class='ocr_par' dir='ltr' id='par_1_70' title="bbox 2241 3040 3844 3113">
     <span class='ocr_line' id='line_1_70' title="bbox 2241 3040 3844 3113; baseline -0.011 0"><span class='ocrx_word' id='word_1_536' title='bbox 2241 3057 2384 3113; x_wconf 86' lang='lat' dir='ltr'><strong>Ecce</strong></span> <span class='ocrx_word' id='word_1_537' title='bbox 2405 3054 2526 3111; x_wconf 74' lang='lat' dir='ltr'><strong>duae</strong></span> <span class='ocrx_word' id='word_1_538' title='bbox 2550 3052 2802 3109; x_wconf 81' lang='lat' dir='ltr'><strong>maximae</strong></span> <span class='ocrx_word' id='word_1_539' title='bbox 2845 3050 3218 3106; x_wconf 89' lang='lat' dir='ltr'><strong>Ecclesiarum</strong></span> <span class='ocrx_word' id='word_1_540' title='bbox 3248 3046 3345 3103; x_wconf 89' lang='lat' dir='ltr'><strong>Dei</strong></span> <span class='ocrx_word' id='word_1_541' title='bbox 3373 3044 3660 3110; x_wconf 85' lang='lat' dir='ltr'><strong>columnae,</strong></span> <span class='ocrx_word' id='word_1_542' title='bbox 3690 3040 3844 3097; x_wconf 88' lang='lat' dir='ltr'><strong>Hila-</strong></span> 
     </span>
    </p>
   </div>
   <div class='ocr_carea' id='block_1_71' title="bbox 2242 3132 3853 3211">
    <p class='ocr_par' dir='ltr' id='par_1_71' title="bbox 2242 3132 3853 3211">
     <span class='ocr_line' id='line_1_71' title="bbox 2242 3132 3853 3211; baseline -0.011 -6"><span class='ocrx_word' id='word_1_543' title='bbox 2242 3150 2358 3207; x_wconf 91' lang='lat' dir='ltr'><strong>rius</strong></span> <span class='ocrx_word' id='word_1_544' title='bbox 2383 3146 2654 3211; x_wconf 87' lang='lat' dir='ltr'><strong>videlicet,</strong></span> <span class='ocrx_word' id='word_1_545' title='bbox 2683 3153 2738 3202; x_wconf 90' lang='lat' dir='ltr'><strong>et</strong></span> <span class='ocrx_word' id='word_1_546' title='bbox 2759 3141 3101 3199; x_wconf 89' lang='lat' dir='ltr'><strong>Ambrosius.</strong></span> <span class='ocrx_word' id='word_1_547' title='bbox 3126 3140 3279 3196; x_wconf 88' lang='lat' dir='ltr'><strong>Alter</strong></span> <span class='ocrx_word' id='word_1_548' title='bbox 3300 3153 3369 3194; x_wconf 86' lang='lat' dir='ltr'><strong>ex</strong></span> <span class='ocrx_word' id='word_1_549' title='bbox 3390 3136 3479 3193; x_wconf 91' lang='lat' dir='ltr'><strong>his</strong></span> <span class='ocrx_word' id='word_1_550' title='bbox 3500 3150 3599 3192; x_wconf 92' lang='lat' dir='ltr'><strong>suo</strong></span> <span class='ocrx_word' id='word_1_551' title='bbox 3626 3148 3728 3189; x_wconf 91' lang='lat' dir='ltr'><strong>nos</strong></span> <span class='ocrx_word' id='word_1_552' title='bbox 3752 3132 3853 3188; x_wconf 89' lang='lat' dir='ltr'><strong>do-</strong></span> 
     </span>
    </p>
   </div>
   <div class='ocr_carea' id='block_1_72' title="bbox 2243 3226 3853 3312">
    <p class='ocr_par' dir='ltr' id='par_1_72' title="bbox 2243 3226 3853 3312">
     <span class='ocr_line' id='line_1_72' title="bbox 2243 3226 3853 3312; baseline -0.013 -11"><span class='ocrx_word' id='word_1_553' title='bbox 2243 3252 2332 3301; x_wconf 92' lang='lat' dir='ltr'><strong>cet</strong></span> <span class='ocrx_word' id='word_1_554' title='bbox 2362 3242 2612 3312; x_wconf 88' lang='lat' dir='ltr'><strong>exemplo</strong></span> <span class='ocrx_word' id='word_1_555' title='bbox 2640 3254 2749 3295; x_wconf 93' lang='lat' dir='ltr'><strong>non</strong></span> <span class='ocrx_word' id='word_1_556' title='bbox 2781 3253 2814 3292; x_wconf 92' lang='lat' dir='ltr'><strong>a</strong></span> <span class='ocrx_word' id='word_1_557' title='bbox 2838 3235 2975 3293; x_wconf 91' lang='lat' dir='ltr'><strong>cibis</strong></span> <span class='ocrx_word' id='word_1_558' title='bbox 3012 3233 3372 3300; x_wconf 89' lang='lat' dir='ltr'><strong>solummodo,</strong></span> <span class='ocrx_word' id='word_1_559' title='bbox 3403 3245 3595 3287; x_wconf 91' lang='lat' dir='ltr'><strong>verum</strong></span> <span class='ocrx_word' id='word_1_560' title='bbox 3625 3226 3796 3283; x_wconf 91' lang='lat' dir='ltr'><strong>etiam</strong></span> <span class='ocrx_word' id='word_1_561' title='bbox 3817 3240 3853 3281; x_wconf 88' lang='lat' dir='ltr'><strong>a</strong></span> 
     </span>
    </p>
   </div>
   <div class='ocr_carea' id='block_1_73' title="bbox 2246 3315 3854 3395">
    <p class='ocr_par' dir='ltr' id='par_1_73' title="bbox 2246 3315 3854 3395">
     <span class='ocr_line' id='line_1_73' title="bbox 2246 3315 3854 3395; baseline -0.012 -7"><span class='ocrx_word' id='word_1_562' title='bbox 2246 3331 2580 3388; x_wconf 90' lang='lat' dir='ltr'><strong>salutatione</strong></span> <span class='ocrx_word' id='word_1_563' title='bbox 2618 3326 2951 3390; x_wconf 69' lang='lat' dir='ltr'><strong>Iudaeorum,</strong></span> <span class='ocrx_word' id='word_1_564' title='bbox 2981 3338 3101 3395; x_wconf 70' lang='lat' dir='ltr'><strong>quae</strong></span> <span class='ocrx_word' id='word_1_565' title='bbox 3133 3322 3202 3377; x_wconf 88' lang='lat' dir='ltr'><strong>ab</strong></span> <span class='ocrx_word' id='word_1_566' title='bbox 3230 3320 3484 3377; x_wconf 91' lang='lat' dir='ltr'><strong>omnibus</strong></span> <span class='ocrx_word' id='word_1_567' title='bbox 3512 3318 3569 3376; x_wconf 91' lang='lat' dir='ltr'><strong>in</strong></span> <span class='ocrx_word' id='word_1_568' title='bbox 3618 3315 3854 3371; x_wconf 89' lang='lat' dir='ltr'><strong>invicem</strong></span> 
     </span>
    </p>
   </div>
   <div class='ocr_carea' id='block_1_74' title="bbox 2248 3406 3851 3484">
    <p class='ocr_par' dir='ltr' id='par_1_74' title="bbox 2248 3406 3851 3484">
     <span class='ocr_line' id='line_1_74' title="bbox 2248 3406 3851 3484; baseline -0.014 -3"><span class='ocrx_word' id='word_1_569' title='bbox 2248 3422 2611 3481; x_wconf 90' lang='lat' dir='ltr'><strong>communiter</strong></span> <span class='ocrx_word' id='word_1_570' title='bbox 2634 3418 2947 3484; x_wconf 88' lang='lat' dir='ltr'><strong>exhibetur,</strong></span> <span class='ocrx_word' id='word_1_571' title='bbox 2976 3414 3286 3484; x_wconf 88' lang='lat' dir='ltr'><strong>diligentius</strong></span> <span class='ocrx_word' id='word_1_572' title='bbox 3324 3408 3602 3465; x_wconf 87' lang='lat' dir='ltr'><strong>abstinere</strong></span> <span class='ocrx_word' id='word_1_573' title='bbox 3627 3406 3851 3462; x_wconf 89' lang='lat' dir='ltr'><strong>debere.</strong></span> 
     </span>
    </p>
   </div>
   <div class='ocr_carea' id='block_1_75' title="bbox 2246 3500 3852 3586">
    <p class='ocr_par' dir='ltr' id='par_1_75' title="bbox 2246 3500 3852 3586">
     <span class='ocr_line' id='line_1_75' title="bbox 2246 3500 3852 3586; baseline -0.014 -12"><span class='ocrx_word' id='word_1_574' title='bbox 2246 3517 2400 3574; x_wconf 90' lang='lat' dir='ltr'><strong>Alter</strong></span> <span class='ocrx_word' id='word_1_575' title='bbox 2428 3530 2575 3581; x_wconf 89' lang='lat' dir='ltr'><strong>vero,</strong></span> <span class='ocrx_word' id='word_1_576' title='bbox 2604 3527 2705 3586; x_wconf 91' lang='lat' dir='ltr'><strong>pro</strong></span> <span class='ocrx_word' id='word_1_577' title='bbox 2730 3527 2796 3569; x_wconf 94' lang='lat' dir='ltr'><strong>eo</strong></span> <span class='ocrx_word' id='word_1_578' title='bbox 2840 3509 2987 3581; x_wconf 91' lang='lat' dir='ltr'><strong>quod</strong></span> <span class='ocrx_word' id='word_1_579' title='bbox 3015 3514 3209 3563; x_wconf 82' lang='lat' dir='ltr'><strong>exusta</strong></span> <span class='ocrx_word' id='word_1_580' title='bbox 3235 3520 3268 3559; x_wconf 94' lang='lat' dir='ltr'><strong>a</strong></span> <span class='ocrx_word' id='word_1_581' title='bbox 3316 3500 3643 3559; x_wconf 91' lang='lat' dir='ltr'><strong>Christianis</strong></span> <span class='ocrx_word' id='word_1_582' title='bbox 3683 3512 3852 3571; x_wconf 82' lang='lat' dir='ltr'><strong>syna-</strong></span> 
     </span>
    </p>
   </div>
   <div class='ocr_carea' id='block_1_76' title="bbox 2250 3591 3855 3683">
    <p class='ocr_par' dir='ltr' id='par_1_76' title="bbox 2250 3591 3855 3683">
     <span class='ocr_line' id='line_1_76' title="bbox 2250 3591 3855 3683; baseline -0.012 -16"><span class='ocrx_word' id='word_1_583' title='bbox 2250 3625 2388 3683; x_wconf 87' lang='lat' dir='ltr'><strong>goga</strong></span> <span class='ocrx_word' id='word_1_584' title='bbox 2417 3607 2751 3672; x_wconf 72' lang='lat' dir='ltr'><strong>Judzeorum,</strong></span> <span class='ocrx_word' id='word_1_585' title='bbox 2780 3602 2966 3659; x_wconf 90' lang='lat' dir='ltr'><strong>labore</strong></span> <span class='ocrx_word' id='word_1_586' title='bbox 2992 3597 3230 3673; x_wconf 90' lang='lat' dir='ltr'><strong>episcopi</strong></span> <span class='ocrx_word' id='word_1_587' title='bbox 3257 3596 3326 3653; x_wconf 89' lang='lat' dir='ltr'><strong>ab</strong></span> <span class='ocrx_word' id='word_1_588' title='bbox 3352 3595 3683 3666; x_wconf 89' lang='lat' dir='ltr'><strong>lmperatore</strong></span> <span class='ocrx_word' id='word_1_589' title='bbox 3695 3591 3855 3662; x_wconf 70' lang='lat' dir='ltr'><strong>iussa</strong></span> 
     </span>
    </p>
   </div>
   <div class='ocr_carea' id='block_1_77' title="bbox 2250 3685 3858 3761">
    <p class='ocr_par' dir='ltr' id='par_1_77' title="bbox 2250 3685 3858 3761">
     <span class='ocr_line' id='line_1_77' title="bbox 2250 3685 3858 3761; baseline -0.011 -5"><span class='ocrx_word' id='word_1_590' title='bbox 2250 3702 2431 3759; x_wconf 85' lang='lat' dir='ltr'><strong>fuerat</strong></span> <span class='ocrx_word' id='word_1_591' title='bbox 2468 3697 2792 3761; x_wconf 88' lang='lat' dir='ltr'><strong>restaurari,</strong></span> <span class='ocrx_word' id='word_1_592' title='bbox 2837 3693 3002 3751; x_wconf 91' lang='lat' dir='ltr'><strong>morti</strong></span> <span class='ocrx_word' id='word_1_593' title='bbox 3046 3708 3104 3748; x_wconf 94' lang='lat' dir='ltr'><strong>se</strong></span> <span class='ocrx_word' id='word_1_594' title='bbox 3139 3690 3336 3747; x_wconf 78' lang='lat' dir='ltr'><strong>offerre</strong></span> <span class='ocrx_word' id='word_1_595' title='bbox 3369 3702 3479 3743; x_wconf 91' lang='lat' dir='ltr'><strong>non</strong></span> <span class='ocrx_word' id='word_1_596' title='bbox 3517 3685 3752 3751; x_wconf 90' lang='lat' dir='ltr'><strong>dubitat,</strong></span> <span class='ocrx_word' id='word_1_597' title='bbox 3796 3691 3858 3740; x_wconf 91' lang='lat' dir='ltr'><strong>et</strong></span> 
     </span>
    </p>
   </div>
   <div class='ocr_carea' id='block_1_78' title="bbox 2251 3782 3855 3872">
    <p class='ocr_par' dir='ltr' id='par_1_78' title="bbox 2251 3782 3855 3872">
     <span class='ocr_line' id='line_1_78' title="bbox 2251 3782 3855 3872; baseline -0.011 -18"><span class='ocrx_word' id='word_1_598' title='bbox 2251 3798 2422 3872; x_wconf 91' lang='lat' dir='ltr'><strong>(quod</strong></span> <span class='ocrx_word' id='word_1_599' title='bbox 2452 3797 2572 3853; x_wconf 90' lang='lat' dir='ltr'><strong>leve</strong></span> <span class='ocrx_word' id='word_1_600' title='bbox 2613 3794 2844 3850; x_wconf 87' lang='lat' dir='ltr'><strong>forsitan</strong></span> <span class='ocrx_word' id='word_1_601' title='bbox 2870 3797 3176 3862; x_wconf 89' lang='lat' dir='ltr'><strong>putaretur,</strong></span> <span class='ocrx_word' id='word_1_602' title='bbox 3209 3787 3256 3844; x_wconf 92' lang='lat' dir='ltr'><strong>si</strong></span> <span class='ocrx_word' id='word_1_603' title='bbox 3299 3785 3462 3843; x_wconf 90' lang='lat' dir='ltr'><strong>hodie</strong></span> <span class='ocrx_word' id='word_1_604' title='bbox 3490 3782 3855 3855; x_wconf 89' lang='lat' dir='ltr'><strong>contingeret)</strong></span> 
     </span>
    </p>
   </div>
   <div class='ocr_carea' id='block_1_79' title="bbox 2246 3879 3851 3948">
    <p class='ocr_par' dir='ltr' id='par_1_79' title="bbox 2246 3879 3851 3948">
     <span class='ocr_line' id='line_1_79' title="bbox 2246 3879 3851 3948; baseline -0.011 1"><span class='ocrx_word' id='word_1_605' title='bbox 2246 3893 2334 3948; x_wconf 91' lang='lat' dir='ltr'><strong>vir</strong></span> <span class='ocrx_word' id='word_1_606' title='bbox 2367 3898 2588 3947; x_wconf 88' lang='lat' dir='ltr'><strong>sanctus</strong></span> <span class='ocrx_word' id='word_1_607' title='bbox 2622 3890 2678 3944; x_wconf 93' lang='lat' dir='ltr'><strong>in</strong></span> <span class='ocrx_word' id='word_1_608' title='bbox 2707 3894 2920 3943; x_wconf 87' lang='lat' dir='ltr'><strong>tantum</strong></span> <span class='ocrx_word' id='word_1_609' title='bbox 2969 3881 3253 3940; x_wconf 87' lang='lat' dir='ltr'><strong>exhorruit</strong></span> <span class='ocrx_word' id='word_1_610' title='bbox 3281 3889 3338 3937; x_wconf 92' lang='lat' dir='ltr'><strong>et</strong></span> <span class='ocrx_word' id='word_1_611' title='bbox 3362 3879 3708 3936; x_wconf 90' lang='lat' dir='ltr'><strong>abominatus</strong></span> <span class='ocrx_word' id='word_1_612' title='bbox 3746 3884 3851 3941; x_wconf 88' lang='lat' dir='ltr'><strong>est,</strong></span> 
     </span>
    </p>
   </div>
   <div class='ocr_carea' id='block_1_80' title="bbox 2246 3970 3858 4054">
    <p class='ocr_par' dir='ltr' id='par_1_80' title="bbox 2246 3970 3858 4054">
     <span class='ocr_line' id='line_1_80' title="bbox 2246 3970 3858 4054; baseline -0.009 -13"><span class='ocrx_word' id='word_1_613' title='bbox 2246 3992 2308 4041; x_wconf 88' lang='lat' dir='ltr'><strong>ut</strong></span> <span class='ocrx_word' id='word_1_614' title='bbox 2332 3992 2565 4041; x_wconf 91' lang='lat' dir='ltr'><strong>mortem</strong></span> <span class='ocrx_word' id='word_1_615' title='bbox 2591 3997 2691 4054; x_wconf 90' lang='lat' dir='ltr'><strong>pro</strong></span> <span class='ocrx_word' id='word_1_616' title='bbox 2715 3980 2810 4036; x_wconf 89' lang='lat' dir='ltr'><strong>tali</strong></span> <span class='ocrx_word' id='word_1_617' title='bbox 2841 3976 3063 4051; x_wconf 83' lang='lat' dir='ltr'><strong>negotio</strong></span> <span class='ocrx_word' id='word_1_618' title='bbox 3107 3983 3415 4047; x_wconf 90' lang='lat' dir='ltr'><strong>susceptam</strong></span> <span class='ocrx_word' id='word_1_619' title='bbox 3456 3970 3703 4044; x_wconf 85' lang='lat' dir='ltr'><strong>martyrii</strong></span> <span class='ocrx_word' id='word_1_620' title='bbox 3734 3970 3858 4027; x_wconf 91' lang='lat' dir='ltr'><strong>loco</strong></span> 
     </span>
    </p>
   </div>
   <div class='ocr_carea' id='block_1_81' title="bbox 2248 4065 3857 4133">
    <p class='ocr_par' dir='ltr' id='par_1_81' title="bbox 2248 4065 3857 4133">
     <span class='ocr_line' id='line_1_81' title="bbox 2248 4065 3857 4133; baseline -0.009 -1"><span class='ocrx_word' id='word_1_621' title='bbox 2248 4091 2357 4133; x_wconf 90' lang='lat' dir='ltr'><strong>non</strong></span> <span class='ocrx_word' id='word_1_622' title='bbox 2391 4075 2666 4131; x_wconf 87' lang='lat' dir='ltr'><strong>dubitaret</strong></span> <span class='ocrx_word' id='word_1_623' title='bbox 2699 4073 2803 4129; x_wconf 90' lang='lat' dir='ltr'><strong>sibi</strong></span> <span class='ocrx_word' id='word_1_624' title='bbox 2853 4088 2974 4129; x_wconf 89' lang='lat' dir='ltr'><strong>esse</strong></span> <span class='ocrx_word' id='word_1_625' title='bbox 3022 4084 3318 4127; x_wconf 89' lang='lat' dir='ltr'><strong>cessuram.</strong></span> <span class='ocrx_word' id='word_1_626' title='bbox 3369 4065 3857 4123; x_wconf 62' lang='lat' dir='ltr'><strong>Praevaricatorcm</strong></span> 
     </span>
    </p>
   </div>
   <div class='ocr_carea' id='block_1_82' title="bbox 2250 4156 3861 4234">
    <p class='ocr_par' dir='ltr' id='par_1_82' title="bbox 2250 4156 3861 4234">
     <span class='ocr_line' id='line_1_82' title="bbox 2250 4156 3861 4234; baseline -0.008 -9"><span class='ocrx_word' id='word_1_627' title='bbox 2250 4170 2418 4226; x_wconf 91' lang='lat' dir='ltr'><strong>etiam</strong></span> <span class='ocrx_word' id='word_1_628' title='bbox 2439 4165 2699 4223; x_wconf 87' lang='lat' dir='ltr'><strong>indicavit</strong></span> <span class='ocrx_word' id='word_1_629' title='bbox 2723 4173 2832 4221; x_wconf 88' lang='lat' dir='ltr'><strong>tam</strong></span> <span class='ocrx_word' id='word_1_630' title='bbox 2864 4163 3064 4234; x_wconf 73' lang='lat' dir='ltr'><strong>iniusta</strong></span> <span class='ocrx_word' id='word_1_631' title='bbox 3102 4170 3290 4220; x_wconf 88' lang='lat' dir='ltr'><strong>contra</strong></span> <span class='ocrx_word' id='word_1_632' title='bbox 3334 4159 3635 4215; x_wconf 89' lang='lat' dir='ltr'><strong>Ecclesiam</strong></span> <span class='ocrx_word' id='word_1_633' title='bbox 3659 4156 3861 4228; x_wconf 70' lang='lat' dir='ltr'><strong>praeci-</strong></span> 
     </span>
    </p>
   </div>
   <div class='ocr_carea' id='block_1_83' title="bbox 2252 4254 3856 4332">
    <p class='ocr_par' dir='ltr' id='par_1_83' title="bbox 2252 4254 3856 4332">
     <span class='ocr_line' id='line_1_83' title="bbox 2252 4254 3856 4332; baseline -0.007 -14"><span class='ocrx_word' id='word_1_634' title='bbox 2252 4254 2491 4332; x_wconf 89' lang='lat' dir='ltr'><strong>pientem</strong></span> <span class='ocrx_word' id='word_1_635' title='bbox 2517 4277 2532 4327; x_wconf 92' lang='lat'><strong>;</strong></span> <span class='ocrx_word' id='word_1_636' title='bbox 2559 4267 2614 4315; x_wconf 92' lang='lat' dir='ltr'><strong>et</strong></span> <span class='ocrx_word' id='word_1_637' title='bbox 2638 4259 2745 4316; x_wconf 89' lang='lat' dir='ltr'><strong>nisi</strong></span> <span class='ocrx_word' id='word_1_638' title='bbox 2783 4257 2889 4314; x_wconf 91' lang='lat' dir='ltr'><strong>sibi</strong></span> <span class='ocrx_word' id='word_1_639' title='bbox 2929 4257 3108 4313; x_wconf 90' lang='lat' dir='ltr'><strong>locum</strong></span> <span class='ocrx_word' id='word_1_640' title='bbox 3158 4254 3450 4311; x_wconf 77' lang='lat' dir='ltr'><strong>audientiae</strong></span> <span class='ocrx_word' id='word_1_641' title='bbox 3493 4260 3856 4319; x_wconf 84' lang='lat' dir='ltr'><strong>reservasset,</strong></span> 
     </span>
    </p>
   </div>
   <div class='ocr_carea' id='block_1_84' title="bbox 2252 4346 3859 4423">
    <p class='ocr_par' dir='ltr' id='par_1_84' title="bbox 2252 4346 3859 4423">
     <span class='ocr_line' id='line_1_84' title="bbox 2252 4346 3859 4423; baseline -0.002 -16"><span class='ocrx_word' id='word_1_642' title='bbox 2252 4352 2280 4392; x_wconf 79' lang='grc' dir='ltr'>(ι</span> <span class='ocrx_word' id='word_1_643' title='bbox 2312 4351 2533 4407; x_wconf 90' lang='lat' dir='ltr'><strong>solitam</strong></span> <span class='ocrx_word' id='word_1_644' title='bbox 2576 4366 2679 4423; x_wconf 88' lang='lat' dir='ltr'><strong>pro</strong></span> <span class='ocrx_word' id='word_1_645' title='bbox 2726 4365 2793 4406; x_wconf 93' lang='lat' dir='ltr'><strong>eo</strong></span> <span class='ocrx_word' id='word_1_646' title='bbox 2835 4348 3282 4407; x_wconf 89' lang='lat' dir='ltr'><strong>intercessionem</strong></span> <span class='ocrx_word' id='word_1_647' title='bbox 3310 4361 3372 4405; x_wconf 88' lang='lat' dir='ltr'><strong>se</strong></span> <span class='ocrx_word' id='word_1_648' title='bbox 3414 4346 3859 4404; x_wconf 83' lang='lat' dir='ltr'><strong>intermissumm</strong></span> 
     </span>
    </p>
   </div>
   <div class='ocr_carea' id='block_1_85' title="bbox 1911 4438 2461 4500">
    <p class='ocr_par' dir='ltr' id='par_1_85' title="bbox 1911 4438 2461 4500">
     <span class='ocr_line' id='line_1_85' title="bbox 1911 4438 2461 4500; baseline 0.005 -7"><span class='ocrx_word' id='word_1_649' title='bbox 1911 4438 2189 4497; x_wconf 87' lang='lat' dir='ltr'><strong>BALUZII</strong></span> <span class='ocrx_word' id='word_1_650' title='bbox 2225 4441 2461 4500; x_wconf 69' lang='lat' dir='ltr'><strong>NOTAE}.</strong></span> 
     </span>
    </p>
   </div>
   <div class='ocr_carea' id='block_1_86' title="bbox 625 4518 1541 4610">
    <p class='ocr_par' dir='ltr' id='par_1_86' title="bbox 625 4518 1541 4610">
     <span class='ocr_line' id='line_1_86' title="bbox 625 4518 1541 4610; baseline -0.001 1"><span class='ocrx_word' id='word_1_651' title='bbox 625 4550 654 4583; x_wconf 81' lang='grc' dir='ltr'><strong>ι</strong></span> <span class='ocrx_word' id='word_1_652' title='bbox 691 4524 1068 4610; x_wconf 59' lang='lat' dir='ltr'><strong>comparatus;</strong></span> <span class='ocrx_word' id='word_1_653' title='bbox 1092 4533 1147 4610; x_wconf 71' lang='lat' dir='ltr'><strong>id</strong></span> <span class='ocrx_word' id='word_1_654' title='bbox 1174 4518 1541 4610; x_wconf 49' lang='lat' dir='ltr'><strong>esseputre:-</strong></span> 
     </span>
    </p>
   </div>
   <div class='ocr_carea' id='block_1_87' title="bbox 2329 4532 3859 4606">
    <p class='ocr_par' dir='ltr' id='par_1_87' title="bbox 2329 4532 3859 4606">
     <span class='ocr_line' id='line_1_87' title="bbox 2329 4532 3859 4606; baseline -0.001 -16"><span class='ocrx_word' id='word_1_655' title='bbox 2329 4534 2357 4575; x_wconf 73' lang='grc' dir='ltr'>ά</span> <span class='ocrx_word' id='word_1_656' title='bbox 2387 4533 2614 4606; x_wconf 67' lang='lat' dir='ltr'><strong>Solitum</strong></span> <span class='ocrx_word' id='word_1_657' title='bbox 2640 4551 2734 4606; x_wconf 84' lang='lat' dir='ltr'><strong>pro</strong></span> <span class='ocrx_word' id='word_1_658' title='bbox 2769 4552 2830 4591; x_wconf 83' lang='lat' dir='ltr'><strong>eo</strong></span> <span class='ocrx_word' id='word_1_659' title='bbox 2857 4535 3299 4606; x_wconf 74' lang='lat' dir='ltr'><strong>intercessionem,</strong></span> <span class='ocrx_word' id='word_1_660' title='bbox 3338 4532 3393 4589; x_wconf 91' lang='lat' dir='ltr'><strong>id</strong></span> <span class='ocrx_word' id='word_1_661' title='bbox 3419 4541 3523 4599; x_wconf 87' lang='lat' dir='ltr'><strong>est,</strong></span> <span class='ocrx_word' id='word_1_662' title='bbox 3552 4547 3654 4603; x_wconf 92' lang='lat' dir='ltr'><strong>pro</strong></span> <span class='ocrx_word' id='word_1_663' title='bbox 3690 4533 3859 4605; x_wconf 84' lang='lat' dir='ltr'><strong>impe-</strong></span> 
     </span>
    </p>
   </div>
   <div class='ocr_carea' id='block_1_88' title="bbox 504 4598 3857 4679">
    <p class='ocr_par' dir='ltr' id='par_1_88' title="bbox 504 4598 3857 4679">
     <span class='ocr_line' id='line_1_88' title="bbox 504 4598 3857 4679; baseline -0.001 -17"><span class='ocrx_word' id='word_1_664' title='bbox 504 4614 519 4647; x_wconf 68' lang='grc' dir='ltr'>ε</span> <span class='ocrx_word' id='word_1_665' title='bbox 605 4598 654 4652; x_wconf 71' lang='grc' dir='ltr'><strong>ἰι</strong></span> <span class='ocrx_word' id='word_1_666' title='bbox 698 4598 837 4664; x_wconf 72' lang='grc' dir='ltr'>νίιιί</span> <span class='ocrx_word' id='word_1_667' title='bbox 858 4608 974 4679; x_wconf 85' lang='lat' dir='ltr'><strong>ejus</strong></span> <span class='ocrx_word' id='word_1_668' title='bbox 1000 4598 1473 4679; x_wconf 18' lang='lat' dir='ltr'><strong>ni&#39;mirum’llila&#39;rii</strong></span> <span class='ocrx_word' id='word_1_669' title='bbox 1496 4602 2149 4679; x_wconf 55' lang='lat' dir='ltr'><strong>Pictaviensisepiscopi.</strong></span> <span class='ocrx_word' id='word_1_670' title='bbox 2178 4616 2232 4676; x_wconf 81' lang='lat'><strong>1)</strong></span> <span class='ocrx_word' id='word_1_671' title='bbox 2259 4613 2465 4679; x_wconf 89' lang='lat' dir='ltr'><strong>ratore.</strong></span> <span class='ocrx_word' id='word_1_672' title='bbox 2542 4598 2846 4679; x_wconf 76' lang='lat' dir='ltr'><strong>Solebant_</strong></span> <span class='ocrx_word' id='word_1_673' title='bbox 2859 4607 3026 4679; x_wconf 33' lang='lat' dir='ltr'><strong>enim“</strong></span> <span class='ocrx_word' id='word_1_674' title='bbox 3050 4598 3314 4676; x_wconf 82' lang='lat' dir='ltr'><strong>principis</strong></span> <span class='ocrx_word' id='word_1_675' title='bbox 3368 4598 3571 4679; x_wconf 66' lang='lat' dir='ltr'><strong>nomen</strong></span> <span class='ocrx_word' id='word_1_676' title='bbox 3601 4598 3857 4679; x_wconf 63' lang='lat' dir='ltr'><strong>recitare</strong></span> 
     </span>
    </p>
   </div>
   <div class='ocr_carea' id='block_1_89' title="bbox 502 4674 2153 4744">
    <p class='ocr_par' dir='ltr' id='par_1_89' title="bbox 502 4674 2153 4744">
     <span class='ocr_line' id='line_1_89' title="bbox 502 4674 2153 4744; baseline -0.004 -7"><span class='ocrx_word' id='word_1_677' title='bbox 502 4682 508 4697; x_wconf 94' lang='lat'><em>&#39;</em></span> <span class='ocrx_word' id='word_1_678' title='bbox 556 4680 664 4737; x_wconf 84' lang='lat' dir='ltr'><strong>Sed</strong></span> <span class='ocrx_word' id='word_1_679' title='bbox 704 4681 820 4735; x_wconf 64' lang='lat' dir='ltr'><strong>hac</strong></span> <span class='ocrx_word' id='word_1_680' title='bbox 856 4674 964 4734; x_wconf 81' lang='lat' dir='ltr'><strong>rion</strong></span> <span class='ocrx_word' id='word_1_681' title='bbox 992 4685 1210 4733; x_wconf 89' lang='lat' dir='ltr'><strong>exstant</strong></span> <span class='ocrx_word' id='word_1_682' title='bbox 1244 4675 1299 4729; x_wconf 91' lang='lat' dir='ltr'><strong>in</strong></span> <span class='ocrx_word' id='word_1_683' title='bbox 1340 4690 1407 4730; x_wconf 89' lang='lat' dir='ltr'><strong>ea</strong></span> <span class='ocrx_word' id='word_1_684' title='bbox 1441 4689 1563 4744; x_wconf 64' lang='lat' dir='ltr'><strong>quae</strong></span> <span class='ocrx_word' id='word_1_685' title='bbox 1600 4674 1886 4730; x_wconf 83' lang='lat' dir='ltr'><strong>Fortunati</strong></span> <span class='ocrx_word' id='word_1_686' title='bbox 1921 4674 2153 4731; x_wconf 78' lang='lat' dir='ltr'><strong>nomine</strong></span> 
     </span>
    </p>
   </div>
   <div class='ocr_carea' id='block_1_90' title="bbox 555 4746 2154 4815">
    <p class='ocr_par' dir='ltr' id='par_1_90' title="bbox 555 4746 2154 4815">
     <span class='ocr_line' id='line_1_90' title="bbox 555 4746 2154 4815; baseline -0.003 -9"><span class='ocrx_word' id='word_1_687' title='bbox 555 4749 720 4806; x_wconf 86' lang='lat' dir='ltr'><strong>hodie</strong></span> <span class='ocrx_word' id='word_1_688' title='bbox 757 4748 1160 4807; x_wconf 84' lang='lat' dir='ltr'><strong>circumfertur.</strong></span> <span class='ocrx_word' id='word_1_689' title='bbox 1201 4746 1389 4815; x_wconf 88' lang='lat' dir='ltr'><strong>Itaque</strong></span> <span class='ocrx_word' id='word_1_690' title='bbox 1433 4754 1549 4801; x_wconf 92' lang='lat' dir='ltr'><strong>tum</strong></span> <span class='ocrx_word' id='word_1_691' title='bbox 1590 4746 1699 4801; x_wconf 91' lang='lat' dir='ltr'><strong>alia</strong></span> <span class='ocrx_word' id='word_1_692' title='bbox 1738 4747 1913 4802; x_wconf 88' lang='lat' dir='ltr'><strong>sancti</strong></span> <span class='ocrx_word' id='word_1_693' title='bbox 1958 4746 2154 4802; x_wconf 81' lang='lat' dir='ltr'><strong>Hilarii</strong></span> 
     </span>
    </p>
   </div>
   <div class='ocr_carea' id='block_1_91' title="bbox 557 4818 1582 4877">
    <p class='ocr_par' dir='ltr' id='par_1_91' title="bbox 557 4818 1582 4877">
     <span class='ocr_line' id='line_1_91' title="bbox 557 4818 1582 4877; baseline -0.004 -2"><span class='ocrx_word' id='word_1_694' title='bbox 557 4822 668 4877; x_wconf 90' lang='lat' dir='ltr'><strong>vita</strong></span> <span class='ocrx_word' id='word_1_695' title='bbox 698 4821 974 4876; x_wconf 84' lang='lat' dir='ltr'><strong>terebatur</strong></span> <span class='ocrx_word' id='word_1_696' title='bbox 1006 4818 1256 4875; x_wconf 90' lang='lat' dir='ltr'><strong>manibus</strong></span> <span class='ocrx_word' id='word_1_697' title='bbox 1283 4818 1582 4872; x_wconf 88' lang='lat' dir='ltr'><strong>hominum.</strong></span> 
     </span>
    </p>
   </div>
   <div class='ocr_carea' id='block_1_92' title="bbox 635 4887 2185 4959">
    <p class='ocr_par' dir='ltr' id='par_1_92' title="bbox 635 4887 2185 4959">
     <span class='ocr_line' id='line_1_92' title="bbox 635 4887 2185 4959; baseline 0.003 -15"><span class='ocrx_word' id='word_1_698' title='bbox 635 4902 658 4931; x_wconf 79' lang='grc' dir='ltr'><strong>ο</strong></span> <span class='ocrx_word' id='word_1_699' title='bbox 689 4890 864 4946; x_wconf 82' lang='lat' dir='ltr'><strong>Lucus</strong></span> <span class='ocrx_word' id='word_1_700' title='bbox 896 4889 1318 4959; x_wconf 53' lang='lat' dir='ltr'><strong>Valentinianor.</strong></span> <span class='ocrx_word' id='word_1_701' title='bbox 1358 4887 1631 4959; x_wconf 87' lang='lat' dir='ltr'><strong>Integrum</strong></span> <span class='ocrx_word' id='word_1_702' title='bbox 1671 4888 1815 4947; x_wconf 87' lang='lat' dir='ltr'><strong>hunc</strong></span> <span class='ocrx_word' id='word_1_703' title='bbox 1860 4890 2042 4945; x_wconf 90' lang='lat' dir='ltr'><strong>locum</strong></span> <span class='ocrx_word' id='word_1_704' title='bbox 2083 4906 2185 4949; x_wconf 92' lang='lat' dir='ltr'><strong>ex.</strong></span> 
     </span>
    </p>
   </div>
   <div class='ocr_carea' id='block_1_93' title="bbox 558 4957 2153 5028">
    <p class='ocr_par' dir='ltr' id='par_1_93' title="bbox 558 4957 2153 5028">
     <span class='ocr_line' id='line_1_93' title="bbox 558 4957 2153 5028; baseline -0.003 -9"><span class='ocrx_word' id='word_1_705' title='bbox 558 4964 683 5019; x_wconf 86' lang='lat' dir='ltr'><strong>Vita</strong></span> <span class='ocrx_word' id='word_1_706' title='bbox 719 4962 892 5016; x_wconf 88' lang='lat' dir='ltr'><strong>sancti</strong></span> <span class='ocrx_word' id='word_1_707' title='bbox 917 4960 1191 5017; x_wconf 89' lang='lat' dir='ltr'><strong>Ambrosii</strong></span> <span class='ocrx_word' id='word_1_708' title='bbox 1226 4975 1257 5013; x_wconf 91' lang='lat' dir='ltr'><strong>a</strong></span> <span class='ocrx_word' id='word_1_709' title='bbox 1282 4957 1509 5013; x_wconf 84' lang='lat' dir='ltr'><strong>Paulino</strong></span> <span class='ocrx_word' id='word_1_710' title='bbox 1554 4959 1759 5028; x_wconf 91' lang='lat' dir='ltr'><strong>scripta</strong></span> <span class='ocrx_word' id='word_1_711' title='bbox 1797 4961 1984 5015; x_wconf 87' lang='lat' dir='ltr'><strong>retulit</strong></span> <span class='ocrx_word' id='word_1_712' title='bbox 2011 4960 2153 5028; x_wconf 83' lang='lat' dir='ltr'><strong>Ago-</strong></span> 
     </span>
    </p>
   </div>
   <div class='ocr_carea' id='block_1_94' title="bbox 559 4978 2155 5091">
    <p class='ocr_par' dir='ltr' id='par_1_94' title="bbox 559 4978 2155 5091">
     <span class='ocr_line' id='line_1_94' title="bbox 567 4978 2153 5028; baseline -0.003 -9"><span class='ocrx_word' id='word_1_713' title='bbox 567 4978 683 5019; x_wconf 76' lang='lat' dir='ltr'><strong>vnta</strong></span> <span class='ocrx_word' id='word_1_714' title='bbox 719 4978 892 5016; x_wconf 79' lang='lat' dir='ltr'><strong>sancti</strong></span> <span class='ocrx_word' id='word_1_715' title='bbox 917 4978 1191 5017; x_wconf 81' lang='lat' dir='ltr'><strong>Ale‘OSll</strong></span> <span class='ocrx_word' id='word_1_716' title='bbox 1226 4978 1257 5013; x_wconf 90' lang='lat' dir='ltr'><strong>a</strong></span> <span class='ocrx_word' id='word_1_717' title='bbox 1284 4978 1509 5013; x_wconf 78' lang='lat' dir='ltr'><strong>rauuno</strong></span> <span class='ocrx_word' id='word_1_718' title='bbox 1554 4978 1759 5028; x_wconf 80' lang='lat' dir='ltr'><strong>scripta</strong></span> <span class='ocrx_word' id='word_1_719' title='bbox 1797 4978 1984 5015; x_wconf 70' lang='lat' dir='ltr'><strong>rerum</strong></span> <span class='ocrx_word' id='word_1_720' title='bbox 2011 4978 2055 5013; x_wconf 70' lang='grc' dir='ltr'>Α</span> <span class='ocrx_word' id='word_1_721' title='bbox 2094 4978 2153 5015; x_wconf 93' lang='lat' dir='ltr'><strong>o-</strong></span> 
     </span>
     <span class='ocr_line' id='line_1_95' title="bbox 559 4978 2155 5091; baseline -0.004 0"><span class='ocrx_word' id='word_1_722' title='bbox 559 5032 781 5091; x_wconf 89' lang='lat' dir='ltr'><strong>bardus.</strong></span> <span class='ocrx_word' id='word_1_723' title='bbox 830 5030 1122 5087; x_wconf 80' lang='lat' dir='ltr'><strong>Bhabanus</strong></span> <span class='ocrx_word' id='word_1_724' title='bbox 1146 5045 1295 5089; x_wconf 80' lang='lat' dir='ltr'><strong>vero.</strong></span> <span class='ocrx_word' id='word_1_725' title='bbox 1326 5045 1448 5085; x_wconf 90' lang='lat' dir='ltr'><strong>cum</strong></span> <span class='ocrx_word' id='word_1_726' title='bbox 1475 5032 1742 5085; x_wconf 89' lang='lat' dir='ltr'><strong>scriberet</strong></span> <span class='ocrx_word' id='word_1_727' title='bbox 1769 5032 2032 5087; x_wconf 86' lang='lat' dir='ltr'><strong>adversus</strong></span> <span class='ocrx_word' id='word_1_728' title='bbox 2060 4978 2155 5086; x_wconf 51' lang='lat' dir='ltr'><strong>gu-</strong></span> 
     </span>
    </p>
   </div>
   <div class='ocr_carea' id='block_1_95' title="bbox 561 5100 2150 5185">
    <p class='ocr_par' dir='ltr' id='par_1_95' title="bbox 561 5100 2150 5185">
     <span class='ocr_line' id='line_1_96' title="bbox 561 5100 2150 5185; baseline -0.002 -25"><span class='ocrx_word' id='word_1_729' title='bbox 561 5106 732 5185; x_wconf 58' lang='lat' dir='ltr'><strong>dgeos,</strong></span> <span class='ocrx_word' id='word_1_730' title='bbox 779 5101 915 5158; x_wconf 88' lang='lat' dir='ltr'><strong>satis</strong></span> <span class='ocrx_word' id='word_1_731' title='bbox 939 5103 1146 5185; x_wconf 70' lang='lat' dir='ltr'><strong>habuit</strong></span> <span class='ocrx_word' id='word_1_732' title='bbox 1191 5100 1400 5156; x_wconf 90' lang='lat' dir='ltr'><strong>referre</strong></span> <span class='ocrx_word' id='word_1_733' title='bbox 1437 5101 1505 5156; x_wconf 89' lang='lat' dir='ltr'><strong>de</strong></span> <span class='ocrx_word' id='word_1_734' title='bbox 1544 5100 1799 5157; x_wconf 90' lang='lat' dir='ltr'><strong>incendio</strong></span> <span class='ocrx_word' id='word_1_735' title='bbox 1827 5118 2150 5185; x_wconf 64' lang='lat' dir='ltr'><strong>synagogas,</strong></span> 
     </span>
    </p>
   </div>
   <div class='ocr_carea' id='block_1_96' title="bbox 458 5172 2153 5244">
    <p class='ocr_par' dir='ltr' id='par_1_96' title="bbox 458 5172 2153 5244">
     <span class='ocr_line' id='line_1_97' title="bbox 458 5172 2153 5244; baseline -0.001 -14"><span class='ocrx_word' id='word_1_736' title='bbox 458 5230 463 5237; x_wconf 80' lang='grc'><em>,</em></span> <span class='ocrx_word' id='word_1_737' title='bbox 560 5176 793 5244; x_wconf 76' lang='lat' dir='ltr'><strong>ideoque</strong></span> <span class='ocrx_word' id='word_1_738' title='bbox 845 5172 1030 5228; x_wconf 89' lang='lat' dir='ltr'><strong>omisit</strong></span> <span class='ocrx_word' id='word_1_739' title='bbox 1076 5186 1419 5244; x_wconf 80' lang='lat' dir='ltr'><strong>quaecunque.</strong></span> <span class='ocrx_word' id='word_1_740' title='bbox 1463 5182 1758 5244; x_wconf 78' lang='lat' dir='ltr'><strong>narrantur</strong></span> <span class='ocrx_word' id='word_1_741' title='bbox 1809 5172 1883 5244; x_wconf 85' lang='lat' dir='ltr'><strong>de</strong></span> <span class='ocrx_word' id='word_1_742' title='bbox 1930 5172 2153 5228; x_wconf 81' lang='lat' dir='ltr'><strong>incenso</strong></span> 
     </span>
    </p>
   </div>
   <div class='ocr_carea' id='block_1_97' title="bbox 561 5242 2156 5314">
    <p class='ocr_par' dir='ltr' id='par_1_97' title="bbox 561 5242 2156 5314">
     <span class='ocr_line' id='line_1_98' title="bbox 561 5242 2156 5314; baseline -0.001 -14"><span class='ocrx_word' id='word_1_743' title='bbox 561 5242 1063 5301; x_wconf 87' lang='lat' dir='ltr'><strong>Valentinianorum</strong></span> <span class='ocrx_word' id='word_1_744' title='bbox 1098 5242 1245 5298; x_wconf 91' lang='lat' dir='ltr'><strong>fano.</strong></span> <span class='ocrx_word' id='word_1_745' title='bbox 1298 5242 1434 5297; x_wconf 87' lang='lat' dir='ltr'><strong>Nam</strong></span> <span class='ocrx_word' id='word_1_746' title='bbox 1483 5242 1895 5314; x_wconf 10' lang='lat' dir='ltr'><strong>etirAmbrosius</strong></span> <span class='ocrx_word' id='word_1_747' title='bbox 1942 5244 1999 5298; x_wconf 91' lang='lat' dir='ltr'><strong>in</strong></span> <span class='ocrx_word' id='word_1_748' title='bbox 2046 5244 2156 5314; x_wconf 87' lang='lat' dir='ltr'><strong>epi-</strong></span> 
     </span>
    </p>
   </div>
   <div class='ocr_carea' id='block_1_98' title="bbox 563 5313 2155 5384">
    <p class='ocr_par' dir='ltr' id='par_1_98' title="bbox 563 5313 2155 5384">
     <span class='ocr_line' id='line_1_99' title="bbox 563 5313 2155 5384; baseline -0.003 -12"><span class='ocrx_word' id='word_1_749' title='bbox 563 5316 703 5372; x_wconf 90' lang='lat' dir='ltr'><strong>stola</strong></span> <span class='ocrx_word' id='word_1_750' title='bbox 732 5315 803 5371; x_wconf 71' lang='lat'><strong>29</strong></span> <span class='ocrx_word' id='word_1_751' title='bbox 838 5322 1106 5371; x_wconf 89' lang='lat' dir='ltr'><strong>memorat</strong></span> <span class='ocrx_word' id='word_1_752' title='bbox 1144 5320 1476 5384; x_wconf 88' lang='lat' dir='ltr'><strong>postremum</strong></span> <span class='ocrx_word' id='word_1_753' title='bbox 1522 5313 1656 5367; x_wconf 90' lang='lat' dir='ltr'><strong>illud</strong></span> <span class='ocrx_word' id='word_1_754' title='bbox 1691 5313 2001 5369; x_wconf 79' lang='lat' dir='ltr'><strong>incendium</strong></span> <span class='ocrx_word' id='word_1_755' title='bbox 2023 5355 2037 5375; x_wconf 90' lang='lat'><strong>,</strong></span> <span class='ocrx_word' id='word_1_756' title='bbox 2080 5313 2155 5368; x_wconf 88' lang='lat' dir='ltr'><strong>ad</strong></span> 
     </span>
    </p>
   </div>
   <div class='ocr_carea' id='block_1_99' title="bbox 565 5384 2156 5458">
    <p class='ocr_par' dir='ltr' id='par_1_99' title="bbox 565 5384 2156 5458">
     <span class='ocr_line' id='line_1_100' title="bbox 565 5384 2156 5458; baseline -0.003 -16"><span class='ocrx_word' id='word_1_757' title='bbox 565 5387 954 5458; x_wconf 89' lang='lat' dir='ltr'><strong>imperatorem</strong></span> <span class='ocrx_word' id='word_1_758' title='bbox 992 5384 1353 5458; x_wconf 85' lang='lat' dir='ltr'><strong>Theodosium</strong></span> <span class='ocrx_word' id='word_1_759' title='bbox 1399 5385 1664 5458; x_wconf 79' lang='lat' dir='ltr'><strong>scribens.</strong></span> <span class='ocrx_word' id='word_1_760' title='bbox 1723 5402 1741 5436; x_wconf 74' lang='grc' dir='ltr'><strong>ι</strong></span> <span class='ocrx_word' id='word_1_761' title='bbox 1775 5384 2156 5458; x_wconf 77' lang='lat' dir='ltr'><strong>Vindicabitur</strong></span> 
     </span>
    </p>
   </div>
   <div class='ocr_carea' id='block_1_100' title="bbox 563 5453 2155 5528">
    <p class='ocr_par' dir='ltr' id='par_1_100' title="bbox 563 5453 2155 5528">
     <span class='ocr_line' id='line_1_101' title="bbox 563 5453 2155 5528; baseline -0.003 -15"><span class='ocrx_word' id='word_1_762' title='bbox 563 5453 765 5524; x_wconf 78' lang='lat' dir='ltr'><strong>etiam,</strong></span> <span class='ocrx_word' id='word_1_763' title='bbox 810 5458 1011 5528; x_wconf 87' lang='lat' dir='ltr'><strong>mquit,</strong></span> <span class='ocrx_word' id='word_1_764' title='bbox 1068 5455 1564 5528; x_wconf 84' lang='lat' dir='ltr'><strong>Valentinianorum</strong></span> <span class='ocrx_word' id='word_1_765' title='bbox 1614 5453 1799 5509; x_wconf 86' lang='lat' dir='ltr'><strong>fanum</strong></span> <span class='ocrx_word' id='word_1_766' title='bbox 1836 5455 2155 5510; x_wconf 88' lang='lat' dir='ltr'><strong>incensum?</strong></span> 
     </span>
    </p>
   </div>
   <div class='ocr_carea' id='block_1_101' title="bbox 566 5524 2170 5609">
    <p class='ocr_par' dir='ltr' id='par_1_101' title="bbox 566 5524 2170 5609">
     <span class='ocr_line' id='line_1_102' title="bbox 566 5524 2170 5609; baseline -0.002 -25"><span class='ocrx_word' id='word_1_767' title='bbox 566 5528 835 5609; x_wconf 70' lang='lat' dir='ltr'><strong>Quid__est</strong></span> <span class='ocrx_word' id='word_1_768' title='bbox 875 5524 1025 5609; x_wconf 62' lang='lat' dir='ltr'><strong>enim</strong></span> <span class='ocrx_word' id='word_1_769' title='bbox 1067 5529 1181 5609; x_wconf 42' lang='lat' dir='ltr'><strong>nisi</strong></span> <span class='ocrx_word' id='word_1_770' title='bbox 1230 5527 1438 5609; x_wconf 62' lang='lat' dir='ltr'><strong>fanum,</strong></span> <span class='ocrx_word' id='word_1_771' title='bbox 1486 5525 1541 5609; x_wconf 77' lang='lat' dir='ltr'><strong>in</strong></span> <span class='ocrx_word' id='word_1_772' title='bbox 1582 5540 1690 5609; x_wconf 86' lang='lat' dir='ltr'><strong>quo</strong></span> <span class='ocrx_word' id='word_1_773' title='bbox 1716 5531 1815 5609; x_wconf 38' lang='grc' dir='ltr'><strong>,εει</strong></span> <span class='ocrx_word' id='word_1_774' title='bbox 1856 5524 2170 5609; x_wconf 62' lang='lat' dir='ltr'><strong>conventus</strong></span> 
     </span>
    </p>
   </div>
   <div class='ocr_carea' id='block_1_102' title="bbox 566 5596 2152 5668">
    <p class='ocr_par' dir='ltr' id='par_1_102' title="bbox 566 5596 2152 5668">
     <span class='ocr_line' id='line_1_103' title="bbox 566 5596 2152 5668; baseline -0.003 -12"><span class='ocrx_word' id='word_1_775' title='bbox 566 5599 898 5656; x_wconf 85' lang='lat' dir='ltr'><strong>Gentilium?</strong></span> <span class='ocrx_word' id='word_1_776' title='bbox 930 5599 1083 5655; x_wconf 88' lang='lat' dir='ltr'><strong>Licet</strong></span> <span class='ocrx_word' id='word_1_777' title='bbox 1115 5597 1355 5653; x_wconf 69' lang='lat' dir='ltr'><strong>Gentiles</strong></span> <span class='ocrx_word' id='word_1_778' title='bbox 1385 5596 1670 5668; x_wconf 85' lang='lat' dir='ltr'><strong>duodecim</strong></span> <span class='ocrx_word' id='word_1_779' title='bbox 1700 5596 1830 5653; x_wconf 90' lang='lat' dir='ltr'><strong>deos</strong></span> <span class='ocrx_word' id='word_1_780' title='bbox 1858 5596 2152 5668; x_wconf 84' lang='lat' dir='ltr'><strong>appellent,</strong></span> 
     </span>
    </p>
   </div>
   <div class='ocr_carea' id='block_1_103' title="bbox 566 5667 2156 5744">
    <p class='ocr_par' dir='ltr' id='par_1_103' title="bbox 566 5667 2156 5744">
     <span class='ocr_line' id='line_1_104' title="bbox 566 5667 2156 5744; baseline -0.002 -19"><span class='ocrx_word' id='word_1_781' title='bbox 566 5670 658 5744; x_wconf 79' lang='lat' dir='ltr'><strong>isti</strong></span> <span class='ocrx_word' id='word_1_782' title='bbox 703 5672 922 5744; x_wconf 72' lang='lat' dir='ltr'><strong>triginta</strong></span> <span class='ocrx_word' id='word_1_783' title='bbox 968 5669 1206 5744; x_wconf 80' lang='lat' dir='ltr'><strong>et__duos</strong></span> <span class='ocrx_word' id='word_1_784' title='bbox 1242 5680 1416 5744; x_wconf 67' lang='lat' dir='ltr'><strong>conas</strong></span> <span class='ocrx_word' id='word_1_785' title='bbox 1464 5667 1664 5734; x_wconf 86' lang='lat' dir='ltr'><strong>colant,</strong></span> <span class='ocrx_word' id='word_1_786' title='bbox 1708 5682 1844 5744; x_wconf 80' lang='lat' dir='ltr'><strong>quos</strong></span> <span class='ocrx_word' id='word_1_787' title='bbox 1864 5667 2156 5744; x_wconf 70' lang='lat' dir='ltr'><strong>appellant</strong></span> 
     </span>
    </p>
   </div>
   <div class='ocr_carea' id='block_1_104' title="bbox 567 5737 2157 5799">
    <p class='ocr_par' dir='ltr' id='par_1_104' title="bbox 567 5737 2157 5799">
     <span class='ocr_line' id='line_1_105' title="bbox 567 5737 2157 5799; baseline -0.005 1"><span class='ocrx_word' id='word_1_788' title='bbox 567 5741 718 5799; x_wconf 84' lang='lat' dir='ltr'><strong>deos.</strong></span> <span class='ocrx_word' id='word_1_789' title='bbox 749 5737 880 5798; x_wconf 52' lang='lat' dir='ltr'><strong>{De</strong></span> <span class='ocrx_word' id='word_1_790' title='bbox 904 5742 1011 5797; x_wconf 90' lang='lat' dir='ltr'><strong>hoc</strong></span> <span class='ocrx_word' id='word_1_791' title='bbox 1040 5737 1545 5796; x_wconf 87' lang='lat' dir='ltr'><strong>Valentinianorum</strong></span> <span class='ocrx_word' id='word_1_792' title='bbox 1570 5754 1759 5793; x_wconf 89' lang='lat' dir='ltr'><strong>errore</strong></span> <span class='ocrx_word' id='word_1_793' title='bbox 1790 5737 2157 5795; x_wconf 30' lang='lat' dir='ltr'><strong>vide’Tertul-</strong></span> 
     </span>
    </p>
   </div>
   <div class='ocr_carea' id='block_1_105' title="bbox 567 5806 2157 5876">
    <p class='ocr_par' dir='ltr' id='par_1_105' title="bbox 567 5806 2157 5876">
     <span class='ocr_line' id='line_1_106' title="bbox 567 5806 2157 5876; baseline -0.001 -9"><span class='ocrx_word' id='word_1_794' title='bbox 567 5812 772 5870; x_wconf 88' lang='lat' dir='ltr'><strong>lianum</strong></span> <span class='ocrx_word' id='word_1_795' title='bbox 826 5814 884 5869; x_wconf 90' lang='lat' dir='ltr'><strong>in</strong></span> <span class='ocrx_word' id='word_1_796' title='bbox 929 5811 1072 5867; x_wconf 89' lang='lat' dir='ltr'><strong>libro</strong></span> <span class='ocrx_word' id='word_1_797' title='bbox 1108 5810 1184 5864; x_wconf 90' lang='lat' dir='ltr'><strong>De</strong></span> <span class='ocrx_word' id='word_1_798' title='bbox 1211 5806 1719 5876; x_wconf 67' lang='lat' dir='ltr'><strong>Praescriptionibus</strong></span> <span class='ocrx_word' id='word_1_799' title='bbox 1761 5809 2157 5867; x_wconf 65' lang='lat' dir='ltr'><strong>Haereticorum</strong></span> 
     </span>
    </p>
   </div>
   <div class='ocr_carea' id='block_1_106' title="bbox 568 5877 2156 6013">
    <p class='ocr_par' dir='ltr' id='par_1_106' title="bbox 568 5877 2156 6013">
     <span class='ocr_line' id='line_1_107' title="bbox 568 5877 2156 6013; baseline 0.001 -73"><span class='ocrx_word' id='word_1_800' title='bbox 718 5884 790 5944; x_wconf 77' lang='lat'><strong>35</strong></span> <span class='ocrx_word' id='word_1_801' title='bbox 816 5885 910 5957; x_wconf 87' lang='lat' dir='ltr'><strong>qui</strong></span> <span class='ocrx_word' id='word_1_802' title='bbox 936 5890 993 5946; x_wconf 80' lang='lat' dir='ltr'><strong>et</strong></span> <span class='ocrx_word' id='word_1_803' title='bbox 1015 5879 1349 5955; x_wconf 84' lang='lat' dir='ltr'><strong>peculiarem</strong></span> <span class='ocrx_word' id='word_1_804' title='bbox 1383 5877 1645 5940; x_wconf 83' lang='lat' dir='ltr'><strong>adversus</strong></span> <span class='ocrx_word' id='word_1_805' title='bbox 1685 5897 1779 5940; x_wconf 79' lang='lat' dir='ltr'><strong>eos</strong></span> <span class='ocrx_word' id='word_1_806' title='bbox 1808 5882 2008 5942; x_wconf 88' lang='lat' dir='ltr'><strong>librum</strong></span> <span class='ocrx_word' id='word_1_807' title='bbox 2041 5882 2156 5942; x_wconf 85' lang='lat' dir='ltr'><strong>edi-</strong></span> 
     </span>
     <span class='ocr_line' id='line_1_108' title="bbox 653 5978 669 6012; baseline 0 0"><span class='ocrx_word' id='word_1_808' title='bbox 653 5978 669 6012; x_wconf 72' lang='grc' dir='ltr'>δ</span> 
     </span>
    </p>
   </div>
   <div class='ocr_carea' id='block_1_107' title="bbox 2257 4674 3852 4758">
    <p class='ocr_par' dir='ltr' id='par_1_107' title="bbox 2257 4674 3852 4758">
     <span class='ocr_line' id='line_1_109' title="bbox 2257 4674 3852 4758; baseline -0.003 -25"><span class='ocrx_word' id='word_1_809' title='bbox 2257 4678 2403 4758; x_wconf 70' lang='lat' dir='ltr'><strong>inter</strong></span> <span class='ocrx_word' id='word_1_810' title='bbox 2447 4677 2728 4758; x_wconf 68' lang='lat' dir='ltr'><strong>mysteria.</strong></span> <span class='ocrx_word' id='word_1_811' title='bbox 2786 4674 3172 4758; x_wconf 68' lang='lat' dir='ltr'><strong>_Terttilli:iiius</strong></span> <span class='ocrx_word' id='word_1_812' title='bbox 3220 4674 3449 4758; x_wconf 45' lang='lat' dir='ltr'><strong>cap.h50</strong></span> <span class='ocrx_word' id='word_1_813' title='bbox 3482 4674 3852 4758; x_wconf 75' lang='lat' dir='ltr'><strong>Apologetici:</strong></span> 
     </span>
    </p>
   </div>
   <div class='ocr_carea' id='block_1_108' title="bbox 2262 4745 3858 4816">
    <p class='ocr_par' dir='ltr' id='par_1_108' title="bbox 2262 4745 3858 4816">
     <span class='ocr_line' id='line_1_110' title="bbox 2262 4745 3858 4816; baseline 0.001 -16"><span class='ocrx_word' id='word_1_814' title='bbox 2262 4746 2401 4803; x_wconf 66' lang='lat' dir='ltr'><strong>«Nos</strong></span> <span class='ocrx_word' id='word_1_815' title='bbox 2421 4745 2565 4802; x_wconf 83' lang='lat' dir='ltr'><strong>enim</strong></span> <span class='ocrx_word' id='word_1_816' title='bbox 2594 4762 2696 4816; x_wconf 89' lang='lat' dir='ltr'><strong>pro</strong></span> <span class='ocrx_word' id='word_1_817' title='bbox 2712 4745 2899 4816; x_wconf 87' lang='lat' dir='ltr'><strong>salute</strong></span> <span class='ocrx_word' id='word_1_818' title='bbox 2926 4745 3316 4816; x_wconf 82' lang='lat' dir='ltr'><strong>imperatorum</strong></span> <span class='ocrx_word' id='word_1_819' title='bbox 3339 4745 3509 4802; x_wconf 90' lang='lat' dir='ltr'><strong>Deum</strong></span> <span class='ocrx_word' id='word_1_820' title='bbox 3536 4745 3858 4802; x_wconf 78' lang='lat' dir='ltr'><strong>invecamus</strong></span> 
     </span>
    </p>
   </div>
   <div class='ocr_carea' id='block_1_109' title="bbox 2255 4815 3855 4887">
    <p class='ocr_par' dir='ltr' id='par_1_109' title="bbox 2255 4815 3855 4887">
     <span class='ocr_line' id='line_1_111' title="bbox 2255 4815 3855 4887; baseline -0.002 -13"><span class='ocrx_word' id='word_1_821' title='bbox 2255 4827 2538 4874; x_wconf 67' lang='lat' dir='ltr'><strong>aeternum.</strong></span> <span class='ocrx_word' id='word_1_822' title='bbox 2572 4815 2609 4869; x_wconf 65' lang='grc' dir='ltr'><em>ί</em></span> <span class='ocrx_word' id='word_1_823' title='bbox 2633 4815 2820 4872; x_wconf 88' lang='lat' dir='ltr'><strong>Infra:</strong></span> <span class='ocrx_word' id='word_1_824' title='bbox 2862 4835 2879 4867; x_wconf 78' lang='grc' dir='ltr'><strong>ι</strong></span> <span class='ocrx_word' id='word_1_825' title='bbox 2914 4815 3147 4872; x_wconf 89' lang='lat' dir='ltr'><strong>Oramus</strong></span> <span class='ocrx_word' id='word_1_826' title='bbox 3178 4832 3279 4887; x_wconf 88' lang='lat' dir='ltr'><strong>pro</strong></span> <span class='ocrx_word' id='word_1_827' title='bbox 3315 4816 3569 4871; x_wconf 91' lang='lat' dir='ltr'><strong>omnibus</strong></span> <span class='ocrx_word' id='word_1_828' title='bbox 3611 4817 3855 4887; x_wconf 91' lang='lat' dir='ltr'><strong>impera-</strong></span> 
     </span>
    </p>
   </div>
   <div class='ocr_carea' id='block_1_110' title="bbox 2256 4887 3854 4957">
    <p class='ocr_par' dir='ltr' id='par_1_110' title="bbox 2256 4887 3854 4957">
     <span class='ocr_line' id='line_1_112' title="bbox 2256 4887 3854 4957; baseline -0.001 -13"><span class='ocrx_word' id='word_1_829' title='bbox 2256 4889 2487 4956; x_wconf 91' lang='lat' dir='ltr'><strong>toribus,</strong></span> <span class='ocrx_word' id='word_1_830' title='bbox 2529 4889 2698 4942; x_wconf 88' lang='lat' dir='ltr'><strong>vitam</strong></span> <span class='ocrx_word' id='word_1_831' title='bbox 2748 4887 2854 4943; x_wconf 92' lang='lat' dir='ltr'><strong>illis</strong></span> <span class='ocrx_word' id='word_1_832' title='bbox 2899 4887 3187 4957; x_wconf 88' lang='lat' dir='ltr'><strong>prolixam,</strong></span> <span class='ocrx_word' id='word_1_833' title='bbox 3236 4887 3526 4957; x_wconf 90' lang='lat' dir='ltr'><strong>imperium</strong></span> <span class='ocrx_word' id='word_1_834' title='bbox 3572 4902 3854 4957; x_wconf 88' lang='lat' dir='ltr'><strong>securum,</strong></span> 
     </span>
    </p>
   </div>
   <div class='ocr_carea' id='block_1_111' title="bbox 2255 4956 3855 5025">
    <p class='ocr_par' dir='ltr' id='par_1_111' title="bbox 2255 4956 3855 5025">
     <span class='ocr_line' id='line_1_113' title="bbox 2255 4956 3855 5025; baseline -0.003 -10"><span class='ocrx_word' id='word_1_835' title='bbox 2255 4961 2475 5016; x_wconf 90' lang='lat' dir='ltr'><strong>domum</strong></span> <span class='ocrx_word' id='word_1_836' title='bbox 2524 4967 2718 5023; x_wconf 87' lang='lat' dir='ltr'><strong>tutam,</strong></span> <span class='ocrx_word' id='word_1_837' title='bbox 2762 4956 3035 5014; x_wconf 75' lang='lat' dir='ltr'><strong>exerCitus</strong></span> <span class='ocrx_word' id='word_1_838' title='bbox 3084 4958 3274 5025; x_wconf 82' lang='lat' dir='ltr'><strong>fortes,</strong></span> <span class='ocrx_word' id='word_1_839' title='bbox 3316 4956 3567 5014; x_wconf 78' lang='lat' dir='ltr'><strong>Senatum</strong></span> <span class='ocrx_word' id='word_1_840' title='bbox 3613 4956 3855 5025; x_wconf 83' lang='lat' dir='ltr'><strong>fidelem,</strong></span> 
     </span>
    </p>
   </div>
   <div class='ocr_carea' id='block_1_112' title="bbox 2326 5029 3859 5103">
    <p class='ocr_par' dir='ltr' id='par_1_112' title="bbox 2326 5029 3859 5103">
     <span class='ocr_line' id='line_1_114' title="bbox 2326 5029 3859 5103; baseline 0 -19"><span class='ocrx_word' id='word_1_841' title='bbox 2326 5031 2513 5103; x_wconf 86' lang='lat' dir='ltr'><strong>pulum</strong></span> <span class='ocrx_word' id='word_1_842' title='bbox 2558 5031 2809 5103; x_wconf 71' lang='lat' dir='ltr'><strong>probum,</strong></span> <span class='ocrx_word' id='word_1_843' title='bbox 2860 5029 3049 5086; x_wconf 90' lang='lat' dir='ltr'><strong>orbem</strong></span> <span class='ocrx_word' id='word_1_844' title='bbox 3097 5031 3365 5103; x_wconf 70' lang='lat' dir='ltr'><strong>quietum,</strong></span> <span class='ocrx_word' id='word_1_845' title='bbox 3411 5036 3470 5103; x_wconf 75' lang='lat' dir='ltr'><strong>et</strong></span> <span class='ocrx_word' id='word_1_846' title='bbox 3516 5044 3859 5103; x_wconf 59' lang='lat' dir='ltr'><strong>quacunque</strong></span> 
     </span>
    </p>
   </div>
   <div class='ocr_carea' id='block_1_113' title="bbox 2254 5048 3860 5183">
    <p class='ocr_par' dir='ltr' id='par_1_113' title="bbox 2254 5048 3860 5183">
     <span class='ocr_line' id='line_1_115' title="bbox 2254 5048 3859 5158; baseline 0.001 -74"><span class='ocrx_word' id='word_1_847' title='bbox 2254 5048 2513 5158; x_wconf 58' lang='lat' dir='ltr'><strong>Rapum!!!</strong></span> <span class='ocrx_word' id='word_1_848' title='bbox 2558 5048 2809 5101; x_wconf 89' lang='lat' dir='ltr'><strong>pronum,</strong></span> <span class='ocrx_word' id='word_1_849' title='bbox 2860 5048 3049 5086; x_wconf 86' lang='lat' dir='ltr'><strong>ornem</strong></span> <span class='ocrx_word' id='word_1_850' title='bbox 3097 5048 3365 5102; x_wconf 78' lang='lat' dir='ltr'><strong>quietum,</strong></span> <span class='ocrx_word' id='word_1_851' title='bbox 3411 5048 3470 5084; x_wconf 82' lang='lat' dir='ltr'><strong>et</strong></span> <span class='ocrx_word' id='word_1_852' title='bbox 3516 5048 3859 5101; x_wconf 79' lang='lat' dir='ltr'><strong>quaecunque</strong></span> 
     </span>
     <span class='ocr_line' id='line_1_116' title="bbox 2295 5099 3860 5183; baseline -0.001 -25"><span class='ocrx_word' id='word_1_853' title='bbox 2295 5101 2494 5183; x_wconf 81' lang='lat' dir='ltr'><strong>ominis</strong></span> <span class='ocrx_word' id='word_1_854' title='bbox 2531 5110 2587 5157; x_wconf 91' lang='lat' dir='ltr'><strong>et</strong></span> <span class='ocrx_word' id='word_1_855' title='bbox 2607 5099 2838 5183; x_wconf 61' lang='lat' dir='ltr'><strong>Caesaris</strong></span> <span class='ocrx_word' id='word_1_856' title='bbox 2862 5109 2986 5183; x_wconf 72' lang='lat' dir='ltr'><strong>vota</strong></span> <span class='ocrx_word' id='word_1_857' title='bbox 3014 5110 3175 5183; x_wconf 81' lang='lat' dir='ltr'><strong>sunt._</strong></span> <span class='ocrx_word' id='word_1_858' title='bbox 3200 5122 3219 5155; x_wconf 76' lang='grc' dir='ltr'><strong>ι</strong></span> <span class='ocrx_word' id='word_1_859' title='bbox 3254 5100 3320 5183; x_wconf 82' lang='lat' dir='ltr'><strong>Et</strong></span> <span class='ocrx_word' id='word_1_860' title='bbox 3343 5099 3507 5183; x_wconf 84' lang='lat' dir='ltr'><strong>paulo</strong></span> <span class='ocrx_word' id='word_1_861' title='bbox 3536 5109 3677 5183; x_wconf 80' lang='lat' dir='ltr'><strong>post,</strong></span> <span class='ocrx_word' id='word_1_862' title='bbox 3708 5100 3860 5183; x_wconf 72' lang='lat' dir='ltr'><strong>istud</strong></span> 
     </span>
    </p>
   </div>
   <div class='ocr_carea' id='block_1_114' title="bbox 2254 5170 3857 5299">
    <p class='ocr_par' dir='ltr' id='par_1_114' title="bbox 2254 5170 3857 5299">
     <span class='ocr_line' id='line_1_117' title="bbox 2254 5170 3857 5299; baseline -0.001 -71"><span class='ocrx_word' id='word_1_863' title='bbox 2254 5180 2585 5299; x_wconf 59' lang='lat' dir='ltr'><strong>queptum</strong></span> <span class='ocrx_word' id='word_1_864' title='bbox 2608 5187 2746 5255; x_wconf 34' lang='lat' dir='ltr'><strong>oesse</strong></span> <span class='ocrx_word' id='word_1_865' title='bbox 2774 5172 3101 5255; x_wconf 69' lang='lat' dir='ltr'><strong>Christianis</strong></span> <span class='ocrx_word' id='word_1_866' title='bbox 3142 5174 3301 5255; x_wconf 75' lang='lat' dir='ltr'><strong>docet</strong></span> <span class='ocrx_word' id='word_1_867' title='bbox 3341 5170 3669 5226; x_wconf 84' lang='lat' dir='ltr'><strong>auctoritate</strong></span> <span class='ocrx_word' id='word_1_868' title='bbox 3706 5170 3857 5227; x_wconf 84' lang='lat' dir='ltr'><strong>beati</strong></span> 
     </span>
     <span class='ocr_line' id='line_1_118' title="bbox 2301 5240 3856 5299; baseline -0.001 0"><span class='ocrx_word' id='word_1_869' title='bbox 2301 5243 2407 5299; x_wconf 79' lang='lat' dir='ltr'><strong>auli</strong></span> <span class='ocrx_word' id='word_1_870' title='bbox 2446 5259 2500 5297; x_wconf 80' lang='lat' dir='ltr'><strong>in</strong></span> <span class='ocrx_word' id='word_1_871' title='bbox 2526 5243 2765 5299; x_wconf 78' lang='lat' dir='ltr'><strong>Epistula</strong></span> <span class='ocrx_word' id='word_1_872' title='bbox 2800 5258 2977 5299; x_wconf 78' lang='lat' dir='ltr'><strong>prima</strong></span> <span class='ocrx_word' id='word_1_873' title='bbox 3013 5244 3082 5298; x_wconf 90' lang='lat' dir='ltr'><strong>ad</strong></span> <span class='ocrx_word' id='word_1_874' title='bbox 3110 5243 3474 5298; x_wconf 79' lang='lat' dir='ltr'><strong>Timotheum.</strong></span> <span class='ocrx_word' id='word_1_875' title='bbox 3513 5240 3700 5299; x_wconf 84' lang='lat' dir='ltr'><strong>Neuue</strong></span> <span class='ocrx_word' id='word_1_876' title='bbox 3738 5251 3856 5297; x_wconf 90' lang='lat' dir='ltr'><strong>tum</strong></span> 
     </span>
    </p>
   </div>
   <div class='ocr_carea' id='block_1_115' title="bbox 2301 5240 3856 5313">
    <p class='ocr_par' dir='ltr' id='par_1_115' title="bbox 2301 5240 3856 5313">
     <span class='ocr_line' id='line_1_119' title="bbox 2301 5240 3856 5313; baseline -0.002 -14"><span class='ocrx_word' id='word_1_877' title='bbox 2301 5243 2407 5299; x_wconf 91' lang='lat' dir='ltr'><strong>auli</strong></span> <span class='ocrx_word' id='word_1_878' title='bbox 2434 5240 2500 5297; x_wconf 80' lang='lat' dir='ltr'><strong>in</strong></span> <span class='ocrx_word' id='word_1_879' title='bbox 2526 5243 2765 5313; x_wconf 88' lang='lat' dir='ltr'><strong>Epistola</strong></span> <span class='ocrx_word' id='word_1_880' title='bbox 2800 5243 2977 5313; x_wconf 90' lang='lat' dir='ltr'><strong>prima</strong></span> <span class='ocrx_word' id='word_1_881' title='bbox 3013 5244 3082 5298; x_wconf 89' lang='lat' dir='ltr'><strong>ad</strong></span> <span class='ocrx_word' id='word_1_882' title='bbox 3110 5243 3474 5298; x_wconf 89' lang='lat' dir='ltr'><strong>Timotheum.</strong></span> <span class='ocrx_word' id='word_1_883' title='bbox 3513 5240 3700 5312; x_wconf 88' lang='lat' dir='ltr'><strong>Neque</strong></span> <span class='ocrx_word' id='word_1_884' title='bbox 3738 5251 3856 5297; x_wconf 90' lang='lat' dir='ltr'><strong>tum</strong></span> 
     </span>
    </p>
   </div>
   <div class='ocr_carea' id='block_1_116' title="bbox 2258 5313 3858 5384">
    <p class='ocr_par' dir='ltr' id='par_1_116' title="bbox 2258 5313 3858 5384">
     <span class='ocr_line' id='line_1_120' title="bbox 2258 5313 3858 5384; baseline -0.001 -15"><span class='ocrx_word' id='word_1_885' title='bbox 2258 5313 2546 5371; x_wconf 90' lang='lat' dir='ltr'><strong>videbatur</strong></span> <span class='ocrx_word' id='word_1_886' title='bbox 2584 5314 2959 5369; x_wconf 88' lang='lat' dir='ltr'><strong>necessarium</strong></span> <span class='ocrx_word' id='word_1_887' title='bbox 2998 5321 3060 5368; x_wconf 90' lang='lat' dir='ltr'><strong>ut</strong></span> <span class='ocrx_word' id='word_1_888' title='bbox 3097 5329 3296 5370; x_wconf 90' lang='lat' dir='ltr'><strong>nomen</strong></span> <span class='ocrx_word' id='word_1_889' title='bbox 3337 5313 3685 5384; x_wconf 88' lang='lat' dir='ltr'><strong>imperatoris</strong></span> <span class='ocrx_word' id='word_1_890' title='bbox 3711 5313 3858 5384; x_wconf 85' lang='lat' dir='ltr'><strong>inter</strong></span> 
     </span>
    </p>
   </div>
   <div class='ocr_carea' id='block_1_117' title="bbox 2256 5383 3858 5468">
    <p class='ocr_par' dir='ltr' id='par_1_117' title="bbox 2256 5383 3858 5468">
     <span class='ocr_line' id='line_1_121' title="bbox 2256 5383 3858 5468; baseline -0.002 -26"><span class='ocrx_word' id='word_1_891' title='bbox 2256 5386 2513 5468; x_wconf 70' lang='lat' dir='ltr'><strong>mysteria</strong></span> <span class='ocrx_word' id='word_1_892' title='bbox 2540 5385 3074 5468; x_wconf 28' lang='lat' dir='ltr'><strong>proferreturtqupd</strong></span> <span class='ocrx_word' id='word_1_893' title='bbox 3098 5386 3195 5468; x_wconf 73' lang='lat' dir='ltr'><strong>nni</strong></span> <span class='ocrx_word' id='word_1_894' title='bbox 3219 5383 3430 5440; x_wconf 84' lang='lat' dir='ltr'><strong>tantum</strong></span> <span class='ocrx_word' id='word_1_895' title='bbox 3458 5394 3675 5455; x_wconf 86' lang='lat' dir='ltr'><strong>pareret</strong></span> <span class='ocrx_word' id='word_1_896' title='bbox 3703 5383 3858 5439; x_wconf 87' lang='lat' dir='ltr'><strong>orbis</strong></span> 
     </span>
    </p>
   </div>
   <div class='ocr_carea' id='block_1_118' title="bbox 2257 5455 3856 5526">
    <p class='ocr_par' dir='ltr' id='par_1_118' title="bbox 2257 5455 3856 5526">
     <span class='ocr_line' id='line_1_122' title="bbox 2257 5455 3856 5526; baseline -0.002 -15"><span class='ocrx_word' id='word_1_897' title='bbox 2257 5455 2566 5521; x_wconf 85' lang='lat' dir='ltr'><strong>universus,</strong></span> <span class='ocrx_word' id='word_1_898' title='bbox 2594 5456 2879 5526; x_wconf 90' lang='lat' dir='ltr'><strong>adhucque</strong></span> <span class='ocrx_word' id='word_1_899' title='bbox 2908 5456 2965 5511; x_wconf 91' lang='lat' dir='ltr'><strong>in</strong></span> <span class='ocrx_word' id='word_1_900' title='bbox 2987 5455 3231 5511; x_wconf 89' lang='lat' dir='ltr'><strong>Ecclesia</strong></span> <span class='ocrx_word' id='word_1_901' title='bbox 3260 5464 3637 5526; x_wconf 87' lang='lat' dir='ltr'><strong>perseveraret</strong></span> <span class='ocrx_word' id='word_1_902' title='bbox 3664 5463 3856 5509; x_wconf 85' lang='lat' dir='ltr'><strong>sancta</strong></span> 
     </span>
    </p>
   </div>
   <div class='ocr_carea' id='block_1_119' title="bbox 2258 5525 3859 5598">
    <p class='ocr_par' dir='ltr' id='par_1_119' title="bbox 2258 5525 3859 5598">
     <span class='ocr_line' id='line_1_123' title="bbox 2258 5525 3859 5598; baseline -0.002 -15"><span class='ocrx_word' id='word_1_903' title='bbox 2258 5527 2350 5583; x_wconf 89' lang='lat' dir='ltr'><strong>illa</strong></span> <span class='ocrx_word' id='word_1_904' title='bbox 2396 5535 2644 5583; x_wconf 88' lang='lat' dir='ltr'><strong>veterum</strong></span> <span class='ocrx_word' id='word_1_905' title='bbox 2677 5525 3112 5583; x_wconf 88' lang='lat' dir='ltr'><strong>Christianorum</strong></span> <span class='ocrx_word' id='word_1_906' title='bbox 3166 5525 3504 5598; x_wconf 83' lang='lat' dir='ltr'><strong>simplicitas.</strong></span> <span class='ocrx_word' id='word_1_907' title='bbox 3552 5525 3622 5598; x_wconf 79' lang='lat' dir='ltr'><strong>At</strong></span> <span class='ocrx_word' id='word_1_908' title='bbox 3664 5534 3859 5598; x_wconf 85' lang='lat' dir='ltr'><strong>postea</strong></span> 
     </span>
    </p>
   </div>
   <div class='ocr_carea' id='block_1_120' title="bbox 2257 5596 3861 5670">
    <p class='ocr_par' dir='ltr' id='par_1_120' title="bbox 2257 5596 3861 5670">
     <span class='ocr_line' id='line_1_124' title="bbox 2257 5596 3861 5670; baseline -0.001 -17"><span class='ocrx_word' id='word_1_909' title='bbox 2257 5613 2421 5669; x_wconf 88' lang='lat' dir='ltr'><strong>quam</strong></span> <span class='ocrx_word' id='word_1_910' title='bbox 2456 5598 2623 5670; x_wconf 82' lang='lat' dir='ltr'><strong>dividi</strong></span> <span class='ocrx_word' id='word_1_911' title='bbox 2645 5598 2796 5653; x_wconf 91' lang='lat' dir='ltr'><strong>orbis</strong></span> <span class='ocrx_word' id='word_1_912' title='bbox 2827 5599 3013 5667; x_wconf 72' lang='lat' dir='ltr'><strong>cmpit,</strong></span> <span class='ocrx_word' id='word_1_913' title='bbox 3037 5613 3246 5670; x_wconf 90' lang='lat' dir='ltr'><strong>proque</strong></span> <span class='ocrx_word' id='word_1_914' title='bbox 3272 5596 3600 5670; x_wconf 65' lang='lat' dir='ltr'><strong>innocentia</strong></span> <span class='ocrx_word' id='word_1_915' title='bbox 3638 5596 3695 5652; x_wconf 89' lang='lat' dir='ltr'><strong>et</strong></span> <span class='ocrx_word' id='word_1_916' title='bbox 3715 5596 3861 5670; x_wconf 65' lang='lat' dir='ltr'><strong>sim-</strong></span> 
     </span>
    </p>
   </div>
   <div class='ocr_carea' id='block_1_121' title="bbox 2259 5666 3863 5741">
    <p class='ocr_par' dir='ltr' id='par_1_121' title="bbox 2259 5666 3863 5741">
     <span class='ocr_line' id='line_1_125' title="bbox 2259 5666 3863 5741; baseline -0.001 -19"><span class='ocrx_word' id='word_1_917' title='bbox 2259 5666 2499 5740; x_wconf 75' lang='lat' dir='ltr'><strong>plicitate</strong></span> <span class='ocrx_word' id='word_1_918' title='bbox 2526 5668 2676 5741; x_wconf 84' lang='lat' dir='ltr'><strong>fraus</strong></span> <span class='ocrx_word' id='word_1_919' title='bbox 2699 5677 2754 5723; x_wconf 93' lang='lat' dir='ltr'><strong>et</strong></span> <span class='ocrx_word' id='word_1_920' title='bbox 2779 5666 2933 5725; x_wconf 83' lang='lat' dir='ltr'><strong>dolus</strong></span> <span class='ocrx_word' id='word_1_921' title='bbox 2959 5666 3201 5739; x_wconf 77' lang='lat' dir='ltr'><strong>irrepere</strong></span> <span class='ocrx_word' id='word_1_922' title='bbox 3225 5669 3680 5741; x_wconf 72' lang='lat' dir='ltr'><strong>cmperuntinter</strong></span> <span class='ocrx_word' id='word_1_923' title='bbox 3702 5666 3863 5723; x_wconf 63' lang='lat' dir='ltr'><strong>Chrio</strong></span> 
     </span>
    </p>
   </div>
   <div class='ocr_carea' id='block_1_122' title="bbox 2259 5739 3863 5811">
    <p class='ocr_par' dir='ltr' id='par_1_122' title="bbox 2259 5739 3863 5811">
     <span class='ocr_line' id='line_1_126' title="bbox 2259 5739 3863 5811; baseline -0.002 -16"><span class='ocrx_word' id='word_1_924' title='bbox 2259 5739 2486 5802; x_wconf 77' lang='lat' dir='ltr'><strong>Stianos,</strong></span> <span class='ocrx_word' id='word_1_925' title='bbox 2532 5739 2863 5811; x_wconf 86' lang='lat' dir='ltr'><strong>dubiumque</strong></span> <span class='ocrx_word' id='word_1_926' title='bbox 2900 5741 2971 5796; x_wconf 92' lang='lat' dir='ltr'><strong>ob</strong></span> <span class='ocrx_word' id='word_1_927' title='bbox 3005 5756 3099 5795; x_wconf 91' lang='lat' dir='ltr'><strong>eas</strong></span> <span class='ocrx_word' id='word_1_928' title='bbox 3140 5739 3334 5796; x_wconf 82' lang='lat' dir='ltr'><strong>causas</strong></span> <span class='ocrx_word' id='word_1_929' title='bbox 3373 5754 3493 5795; x_wconf 90' lang='lat' dir='ltr'><strong>esse</strong></span> <span class='ocrx_word' id='word_1_930' title='bbox 3537 5739 3709 5811; x_wconf 88' lang='lat' dir='ltr'><strong>potuit</strong></span> <span class='ocrx_word' id='word_1_931' title='bbox 3754 5748 3863 5811; x_wconf 81' lang='lat' dir='ltr'><strong>pro</strong></span> 
     </span>
    </p>
   </div>
   <div class='ocr_carea' id='block_1_123' title="bbox 2259 5808 3861 5882">
    <p class='ocr_par' dir='ltr' id='par_1_123' title="bbox 2259 5808 3861 5882">
     <span class='ocr_line' id='line_1_127' title="bbox 2259 5808 3861 5882; baseline 0 -17"><span class='ocrx_word' id='word_1_932' title='bbox 2259 5826 2495 5882; x_wconf 89' lang='lat' dir='ltr'><strong>quonam</strong></span> <span class='ocrx_word' id='word_1_933' title='bbox 2541 5826 2669 5881; x_wconf 85' lang='lat' dir='ltr'><strong>rege</strong></span> <span class='ocrx_word' id='word_1_934' title='bbox 2713 5808 2967 5867; x_wconf 78' lang='lat' dir='ltr'><strong>sacerdos</strong></span> <span class='ocrx_word' id='word_1_935' title='bbox 3012 5819 3218 5876; x_wconf 90' lang='lat' dir='ltr'><strong>oraret,</strong></span> <span class='ocrx_word' id='word_1_936' title='bbox 3260 5812 3306 5866; x_wconf 90' lang='lat' dir='ltr'><strong>si</strong></span> <span class='ocrx_word' id='word_1_937' title='bbox 3344 5808 3552 5882; x_wconf 83' lang='lat' dir='ltr'><strong>nomen</strong></span> <span class='ocrx_word' id='word_1_938' title='bbox 3595 5808 3861 5881; x_wconf 86' lang='lat' dir='ltr'><strong>principis</strong></span> 
     </span>
    </p>
   </div>
   <div class='ocr_carea' id='block_1_124' title="bbox 2260 5881 3862 5964">
    <p class='ocr_par' dir='ltr' id='par_1_124' title="bbox 2260 5881 3862 5964">
     <span class='ocr_line' id='line_1_128' title="bbox 2260 5881 3862 5964; baseline -0.001 -28"><span class='ocrx_word' id='word_1_939' title='bbox 2260 5881 2560 5964; x_wconf 60' lang='lat' dir='ltr'><strong>taceretur,</strong></span> <span class='ocrx_word' id='word_1_940' title='bbox 2584 5882 2872 5964; x_wconf 76' lang='lat' dir='ltr'><strong>verbisque</strong></span> <span class='ocrx_word' id='word_1_941' title='bbox 2903 5890 3110 5939; x_wconf 85' lang='lat' dir='ltr'><strong>tantum</strong></span> <span class='ocrx_word' id='word_1_942' title='bbox 3141 5881 3483 5963; x_wconf 75' lang='lat' dir='ltr'><strong>generalibus</strong></span> <span class='ocrx_word' id='word_1_943' title='bbox 3503 5897 3612 5964; x_wconf 81' lang='lat' dir='ltr'><strong>pro</strong></span> <span class='ocrx_word' id='word_1_944' title='bbox 3639 5897 3704 5937; x_wconf 90' lang='lat' dir='ltr'><strong>eo</strong></span> <span class='ocrx_word' id='word_1_945' title='bbox 3733 5896 3862 5964; x_wconf 56' lang='lat' dir='ltr'><strong>ora:</strong></span> 
     </span>
    </p>
   </div>
   <div class='ocr_carea' id='block_1_125' title="bbox 2264 5952 3861 6039">
    <p class='ocr_par' dir='ltr' id='par_1_125' title="bbox 2264 5952 3861 6039">
     <span class='ocr_line' id='line_1_129' title="bbox 2264 5952 3861 6039; baseline -0.001 -25"><span class='ocrx_word' id='word_1_946' title='bbox 2264 5960 2353 6014; x_wconf 84' lang='lat' dir='ltr'><strong>ret</strong></span> <span class='ocrx_word' id='word_1_947' title='bbox 2391 5952 2666 6025; x_wconf 85' lang='lat' dir='ltr'><strong>Ecclesia;</strong></span> <span class='ocrx_word' id='word_1_948' title='bbox 2708 5962 2824 6012; x_wconf 90' lang='lat' dir='ltr'><strong>tum</strong></span> <span class='ocrx_word' id='word_1_949' title='bbox 2863 5966 2995 6013; x_wconf 85' lang='lat' dir='ltr'><strong>vero</strong></span> <span class='ocrx_word' id='word_1_950' title='bbox 3038 5952 3423 6039; x_wconf 72' lang='lat' dir='ltr'><strong>necessarium</strong></span> <span class='ocrx_word' id='word_1_951' title='bbox 3466 5952 3643 6014; x_wconf 87' lang='lat' dir='ltr'><strong>visum</strong></span> <span class='ocrx_word' id='word_1_952' title='bbox 3677 5960 3764 6012; x_wconf 72' lang='lat' dir='ltr'><strong>est</strong></span> <span class='ocrx_word' id='word_1_953' title='bbox 3795 5954 3861 6012; x_wconf 85' lang='lat' dir='ltr'><strong>ut</strong></span> 
     </span>
    </p>
   </div>
  </div>
