4088 6344
272 395 344 458 ei
1347 386 1440 445 DE
1475 384 1783 446 JUDAICIS
1823 380 2525 444 SUPERSTITIONIBUS.
3488 383 3562 441 82

272 514 512 569 testatus
537 513 641 564 est.
674 502 817 575 Quid
852 501 945 560 hic
993 502 1159 575 igitur
1181 500 1268 559 vir
1314 501 1413 558 Dei
1454 500 1759 558 credendus
1784 507 1871 557 est
1896 502 1951 564 Α
2041 498 2133 557 1V.
2162 498 2444 556 Alchimus
2489 498 2682 555 Avitus
2705 495 2962 557 Ecclesiae
3005 497 3329 557 Viennensis
3352 498 3562 570 episco-

274 603 448 660 fuisse
477 600 744 665 facturus,
771 596 819 653 si
858 595 1084 652 vidisset
1128 610 1226 650 suo
1271 602 1514 664 tempore
1558 590 1869 648 Iudaeorum

274 692 580 752 inﬁdelium
604 704 768 747 causa
794 687 1054 745 canonica
1091 692 1293 742 statuta
1321 683 1590 741 convelli?

347 784 438 841 IIl.
466 781 578 839 Nec
595 779 970 837 sanctissimus
986 776 1308 851 Cyprianus,
1328 783 1386 831 et
1403 775 1565 831 homo
1585 773 1683 829 Dei
1702 773 1871 829 Atha-

274 878 486 942 nasius,
514 876 727 931 minore
763 873 885 929 illos
908 871 1034 928 odio
1053 870 1455 926 abominantur.
1487 866 1629 935 Quin
1664 866 1868 937 potius,

275 969 423 1024 sicut
453 981 645 1023 eorum
671 965 866 1021 litterae
913 970 1081 1020 testes
1108 969 1257 1029 sunt,
1304 959 1641 1016 inﬁdelitatis
1679 972 1869 1014 eorum

274 1058 764 1117 obstinatissimam
787 1056 1123 1129 impietatem
1148 1069 1310 1126 supra
1342 1067 1556 1109 omnem
1590 1050 1868 1123 gentilium

275 1159 637 1208 exsecrantur
654 1163 917 1206 errorem.
941 1147 1182 1217 Quorum
1207 1144 1669 1216 religiosissimam
1706 1142 1867 1199 ﬁdem

274 1252 333 1300 et
359 1244 584 1300 Christo
611 1241 845 1299 deditam
875 1240 1237 1306 devotionem,
1265 1252 1457 1293 omnes
1499 1234 1869 1292 Ecclesiarum

274 1334 677 1392 Gallicanarum
706 1332 1131 1390 reverentissimi
1159 1332 1550 1403 gubernatores
1574 1329 1763 1395 secuti,
1791 1336 1870 1384 to-

275 1437 393 1484 tam
420 1427 733 1483 Iudaeorum
758 1439 827 1480 ex
865 1426 1078 1498 integro
1113 1423 1527 1496 pollutissimam
1553 1422 1867 1479 societatem

272 1516 589 1590 fugiendam
616 1517 836 1589 penitus
882 1516 1206 1573 Christianis
1237 1515 1488 1572 omnibus
1527 1529 1649 1572 esse
1673 1527 1868 1570 sanxe-

272 1620 445 1669 runt:
491 1625 721 1681 quorum
768 1625 869 1667 nos
897 1612 964 1666 de
1000 1611 1104 1668 hac
1132 1626 1193 1667 re
1228 1610 1527 1667 sententias
1559 1624 1783 1682 ponere,
1812 1617 1870 1666 et

275 1721 345 1762 ex
397 1706 487 1761 his
533 1720 692 1776 quam
740 1705 812 1761 sit
860 1704 1190 1761 exsecrabile
1242 1704 1484 1775 ipsorum
1533 1704 1865 1760 consortium

276 1798 618 1854 decrevimus
644 1814 677 1855 e
703 1799 934 1868 vestigio
964 1797 1358 1855 demonstrare.

1968 605 2093 662 pus,
2120 607 2285 662 quam
2327 591 2561 648 eximius
2600 591 2789 648 doctor
2815 593 3149 649 orthodoxus
3192 600 3249 648 et
3297 590 3564 648 facundus

1968 683 2258 752 exstiterit,
2283 699 2423 756 pene
2445 691 2561 740 tota
2591 685 2741 740 novit
2775 684 3018 743 Ecclesia
3059 684 3284 742 Christi.
3323 682 3561 741 Sanctus

1966 775 2291 846 Apollinaris
2333 776 2617 848 episcopus
2658 775 2914 833 Ecclesia:
2961 776 3278 845 Valentinus,
3326 782 3563 849 quantus

1968 866 2132 923 fuerit
2157 876 2214 923 et
2251 868 2339 935 sit,
2369 885 2475 925 non
2501 870 2676 925 solum
2717 878 2868 944 gesta
2906 871 2973 928 de
3000 887 3066 927 eo
3112 872 3338 943 scripta,
3374 871 3470 927 sed
3498 878 3558 926 et

1969 961 2162 1018 crebra
2190 960 2306 1031 ejus
2332 962 2593 1019 miracula
2627 979 2800 1035 usque
2824 964 2985 1021 hodie
3013 964 3321 1021 sublimiter
3350 970 3558 1020 testan-

1968 1062 2082 1110 tur.
2110 1053 2343 1110 Sanctus
2375 1054 2670 1128 Gregorius
2711 1056 3021 1127 Lingonica:
3065 1057 3324 1114 Ecclesia:
3349 1056 3563 1127 episco-

1967 1163 2091 1220 pus,
2121 1155 2339 1219 quantai
2376 1149 2683 1207 sanctitatis
2710 1158 2767 1207 et
2790 1151 3036 1207 veritatis
3061 1150 3245 1217 fuerit,
3277 1151 3403 1208 Vita
3443 1151 3563 1222 ejus

1968 1239 2191 1310 scripta,
2237 1246 2293 1295 et
2318 1238 2443 1294 finis
2471 1240 2597 1295 vita:
2623 1248 2787 1312 atque
2810 1242 2987 1299 honor
3010 1242 3061 1297 ei
3091 1242 3159 1297 ab
3196 1241 3438 1297 Ecclesia
3466 1241 3559 1297 de-

1969 1331 2129 1397 latus,
2157 1347 2329 1402 usque
2354 1332 2517 1389 hodie
2547 1340 2714 1390 testes
2742 1343 2889 1390 sunt.
2935 1334 3276 1392 Viventiolus
3300 1334 3564 1392 Ecclesia:

1968 1426 2345 1499 Lugdunensis
2385 1428 2691 1499 episcopus,
2727 1428 2882 1500 cujus
2919 1430 3179 1487 doctrina:
3225 1429 3409 1497 fuerit,
3450 1445 3562 1487 non

1967 1519 2142 1575 solum
2168 1519 2305 1591 ipsa,
2329 1520 2426 1576 sed
2450 1532 2508 1577 et
2532 1520 2761 1577 aliorum
2795 1523 2863 1577 de
2898 1537 2965 1579 eo
3004 1523 3210 1595 scripta
3260 1531 3556 1581 testantur.

1968 1609 2037 1665 Hi
2061 1625 2191 1683 ergo
2218 1623 2245 1652 ι
2274 1625 2399 1667 eum
2427 1612 2551 1668 aliis
2578 1612 2768 1685 viginti
2798 1614 3255 1672 reverentissimis
3285 1616 3560 1688 episcopis

1967 1703 2024 1760 in
2050 1704 2267 1759 nomine
2293 1703 2508 1760 Domini
2537 1705 2845 1778 congregati
2867 1719 2967 1776 pro
2994 1705 3308 1764 defensione
3332 1715 3388 1763 et
3411 1715 3558 1764 statu

1968 1794 2248 1864 Ecclesiae,
2276 1796 2345 1852 de
2371 1811 2432 1853 re
2478 1797 2727 1869 superius
2774 1806 3073 1854 memorata
3118 1798 3147 1839 ιι
3194 1798 3339 1854 ἰηιει·
3363 1807 3561 1855 caetera

1627 1910 1908 1966 BALUZII
1943 1910 2180 1966 NOTAE.

1627 1910 1761 1966 BAL
1819 1910 1908 1967 ZII
1943 1909 2180 1967 NOTAE.

270 2022 475 2063 nomen
518 2007 781 2079 principis
827 2006 1169 2072 recitaretur,
1220 2020 1329 2079 quo
1370 2003 1653 2061 fraudibus
1699 1909 1872 2060 ire?ur
1897 2008 1946 2069 B
1974 2005 2175 2077 regios,
2212 2003 2266 2079 _s_i
2305 2005 2437 2076 quid
2469 2005 2527 2061 in
2555 2004 2994 2079 hoc‘peccarent
3033 2007 3304 2063 monachi.
3350 2005 3458 2064 Sed
3490 2024 3562 2064 ne

267 2076 535 2151 gbviam,
559 2076 1036 2151 intelligerentque
1074 2076 1256 2148 populi
1300 2092 1421 2132 eam
1450 2090 1590 2151 esse
1626 2084 1871 2151 mentem

266 2149 551 2232 Ecclesiae,
577 2165 644 2232 ex
671 2146 1163 2232 divinopriecepto'
1179 2156 1234 2232 et
1258 2148 1553 2232 apostolica
1579 2146 1873 2232 traditione

271 2220 718 2292 descendentem,
762 2229 825 2276 ut
859 2217 935 2275 illi
952 2217 1104 2292 regi,
1137 2220 1230 2290 qui
1262 2217 1374 2274 tum
1416 2218 1769 2292 imperitaret,
1803 2217 1869 2273 fi-

269 2291 394 2347 dem
436 2307 598 2346 suam
638 2300 886 2347 sanctam
930 2290 1303 2361 illibatamque
1343 2298 1644 2355 servarent,
1669 2290 1870 2344 vitam-

270 2378 375 2432 que
408 2363 462 2417 ei
494 2362 783 2432 prolixam,
815 2362 1102 2433 imperium
1125 2377 1399 2428 securum,
1425 2362 1642 2416 domum
1671 2368 1864 2427 tutam,

270 2442 324 2488 et
367 2441 569 2488 ctetera
617 2449 952 2504 quaecunque
1000 2433 1259 2504 hominis
1288 2441 1343 2487 et
1378 2432 1522 2503 regis
1561 2438 1688 2485 vota
1719 2439 1864 2504 sunt,

269 2502 649 2575 precarentur.
699 2502 885 2574 itaque
923 2503 977 2575 in
1026 2502 1191 2575 Libro
1228 2502 1727 2575 Sacramentoruin,
1775 2502 1868 2571 qui

270 2572 536 2645 Gregorio
573 2574 769 2647 Magno
802 2572 973 2647 tribui
1014 2574 1180 2647 solet,
1217 2575 1421 2630 diserte
1456 2572 1771 2647 praecipitur
1807 2580 1869 2628 ut

270 2661 467 2700 nomen
501 2645 646 2716 regis
672 2645 1066 2716 pronuntietur
1103 2646 1246 2701 inter
1276 2645 1534 2716 mysteria
1547 2659 1573 2716 _;
1601 2645 1720 2697 Una
1747 2660 1866 2716 cum

271 2715 474 2786 [amulo
501 2714 595 2787 tuo
617 2714 758 2787 papa
782 2725 959 2771 nostro
987 2715 1138 2787 ilhc!
1166 2733 1283 2785 rege
1312 2714 1495 2787 nostra
1513 2714 1593 2769 ill.
1625 2724 1679 2787 et
1698 2715 1866 2787 omni-

271 2784 369 2841 bus
388 2784 703 2859 orthodoxi}
726 2797 882 2859 atque
913 2786 1184 2859 catholica:
1203 2797 1254 2841 et
1277 2785 1576 2859 apostolico:
1604 2785 1729 2855 ﬁdei
1754 2784 1867 2859 cul-

271 2857 493 2929 roribua.
534 2858 603 2912 Et
640 2857 876 2929 proferri
917 2858 1135 2928 quidem
1176 2857 1399 2929 possent
1426 2857 1579 2912 varia
1617 2857 1864 2927 exempla

268 2926 430 2996 hujus
460 2926 660 2983 moris:
694 2926 823 2995 Sed,
854 2926 1074 2985 omissis
1109 2926 1341 2996 caeteris,
1377 2929 1446 2983 ab
1474 2936 1634 2983 aetate
1675 2926 1864 2983 nostra

269 3012 546 3071 sumemus
567 2999 1053 3071 _exemplum.Cum
1083 3008 1208 3056 ante
1234 3001 1334 3055 hos
1358 3000 1549 3071 viginti
1574 3012 1745 3071 annos
1758 2999 1864 3071 Ca-

271 3068 440 3141 talani
471 3085 529 3125 se
556 3068 925 3141 justis'iisque
956 3071 1277 3127 necessariis
1306 3072 1371 3126 de
1406 3068 1586 3125 causis
1620 3070 1676 3124 in
1701 3068 1863 3125 ﬁdem

269 3154 335 3195 ac
363 3139 675 3196 clientelam
704 3139 960 3197 Ludovici
991 3142 1107 3197 Xlll
1134 3142 1468 3197 Francorum
1503 3141 1650 3197 renis
1677 3149 1864 3196 contu-

267 3209 491 3283 lissent,
547 3213 773 3283 ejusque
820 3228 879 3268 se
930 3213 1167 3269 dominio
1215 3213 1456 3269 volentes
1508 3209 1862 3282 lubentesque

266 3280 971 3350 subjecisseiitfmanebat
1000 3292 1181 3339 tamen
1210 3285 1388 3338 adhuc
1415 3283 1472 3337 in
1501 3280 1862 3353 quorumdam

263 3353 596 3478 ﬁecwribus.
626 3354 844 3437 insitum
894 3355 949 3409 iii
994 3354 1176 3409 Gallos
1219 3354 1422 3417 odium,
1471 3352 1535 3436 et
1555 3352 1766 3409 occulta
1801 3353 1857 3408 in
1887 3384 1932 3447 C

320 3438 548 3478 isnanos
583 3424 875 3478 inclinatio.
917 3423 1123 3478 Horum
1159 3440 1291 3478 eruo
1326 3425 1607 3478 affectibus
1632 3424 1862 3478 uteban-

372 3438 548 3495 p_a_nos
583 3424 875 3480 inclinatio.
917 3423 1123 3480 Horum
1159 3440 1291 3495 ergo
1326 3425 1607 3480 affectibus
1632 3424 1862 3480 uteban-

264 3502 365 3549 tur
400 3493 621 3565 Hispani
661 3496 727 3551 ad
766 3497 1091 3552 turbandum
1130 3493 1422 3552 Cataloniae
1475 3503 1696 3551 statum.
1754 3495 1862 3551 Sed

261 3576 631 3638 Opportunum
687 3567 743 3621 in
787 3569 979 3636 primis
1024 3568 1288 3638 valdeque
1343 3566 1475 3622 utile
1523 3567 1699 3621 visum
1751 3575 1855 3634 est,

264 3637 419 3709 abuti
459 3639 851 3709 monachorum
891 3637 1213 3705 virtutibus,
1262 3639 1330 3709 ad
1370 3654 1507 3709 quos
1549 3646 1665 3693 tum
1698 3638 1752 3693 in
1792 3639 1860 3694 iis

261 3705 581 3779 regionibus
619 3708 840 3779 delapsa
897 3717 1015 3764 erat
1042 3711 1219 3765 omnis
1250 3708 1364 3764 fere
1386 3705 1542 3764 "cura
1579 3725 1858 3765 sacrarum

263 3778 620 3851 concionum;
650 3778 804 3851 Aquod
837 3779 893 3835 id
920 3795 1091 3850 genus
1128 3781 1407 3851 hominum
1431 3781 1724 3851 plurimum
1762 3796 1859 3835 au-

263 3848 536 3922 ctoritatis
576 3848 774 3905 habeat
810 3848 951 3922 apud
986 3850 1217 3920 plebem,
1247 3848 1521 3922 praecipue
1552 3865 1681 3905 vero
1715 3852 1859 3922 apud

263 3915 570 3991 Catalanos,
597 3929 813 3991 gentem
828 3915 1312 3991 religiosissimum.
1331 3915 1859 3991 Ea-tempestate'vir

263 3986 665 4063 illustrissimus
696 3992 893 4047 Petrus
921 3986 987 4047 de
1016 3991 1218 4059 Marca,
1250 3993 1342 4063 qui
1371 3986 1704 4063 Tolosatium
1730 3992 1855 4049 dein

263 4060 747 4135 et_Parisiensium
790 4064 1229 4135 archiepiscOpus
1267 4060 1396 4128 fuit,
1431 4064 1486 4118 in
1520 4062 1854 4119 Cataloniam

262 4130 465 4187 missus
494 4141 579 4187 est
606 4149 729 4205 cum
758 4130 1092 4204 amplissima
1120 4130 1410 4205 potestate,
1438 4142 1499 4189 ut
1521 4135 1853 4204 provinciam

263 4204 626 4276 recen_ter_ail
671 4220 771 4259 nos
809 4220 1021 4261 versam
1064 4204 1351 4276 prudentia
1388 4214 1443 4260 et
1487 4205 1754 4275 sapientia
1795 4221 1858 4260 ac

262 4273 484 4347 cateris
527 4274 684 4347 bonis
738 4277 978 4342 artibus,
1033 4273 1229 4346 quibus
1281 4273 1572 4347 plurimum
1596 4276 1854 4347 Avalebat,

262 4344 376 4415 regi
425 4342 896 4417 Christianissimo
942 4342 1172 4413 teneret,
1218 4342 1556 4417 imperioque
1592 4345 1857 4403 Francico

259 4426 458 4489 parere
493 4416 877 4489 assuefaceret.
911 4418 1009 4473 Hic
1042 4433 1173 4489 ergo
1197 4416 1321 4473 cum
1344 4418 1701 4472 Barcinonem
1737 4434 1858 4489 per-

260 4485 528 4551 venisset,
559 4487 735 4559 deque
765 4488 850 4544 his
882 4489 1047 4559 rebus
1081 4485 1274 4545 fuisset
1308 4488 1641 4553 admonitus,
1674 4485 1854 4545 recto—

260 4569 351 4608 res
392 4554 850 4614 monasteriorum
884 4554 1036 4615 illius
1078 4560 1229 4615 urbis
1253 4600 1267 4625 ,
1315 4575 1452 4629 quos
1495 4559 1858 4628 provinciales

258 4635 355 4697 aut
390 4629 705 4697 superiores
732 4639 948 4696 vocant,
979 4632 1036 4686 in
1065 4645 1193 4685 suas
1226 4631 1368 4685 mdes
1393 4630 1642 4685 evocavit
1674 4631 1856 4687 Idibus

254 4692 386 4751 Julii
427 4692 558 4752 anni
594 4700 732 4754 1644
771 4692 1065 4757 habitauue
1111 4702 1179 4757 ad
1220 4700 1340 4757 illos
1372 4700 1567 4755 Latina
1607 4701 1855 4757 oratione

255 4746 572 4844 dé'ﬁicfiiijé
597 4746 1179 4844 ἰέὶιὶιὶφὲὗῖὶὶῑῆῗεεῖξ
1205 4746 1567 4843 ἑὶἱῖεἶιιῖὲῖίἱίἷ
1592 4746 1855 4829 ιῖιίἧὲἶῖὲῖ
1878 4746 1933 4808 1)

331 4839 480 4925 antis
513 4839 567 4895 in
594 4839 949 4925 Cataloniam,
971 4839 1163 4925 Διὶεειῇε
1198 4839 1303 4899 ίίἱιε
1340 4839 1725 4925 ἱιξιτερτίηεὶρὶ
1753 4845 1849 4925 de-

328 4916 442 4986 tur,
474 4925 583 4986 non
617 4912 791 4967 solum
828 4920 1050 4986 propter
1088 4915 1258 4986 iram,
1306 4912 1401 4969 sed
1433 4912 1599 4970 etiam
1630 4912 1854 4986 propter

253 4981 676 5057 conscientiam,
712 4981 889 5057 utait
919 4981 1233 5057 Apostolus,
1277 4992 1512 5057 quatuor
1550 4981 1649 5041 eis’
1673 4981 1851 5057 capita

249 5051 561 5126 proposuit
597 5051 666 5108 ab
712 5051 984 5111 universis
1022 5071 1122 5126 per
1165 5051 1503 5126 provinciam
1567 5051 1852 5114 monachis

251 5119 617 5199 observanda,
639 5139 872 5199 quorum
900 5119 1195 5199 unumfuit
1220 5127 1366 5199 istud
1390 5145 1405 5181 :
1430 5127 1677 5183 Tertium
1705 5130 1850 5199 quod

250 5205 287 5266 gi
311 5192 467 5248 vobis
483 5192 675 5266 exigo;
700 5196 831 5251 illud
854 5205 959 5263 est,
983 5205 1044 5251 ut
1072 5197 1216 5253 inter
1244 5198 1532 5253 missarum
1559 5192 1845 5265 solem-nia,

241 5261 406 5340 juxta
426 5334 439 5340 _
461 5261 779 5340 divi'Pauli
806 5261 1151 5340 praeceptum
1170 5310 1187 5340 ,
1233 5270 1579 5340 antiquorum
1622 5261 1846 5325 Patrum

248 5334 609 5411 traditionem
630 5336 747 5411 jam
771 5334 842 5394 ab
859 5340 976 5410 ipso
997 5334 1334 5396 Tertulliano
1363 5334 1637 5407 testatam,
1658 5341 1849 5411 ipsius-

250 5405 896 5487 que.hlissa_lis:llomani'
925 5419 1271 5487 contextum,
1314 5412 1457 5487 regis
1494 5405 1847 5487 Christianis-

248 5476 379 5554 simi
415 5478 673 5549 specialis
708 5489 1053 5554 etgexpressa
1083 5483 1153 5538 ab
1183 5476 1436 5538 omnibus
1472 5484 1847 5541 sacerdotibus

249 5545 351 5600 ﬁat
376 5545 882 5626 commemoratiof
904 5554 978 5609 ita
1008 5561 1070 5609 ut
1095 5569 1210 5626 non
1240 5560 1447 5626 tantum
1474 5555 1618 5626 regis
1642 5556 1847 5613 mentio

248 5620 588 5695 generaliter
628 5622 923 5695 injiciatur,
969 5626 1065 5681 sed
1100 5623 1359 5680 Ludovici
1404 5620 1602 5681 nomen
1641 5626 1845 5683 diserte

247 5689 628 5779 eipriritatur,
678 5689 1131 5779 quemadmodum
1184 5697 1353 5779 exigit
1394 5712 1536 5779 _us_us
1587 5697 1845 5779 Ecclesia:

246 5760 646 5839 quotidianus;
696 5760 772 5822 he
836 5767 1039 5839 alioqui
1098 5760 1336 5839 suspicio
1391 5767 1516 5823 inde
1566 5777 1842 5839 nascatur,

422 5831 622 5920 animo
655 5839 794 5920 geri,
830 5829 980 5920 aliud
998 5839 1179 5895 verbis
1192 5829 1469 5920 simulari.
1507 5860 1526 5893 ι
1562 5829 1848 5920 Postremo

247 5902 381 5959 loco
420 5901 703 5963 admonuit
731 5901 837 5965 non
866 5909 1144 5966 defuturos
1176 5910 1351 5967 officio
1379 5926 1477 5967 suo
1497 5912 1850 5982 magistratus

1971 2075 2149 2147 pténze
2173 2075 2491 2132 viderentur
2515 2075 2827 2132 constitutae
2850 2084 3059 2132 tantum
3085 2079 3343 2133 adversus
3374 2094 3561 2135 mona-

1972 2148 2124 2215 chos,
2154 2162 2221 2219 ac
2234 2149 2292 2211 bi
2312 2147 2385 2219 de
2413 2147 2482 2203 iis
2506 2147 2638 2219 solis
2669 2148 2908 2219 suspicio
2937 2158 3101 2215 esset,
3130 2148 3340 2206 litteras
3365 2149 3562 2206 deinde

1972 2219 2040 2291 ad
2071 2218 2501 2291 uniuscujusque
2546 2218 2841 2275 diteceseos
2875 2219 3437 2291 vicariosgenerales
3466 2223 3558 2277 de-

1972 2290 2072 2355 dit,
2101 2289 2156 2344 in
2182 2290 2381 2360 quibus
2406 2290 2596 2360 eadem
2622 2291 2879 2345 mandata
2908 2289 3340 2347 continebantur.
3368 2292 3564 2348 Exstat

1970 2367 2153 2433 autem
2179 2359 2407 2433 cpistola
2432 2359 2549 2430 ejus
2581 2360 2651 2433 ad
2678 2360 2911 2417 vicarius
2947 2361 3231 2433 generales
3259 2362 3559 2419 dioeceseos

1970 2429 2311 2496 Helencnsis,
2346 2431 2403 2486 in
2428 2429 2536 2502 qua
2572 2432 2652 2486 sic
2687 2429 3102 2502 scriptum'est:
3157 2450 3176 2484 ‹
3211 2431 3268 2489 In
3303 2435 3562 2490 orationi-

1968 2502 2072 2575 bus
2108 2517 2324 2575 quoque
2364 2519 2489 2575 qua:
2532 2519 2635 2575 pro
2670 2503 2863 2575 salute
2893 2504 3036 2575 regis
3082 2504 3227 2575 inter
3269 2506 3557 2562 missarum

1970 2573 2232 2648 solemnia
2267 2573 2585 2648 recitantur,
2613 2573 2871 2648 Ludovici
2898 2573 3096 2648 nomen
3130 2574 3334 2648 diserte
3359 2586 3414 2631 et
3442 2592 3561 2648 spe-

1969 2644 2181 2699 cialiter
2215 2644 2542 2714 exprimant.
2578 2664 2599 2696 i
2647 2642 2914 2714 Caeterum
2952 2646 3212 2700 adversus
3247 2646 3390 2701 hanc
3428 2642 3553 2702 ora-

1970 2715 2173 2770 tionem
2214 2713 2408 2769 Marcae
2435 2755 2450 2781 ,
2511 2713 2777 2784 puerilem
2830 2715 3119 2770 admodum
3166 2714 3559 2772 declamatiun-

1968 2786 2146 2841 culam
2180 2788 2371 2841 eodem
2417 2800 2559 2841 anno
2588 2785 2895 2841 Tarracone
2944 2784 3114 2841 edidit
3165 2785 3337 2842 frater
3361 2787 3556 2846 Petrus

1968 2856 2193 2911 Moliner
2229 2855 2556 2928 Trinitarius
2594 2856 2875 2928 magister,
2905 2856 3215 2928 theologia;
3256 2856 3448 2914 doctor
3491 2874 3558 2915 ac

1966 2928 2312 2998 vespertinus
2340 2926 2756 2999 ,cathedraticus
2803 2928 2859 2982 in
2903 2926 3162 2999 llerdeiisi
3196 2927 3408 2999 Lycaeo.
3456 2929 3557 2987 llis

1966 2999 2113 3081 enim
2143 3014 2202 3055 se
2233 2998 2404 3054 titulis
2451 2999 2668 3081 ornavit
2698 2998 2870 3081 homo
2919 2998 3196 3081 opinione.
3226 2998 3323 3081 sua
3364 3001 3556 3081 doctus

1966 3078 2023 3124 et
2040 3070 2340 3141 eloquens;
2385 3069 2499 3137 sed,
2546 3077 2807 3140 quantum
2844 3083 2912 3124 ex
2953 3068 3129 3141 ipsius
3163 3069 3556 3128 declamatiun-

1967 3140 2089 3213 cula
2130 3140 2312 3211 colligi
2355 3148 2556 3213 potest,
2604 3140 2771 3197 Musis
2813 3154 2924 3196 non
2966 3149 3079 3196 tam
3118 3140 3347 3209 invisus,
3388 3159 3552 3213 quam

1966 3212 2200 3268 ignotus.

2021 3229 2091 3267 no
2187 3253 2200 3267 .

1986 3229 2020 3283 8
2038 3296 2064 3325 ι
2091 3229 2224 3339 Enim
2250 3282 2371 3356 aliis
2382 3283 2599 3356 piginti,
2629 3283 2684 3338 in
2710 3282 2917 3355 synodo
2943 3283 3197 3356 nimirum
3219 3283 3550 3356 Epaonensi,

2039 3371 2086 3411 te
2139 3371 2279 3429 anno
2309 3354 2427 3429 5_l7_
2445 3353 2630 3429 habita
2675 3353 3050 3429 est,_prm_side
3097 3353 3553 3429 Avito—episcopo

2015 3427 2281 3500 iennensi.
2325 3424 2547 3500 sed_hic
2566 3424 2885 3500 Agobardus
2914 3425 2983 3479 24
3020 3434 3236 3500 tantum
3266 3424 3551 3500 episcopos

1964 3498 2013 3580 ei
2051 3498 2261 3580 synodo
2307 3495 2554 3580 adfuisse.
2578 3495 2757 3580 docet,
2792 3512 2934 3580 cum.
2955 3505 3137 3580 tamen
3171 3498 3240 3554 25
3274 3495 3551 3571 reperian-

1962 3576 2053 3641 tur
2081 3566 2137 3623 in
2163 3568 2397 3641 vulgatis
2416 3567 2781 3641 _editionibus._
2820 3566 2937 3641 Nisi
2973 3569 3016 3623 si
3049 3566 3552 3641 numerum—rotun-

1963 3640 2090 3695 dum
2116 3638 2322 3711 ponere
2345 3638 2520 3711 voluit
2543 3658 2556 3693 :
2583 3638 2728 3711 quod
2757 3638 2917 3711 facile
2951 3640 3296 3711 crediderim.
3328 3642 3406 3697 De
3430 3642 3550 3700 loco

1960 3710 2131 3783 porro
2177 3711 2270 3766 ubi
2322 3710 2508 3783 habita
2563 3710 2651 3765 est
2700 3710 2936 3783 synodus
2986 3710 3115 3783 illa,
3162 3727 3272 3767 non
3313 3729 3420 3768 una
3467 3725 3554 3771 est

1961 3782 2203 3838 omnium
2240 3781 2534 3848 sententia,
2567 3780 2743 3852 eaque
2766 3780 2937 3852 resin
2968 3781 3243 3852 diversum
3279 3784 3446 3841 traxit
3468 3786 3552 3840 in-

1920 3890 1925 3903 ς
1959 3854 2120 3977 genia
2157 3853 2438 3909 hominum
2481 3849 2836 3908 eruditorum.
2879 3849 2987 3906 Sed
3028 3868 3204 3923 neque
3246 3869 3347 3977 edgo
3386 3856 3550 3912 velim

1998 3924 2220 3977 irimere
2257 3940 2377 3977 eam
2420 3923 2589 3977 litem.
2627 3923 2896 3977 Caeterum
2932 3922 3093 3977 silere
3130 3938 3236 3977 non
3301 3925 3434 3977 ebeo
3467 3926 3549 3977 νίσ-

1998 3924 2220 3980 irimere
2257 3940 2377 3979 eam
2420 3923 2589 3979 litem.
2627 3923 2896 3981 Caeterum
2932 3922 3093 3977 silere
3120 3922 3236 3979 non
3264 3922 3434 3981 debeo
3467 3926 3549 3980 vir

1961 3995 2107 4066 disse
2144 4010 2233 4049 me
2261 4009 2433 4066 nuper
2465 4001 2734 4066 vetustum
2771 3992 3016 4066 codicem
3054 4008 3161 4066 ms.
3195 3994 3552 4066 epistolarum

1958 4065 2127 4131 Aviti,
2158 4074 2213 4120 et
2248 4066 2303 4119 in
2332 4061 2416 4118 his
2440 4064 2605 4119 etiam
2632 4077 2753 4118 esse
2783 4061 3067 4131 epistolam
3098 4065 3166 4119 ad
3195 4061 3547 4133 Quintianum

1960 4137 2293 4207 episcopum,
2325 4150 2488 4205 quam
2525 4133 2858 4207 Sirmondus_
2881 4134 3080 4205 aliique
3115 4145 3237 4207 post
3274 4152 3398 4194 eum
3438 4138 3552 4195 exi-

1959 4204 2184 4281 stimarit
2239 4204 2361 4281 esse
2419 4206 2736 4281 tractoriam
2794 4204 2861 4259 ad
2915 4204 3197 4281 episcopos
3254 4210 3549 4281 provinciae

1959 4279 2284 4352 Viennensis
2316 4284 2395 4352 ut
2447 4277 2516 4352 ad
2564 4278 2831 4352 synodum
2868 4277 3111 4352 veniant
3146 4277 3543 4352 Epabnensem.

1959 4348 2030 4405 Et
2064 4350 2285 4406 omnino
2314 4348 2549 4420 Epaonis
2585 4347 2782 4403 nomen
2797 4347 3023 4420 deestin
3041 4365 3106 4405 eo
3120 4347 3329 4417 codice,
3357 4352 3450 4408 ubi
3474 4351 3551 4409 lo-

1958 4436 2055 4476 cus
2102 4422 2170 4476 de
2217 4418 2447 4476 concilio
2492 4418 2868 4491 congregando
2919 4419 3001 4475 sic
3042 4421 3205 4477 habet
3238 4441 3251 4476 :
3286 4440 3304 4473 ‹
3340 4422 3548 4478 Idcirco

1959 4500 2184 4547 cunctos
2230 4492 2389 4546 simul
2440 4489 2717 4560 poscimus
2765 4489 2991 4558 fratres,
3052 4500 3115 4546 ut
3159 4491 3270 4547 Deo
3331 4491 3549 4547 favente

1958 4572 2154 4618 octavo
2178 4563 2367 4618 Iduum
2400 4561 2799 4633 Septembrium
2833 4560 2921 4616 die
2964 4562 3020 4617 in
3051 4564 3310 4633 parochia
3334 4563 3547 4633 episco-
3580 4561 3585 4568 ’

1956 4641 2117 4704 patus
2142 4635 2308 4689 vestri
2351 4632 2563 4689 mediiis
2586 4640 2749 4703 atque
2772 4641 3109 4704 opportunus
3153 4632 3302 4704 locus
3340 4632 3549 4691 electus

1959 4701 2065 4771 est,
2104 4706 2245 4761 sicut
2271 4713 2329 4760 et
2362 4713 2596 4775 tempus,
2629 4701 2733 4759 etc.
2770 4724 2789 4757 ι
2809 4701 2905 4758 Ἑλ
2938 4718 3045 4773 quo
3069 4704 3233 4775 locoL
3234 4701 3363 4760 licet
3388 4706 3545 4761 valde

1957 4785 2243 4848 corrupto,
2285 4773 2730 4848 colligi—fortasse
2766 4776 2970 4848 poterit
3005 4774 3162 4848 sedes
3195 4773 3449 4845 Epaonis,
3483 4785 3546 4833 ut

1994 4862 2080 4903 ua:
2104 4843 2269 4922 fuerit
2302 4848 2357 4901 in
2386 4843 2628 4922 conﬁnio
2646 4843 3031 4922 nonnullarum
3056 4843 3362 4922 di_c_nceseon
3389 4850 3541 4922 regni

2002 4919 2421 4990 urgundionum,
2452 4932 2577 4990 cum
2601 4915 2794 4990 Avitus
2825 4916 2968 4990 dicat
2995 4914 3252 4990 medium_
3271 4914 3540 4990 essege'pi-

1956 4984 2209 5060 scopatus
2234 4988 2542 5056 Quintiani:
2567 5004 2726 5060 quem
2752 4984 3213 5060 Quintianum,__ut
3237 4987 3343 5045 hoc
3366 4984 3543 5045 obiter

1956 5057 2155 5127 dicam,
2184 5061 2251 5115 ab
2278 5060 2529 5130 episcopo
2550 5057 2920 5130 Arvernorum
2950 5070 3073 5112 esse
3113 5057 3411 5121 diversum.
3430 5074 3542 5116 ‘ca-

1956 5126 2326 5203 thedramque
2340 5126 2587 5203 aliquam
2628 5127 2783 5203 nobis
2822 5126 3065 5203 ignotam
3097 5132 3339 5203 tenuisse
3373 5132 3436 5203 in,
3459 5146 3543 5187 re-

1954 5217 2064 5273 gno
2099 5197 2462 5274 Biirgundico',
2507 5197 2925 5274 atque_fo_rtean
2969 5199 3026 5254 in
3063 5201 3342 5272 provincia
3375 5202 3541 5259 Vien-

1954 5270 2314 5345 nensi,'plane
2343 5270 2659 5345 persuasum
2684 5270 2874 5345 habeo.

2026 5344 2055 5385 δ
2085 5339 2231 5400 Inter
2253 5339 2442 5401 can-era
2469 5350 2786 5398 statuerunt.
2824 5339 2916 5397 Sic
2939 5342 3106 5398 etiam
3128 5342 3427 5400 Rhabanus
3480 5345 3540 5402 in

1954 5431 2074 5487 cap.
2101 5416 2171 5471 55
2212 5416 2337 5473 libri
2375 5416 2635 5471 adversus
2663 5409 2895 5487 Judaeos.
2934 5412 3106 5487 Quem
3137 5414 3355 5487 librum,
3386 5422 3449 5471 ut
3480 5415 3540 5472 in

1954 5484 2057 5543 hoc
2080 5503 2324 5558 promam
2350 5500 2528 5542 meam
2557 5486 2905 5551 sententiam,
2933 5499 3001 5540 ex
3019 5484 3534 5558 haccpiscoporum

1954 5554 2182 5629 epistola
2210 5559 2503 5615 delibatum
2538 5570 2660 5611 esse
2684 5558 2816 5629 satis
2845 5564 3079 5629 constat.
3108 5554 3242 5629 Nam
3270 5554 3391 5612 cuin
3419 5558 3535 5626 illa,

1954 5627 2032 5685 uti
2071 5645 2233 5700 supra
2274 5629 2529 5700 diximus,
2572 5641 2603 5682 e
2637 5628 2844 5700 synodo
2879 5627 3134 5700 quapiam
3168 5627 3335 5700 missa
3365 5638 3534 5698 esset,

1954 5698 2208 5773 adeoque
2237 5698 2466 5773 publica:
2517 5698 3072 5773 auctoritatis—robur
3121 5699 3348 5773 haberet
3371 5740 3387 5767 ,
3435 5716 3537 5773 per

1953 5768 2146 5826 maniis
2194 5768 2472 5826 huminem
2520 5770 2760 5845 volitare
2803 5770 3017 5845 debuit,
3061 5777 3122 5825 ut
3169 5768 3535 5843 intelligerent

1952 5857 2142 5898 omnes
2178 5856 2429 5911 quaenam
2466 5841 2611 5899 esset
2651 5843 2852 5912 inghoc
2893 5841 3270 5912 episcoporum
3320 5841 3529 5896 tractus

1951 5913 2329 5983 Lugdunensis
2357 5915 2645 5972 sententia.
2686 5911 2840 5968 Unde
2870 5911 2995 5967 cum
3024 5911 3210 5982 postea
3246 5914 3300 5968 in
3335 5925 3526 5966 manus
