4088 6344
505 390 578 450 83
738 418 739 421 η
1491 394 1550 452 S.
1592 386 1944 450 AGOBABDI
1981 382 2292 448 EPISCOPI
2329 380 2815 449 LUGDUNENSIS
3726 397 3796 455 84

503 512 853 563 statuerunt:
889 525 909 559 ι
951 505 1012 565 Si
1068 507 1367 580 superioris
1418 506 1523 564 loci
1566 507 1803 563 clericus
1854 502 2098 561 haeretici
2125 505 2179 567 Α
2202 502 2400 560 Judzeis
2428 517 2459 559 a
2486 516 2641 560 caena
2690 501 2906 560 Demini
2934 517 3106 575 usque
3130 503 3306 575 prima
3335 503 3561 573 Pascha,
3602 514 3800 567 Secun-

505 597 876 670 cujuscunque
901 598 1148 656 convivio
1177 597 1508 665 interfuerit,
1535 599 1660 653 anni
1698 596 1878 669 spatio
1904 610 2096 667 pacem

503 707 614 748 non
642 691 879 748 habeat:
911 692 1056 763 quod
1082 692 1329 765 juniores
1351 692 1535 750 clerici
1562 692 1607 747 si
1628 692 2091 763 priesumpserint,

504 786 855 857 vapulabunt.
884 785 928 841 Α
955 782 1268 843 Iudaeorum
1294 796 1423 844 vero
1447 788 1709 845 conviviis
1732 788 1899 844 etiam
1927 786 2095 843 laicos

504 880 818 936 constitutio
858 888 1044 937 nostra
1089 881 1405 952 prohibuit;
1453 898 1554 938 nec
1584 898 1704 937 cum
1746 880 1855 935 ullo
1893 879 2093 935 clerico

501 980 690 1029 nostro
713 988 906 1044 panem
930 975 1197 1038 comedet,
1230 975 1477 1046 quisquis
1504 974 1811 1032 Judzcorum
1843 974 2092 1031 convivio

499 1064 664 1121 fuerit
709 1067 1042 1137 inquinatus.
1077 1087 1095 1119 ι
1148 1065 1217 1122 Et
1260 1068 1319 1122 in
1370 1068 1715 1124 conclusione
1762 1076 2091 1123 statutorum

457 1181 462 1184 ·
500 1175 745 1226 suorum,
771 1158 962 1215 confisi
988 1159 1054 1216 de
1085 1160 1374 1232 praesentia
1397 1156 1633 1227 Domini,
1666 1161 1805 1216 sicut
1834 1162 1946 1232 ipse
1973 1162 2047 1217 ait
2072 1179 2085 1216 :

505 1271 525 1305 ι
566 1250 664 1307 Ubi
688 1252 794 1308 duo
820 1253 896 1309 vel
933 1262 1037 1308 tres
1070 1252 1371 1326 congregati
1410 1254 1608 1325 fuerint
1643 1254 1697 1307 in
1726 1255 1931 1308 nomine
1953 1270 2086 1319 meo,

496 1345 714 1421 ibisum
745 1363 837 1417 ego
882 1347 939 1400 in
985 1346 1159 1401 medio
1202 1364 1403 1413 eorum,
1436 1347 1510 1402 ita
1561 1356 1901 1403 sanxerunt:
1942 1346 2089 1415 Quo-

496 1440 645 1495 circa
668 1439 785 1495 htec
814 1455 936 1510 qua:
982 1446 1214 1511 superna
1258 1440 1612 1509 inspiratione
1644 1441 1916 1497 communi
1962 1455 2089 1496 con-

494 1548 656 1589 sensu
688 1530 1026 1603 placuerunt,
1056 1533 1104 1588 si
1146 1534 1268 1605 quis
1297 1543 1608 1591 sanctorum
1633 1534 1958 1601 antistitum,
1996 1533 2087 1606 qui

492 1628 699 1682 statuta
746 1624 1032 1695 praesentia
1086 1626 1574 1697 subscriptionibus
1619 1628 1853 1699 propriis
1906 1627 2087 1681 ﬁrma-

492 1724 711 1784 verunt,
737 1731 947 1772 necnon
989 1724 1044 1773 et
1087 1732 1223 1789 quos
1271 1726 1459 1773 eorum
1497 1718 1644 1775 Deus
1689 1735 1810 1774 esse
1853 1718 2087 1773 voluerit

492 1825 873 1875 successores,
893 1810 1094 1867 reiecta
1123 1810 1435 1883 integritate
1476 1811 1870 1868 observationis
1896 1828 2083 1867 exces-

2199 599 2326 655 dum
2351 611 2371 639 ε
2396 598 2632 656 edictum
2654 598 2810 656 bona:
2833 599 3229 655 recordationis
3254 598 3436 655 domui
3458 600 3797 660 Childeberti

2199 691 2362 763 regis,
2390 706 2486 762 per
2503 690 2713 761 plateas
2736 698 2830 745 aut
2856 687 3033 745 forum
3054 689 3213 761 quasi
3233 690 3599 748 insultationis
3628 704 3797 750 causa

2197 784 2580 841 deambulandi
2628 782 2845 839 licentia
2883 782 3199 853 denegatur,
3246 790 3301 841 et
3344 792 3406 840 ut
3434 787 3796 842 reverentiam

2197 879 2407 935 cunctis
2430 877 2806 933 sacerdotibus
2833 877 3044 932 Domini
3074 876 3161 932 vel
3202 876 3418 933 clericis
3447 878 3794 949 impendant,

2195 987 2293 1027 nec
2322 979 2447 1026 ante
2478 971 2787 1025 sacerdotes
2822 984 3137 1026 consessum
3174 969 3279 1025 nisi
3323 970 3561 1025 ordinati
3593 970 3800 1027 habere

2193 1073 2546 1137 pra-sumant.
2578 1064 2729 1131 Quod
2756 1064 2801 1119 si
2836 1064 3017 1120 facere
3044 1063 3276 1119 fortasse
3305 1064 3795 1134 pursumpserint;

2194 1171 2224 1210 a
2260 1154 2536 1227 judieibus
2564 1155 2828 1223 locorum,
2870 1164 3033 1229 prout
3076 1166 3306 1227 persona
3354 1155 3537 1223 fuerit,
3572 1155 3800 1214 distrin-

2192 1258 2405 1321 gantur.
2439 1248 2507 1306 Et
2534 1261 2594 1306 ut
2619 1251 2801 1307 nullus
2823 1250 3169 1308 Christianus
3194 1249 3502 1306 Judceorum
3532 1253 3800 1309 conviviis

2189 1344 2515 1415 participare
2563 1353 2880 1414 prrcsumat.
2938 1343 3091 1412 Quod
3139 1340 3184 1398 si
3236 1342 3417 1399 facere
3464 1344 3794 1416 quicunque,

2190 1435 2331 1505 quod
2357 1435 2506 1491 nefas
2536 1444 2618 1491 est
2644 1436 2771 1503 dici,
2805 1437 3035 1491 clericus
3084 1442 3173 1490 aut
3204 1434 3480 1492 saecularis
3519 1450 3788 1507 praesum-

2188 1526 2377 1595 pserit,
2406 1525 2474 1580 ab
2510 1528 2754 1582 omnium
2795 1525 3232 1582 Christianorum
3281 1528 3557 1583 consortio
3589 1543 3649 1583 se
3688 1543 3789 1583 no-

2186 1618 2327 1671 verit
2348 1619 2725 1684 coercendum,
2751 1618 2996 1689 quisquis
3018 1633 3208 1673 eorum
3232 1618 3607 1689 impietatibus
3626 1617 3800 1674 fuerit

2188 1708 2519 1780 inquinatus.
2550 1713 2617 1766 Et
2643 1711 2771 1767 licet
2797 1712 2927 1782 quid
2957 1713 3023 1768 de
3045 1711 3370 1768 Christianis
3395 1712 3485 1782 qui
3513 1721 3608 1769 aut
3630 1712 3799 1783 capti-

2185 1805 2371 1860 vitatis
2394 1804 2637 1871 incursu,
2668 1814 2762 1859 aut
2789 1805 3206 1875 quibuscunque
3230 1803 3531 1871 fraudibus,
3579 1802 3796 1861 Judteo-

492 1900 645 1965 serit,
674 1915 826 1955 reum
850 1917 909 1957 se
955 1880 1261 1957 divinitatis
1278 1902 1484 1972 pariter
1523 1912 1578 1959 et
1603 1902 1962 1958 fraternitatis
1998 1901 2086 1972 ju—
2112 1880 2160 1941 B
2189 1914 2310 1957 rum
2339 1903 2563 1958 servitio
2588 1902 2954 1973 implicantur,
2999 1902 3195 1955 debeat
3219 1901 3522 1964 observari,
3562 1916 3670 1955 non
3700 1916 3794 1956 so-

492 1991 633 2047 dicio
658 1993 900 2049 futurum
929 2008 1051 2050 esse
1075 2002 1389 2065 cognoscat.
1420 2015 1439 2047 ι

562 2082 626 2140 ν.
663 2083 894 2141 Sanctus
922 2084 1194 2141 Caesarius
1232 2084 1849 2158 EcclesiaeIArelatensis
1877 2085 2086 2156 cpisco-

488 2192 613 2250 pus,
637 2178 791 2249 cujus
818 2178 998 2234 meriti
1026 2187 1081 2233 et
1105 2179 1365 2234 doctrina:
1392 2177 1574 2241 fuerit,
1607 2179 1774 2234 multa
1806 2178 1922 2248 ejus
1953 2195 2091 2249 pra:-

489 2268 638 2325 clara
664 2268 993 2324 monimenta
1023 2269 1325 2340 designant.
1356 2269 1456 2325 Hic
1483 2284 1606 2325 cum
1637 2282 1663 2311 α
1690 2269 1909 2341 triginta
1931 2271 2089 2339 quin-

488 2374 596 2430 que
632 2358 903 2431 episcOpis
957 2368 1013 2414 et
1045 2358 1267 2415 vicariis
1314 2361 1692 2433 episc0porum
1742 2360 2087 2433 congregatis

487 2449 546 2506 in
576 2467 744 2506 unum
775 2452 830 2506 in
858 2452 1079 2507 nomine
1127 2450 1361 2517 Domini,
1394 2468 1494 2524 pro
1530 2450 1843 2509 defensione
1869 2461 1923 2509 et
1959 2469 2087 2508 cou-

484 2542 799 2598 ﬁrmatione
825 2544 1105 2599 catholica:
1153 2544 1415 2606 veritatis,
1468 2544 1610 2598 inter
1654 2552 1849 2598 czetera
1897 2544 2088 2598 statuit

482 2633 603 2690 ita:
638 2652 657 2687 ‹
701 2631 905 2690 Omnes
928 2634 1183 2705 deinceps
1211 2634 1417 2697 clerici,
1456 2634 1568 2689 sive
1592 2633 1734 2699 laici,
1774 2633 2083 2690 Judaeorum

483 2725 734 2782 convivia
760 2724 986 2792 evitent,
1033 2733 1087 2781 et
1115 2741 1217 2781 nec
1240 2741 1335 2782 eos
1364 2726 1433 2781 ad
1460 2726 1766 2781 convivium
1794 2727 1914 2795 quis
1942 2726 2085 2781 acci-

481 2818 635 2891 piat:
667 2818 793 2889 quia
819 2835 945 2875 cum
971 2818 1113 2890 apud
1154 2818 1496 2875 Christianos
1521 2818 1659 2874 cibis
1704 2817 2082 2873 communibus

485 2924 597 2967 non
624 2918 869 2980 utantur,
903 2913 1184 2984 indignum
1214 2921 1298 2968 est
1332 2920 1493 2984 atque
1539 2913 1863 2984 sacrilegum
1891 2926 2081 2967 eorum

487 3001 639 3059 cibos
668 3019 698 3058 a
728 3002 1056 3060 Christianis
1081 3004 1237 3068 sumi,
1272 3021 1394 3060 cum
1422 3019 1485 3060 ea
1527 3014 1647 3076 qua:
1676 3004 1932 3075 Apostolo
1959 3019 2082 3075 per-

481 3096 735 3154 mittente
757 3113 857 3154 nos
883 3098 1171 3164 sumimus,
1202 3099 1271 3153 ab
1304 3098 1411 3153 illis
1443 3097 1754 3167 judicentur
1781 3097 2095 3169 immunda,

2188 1994 2301 2049 lum
2337 1995 2637 2060 canonicis,
2686 1994 2781 2049 sed
2815 2001 2870 2049 et
2917 1993 3095 2065 legum
3133 1992 3417 2048 beneficiis
3462 1990 3793 2061 jampridem

2189 2086 2358 2143 fuerit
2387 2088 2739 2142 constitutum
2768 2105 2781 2140 :
2809 2094 2989 2141 tamen
3016 2085 3142 2156 quia
3170 2100 3314 2140 nunc
3337 2086 3409 2140 ita
3436 2086 3797 2156 quorumdam

2189 2178 2413 2250 querela
2466 2188 2653 2235 exorta
2702 2185 2806 2243 est,
2849 2176 3114 2248 quosdam
3162 2174 3376 2232 Judzeos
3405 2192 3502 2248 per
3549 2177 3797 2234 civitates

2190 2279 2283 2325 aut
2310 2270 2608 2339 municipia
2636 2269 2999 2325 consistentes
3028 2268 3084 2323 in
3111 2274 3320 2322 tantam
3366 2268 3712 2324 insolentiam
3738 2278 3797 2325 et

2187 2362 2519 2433 proterviam
2548 2359 2882 2432 prorupisse,
2915 2368 2975 2415 ut
2999 2375 3102 2417 nec
3140 2360 3504 2420 reclamantes
3527 2360 3795 2416 Christia-

2187 2470 2288 2510 nos
2317 2454 2479 2510 liceat
2503 2453 2571 2509 ad
2597 2454 2836 2525 pretium
2881 2455 2946 2510 de
2978 2469 3166 2509 eorum
3195 2469 3355 2525 posse
3403 2455 3661 2510 servitute
3697 2455 3794 2511 ab—

2188 2547 2323 2603 solvi
2347 2563 2362 2613 ;
2392 2547 2597 2602 idcirco
2624 2547 2882 2617 praesenti
2904 2546 3153 2613 concilio,
3186 2547 3297 2602 Deo
3325 2556 3573 2614 auctore,
3603 2548 3785 2603 sanci-

2187 2658 2330 2710 mus,
2367 2649 2428 2698 ut
2456 2641 2635 2699 nullus
2683 2641 3029 2699 Christianus
3070 2640 3257 2699 Iudaeo
3302 2644 3559 2715 deinceps
3592 2644 3792 2699 debeat

2187 2738 2497 2802 deservire;
2538 2736 2634 2793 sed
2664 2735 2804 2793 datis
2840 2753 2940 2809 pro
2967 2736 3209 2807 quolibet
3233 2736 3378 2793 bono
3418 2736 3686 2808 mancipio
3708 2752 3787 2793 xu

2184 2829 2391 2894 solidis,
2444 2829 2623 2897 ipsum
2676 2828 3004 2897 mancipium
3056 2828 3363 2898 quicunque
3411 2826 3787 2892 Christianus,

2184 2936 2278 2978 seu
2307 2922 2373 2975 ad
2406 2920 2818 2991 ingenuitatem,
2844 2935 2939 2976 seu
2968 2920 3036 2976 ad
3058 2922 3360 2985 servitium,
3386 2919 3662 2974 licentiam
3692 2918 3789 2973 ha-

2181 3012 2309 3068 beat
2334 3011 2651 3068 redimendi.
2694 3011 2831 3080 Quia
2853 3010 3007 3068 nefas
3037 3020 3123 3069 est
3149 3020 3210 3067 ut
3235 3027 3370 3083 quos
3396 3010 3647 3068 Christus
3672 3009 3785 3065 Do-

2183 3106 2364 3160 minus
2394 3105 2673 3176 sanguinis
2695 3105 2781 3161 sui
2808 3103 3069 3161 eiiusione
3091 3106 3340 3171 redemit,
3366 3110 3782 3175 persecutorum

484 3202 551 3244 ac
589 3189 667 3244 sic
694 3188 979 3245 inferiores
1031 3189 1295 3260 incipiant
1327 3204 1448 3244 esse
1477 3189 1747 3253 catholici,
1780 3204 1941 3260 quam
1985 3186 2081 3243 εἶιι-
2108 3236 2152 3300 C
2183 3199 2415 3255 vinculis
2462 3207 2823 3270 permaneant
2870 3200 3096 3255 ίηιιειίιί,
3151 3200 3306 3268 Quod
3343 3199 3389 3255 si
3437 3198 3785 3269 acquiescere

486 3277 580 3300 AI“:
638 3277 678 3300 -2
705 3294 801 3300 _-_
830 3276 912 3300 L2-
958 3294 1069 3300 ..μμ
1104 3280 1164 3300 ,1-
1208 3278 1311 3300 2112-
1345 3289 1686 3300 -....-,.----Α--μ
1714 3288 1930 3300 --ι-..Α--..
2000 3277 2072 3300 2H!
2184 3291 2198 3300 α
2225 3289 2236 3300 ι
2472 3297 2480 3300 Α
2533 3299 2537 3300 ,
2588 3291 2600 3300 ι
2829 3289 2840 3300 ι
3087 3289 3111 3300 υ
3169 3291 3184 3300 α
3395 3289 3409 3300 ι
3517 3290 3551 3300 .-

482 3277 604 3345 dmi,
636 3277 681 3334 si
705 3294 805 3335 nos
829 3276 915 3334 his
952 3294 1073 3350 qua:
1101 3280 1170 3334 ab
1208 3278 1313 3335 illis
1342 3289 1688 3349 apponuntur
1714 3288 1953 3346 utamur,
1999 3277 2075 3334 illi

478 3382 612 3425 vero
634 3385 663 3424 a
692 3369 849 3425 nobis
875 3368 1054 3425 oblata
1078 3377 1447 3425 contemnant.
1482 3391 1501 3424 ι

554 3460 641 3518 Vl.
679 3460 898 3517 Priscus
924 3462 1180 3517 Ecclesiae
1211 3462 1591 3533 Lugdunensis
1637 3468 1945 3540 episcopus,
1974 3473 2079 3528 Ar-

477 3550 677 3607 temius
728 3550 1030 3617 Senonicaz,
1082 3550 1375 3607 Rcmedius
1420 3550 1694 3622 Bituricae,
1747 3565 1803 3612 et
1855 3570 2075 3619 sanctus

479 3642 728 3717 Siagrius
754 3643 1059 3701 Eduorum
1084 3645 1390 3717 episcopus.
1421 3658 1544 3702 cum
1572 3652 1781 3707 caeteris
1805 3652 2071 3725 pluribus,

475 3745 680 3795 statuta
725 3736 1095 3794 ecclesiastica
1143 3748 1487 3804 renovantes,
1527 3739 1555 3779 δ
1585 3740 1660 3795 ita
1706 3742 2069 3803 definierunt:

484 3851 502 3885 ι
526 3830 603 3886 Nc
615 3830 783 3887 Judzei
804 3831 1131 3887 Christianis
1154 3833 1369 3904 populis
1382 3832 1595 3903 judices
1617 3836 1964 3908 deputentur,
1981 3848 2076 3898 aut

474 3921 726 3977 telonarii
775 3936 897 3978 esse
944 3924 1349 3993 permittantur,
1404 3938 1502 3997 per
1556 3927 1698 3998 quod
1752 3928 1856 3986 illis
1908 3926 2074 4003 (quod

475 4008 622 4066 Deus
652 4010 882 4082 avertat)
920 4008 1214 4068 Christiani
1240 4013 1528 4071 videantur
1558 4032 1678 4073 esse
1716 4018 1967 4089 subjecti.
2003 4020 2071 4079 Ut

2184 3289 2271 3347 his
2290 3306 2412 3363 quae
2437 3291 2728 3347 statuimus
2750 3289 3062 3364 quicunque
3081 3289 3298 3346 Iudaeus
3322 3289 3590 3356 noluerit;
3613 3302 3784 3359 quan-

2181 3381 2274 3438 diu
2304 3385 2372 3439 ad
2406 3385 2698 3455 pecuniam
2720 3385 3071 3441 constitutam
3094 3385 3281 3440 venire
3307 3383 3602 3451 distuleris,
3622 3380 3784 3440 liceat

2182 3475 2456 3546 mancipio
2498 3475 2601 3546 ipsi
2651 3491 2775 3531 cum
2824 3476 3152 3533 Christianis
3194 3476 3504 3546 ubicunque
3548 3476 3783 3533 voluerit

2181 3566 2446 3621 habitare.
2479 3562 2611 3621 Illud
2636 3566 2805 3621 etiam
2848 3566 3156 3637 specialiter
3197 3566 3522 3633 sancientes,
3561 3567 3705 3638 quod
3732 3567 3782 3622 sl

2182 3658 2306 3729 quis
2353 3656 2571 3715 Judmus
2620 3654 2994 3715 Christianum
3043 3659 3372 3729 mancipium
3420 3658 3488 3714 ad
3532 3672 3781 3714 errorem

2179 3747 2464 3805 Judaicum
2493 3750 2775 3806 convictus
2800 3750 2965 3805 fuerit
2994 3752 3352 3820 persuasisse,
3393 3759 3450 3806 et
3474 3751 3590 3820 ipso
3620 3765 3778 3805 nian-

2178 3842 2320 3913 cipio
2346 3850 2552 3908 careat,
2583 3850 2639 3896 et
2664 3843 2823 3913 legali
2853 3843 3197 3898 damnatione
3222 3843 3506 3913 plectatur.
3540 3860 3559 3896 ι

2250 3934 2361 3991 VII.
2388 3934 2415 3973 ἀ
2450 3934 2685 3991 Sanctus
2728 3934 2912 4006 Lupus
2934 3950 3056 3990 cum
3088 3930 3207 3989 aliis
3229 3936 3418 4007 viginti
3447 3943 3500 3991 et
3545 3942 3779 4004 quatuor

2176 4028 2465 4100 episcopis,
2508 4028 2594 4084 vel
2620 4029 2842 4086 vicariis
2869 4031 3268 4101 episcoporum,
3301 4030 3550 4086 similiter
3590 4030 3645 4086 in
3678 4046 3778 4085 no-

1842 4141 2116 4202 BALUZH
2156 4146 2365 4205 NOTAE
2377 4188 2390 4203 .

473 4218 725 4300 Βὶιςιιιειιιξ
760 4228 1130 4300 pervenisset,
1178 4240 1341 4300 atque
1382 4231 1459 4287 illi
1507 4232 1630 4286 data
1665 4242 1811 4289 esset
1851 4240 2065 4295 occasio

352 4354 373 4367 κ
474 4294 1375 4368 scribendi—adversumIudaeos,
1429 4302 1858 4360 lucubrationum
1913 4324 2066 4363 suam

474 4367 731 4423 delibavit
754 4386 840 4445 ἐκ
874 4373 1100 4443 epistola
1140 4374 1231 4429 illa
1261 4374 1538 4445 synodica.
1581 4374 1671 4430 Sic
1700 4378 1845 4431 enim
1882 4380 2069 4434 existi-

474 4454 709 4495 mamus.
743 4441 1417 4501 Cei'te'etobservationes
1445 4455 1501 4500 et
1535 4449 1889 4505 auctoritates
1921 4461 2068 4507 vete-

473 4524 597 4589 rum
633 4512 849 4568 easdem
886 4515 1115 4585 profert,
1148 4526 1207 4572 et
1234 4517 1424 4573 iisdem
1462 4526 1521 4572 ut
1549 4518 1839 4589 plurimum
1866 4523 2067 4588 verbis,

2173 4252 2329 4297 vetus
2368 4251 2487 4298 erat
2517 4242 2782 4299 memoria
2810 4241 2953 4298 illius
2985 4243 3225 4309 concilii,
3256 4253 3318 4299 ut
3358 4258 3465 4298 non
3492 4244 3656 4299 etiam
3688 4261 3777 4300 sua

2174 4329 2393 4384 pet-esse
2423 4314 2701 4382 potuerint
2734 4314 2825 4382 qui
2860 4313 2915 4367 in
2948 4328 3015 4369 eo
3048 4325 3346 4383 praesentes
3385 4314 3635 4370 fuissent.
3668 4316 3774 4371 ita-

2174 4400 2282 4455 que
2313 4386 2530 4440 videtur
2559 4385 2686 4458 hinc
2728 4384 2869 4449 elici,
2903 4400 3011 4439 non
3049 4394 3176 4441 ante
3205 4388 3315 4441 vim
3356 4386 3488 4458 legis
3516 4386 3773 4458 habuisse

2177 4471 2416 4528 canones
2462 4456 2849 4528 conciliorum,
2891 4470 3057 4525 quam
3107 4471 3139 4510 a
3175 4456 3428 4528 principe
3458 4456 3770 4514 confirmati

2176 4526 2428 4584 fuissent.
2471 4527 2600 4582 Hmc
2626 4537 2808 4583 autem
2837 4526 3190 4583 confirmatio
3220 4528 3384 4583 fiebat
3405 4544 3503 4598 per
3530 4528 3770 4586 edictum

475 4581 689 4669 quibus.
728 4581 954 4669 utuntur
994 4588 1235 4669 episcopi
1288 4589 1355 4643 ad
1402 4581 1786 4658 imperatorem
1838 4581 2073 4648 Ludovil
2096 4581 2150 4626 υ
2174 4581 2480 4669 publicum.
2504 4581 3050 4669 Etiqiiiapromptior
3078 4581 3166 4654 est
3199 4581 3770 4655 exsecutriocon's—titu-t

478 4665 602 4706 cum
633 4653 785 4710 Pium
815 4653 1136 4716 scribentes.

550 4720 845 4805 ειῙνὶθίηεα
888 4731 1123 4805 quinque
1148 4730 1428 4805 episcopis,
1458 4730 1511 4805 in
1540 4733 1745 4803 synodo
1770 4733 2068 4805 Agatliensi

474 4792 662 4877 habita
700 4792 854 4853 anno
1029 4792 1148 4858 'sub
1176 4792 1429 4877 'Cresario
1464 4792 1915 4877 ArelatensitvDe
1964 4825 2068 4877 qua

474 4864 811 4949 synotlobnos
841 4871 1086 4940 pluribus
1123 4888 1346 4949 agemus
1394 4874 1639 4949 in_notis
1687 4876 1754 4949 ad
1789 4864 2067 4949 Ruricium

471 4933 952 5015 Lemovieensém;
993 4933 1386 5015 nonnullasque
1427 4945 1837 5002 observationes
1880 4933 2070 5005 affore:

471 5021 619 5089 mus,
658 5025 779 5080 qua:
818 5011 1065 5089 fortassis
1106 5011 1343 5089 indignas
1366 5032 1480 5089 non
1524 5025 1685 5072 erunt
1727 5020 2065 5077 eruditorum

473 5034 619 5073 ιιιιιδ,
658 5034 779 5080 qua:
818 5034 1065 5072 iortassis
1106 5034 1217 5071 mm
1259 5034 1341 5071 na:
1372 5034 1480 5071 non
1524 5034 1685 5072 erunt
1727 5034 2065 5077 eruditorum

473 5076 758 5148 hominum
787 5084 1120 5142 curiositate.
1157 5034 1288 5143 Vise
1315 5087 1636 5143 Rhabinum
1675 5089 1726 5144 in
1762 5090 1899 5146 libro
1935 5109 2067 5148 con-

472 5155 558 5223 tra
581 5143 801 5223 deaeos
826 5168 948 5223 cap.
978 5154 1066 5211 56.

545 5210 573 5260 ὶι
605 5212 693 5275 Ita
723 5210 1072 5305 deﬁgiérunt,
1116 5228 1169 5281 in
1206 5232 1417 5305 synodo
1446 5230 1827 5305 Matisconensi
1863 5234 2059 5303 prima,

471 5306 593 5373 quae
620 5308 763 5349 anno
920 5296 1100 5375 habita
1131 5296 1249 5362 est,
1263 5303 1497 5375 praeside
1511 5302 1696 5375 Prisco
1719 5296 2063 5370 Lugdimensi

470 5362 747 5447 episcgpo.
766 5362 1415 5447 Δνωιξήῐῇζιίιιιιςιιιιιιιίςιιιι.
1448 5374 1517 5428 57
1543 5372 1784 5447 ejusdem
1800 5362 1952 5431 libri.

545 5446 567 5473 ο
614 5434 865 5491 Edictum
911 5436 1247 5493 Chitdeberti.
1290 5434 1483 5499 Mirum
1536 5434 1706 5500 videri
1741 5454 1922 5504 potest
1964 5464 2063 5504 cur

468 5502 662 5585 Patres
680 5508 1310 5585 synodiMatisconensis
1333 5522 1555 5585 utantur
1585 5517 1700 5585 lege
1727 5502 2060 5575 Chilileberti

467 5572 765 5658 adversum
794 5577 1029 5646 Iudaeos,
1078 5595 1200 5658 cum
1241 5584 1593 5658 potior__apuil
1636 5572 1760 5643 illos
1811 5572 2063 5645 esse—ile;

465 5646 653 5730 buisse
676 5649 927 5730 videatur
952 5646 1255 5708 auctoritas
1281 5646 1503 5709 concilii
1538 5674 1597 5730 ιιι
1625 5659 2053 5727 Aurelianensis,

466 5719 523 5803 in
555 5734 665 5803 quo
694 5719 823 5803 illud
852 5721 1313 5803 ipsumstatutuin
1343 5729 1594 5796 estquod
1627 5730 1806 5803 edicto
1841 5719 2058 5787 Childe;

466 5787 611 5845 lierti
648 5792 795 5863 regis
822 5787 1222 5851 continebatur.
1253 5796 1385 5852 Nam
1416 5787 1678 5854 canonem
1704 5801 2059 5860 Aurelianen-

470 5874 589 5919 sem
613 5878 684 5920 ne
708 5865 877 5923 verbo
903 5866 1121 5943 quidem
1151 5869 1452 5927 nominant.
1488 5870 1557 5927 Et
1581 5878 1760 5928 tamen
1790 5888 1898 5931 non
1921 5875 2057 5933 adeo

2172 4671 2379 4724 tionum
2430 4669 2834 4741 principalium,
2884 4670 3155 4741 praecipue
3204 4671 3344 4739 apud
3392 4670 3767 4741 magistratus,

2167 4756 2402 4811 quorum
2427 4754 2574 4811 cura:
2610 4740 2900 4811 eorumissa
2934 4749 3019 4794 est
3045 4740 3219 4810 legum
3261 4741 3420 4796 tuitio
3447 4740 3505 4795 et
3541 4756 3767 4797 exsecu-

2168 4804 2268 4875 tio,
2314 4812 2436 4866 ideo
2478 4810 2669 4866 Patres
2700 4804 3144 4882 Matisconenscs,
3197 4828 3306 4882 quo
3343 4813 3765 4881 magistratuum

2169 4882 2409 4938 favorem
2457 4882 2559 4937 sibi
2597 4881 2929 4947 concilient,
2997 4881 3292 4938 decernere
3338 4900 3396 4939 se
3436 4884 3767 4953 profitentur

2160 4954 2315 5024 juxta
2339 4953 2574 5009 edictum
2602 4953 2935 5025 Childeberti
2967 4956 3127 5025 regis,
3159 4964 3323 5025 atque
3348 4955 3565 5010 interim
3587 4972 3652 5008 ea
3670 4972 3761 5009 ra-

2166 5022 2312 5081 tione
2358 5025 2560 5080 factum
2615 5022 2877 5095 principis
2920 5022 3252 5095 approbant:
3297 5027 3566 5082 Caeterum
3616 5026 3763 5082 hunc

2165 5096 2379 5168 concilii
2403 5095 2813 5151 Aurelianensis
2850 5110 3117 5168 canonem
3147 5098 3421 5168 ilescribet
3456 5096 3596 5151 infra
3624 5098 3767 5168 Ago-

2164 5166 2367 5223 bardus
2408 5169 2461 5223 in
2487 5169 2664 5237 capite
2693 5168 2925 5238 septimo
2952 5166 3111 5236 hujus
3146 5167 3291 5223 libri.

2233 5238 2261 5278 d
2310 5238 2536 5311 Sanctus
2590 5239 2815 5311 Lupus,
2863 5239 3237 5311 Lugdunensis
3286 5240 3611 5310 episeopus,
3668 5241 3762 5310 qui

2164 5310 2396 5365 concilio
2422 5308 2799 5366 Aurelian‘ensi
2850 5324 2908 5365 ιιι
2954 5308 3176 5380 ’prmfuit
3225 5308 3369 5367 anno
3414 5311 3540 5366 558.
3598 5308 3761 5366 Errat

2162 5383 2306 5436 enim
2336 5382 2648 5447 Rhabanus,
2688 5396 2813 5437 cum
2843 5382 2986 5436 hunc
3027 5381 3408 5452 exrAgohardo
3443 5382 3625 5437 locum
3658 5384 3755 5437 de-

2163 5453 2441 5518 scribens,
2490 5453 2699 5522 Lupum
2764 5452 2914 5507 illum
2964 5451 3041 5507 ait
3100 5451 3265 5509 fuisse
3309 5452 3759 5510 Tricasseuorum

2162 5525 2494 5594 episcopum.
2533 5525 2623 5579 Sic
2650 5524 2794 5579 enim
2827 5524 2904 5577 ait
2936 5523 2990 5577 in
3023 5524 3199 5594 capite
3231 5525 3436 5581 58libri
3467 5526 3757 5579 adversum

2159 5591 2373 5649 Judzeos
2405 5612 2417 5646 :
2452 5614 2469 5646 ε
2499 5594 2732 5650 Sanctus
2754 5594 2937 5667 Lupus
2956 5591 3409 5667 Tricassenorum
3447 5598 3753 5667 episcopus,

2160 5674 2362 5719 etcum
2396 5682 2461 5737 eo
2496 5667 2587 5720 alii
2626 5667 2695 5720 Ἡ
2728 5666 2989 5737 episcopi,
3014 5667 3099 5720 vel
3127 5668 3315 5724 vicarii
3350 5668 3751 5737 episcoporum,

2161 5744 2265 5790 etc.
2302 5756 2347 5809 »μ
2396 5735 2530 5791 Nam
2580 5724 2775 5806 Lupus'
2805 5724 3135 5809 'fi'ieassiuiu
3166 5724 3461 5809 episcop'us
3506 5724 3754 5793 mortuus

2159 5816 2276 5861 erat
2300 5806 2390 5861 diu
2416 5817 2543 5864 ante
2570 5822 2733 5880 quam
2758 5808 2996 5882 synodus
3030 5808 3119 5864 illa
3144 5806 3555 5867 Aurelianensis
3585 5809 3754 5865 liabe-

2161 5886 2331 5934 ι’θιιιν.
