4088 6344
305 383 382 440 85
1376 380 1465 437 DE
1500 376 1808 439 JUDAICIS
1845 372 2535 441 SUPERSTlTiONlBUS.
3510 392 3578 451 86

304 503 460 557 mine
504 498 721 555 Domini
767 496 940 554 nostri
980 496 1110 555 Jesu
1162 494 1366 555 Christi
1413 498 1750 570 congregatis
1791 510 1891 569 pro
1917 512 1970 578 Α
1993 498 2113 567 quis
2144 497 2275 555 dicit
2292 497 2610 555 Cerinthum
2632 500 2945 557 haereneum
2973 498 3159 575 luisse,
3185 500 3292 562 nuit
3311 498 3576 575 Ju‘d:eum,

303 593 493 650 causis
518 590 762 664 corporis
796 591 937 663 eius,
962 593 1105 663 quod
1128 600 1212 647 est
1249 592 1510 660 Ecclesia,
1542 593 1684 647 inter
1724 590 1893 647 multa

303 683 430 743 hac
455 686 622 740 etiam
661 684 889 740 statuit:
919 700 940 737 ι
974 684 1111 752 Quia
1157 685 1267 740 Deo
1303 685 1534 756 propitio
1565 684 1667 739 sub
1701 685 1892 741 catho-

303 776 537 834 licorum
569 790 755 849 regum
795 777 1162 834 dominatione
1199 777 1566 843 consistimus,
1593 792 1624 831 a
1650 777 1736 832 die
1769 776 1894 832 ϐω-

302 884 395 924 naa
423 868 639 923 Domini
661 881 834 937 usque
868 867 923 923 in
951 866 1186 923 secunda
1212 867 1425 921 sabbati
1451 867 1508 921 in
1534 866 1762 932 Pascha,
1790 866 1895 922 hoc

298 968 412 1025 est,
445 961 563 1030 ipso
589 959 898 1029 quatriduo,
924 960 1215 1029 procedere
1242 958 1382 1012 inter
1412 957 1769 1023 Christianos,
1797 970 1895 1012 ne-

297 1066 411 1123 que
432 1051 721 1107 catholicis
742 1050 952 1123 populis
981 1065 1039 1106 se
1063 1050 1171 1106 ullo
1197 1050 1336 1115 loco,
1367 1050 1452 1104 vel
1473 1060 1791 1120 quacunque
1808 1058 1895 1105 oc—

298 1147 526 1201 casione
553 1144 786 1200 miscere
810 1153 1162 1214 praesumant.
1201 1163 1219 1197 )

378 1237 510 1294 Vill.
538 1237 596 1292 In
623 1237 853 1293 concilio
870 1236 1175 1293 Laodiceno
1194 1235 1383 1309 (Capp.
1408 1236 1500 1302 57,
1518 1235 1606 1306 58)
1630 1240 1893 1291 statutum

294 1339 387 1384 est
409 1347 429 1379 ι
474 1329 619 1398 quod
660 1344 767 1382 non
796 1334 1049 1396 oporteat
1073 1343 1103 1381 ι
1133 1325 1357 1391 Judacis,
1384 1326 1470 1381 vei
1506 1326 1798 1391 hazretieis,
1828 1338 1893 1379 ea

295 1436 422 1489 quae
466 1420 757 1474 mittuntur
798 1434 1022 1475 munera
1055 1420 1247 1475 festiva
1280 1421 1573 1490 suscipere,
1625 1433 1727 1474 nec
1769 1435 1894 1475 eum

295 1512 381 1566 eis
426 1512 567 1566 festa
597 1512 898 1578 celebrare,
945 1522 999 1567 et
1024 1513 1167 1582 quod
1215 1522 1323 1568 non
1358 1520 1605 1584 oporteat
1645 1528 1892 1584 azymam

296 1619 329 1656 a
381 1603 582 1661 Judzeis
636 1606 904 1676 accipere,
959 1614 1017 1662 et
1070 1606 1473 1662 communicare
1526 1607 1892 1677 impletatibus

298 1711 514 1751 eorum.
539 1716 559 1749 ι
586 1697 654 1752 Et
680 1698 735 1752 in
755 1698 865 1754 alio
888 1698 1118 1755 concilio
1145 1697 1330 1771 (Coac.
1362 1697 1542 1754 Aurel.
1574 1715 1613 1764 ι,
1643 1715 1763 1769 cap.
1792 1700 1887 1765 19;

295 1789 523 1843 Arcem.
575 1804 613 1854 ι,
642 1805 763 1859 cap.
804 1789 859 1861 6)
894 1809 907 1845 :
954 1809 972 1841 ι
1009 1790 1079 1846 Ut
1106 1790 1153 1846 si
1181 1790 1305 1860 quis
1351 1788 1590 1845 Judaicze
1635 1790 1888 1859 pravitati

1992 591 2205 646 noverit
2245 590 2581 663 temporibus
2621 588 2983 665 apostolorum
3018 598 3124 651 non
3162 582 3330 654 inisse
3367 602 3577 656 ntereti‘

1992 696 2083 738 eos
2109 682 2215 738 nisi
2242 700 2309 739 ex
2337 682 2537 741 Judaeis
2559 690 2615 742 et
2638 676 3016 743 Samaritanis.
3074 684 3227 744 Sicut
3253 686 3474 745 ﬁlerunt
3495 689 3581 747 Si-

1991 780 2119 827 mon
2145 782 2201 827 et
2227 770 2535 841 Menander,
2568 774 2776 832 Echion
2802 772 2856 831 et
2880 773 3151 834 Nicotaus.
3193 770 3302 835 Sed
3330 780 3393 835 ex
3428 794 3580 837 erro-

1992 864 2145 919 ribus
2186 866 2482 936 supradicti
2507 866 2751 923 Cerinthi
2782 868 3072 941 cogimScat
3095 869 3237 938 quod
3259 869 3440 927 onlnia
3471 868 3581 927 sint

1991 953 2214 1011 Judaica
2253 970 2373 1027 qua:
2410 959 2703 1015 astruebat.
2756 956 2911 1033 (Vide
2949 960 3212 1032 Epiphan;
3236 1003 3251 1029 ,
3289 962 3327 1016 l.
3367 968 3406 1029 t,
3444 962 3575 1018 Inter.

1991 1060 2179 1112 xxvm,
2221 1055 2275 1103 et
2310 1049 2474 1117 lren.,
2512 1050 2549 1106 l.
2590 1067 2630 1118 l;
2668 1062 2719 1108 c.
2758 1051 2875 1127 25.)
2915 1050 3251 1109 Praedicabat
3288 1053 3577 1111 Dominum

1992 1152 2237 1198 nostrum
2285 1142 2468 1199 Jesum
2519 1136 2794 1202 Christum
2839 1152 3037 1218 parum
3074 1144 3239 1204 fuisse
3277 1146 3575 1217 hominem,

1992 1252 2094 1292 nec
2133 1237 2514 1303 resurrexisse,
2556 1247 2611 1293 et
2647 1238 2960 1295 circumcidi
3004 1242 3276 1310 operte'rc;
3324 1236 3455 1295 POSt
3492 1244 3578 1295 re;

1992 1331 2382 1386 surreetionem
2442 1328 2657 1389 dicebat
2704 1338 2981 1388 terrenum
3028 1329 3271 1387 futurum
3329 1332 3448 1388 esse
3493 1346 3579 1388 re;

1991 1436 2155 1494 gnum
2195 1421 2395 1477 Christi
2445 1423 2498 1477 in
2552 1422 2908 1490 Hierusalem,
2953 1430 3009 1479 et
3046 1422 3294 1479 homines
3345 1422 3401 1479 iu
3457 1428 3580 1479 car-

1989 1535 2061 1574 ne
2105 1519 2300 1574 iterum
2337 1518 2788 1590 concupiScentiis
2826 1522 2882 1573 et
2914 1517 3062 1573 vitiis
3101 1514 3397 1586 subiectam
3448 1524 3578 1573 edn-

1990 1610 2352 1666 versationem
2401 1610 2687 1667 habituros
2734 1610 2802 1666 ad
2845 1606 3047 1683 legales
3092 1608 3413 1665 festivitates
3456 1616 3579 1663 ηιμ

1991 1718 2110 1758 sum
2166 1703 2559 1771 celebrandas,
2607 1707 2662 1759 et
2708 1700 2917 1759 hostias
2967 1701 3211 1759 carnales
3256 1702 3450 1759 lterum
3488 1701 3578 1773 ju‘-

1989 1794 2269 1867 gulandas.
2310 1795 2418 1852 Sed
2455 1803 2509 1851 et
2546 1808 2613 1852 ex
2650 1796 3031 1867 suprascriptis
3070 1792 3287 1852 statutis
3330 1796 3579 1852 adrertat

289 1875 462 1949 jugali
502 1879 762 1934 societate
806 1879 1170 1951 coniungitur,
1200 1879 1255 1934 id
1283 1886 1387 1944 est,
1435 1879 1549 1934 sive
1577 1878 1889 1935 Christiano
1916 1884 1965 1949 B
1991 1888 2161 1943 multo
2189 1888 2560 1945 detestabilius
2593 1889 2922 1944 exsecranda
2958 1892 3011 1943 et
3046 1886 3264 1943 vitanda
3299 1890 3577 1944 consortia

291 1969 507 2037 Judzca,
549 1971 663 2027 sive
705 1969 893 2027 Judaeo
938 1971 1245 2027 Christiana
1296 1970 1493 2025 mulier
1528 1971 1736 2026 carnali
1761 1985 1891 2027 con-

291 2066 471 2121 sortio
492 2066 786 2121 misceatur
809 2082 824 2133 ;
849 2065 1155 2135 quicunque
1179 2066 1372 2120 horum
1395 2071 1603 2119 tantum
1624 2063 1777 2120 nefas
1797 2064 1894 2119 ad-

290 2159 512 2215 misisse
537 2166 852 2225 noscuntur,
883 2173 915 2212 a
938 2157 1247 2213 Christiano
1270 2165 1417 2211 emta
1442 2170 1617 2225 neque
1644 2156 1890 2212 convivio

289 2260 350 2307 et
377 2269 409 2307 a
440 2252 823 2309 communione
867 2251 1123 2308 Ecclesiae
1164 2251 1411 2321 protinus
1461 2258 1830 2321 segregentur.
1861 2266 1882 2306 ι

365 2346 457 2401 lx.
506 2347 577 2402 Et
604 2347 735 2417 quia
761 2359 789 2388 ει
820 2346 1185 2403 ecclesiastica
1222 2353 1423 2401 statuta
1456 2360 1553 2416 per
1593 2347 1888 2415 apostolica

292 2450 415 2498 acta
446 2442 712 2497 ﬁrmanda
744 2448 898 2506 sunt,
930 2450 985 2496 et
1014 2441 1043 2481 δ
1074 2456 1211 2496 nova
1234 2454 1333 2511 per
1357 2448 1539 2494 vetera
1560 2480 1575 2504 ,
1606 2439 1887 2495 videamus

292 2538 425 2608 quid
452 2536 523 2592 de
548 2536 708 2593 beato
750 2534 977 2600 Joanne,
1017 2550 1178 2605 quem
1223 2534 1484 2604 diligebat
1520 2534 1680 2589 Jesus
1720 2532 1886 2602 pluri-

290 2644 462 2693 mum,
491 2627 739 2699 apostolo
761 2636 816 2683 et
845 2626 1196 2696 evangelista,
1231 2626 1642 2695 antiquissimus
1673 2634 1728 2680 et
1754 2638 1885 2695 apo-

290 2723 517 2778 stolicus
539 2724 732 2779 doctor
752 2738 819 2777 ac
842 2732 1048 2793 martyr
1070 2722 1269 2778 Christi
1301 2730 1354 2778 et
1388 2723 1642 2778 Ecclesiae
1668 2722 1885 2794 Lugdu-

293 2814 482 2869 nensis
524 2813 813 2884 episcopus
848 2813 1081 2867 lrenaaus
1116 2813 1264 2868 dicat
1301 2810 1422 2885 (Ap.
1466 2813 1687 2878 Euseb.,
1734 2812 1877 2868 Hist.

292 2905 445 2971 ραι,
476 2905 512 2959 l.
538 2922 614 2970 IV,
641 2921 689 2961 e.
724 2904 809 2959 iri.
842 2905 976 2961 Vide
1005 2906 1201 2961 Baron.
1228 2906 1296 2960 ad
1324 2921 1415 2959 an.
1446 2904 1557 2977 7i).
1599 2905 1689 2961 Ait
1714 2921 1880 2977 ergo:

300 3016 319 3049 ι
343 2997 414 3052 Et
434 2998 764 3071 Polycarpus
787 3014 935 3064 vero,
963 3013 1070 3053 non
1094 2997 1265 3055 solum
1288 2997 1654 3067 apostolorum
1677 2998 1732 3052 in
1750 3013 1885 3054 eon-

294 3089 620 3161 discipulatu
647 3090 915 3156 eruditus,
947 3099 1000 3146 et
1029 3097 1381 3145 conversatus
1413 3102 1537 3145 eum
1580 3090 1762 3145 multis
1788 3090 1884 3160 qui

292 3182 585 3239 Dominum
624 3183 897 3250 viderunt,
942 3184 1038 3239 sed
1082 3190 1139 3238 et
1183 3184 1252 3237 ab
1295 3182 1552 3253 apostolis
1589 3183 1884 3239 collocatus

288 3277 439 3334 Asiae
460 3276 603 3347 apud
625 3275 1036 3348 Smyrnensiam
1064 3275 1362 3331 Ecelesiam
1390 3275 1691 3345 episcopus,
1719 3288 1881 3346 quem

290 3376 351 3425 et
388 3383 491 3423 nos
517 3367 748 3423 vidimus
783 3368 841 3424 in
878 3368 1053 3438 prima
1091 3374 1276 3422 nostra
1318 3375 1480 3423 aetate
1523 3367 1639 3438 (diu
1682 3368 1887 3425 etenim

292 3459 522 3525 mansit,
547 3466 602 3513 et
629 3458 778 3515 valde
804 3466 1082 3516 senectute
1109 3474 1221 3530 pra:
1248 3459 1459 3515 caeteris
1480 3458 1751 3530 longaevus
1773 3460 1886 3531 glo-

293 3553 445 3609 riose
475 3561 533 3608 et
560 3552 860 3609 luculenter
898 3560 1123 3609 testatus
1160 3554 1297 3609 obiit
1329 3553 1497 3625 vita),
1542 3555 1658 3611 haec
1702 3555 1886 3611 docuit

291 3659 512 3715 semper
551 3659 671 3715 qua:
709 3644 778 3700 ab
810 3645 1067 3717 apostolis
1113 3645 1319 3710 didicit,
1369 3662 1491 3717 quae
1536 3654 1592 3703 et
1630 3647 1884 3705 Ecclesiae

291 3736 536 3805 tradidit,
565 3753 686 3809 quae
711 3748 770 3793 et
793 3738 906 3793 sola
935 3745 1061 3793 sunt
1080 3753 1208 3793 vera
1233 3755 1247 3804 ;
1273 3746 1328 3793 et
1353 3748 1479 3793 sunt
1496 3740 1590 3809 qui
1614 3741 1884 3796 audierint

288 3845 418 3887 eum
455 3831 600 3900 quod
632 3829 872 3886 Joannes
915 3830 1125 3887 Domini
1170 3831 1466 3900 discipulus
1507 3832 1573 3886 ad
1612 3832 1883 3903 Ephesum

293 3921 424 3978 dum
450 3930 705 3993 pergeret
731 3922 991 3990 lavatum,
1019 3930 1079 3977 ut
1104 3921 1239 3977 vidit
1268 3923 1414 3979 intus
1433 3922 1770 3992 Cerinthum,
1793 3941 1884 3980 ex-

295 4014 463 4070 silivit
482 4031 516 4070 a
535 4014 729 4071 balneo
760 4030 867 4070 non
894 4014 1055 4081 lotus,
1085 4014 1271 4070 dicens
1295 4015 1421 4085 quia
1448 4015 1659 4071 timeret
1685 4031 1753 4071 ne
1776 4017 1884 4071 bal-

297 4120 457 4160 neum
492 4114 795 4172 corrueret,
824 4106 1001 4177 posito
1030 4106 1176 4162 intus
1204 4106 1462 4162 Cerintho
1500 4108 1746 4164 veritatis
1772 4110 1879 4164 ini-

294 4198 458 4253 mieo.
494 4198 562 4253 Et
589 4199 704 4269 ipse
724 4213 853 4253 vero
886 4197 1212 4269 Polycarpus
1238 4198 1497 4255 Marciani
1520 4201 1788 4270 quondam
1827 4202 1883 4258 in

292 4286 488 4344 faciem
530 4290 633 4361 ipsi
664 4290 899 4346 venienti
929 4298 983 4345 et
1022 4291 1244 4358 dicenti,
1273 4290 1551 4363 Cognosce
1578 4309 1694 4358 uos,
1725 4295 1774 4349 ei
1798 4311 1883 4350 re-

292 4383 535 4452 spondit,
586 4381 901 4455 Cognosco,
954 4399 1219 4455 cognosco
1260 4385 1594 4455 primitivum
1644 4387 1877 4446 Satanae.

295 4472 533 4570 Tantum
567 4476 794 4546 apostoli
834 4483 888 4531 et
927 4476 1175 4548 discipuli
1214 4490 1403 4531 eorum
1444 4477 1685 4534 habuere
1724 4497 1880 4536 reve-

294 4567 552 4632 réntiam,
596 4576 657 4623 ut
703 4583 771 4623 ne
813 4569 978 4624 verbo
1008 4567 1226 4640 quidem
1265 4569 1725 4625 communicarent
1767 4573 1880 4628 eui-

1990 1974 2321 2046 Judmnrum,
2355 1994 2519 2050 quam
2557 1989 2874 2035 cancrorum
2912 1978 3309 2035 htereticorum.
3350 1980 3489 2047 Quia
3529 1980 3576 2034 si

1992 2088 2180 2127 omnes
2214 2082 2499 2144 propterea
2540 2073 2844 2128 detestandi
2885 2081 3033 2139 sunt,
3077 2071 3330 2143 quoniam
3368 2072 3575 2128 inimici

1988 2165 2235 2220 veritatis
2262 2166 2531 2228 existunt;
2560 2165 2729 2221 multo
2751 2165 2829 2220 illi
2856 2165 3030 2237 magis
3048 2165 3141 2237 qui
3167 2164 3399 2234 majores
3420 2179 3577 2221 exera-

1990 2263 2115 2313 ceut
2150 2258 2482 2313 inimicitias.
2526 2257 2604 2313 [te
2635 2257 2837 2314 ctenim
2880 2256 3037 2330 (Aug.
3062 2258 3118 2313 in
3146 2254 3337 2313 Muuh.
3368 2257 3406 2312 Ι.
3442 2264 3484 2326 ἰ,
3522 2273 3573 2313 c.

1989 2350 2079 2423 il)
2110 2365 2236 2405 vera
2260 2353 2538 2423 proprium
2557 2360 2642 2408 est
2666 2350 3120 2407 haereticorumin
3143 2350 3410 2423 aliquibUS
3433 2366 3578 2408 com-

1987 2443 2225 2497 muniter
2248 2443 2452 2498 sentire
2482 2458 2603 2498 cum
2627 2442 2886 2509 Ecclesia,
2913 2438 2965 2496 in
2988 2440 3258 2512 aliquibus
3288 2440 3578 2497 dissentire

1988 2534 2057 2588 ab
2081 2550 2166 2600 ea,
2200 2536 2304 2590 hoc
2334 2540 2437 2601 est,
2465 2550 2531 2590 ex
2558 2540 2711 2607 parte
2738 2536 3131 2606 blasphemare,
3165 2546 3230 2591 ex
3256 2536 3410 2606 pdrte
3432 2535 3576 2591 veri-

1985 2628 2083 2681 tati
2114 2642 2443 2693 consonare;
2477 2626 2785 2697 Judaaorum
2809 2636 2989 2683 autem
3012 2643 3079 2683 ex
3103 2634 3217 2683 toto
3238 2626 3477 2693 mentiri,
3508 2642 3574 2682 ex

1985 2730 2098 2777 toto
2128 2716 2504 2792 blasphemare
2528 2720 2817 2775 Dominum
2839 2722 2894 2775 et
2925 2719 3094 2775 Deum
3118 2727 3365 2775 nostrum
3386 2716 3573 2773 Jesum

1985 2814 2259 2871 Christum
2282 2818 2336 2868 et
2357 2813 2654 2868 Ecclesium
2678 2812 2813 2882 ejus,
2839 2808 2893 2865 et
2913 2810 3046 2864 nihil
3066 2809 3132 2865 de
3153 2824 3220 2865 eo
3240 2822 3428 2864 verum
3454 2820 3574 2863 cre-

1985 2908 2114 2965 dere
2147 2907 2252 2962 nisi
2288 2914 2518 2961 mortem
2543 2920 2557 2959 :
2581 2914 2888 2976 quanquam
2919 2912 3022 2959 nec
3057 2903 3113 2957 in
3143 2918 3209 2958 eo
3238 2915 3426 2956 verum
3456 2904 3575 2955 cre-

1986 3000 2139 3066 dant,
2182 3014 2248 3055 eo
2293 2999 2437 3069 quod
2475 3007 2708 3055 mortem
2760 2998 2877 3068 ejus
2927 3005 3247 3053 cancrorum
3294 2993 3575 3051 hominum

1986 3093 2254 3149 mortibus
2279 3090 2512 3147 similem
2534 3091 2737 3154 dicant,
2769 3091 2874 3145 hoc
2904 3096 3007 3156 est,
3034 3098 3100 3145 ex
3129 3086 3453 3145 necessitate
3476 3098 3575 3142 na-

1986 3194 2145 3252 tum,
2182 3200 2289 3240 non
2329 3198 2396 3239 ex
2436 3184 2713 3239 voluntate
2752 3182 3157 3238 misericordias.
3204 3180 3433 3251 Propter
3470 3180 3576 3236 hoc

1909 3288 1955 3355 α
1984 3279 2312 3335 maledicere
2340 3292 2433 3333 eos
2461 3276 2749 3332 Dominum
2777 3278 2831 3331 et
2856 3288 3053 3347 corpus
3077 3276 3194 3347 ejus
3230 3274 3286 3330 in
3321 3272 3575 3329 omnibus

1986 3371 2323 3427 orationibus
2349 3371 2486 3435 suis,
2514 3370 2654 3425 sicut
2677 3378 2731 3423 et
2764 3372 2889 3424 ante
2920 3368 3301 3440 prophetatum
3330 3372 3414 3423 est
3443 3380 3575 3422 voce

1986 3463 2199 3518 Domitii
2242 3462 2471 3518 dicentis
2510 3462 2575 3516 ad
2619 3461 2835 3515 Putrem
2866 3478 2877 3514 τ
2912 3459 3229 3515 Μαιεάίεεηι
3276 3456 3379 3525 illi;
3427 3462 3474 3512 et
3516 3466 3575 3511 tu

1986 3558 2272 3613 benedices.
2325 3555 2381 3613 Si
2426 3568 2555 3629 ergo
2592 3556 2783 3655 hostis
2812 3556 3094 3655 catholicae
3127 3552 3252 3655 tidei
3287 3558 3571 3655 propterea

1984 3649 2304 3705 exsecrandi
2333 3655 2458 3704 sunt
2479 3655 2534 3705 et
2560 3644 2804 3717 cavetidi,
2836 3647 2962 3718 quia
2991 3646 3196 3701 inimici
3224 3652 3350 3701 sunt
3374 3644 3573 3727 verita-

1987 3745 2090 3811 tis;
2116 3756 2279 3815 super
2297 3758 2488 3800 omnes
2508 3728 3131 3807 intidelesLibcredulos,
3153 3738 3239 3795 vel
3260 3737 3571 3803 haereticos,

1986 3838 2285 3894 detestandi
2315 3842 2442 3892 sunt
2470 3835 2673 3902 Judaei,
2704 3833 2831 3905 quia
2861 3832 3063 3888 nullum
3093 3846 3263 3901 genus
3290 3830 3575 3887 hominum

1984 3930 2255 3984 invenitur
2280 3929 2365 3983 eui
2394 3929 2470 3982 ita
2510 3926 2672 3983 libeat
2703 3924 3025 3980 maledicere
3060 3924 3366 3979 Dominum.
3418 3921 3575 3989 Quod

1985 4022 2141 4077 nobis
2166 4032 2272 4075 non
2301 4019 2525 4074 minime
2552 4027 2738 4073 notum
2767 4025 2868 4084 est,
2892 4018 2985 4087 qui
3011 4015 3251 4088 quoditie
3279 4022 3418 4086 pene
3445 4022 3572 4072 cum

1986 4113 2067 4169 eis
2093 4113 2391 4184 loquentes,
2421 4112 2675 4185 mysteria
2705 4111 2911 4166 erroris
2936 4110 3176 4181 ipsorum
3203 4110 3473 4166 audimus.

2055 4200 2123 4260 Χ.
2165 4204 2362 4261 Dicunt
2397 4205 2629 4275 denique
2666 4201 2835 4259 Deum
2877 4219 3035 4259 suum
3073 4218 3195 4259 esse
3224 4214 3567 4275 corporeum,

1987 4307 2043 4355 et
2073 4299 2350 4370 corporeis
2377 4298 2707 4354 liniamentis
2732 4314 2831 4369 per
2864 4301 3101 4353 membra
3141 4298 3452 4353 distinctum
3473 4335 3487 4360 ,
3518 4301 3573 4349 et

1985 4390 2091 4444 alia
2118 4390 2334 4459 quidem
2360 4396 2516 4459 parte
2543 4388 2694 4445 illum
2738 4390 2926 4445 audire
2961 4397 3023 4445 ut
3055 4402 3176 4454 nos,
3215 4388 3319 4442 alia
3359 4385 3567 4449 videre,

1987 4480 2091 4534 alia
2117 4492 2249 4535 vero
2270 4478 2437 4549 loqui,
2462 4478 2548 4535 vel
2580 4478 2724 4535 aliud
2753 4478 2883 4551 quid
2907 4492 3108 4549 agere;
3136 4492 3200 4533 ac
3223 4490 3320 4547 per
3342 4472 3447 4529 hoc
3470 4474 3571 4528 hu-

1987 4585 2208 4626 manum
2248 4584 2444 4642 corpus
2491 4570 2558 4626 ad
2602 4572 2893 4643 imaginem
2937 4571 3033 4627 Dei
3074 4569 3297 4631 factum,
3343 4571 3569 4635 excepto

296 4674 463 4731 quam
493 4661 830 4718 mearaxanti
856 4662 1156 4720 veritatem.
1183 4681 1202 4714 ι
1245 4659 1329 4718 Ad
1363 4662 1479 4717 haec
1517 4661 1560 4716 si
1595 4660 1735 4719 forte
1773 4664 1873 4718 ali-
1900 4660 1955 4720 D
1979 4664 2123 4737 quod
2158 4664 2247 4721 ille
2280 4665 2476 4738 digitos
2510 4676 2769 4721 manuum
2803 4663 2999 4721 habeat
3029 4659 3349 4718 inﬂeribiles
3388 4674 3453 4715 ac
3494 4659 3570 4714 ri-

1644 4780 1915 4839 BALUZII
1953 4778 2181 4840 ΝΟΤλΕ.

366 4882 793 4967 {Ecclesiastica
821 4904 1040 4951 statuta.
1069 4895 1237 4950 Recte
1282 4896 1575 4953 admonent
1618 4898 1878 4967 episcopi,

290 4966 667 5039 ecclesiastica
700 4970 903 5039 statuta
946 4974 1065 5039 esse
1092 4968 1355 5022 lirmanda
1387 4984 1484 5039 per
1521 4966 1882 5038 acm’aposto-

292 5039 426 5103 lica,
472 5038 528 5092 id
556 5046 659 5109 est,
694 5038 908 5109 regulas
944 5038 1342 5094 ecclesiasticas
1387 5038 1494 5094 non
1522 5055 1677 5108 posse
1709 5039 1881 5094 videri

291 5104 633 5179 :equas,rnisi
664 5104 874 5163 constet
908 5126 1001 5163 eas
1032 5124 1326 5179 congruere
1369 5104 1662 5179 traditioni.
1705 5110 1881 5175 Quare

293 5178 403 5235 non
456 5178 651 5251 injuria
728 5178 1041 5235 adnotatum
1100 5178 1181 5232 es:
1225 5182 1296 5251 ab
1340 5181 1543 5251 Optimo
1594 5178 1881 5234 Mteccnate

294 5267 419 5306 meo
451 5252 507 5306 in
552 5250 691 5305 libro
719 5266 752 5305 v
777 5253 843 5305 de
869 5251 1171 5306 Concordia
1217 5249 1521 5305 Sacerdotii
1571 5260 1625 5305 et
1669 5251 1882 5320 imperii

294 5338 412 5394 cap.
448 5322 501 5384 9,
531 5321 634 5394 §3,
655 5321 1170 5394 ‘quaccmtqueolim
1202 5322 1341 5394 apud
1372 5322 1605 5394 synodos
1639 5324 1881 5394 profere-

294 5388 619 5458 ba'nturfab
653 5388 719 5462 iis
747 5398 851 5447 non
882 5388 1339 5462 simpliciter,seti
1371 5388 1494 5446 cum
1536 5388 1883 5462 inquisitione

294 5464 589 5546 approbari
627 5460 817 5546 solita;
868 5460 1058 5546 nampe
1087 5462 1131 5516 si
1170 5470 1528 5546 congruerent
1554 5460 1676 5546 cum
1719 5478 1886 5533 expo-

296 5533 495 5589 sitione
532 5545 589 5590 et
624 5534 869 5588 doctrina
904 5533 1147 5587 Patrum.
1187 5533 1383 5600 Quare,
1422 5544 1478 5588 ut
1516 5534 1656 5589 idem
1698 5542 1885 5588 auctor

299 5606 375 5659 ait
398 5605 452 5659 in
477 5605 657 5676 capite
680 5612 871 5659 octavo
896 5603 1135 5673 ejusdem
1163 5603 1305 5669 libri,
1336 5604 1463 5658 illud
1489 5605 1615 5660 olim
1643 5605 1800 5676 anxie
1830 5604 1885 5659 in

299 5676 523 5746 synodis
546 5674 975 5746 disquircbatur,
1009 5690 1077 5729 an
1102 5688 1246 5746 nova
1286 5675 1583 5746 cujuspiam
1612 5674 1886 5746 pontiﬁcis

347 5748 531 5802 omani
567 5745 797 5816 epiStola
840 5762 960 5802 eum
993 5745 1291 5814 Scripturis
1327 5745 1381 5801 et
1418 5745 1717 5801 canouibus
1757 5762 1883 5801 cun-

303 5827 553 5889 grueret;
595 5826 655 5872 ut
692 5817 766 5872 ita
791 5816 1006 5889 demum
1046 5816 1367 5889 auctoritate
1392 5816 1544 5889 illius
1566 5833 1753 5889 omnes
1799 5825 1882 5889 te-

303 5886 780 5963 nerentur,'atque
805 5886 1009 5946 duobus
1038 5887 1201 5945 veluti
1228 5887 1455 5945 vinculis
1481 5888 1536 5943 in
1567 5888 1671 5945 ﬁde
1694 5887 1889 5946 contir-

1985 4901 2116 4956 mati
2166 4909 2371 4967 essent,
2414 4891 2727 4955 deﬁnitione
2769 4895 3054 4967 pontiﬁcis,
3104 4901 3159 4949 et
3201 4891 3570 4967 declaratione

1985 4966 2176 5042 synodi
2204 4989 2217 5026 :
2242 4971 2387 5025 hunc
2412 4984 2532 5042 esse
2560 4965 2820 5042 Marciani
2842 4965 2978 5036 Aug.
3014 4974 3406 5042 s_ensum,_cu_m
3432 4966 3567 5042 seri-

1983 5040 2092 5112 psit
2118 5042 2205 5096 illa
2231 5054 2350 5112 qum
2379 5056 2409 5097 a
2433 5041 2614 5096 Leone
2636 5040 2655 5096 Ι
2682 5050 2817 5111 papa

1986 5107 2224 5169 canones
2248 5107 2631 5179 delinirentur,
2658 5107 2917 5183 a—sinodo
2945 5108 3278 5183 declaratum
3310 5107 3400 5163 iri.

2058 5184 2085 5224 ι)
2111 5183 2261 5239 Nova
2282 5201 2375 5253 per
2397 5193 2583 5237 vetera.
2614 5178 2757 5238 Nam
2785 5199 2803 5231 ι
2833 5196 2979 5253 cum,
3010 5188 3067 5234 ut
3085 5179 3203 5253 illic
3226 5178 3405 5253 Marca
3436 5181 3569 5253 seri-

1983 5253 2084 5319 bit,
2110 5248 2291 5309 semel'
2312 5255 2522 5308 tradita:
2549 5253 2670 5308 fidei
2702 5250 3012 5308 hazrendum
3052 5251 3141 5316 sit,
3172 5258 3234 5304 ut
3271 5250 3432 5319 docet
3463 5248 3565 5305 Ju-

1989 5318 2086 5382 das
2128 5325 2423 5397 apostolus,
2468 5325 2596 5380 hinc
2639 5323 2883 5393 sequitur
2926 5337 3046 5378 eam
3091 5330 3211 5378 esse
3252 5319 3375 5375 ﬁdei
3404 5318 3565 5376 Chri—

1990 5396 2180 5452 stianae
2225 5396 2520 5461 rationem,
2565 5402 2623 5448 ut
2662 5401 2846 5449 vetera
2900 5398 3180 5458 eruantur,
3227 5406 3333 5446 non
3384 5399 3566 5446 autem

1990 5484 2127 5524 nova
2155 5460 2486 5529 condantur;
2510 5460 2974 5533 quemadmodum
3006 5473 3155 5520 recte
3198 5462 3408 5533 monuit
3437 5462 3569 5519 Vin-

1991 5541 2200 5595 centius
2224 5532 2592 5594 Lirinensisii
2656 5535 2747 5592 Sic
2774 5536 3030 5592 Claudius
3058 5536 3186 5605 imp.
3219 5532 3400 5605 aiebat
3422 5533 3567 5604 apud

1991 5611 2238 5667 Tacitum
2286 5610 2340 5663 in
2371 5608 2511 5663 libro
2548 5623 2602 5662 ιι
2633 5607 2921 5663 Annalium
2946 5623 2960 5663 :
2992 5624 3011 5657 ‹
3051 5602 3243 5661 omnia
3270 5603 3330 5657 P.
3355 5602 3416 5659 C.
3446 5602 3568 5673 qua

1991 5699 2134 5738 nunc
2163 5678 2529 5735 vetustissima
2564 5680 2875 5752 creduntur,
2902 5692 3042 5752 nova
3067 5675 3249 5752 [πενθε-
3285 5673 3565 5730 lnvetera-
3622 5688 3636 5752 ξ

1991 5763 2104 5808 seet
2140 5754 2245 5807 hoc
2276 5766 2525 5823 quoque;
2569 5760 2626 5806 et
2653 5751 2800 5823 quod
2827 5750 2989 5807 hodie
3022 5746 3284 5818 exemplis
3328 5753 3566 5813 tuemur,

1992 5824 2135 5880 inter
2160 5822 2408 5895 exempla
2436 5822 2560 5880 erit.
2595 5842 2615 5877 ι

2849 5035 3142 5092 secundum
3167 5035 3568 5092 ecclesiasticos
3640 5048 3645 5070 ί
