4088 6344
513 316 587 374 87
1495 325 1554 383 S.
1594 329 1949 388 AGOBARDI
1984 332 2298 395 EPISCOPI
2335 337 2823 403 LUGDUNENSIS
3730 362 3804 422 88

511 443 723 506 gentes,
770 444 832 494 ut
875 445 1004 511 pote
1040 441 1134 514 qui
1173 442 1248 499 nil
1284 446 1534 504 manibus
1576 461 1849 524 operetur.
1900 453 2103 512 Sedere
2129 459 2182 522 Α
2207 475 2312 530 quc
2342 461 2394 518 in
2429 464 2538 520 ullo
2564 467 2670 522 alio
2696 469 2970 530 invenitur
2999 476 3135 535 loco.
3189 477 3257 534 Et
3293 480 3363 536 ob
3403 481 3545 537 hanc
3577 497 3804 545 causam

507 537 693 587 autem
720 548 872 589 more
905 538 1107 594 terreni
1132 539 1364 612 alicujus
1400 545 1546 616 regis
1587 547 1644 601 in
1687 547 1844 615 solio,
1884 551 2030 621 quod
2069 567 2102 607 a

506 632 743 692 quatuor
785 627 1204 686 circumferatur
1245 632 1456 700 bestiis,
1505 645 1561 693 et
1606 655 1803 712 magno
1853 646 2102 712 quamvis

501 720 708 788 palatio
733 722 1018 778 contineri.
1067 725 1319 799 Cogitare
1346 731 1508 786 etiam
1533 732 1683 788 illum
1710 735 1877 792 multa
1912 752 2102 808 super-

503 809 611 867 ﬂua
649 820 705 867 et
744 829 911 880 vana;
949 830 1069 885 quae
1104 817 1232 888 quia
1277 821 1346 876 ad
1379 822 1634 878 ell‘ectum
1675 835 1873 883 cuncta
1913 830 2102 887 venire

502 912 796 975 nequeant,
826 913 1112 962 vertantur
1145 908 1201 964 in
1237 911 1529 970 daemones.
1580 915 1686 972 Sed
1723 926 1778 973 et
1813 920 2098 978 innumera

499 996 719 1052 infanda
747 998 814 1053 de
840 999 973 1066 Deo,
1001 1009 1062 1056 ut
1097 1002 1353 1070 diximus,
1395 1023 1494 1063 suo
1533 1010 1847 1079 praedicant,
1888 1029 1952 1070 ac
1989 1015 2096 1071 tale

497 1088 683 1145 colunt
711 1091 1082 1160 simulacrum,
1125 1099 1270 1167 quod
1306 1100 1407 1169 ipsi
1447 1101 1551 1158 sibi
1595 1103 1651 1160 in
1689 1106 1935 1162 cordium
1975 1125 2098 1167 suo-

492 1197 618 1236 rum
646 1183 940 1241 simulacra
966 1187 1239 1246 ﬁnxerunt
1281 1200 1336 1247 et
1371 1201 1698 1264 statuerunt,
1736 1215 1845 1255 non
1880 1216 2091 1271 verum,

493 1273 959 1336 inconvertibilem
989 1291 1154 1354 atque
1177 1285 1567 1345 immutabilem
1598 1292 1787 1360 Deum,
1814 1311 1974 1365 quem
1994 1312 2092 1367 pe-

493 1366 642 1422 nitus
665 1369 935 1442 ignorant.
969 1373 1206 1433 Litteras
1229 1394 1445 1450 quoque
1462 1383 1738 1454 alphabeti
1760 1388 1841 1441 sui
1863 1366 2092 1446 credunt

449 1460 727 1556 3existere
754 1464 1131 1535 sempiternas,
1165 1478 1220 1524 et
1247 1480 1374 1527 ante
1408 1474 1592 1529 mundi
1633 1477 1961 1550 principium
1989 1483 2092 1537 im-

487 1559 733 1620 petrasse
757 1554 972 1611 diversa
1012 1558 1333 1628 ministeria,
1378 1564 1574 1636 quibus
1613 1583 1706 1624 eas
1746 1581 1998 1641 oporteat
2035 1575 2090 1630 in

487 1644 688 1700 saeculo
712 1648 1024 1716 praesidere.
1068 1650 1270 1724 Legem
1298 1671 1430 1712 vero
1459 1658 1750 1716 Mosaicam
1780 1665 1966 1721 multis
1992 1682 2090 1721 an-

485 1749 682 1792 norum
711 1740 997 1796 curriculis
1024 1750 1151 1799 ante
1175 1748 1437 1804 mundum
1464 1749 1631 1808 fuisse
1655 1755 1934 1826 scriptam.
1973 1759 2084 1816 Nec

481 2012 583 2066 cha
620 2012 782 2103 [φρ-π
813 2016 1038 2083 Rakialt,
1066 2021 1517 2102 firmamentum],
1555 2031 1610 2086 id
1639 2041 1742 2099 est,
1770 2034 2080 2093 ﬁrmamen-

479 2110 615 2170 tum,
650 2107 822 2164 molas
860 2107 956 2166 Dei
991 2123 1296 2172 sustentare
1334 2130 1606 2189 asserunt,
1643 2125 1842 2193 quibus
1881 2144 2078 2185 manna

477 2201 798 2256 sumendum
831 2204 1036 2273 angelis
1065 2208 1299 2264 molatur
1327 2211 1382 2267 in
1418 2229 1621 2270 escam.
1671 2217 1918 2276 Alterum
1946 2237 2077 2280 vero

476 2290 749 2359 appellant
771 2293 1037 2363 Araboth,
1067 2298 1122 2353 in
1151 2315 1258 2369 quo
1282 2302 1570 2360 Dominum
1600 2318 1848 2366 astruunl
1877 2315 2077 2369 reside-

474 2397 555 2448 re,
589 2394 645 2439 et
670 2386 774 2442 hoc
795 2403 915 2444 esse
940 2390 995 2444 in
1024 2390 1242 2449 Psalmo
1268 2400 1567 2454 secundum
1592 2401 1712 2458 illos
1738 2422 1750 2456 :
1776 2404 1890 2459 Iter
1916 2407 2075 2477 facite

472 2475 521 2528 ei
555 2477 644 2546 qui
677 2477 957 2534 caballicat
981 2499 1139 2555 super
1172 2487 1405 2544 Araboth
1437 2491 1611 2564 (Psal.
1647 2511 1817 2562 vau,
1845 2475 1923 2567 5).
1966 2499 2073 2554 Ha-

469 2567 602 2624 bere
623 2571 792 2626 Deum
818 2584 1109 2643 propterea
1137 2589 1345 2651 septem
1370 2585 1550 2651 tubas,
1573 2603 1802 2657 quarum
1826 2606 1930 2644 una
1952 2592 2073 2647 mil-

468 2661 522 2717 le
552 2663 601 2718 ei
629 2665 829 2721 cubitis
856 2669 1128 2726 metiatur.
1174 2672 1242 2729 Et
1266 2677 1395 2747 quid
1417 2679 1616 2750 plura?
1658 2682 1815 2738 Nulla
1858 2685 2070 2743 Veteris

467 2751 801 2812 Testamenti
827 2761 1046 2831 pagina,
1076 2765 1222 2819 nulla
1251 2773 1522 2825 sententia
1549 2783 1653 2838 est,
1687 2775 1754 2830 de
1787 2791 1895 2846 qua
1922 2779 2009 2833 vel
2037 2795 2070 2834 a

465 2848 764 2919 majoribus
811 2854 924 2908 suis
965 2870 1071 2910 non
1115 2859 1354 2916 habeant
1397 2865 1630 2920 conﬁcta
1664 2877 1719 2922 et
1758 2872 2067 2943 conscripta

464 2941 768 3008 mendacia,
802 2943 888 2997 vel
923 2945 1026 3014 ipsi
1055 2963 1226 3019 usque
1261 2953 1424 3009 hodie
1454 2971 1594 3012 nova
1629 2974 1844 3032 semper
1879 2978 2068 3033 super-

465 3030 686 3086 stitione
714 3034 1044 3108 conﬁngant,
1077 3050 1133 3095 et
1158 3041 1477 3118 interrogati
1503 3030 1829 3121 respondere
1853 3030 2063 3126 praesu-

462 3132 634 3178 mant.
680 3125 816 3181 Nam
843 3136 894 3183 et
923 3130 976 3185 in
1006 3131 1269 3192 doctrinis
1304 3138 1569 3210 majorum
1597 3159 1818 3202 suorum
1854 3125 2060 3220 legunt,

459 3211 647 3270 Iesum
675 3217 932 3288 juvenem
959 3227 1249 3294 quemdam
1278 3229 1446 3288 fuisse
1473 3238 1616 3305 apud
1650 3253 1745 3294 eos
1774 3211 2065 3301 honorabi;
2089 3211 2135 3275 Ο

459 3306 590 3374 lem,
620 3319 676 3365 et
696 3315 1012 3386 magisterio
1031 3320 1289 3393 Baptistae
1310 3325 1536 3385 Joannis
1557 3334 1848 3401 eruditum,
1874 3353 2068 3409 quam-

457 3401 644 3473 plures
675 3407 930 3465 habuisse
961 3412 1274 3486 discipulos,
1306 3436 1538 3490 quorum
1569 3426 1662 3480 uni
1699 3401 1924 3499 propter
1967 3431 2065 3487 du-

458 3495 646 3576 ritiam
693 3506 748 3554 et
787 3501 1159 3563 bebitudinem
1198 3525 1410 3579 sensus,
1435 3514 1632 3586 Cephaa
1672 3495 1726 3574 id
1761 3495 1846 3578 est
1888 3523 2064 3581 Petrae

456 3605 655 3646 nomen
694 3594 1033 3665 imposuerit.
1082 3601 1150 3658 Et
1177 3619 1316 3688 sum
1343 3620 1752 3680 exspectaretur
1793 3631 1824 3670 a
1862 3619 2062 3688 populo

455 3683 526 3737 ad
566 3684 708 3740 diem
750 3687 970 3759 festum,
1013 3683 1286 3764 quosdam
1313 3701 1361 3755 ei
1402 3703 1468 3758 de
1511 3705 1695 3762 schola
1733 3724 1832 3764 sua
1859 3683 2060 3782 pueros

453 3779 780 3846 occurrisse,
813 3785 906 3853 qui
937 3785 1015 3840 illi
1051 3802 1116 3842 ex
1149 3790 1357 3848 honore
1385 3804 1439 3850 et
1470 3800 1774 3855 reverentia
1813 3779 2059 3875 magistri

452 3875 812 3942 cantaverint,
843 3876 1061 3937 Osanna
1079 3884 1195 3952 filio
1219 3885 1410 3944 David.
1458 3891 1541 3947 Ad
1567 3902 1871 3952 extremum
1901 3912 2054 3967 vero,

449 3977 674 4037 propter
699 3971 856 4041 plura
883 3977 1164 4032 mendacia
1185 3991 1520 4050 accusatum,
1549 3987 1749 4042 Tiberii
1766 3988 1972 4059 judicio
2000 3993 2056 4048 in

452 4072 734 4116 carcerem
759 4073 1057 4134 retrusam,
1090 4085 1156 4125 eo
1185 4074 1327 4141 quod
1351 4074 1462 4130 ﬁlia
1485 4077 1654 4146 ipsius
1679 4079 1807 4151 (cui,
1835 4082 1954 4138 sine
1975 4085 2055 4139 vi-

449 4165 533 4216 ro,
560 4154 786 4209 masculi
807 4166 1021 4226 partum
1037 4163 1384 4238 promiserat)
1399 4167 1594 4237 lapidis
1615 4182 1936 4242 conceptum
1964 4175 2052 4230 in-

451 4241 657 4299 tulerit.
674 4243 803 4301 Inde
828 4250 1014 4316 etiam,
1041 4251 1206 4308 veluti
1232 4270 1451 4327 magum
1477 4241 1869 4329 detestabilem,
1899 4264 2052 4322 furca

2203 556 2460 626 praecipio
2485 567 2543 613 ut
2566 561 2806 620 adoretis
2833 583 2974 624 eum.
3027 571 3179 640 Quod
3205 574 3296 643 qui
3333 573 3515 633 facere
3539 578 3800 649 noluerit,

2201 656 2414 714 partem
2451 666 2601 708 suam
2641 655 2697 710 in
2741 657 2955 716 inferno
2994 663 3236 722 futuram
3271 682 3390 725 esse
3435 682 3748 742 cognoscat.
3774 694 3795 728 ι

2201 741 2329 800 Haec
2382 755 2562 803 autem
2603 753 2784 809 omnia
2832 755 2952 813 ideo
2994 761 3238 820 seniores
3277 779 3467 820 eorum
3515 769 3802 826 conﬁnxe-

2200 847 2348 907 runt,
2385 849 2441 896 et
2474 843 2576 913 ipsi
2605 847 2770 904 stulta
2798 851 3165 912 obstinatione
3192 857 3459 928 lectitant,
3503 869 3562 916 ut
3596 863 3800 921 talibus

2199 936 2522 991 commentis
2551 946 2665 994 tota
2695 947 2752 996 et
2777 943 2996 1002 virtutis
3028 957 3084 1003 et
3117 951 3385 1018 passionis
3419 952 3622 1010 Christi
3650 957 3800 1012 veri-

2197 1032 2283 1081 tas
2308 1036 2624 1096 evacuetur,
2657 1039 2712 1087 et
2730 1041 2790 1088 ut
2815 1036 3061 1095 adoratio
3084 1056 3192 1096 non
3217 1043 3267 1097 ei
3294 1051 3353 1099 ut
3383 1044 3496 1102 Deo
3526 1051 3799 1106 veraciter

2196 1117 2442 1174 exhiberi
2470 1120 2686 1190 debeat,
2713 1125 2808 1180 sed
2834 1127 2994 1185 Pilati
3027 1139 3234 1190 tantum
3261 1135 3379 1208 lege
3401 1137 3478 1192 illi
3502 1140 3680 1196 delata
3700 1144 3794 1198 sit.

2198 1214 2306 1274 Sed
2340 1227 2397 1274 et
2428 1219 2648 1278 Petrum
2676 1240 3019 1299 nequaquam
3053 1247 3153 1302 per
3178 1235 3452 1306 angelum,
3493 1240 3798 1297 secundum

2194 1309 2354 1367 ﬁdem
2403 1322 2667 1382 nostram,
2714 1319 2780 1374 de
2824 1335 3045 1379 carcere
3087 1324 3362 1394 eductum,
3415 1332 3513 1387 sed
3557 1331 3796 1389 Herodis

2194 1402 2598 1472 misericordia,
2651 1411 2792 1479 apud
2836 1428 2998 1483 quem
3035 1416 3328 1486 plurimum
3369 1420 3487 1490 ejus
3525 1424 3796 1496 sapientia

2190 1492 2357 1552 fuerit
2383 1499 2723 1556 conlaudata.
2768 1503 3010 1576 Denique
3032 1515 3087 1563 et
3106 1507 3449 1569 Christianos
3473 1492 3615 1571 idola
3639 1533 3796 1574 asse-

2190 1599 2320 1646 runt
2362 1593 2611 1664 adorare,
2653 1604 2709 1652 et
2746 1599 2978 1656 virtutes
3015 1617 3136 1672 qua:
3166 1606 3310 1675 apud
3337 1623 3439 1664 nos
3473 1618 3792 1668 sanctorum

2189 1681 2670 1744 intercessionibus
2715 1691 3031 1748 obtinentur
3054 1736 3068 1760 ,
3114 1711 3145 1750 a
3191 1697 3402 1754 diabolo
3445 1700 3565 1756 ﬁeri
3607 1702 3793 1760 dicere

2190 1790 2298 1830 non
2322 1777 2738 1836 exhorrescunt.
2784 1781 2889 1838 Pro
2919 1787 3117 1856 quibus
3159 1792 3411 1848 omnibus
3446 1809 3660 1852 summo
3693 1811 3791 1854 eos

2187 1868 2310 1924 odio
2338 1871 2688 1942 dignissimos
2717 1892 2838 1934 esse
2863 1880 2986 1950 quis
3008 1882 3285 1955 ambigat?
3321 1887 3481 1943 sicuti
3517 1897 3572 1944 et
3602 1892 3791 1948 odien-

2184 1962 2283 2020 dos
2319 1965 2438 2022 illos
2475 1968 2814 2027 demonstrat
2843 1974 3135 2046 scriptura,
3176 1994 3296 2049 quae
3325 1981 3454 2037 dicit
3477 1981 3635 2051 juxta
3675 1984 3787 2042 He-

2181 2055 2422 2113 braicam
2462 2061 2715 2118 videlicet
2753 2064 3040 2121 veritatem
3071 2086 3082 2121 :
3117 2067 3221 2134 Qui
3257 2073 3627 2130 contradicunt
3669 2076 3787 2144 tibi,

2180 2148 2429 2205 scelerate
2449 2151 2572 2207 elati
2585 2165 2708 2209 sunt
2730 2156 2931 2226 frustra
2953 2160 3246 2218 adversarii
3269 2166 3347 2218 tui
3369 2163 3544 2237 (Psal.
3570 2184 3783 2236 Lxxxn,

2180 2241 2258 2310 5).
2314 2241 2505 2299 Nonne
2539 2254 2588 2299 et
2627 2247 2858 2304 odientes
2888 2259 2958 2317 te,
2998 2251 3244 2320 Domine,
3277 2255 3459 2311 odivi?
3496 2256 3565 2312 Et
3599 2270 3784 2317 contra

2182 2335 2512 2391 adversarios
2540 2348 2657 2394 tuos
2676 2340 2949 2398 distabui?
2990 2345 3232 2416 Perfecto
3255 2349 3376 2403 odio
3399 2350 3612 2406 oderam
3636 2352 3780 2422 illos,

2175 2429 2378 2483 inimici
2408 2430 2537 2498 facti
2563 2443 2683 2489 sunt
2712 2437 2842 2491 mihi
2874 2438 3046 2510 (Psal.
3077 2457 3341 2507 cxxxvm,
3375 2444 3464 2511 2i,
3497 2445 3612 2518 22).
3663 2447 3783 2515 Quo

2175 2520 2290 2577 zelo
2323 2523 2417 2578 Dei
2453 2521 2671 2585 fervens
2699 2528 2891 2584 beatus
2933 2531 3292 2605 Hieronymus
3315 2536 3370 2591 in
3398 2539 3632 2608 quodam
3661 2539 3783 2597 loco

2173 2617 2256 2672 sic
2279 2619 2347 2674 de
2383 2619 2514 2689 ipsis
2543 2620 2621 2676 ait
2652 2640 2663 2674 :
2702 2640 2720 2674 ‹
2751 2622 2810 2678 Si
2839 2627 3055 2696 expedit
3078 2629 3256 2684 odisse
3289 2630 3539 2689 homines
3563 2643 3618 2687 et
3646 2649 3780 2705 gen-

2175 2720 2286 2768 tem
2314 2714 2550 2784 aliquam
2589 2717 2868 2786 detestari,
2908 2721 3046 2779 miro
3083 2724 3207 2780 odio
3236 2741 3464 2782 aversor
3503 2727 3778 2784 concisio-

2172 2821 2318 2861 nem.
2373 2807 2557 2878 Usque
2585 2811 2747 2866 hodie
2773 2813 2919 2868 enim
2939 2826 3338 2886 persequuntur
3368 2819 3657 2874 Dominum
3679 2835 3780 2876 no-

2157 2906 2347 2974 _strum
2379 2898 2567 2955 Jesum
2596 2901 2874 2959 Christum
2896 2906 2951 2960 in
2983 2911 3270 2982 synagogis
3294 2909 3529 2966 Satanze.
3558 2931 3577 2965 ι
3618 2910 3783 2967 Item-

2169 3003 2277 3060 que
2303 2989 2431 3046 alibi
2466 2990 2658 3065 (Epist.
2692 2995 2819 3064 151,
2851 3009 3036 3070 quiest.
3076 3001 3164 3074 10)
3200 3021 3212 3056 :
3249 3022 3268 3054 ι
3293 3004 3540 3071 Quantae,
3575 3006 3774 3078 inquit,

2168 3083 2493 3140 traditiones
2516 3084 2936 3157 Pharisaeorum,
2963 3103 3101 3163 quas
3125 3095 3286 3150 hodie
3312 3096 3652 3153 deuteroscis
3678 3113 3779 3154 vo-

2169 3182 2316 3240 cant,
2354 3185 2408 3230 et
2434 3193 2599 3247 quam
2633 3179 2802 3236 aniles
2833 3183 2944 3238 sint
2970 3182 3188 3252 fabulae,
3226 3188 3504 3244 revolvere
3534 3203 3770 3259 nequeo.

2168 3265 2434 3339 Pleraque
2457 3279 2566 3325 tam
2598 3275 2776 3344 turpia
2799 3284 2940 3341 sunt,
2984 3285 3044 3331 ut
3069 3269 3388 3336 erubescam
3413 3282 3616 3338 dicere.
3673 3285 3771 3340 Di-

2167 3377 2289 3418 cam
2317 3371 2497 3420 autem
2524 3381 2692 3422 unum
2719 3368 2775 3423 in
2805 3369 3099 3440 ignominia
3123 3375 3300 3442 gentis
3327 3375 3580 3432 inimicae.
3619 3376 3767 3435 Prae-

2164 3457 2372 3526 positos
2393 3459 2596 3514 habent
2616 3464 2905 3534 synagogis
2927 3464 3375 3534 sapientissimos,
3403 3485 3648 3541 quosque
3668 3469 3770 3527 foe-

2163 3549 2235 3603 do
2266 3551 2419 3620 operi
2448 3551 2745 3624 delegatos,
2776 3564 2837 3610 ut
2863 3559 3183 3629 sanguinem
3215 3563 3445 3632 virginis
3474 3565 3589 3620 sive
3616 3581 3771 3622 men-

2163 3650 2404 3709 struatee,
2438 3646 2700 3703 mundum
2730 3647 2816 3702 vel
2842 3649 3198 3718 immundum,
3227 3653 3271 3708 si
3299 3654 3470 3710 oculis
3497 3655 3771 3714 discerne-

2163 3748 2222 3788 re
2250 3749 2356 3789 non
2384 3738 2695 3805 potuerint,
2729 3748 2885 3810 gustu
2929 3745 3180 3812 probent.
3222 3745 3524 3815 Praeterea,
3566 3751 3768 3821 quibus

2152 3822 2367 3893 jussum
2395 3837 2479 3883 est
2505 3837 2566 3883 ut
2590 3831 2780 3886 diebus
2807 3833 3160 3891 sabbatorum
3182 3839 3368 3894 sedeat
3389 3842 3766 3912 unusquisque

2159 3915 2215 3970 in
2247 3916 2407 3972 domo
2437 3933 2557 3985 sua,
2587 3929 2642 3975 et
2666 3937 2774 3978 non
2797 3925 3129 3994 egrediatur,
3157 3943 3259 3985 nec
3281 3931 3520 3988 ambulet
3545 3932 3612 3989 de
3640 3933 3762 3991 loco

2157 4007 2213 4063 in
2250 4025 2358 4080 quo
2384 4011 2628 4079 habitat;
2660 4015 2705 4070 si
2736 4021 2953 4086 quando
2982 4034 3044 4075 ea
3067 4021 3224 4092 juxta
3251 4023 3494 4080 litteram
3533 4029 3762 4100 emperi-

2155 4119 2279 4159 mus
2302 4113 2515 4161 arctare
2538 4115 2599 4162 ut
2619 4126 2726 4166 non
2750 4113 3046 4181 ambulent,
3069 4132 3175 4173 non
3193 4116 3435 4188 jaceant,
3455 4135 3565 4176 non
3588 4131 3758 4191 stent,

2155 4195 2253 4250 sed
2283 4204 2493 4252 tantum
2523 4201 2769 4269 sedeant,
2803 4204 2848 4258 si
2877 4205 3046 4260 velint
3072 4218 3342 4280 praecepta
3373 4225 3626 4279 servare;
3671 4227 3760 4269 so-

2154 4286 2267 4343 lent
2297 4293 2631 4361 respondere
2665 4305 2719 4350 et
2750 4290 2955 4365 dicere,
2983 4312 3008 4340 α
3039 4300 3156 4357 Rab
3185 4302 3423 4361 Achibas
3448 4316 3504 4361 et
3533 4305 3758 4364 Simeon

2153 4391 2209 4438 et
2245 4384 2274 4424 δ
2308 4385 2465 4442 Hillel
2498 4389 2744 4460 magistri
2780 4393 2953 4448 nostri
2987 4395 3329 4452 tradiderunt
3361 4399 3516 4454 nobis
3554 4408 3615 4454 ut
3650 4401 3758 4458 duo

2151 4475 2320 4532 millia
2347 4479 2514 4550 pedes
2541 4483 2882 4541 ambulemus
2904 4486 2961 4541 in
2989 4487 3237 4554 sabbato,
3272 4499 3325 4546 et
3348 4499 3543 4546 caetera
3567 4491 3760 4562 hujus-

2151 4572 2315 4637 modi,
2334 4573 2608 4630 doctrinas
2631 4576 2912 4634 hominum
2931 4579 3282 4651 praeferentes
3303 4584 3563 4640 doctrina:
3584 4586 3702 4642 Dei.
3731 4607 3748 4640 ι

2222 4663 2312 4719 XI.
2355 4664 2489 4722 Cum
2537 4668 2702 4741 igitur
2741 4680 2818 4725 tot
2850 4673 3123 4744 tantisque
3161 4677 3516 4733 immunditiis
3550 4685 3607 4734 et
3630 4693 3753 4734 sen-

2149 4771 2308 4812 suum
2329 4765 2385 4812 et
2413 4772 2640 4828 operum
2669 4762 3000 4830 polluantur,
3033 4764 3304 4836 impletur”
3322 4784 3548 4839 prorsus
3583 4769 3639 4825 in
3670 4770 3752 4826 eis

2147 4864 2328 4906 sermo
2366 4851 2547 4923 Αεεωί
2576 4855 2871 4925 ρτορὴθιτθ,
2903 4874 3010 4928 quo
3043 4861 3392 4930 prmeipiente
3427 4863 3531 4918 sibi
3563 4862 3752 4919 Domi-

2149 4955 2220 4994 no
2249 4940 2324 4995 ita
2361 4941 2660 5015 interrogat
2690 4949 3000 5006 sacerdotes
3031 4968 3043 5003 :
3077 4949 3135 5005 Si
3162 4953 3387 5024 tetigerit
3426 4950 3662 5026 pollutus
3693 4956 3750 5010 in

2153 5035 2334 5090 anima
2361 5053 2426 5091 ea:
2456 5039 2693 5095 omnibus
2717 5042 2818 5109 his,
2847 5059 3042 5115 panem
3073 5045 3345 5116 videlicet,
3379 5056 3473 5104 aut
3495 5049 3748 5120 pulmen-

2152 5133 2284 5195 tum,
2310 5139 2405 5186 aut
2428 5132 2637 5201 vinum,
2667 5145 2762 5191 aut
2783 5136 2985 5205 oleum,
3018 5149 3111 5196 aut
3138 5154 3356 5198 omnem
3378 5143 3580 5210 cibum,
3607 5160 3744 5201 nun-

1807 5219 1940 5278 BAL
1949 5225 2086 5286 UZlI
2116 5232 2352 5295 NOTAE.

510 5297 544 5374 fl
572 5285 690 5342 Rab
710 5289 967 5374 Achibag;
983 5292 1043 5350 In
1068 5297 1257 5357 codice
1278 5301 1455 5374 regio
1473 5304 1737 5374 scriptum
1761 5319 1845 5366 est
1864 5312 2039 5372 Bara-

439 5357 638 5443 fliibas,
665 5374 763 5429 pro
785 5378 894 5438 quo
916 5365 1198 5443 Massonus
1229 5357 1399 5429 edidit
1418 5357 1737 5432 etiam;
1760 5357 2035 5443 ξεῖ]ᾞῖίῶ

437 5427 849 5533 ιιξίθνοηίιιιυιῇ,
874 5435 1028 5506 Cujus
1049 5427 1430 5533 est‘hiclocus,
1462 5427 2028 5533 Ιρείὶῇἐῖῇᾳῖᾌ-Ιίῖἷᾶξ

511 5713 748 5807 δΙῌειιέις
793 5723 887 5807 Vir
915 5722 1018 5806 fuit
1053 5729 1242 5807 magni
1273 5731 1524 5807 nominis,
1571 5749 1602 5788 e
1643 5736 1797 5807 cujus
1838 5741 2020 5797 schola

433 5787 755 5872 prodierunt
793 5796 1103 5872 octuaginta
1142 5787 1244 5872 viri
1285 5805 1462 5872 magni
1501 5787 1523 5856 τ’
1567 5787 1796 5872 quorum
1829 5812 2025 5872 clario-

437 5871 546 5927 res,
588 5867 648 5916 ut
673 5858 1055 5922 Genebrardus
1091 5869 1337 5941 adnotat,
1376 5858 1530 5933 luere
1568 5858 2020 5942 Jonat—hanwﬁli'u’s

2145 5325 2316 5418 Hziel,
2341 5339 2396 5387 et
2427 5331 2646 5418 Simeon
2669 5334 2872 5404 Justus,
2903 5340 2996 5410 qui
3017 5339 3296 5418 Christum
3327 5343 3473 5401 ulnis
3503 5346 3738 5418 excepit.

2140 5397 2252 5454 Hos
2270 5473 2281 5487 .
2300 5412 2480 5487 autem
2504 5405 2619 5487 vel“
2638 5422 2808 5487 ex_eo
2826 5397 3076 5487 _constat
3105 5397 3296 5487 fuisse
3322 5397 3545 5487 mla—gnos
3567 5397 3738 5486 vit-ros,

2138 5473 2283 5553 quod
2303 5472 2551 5564 Joha‘nan
2579 5477 2936 5564 Ben‘.Z.acliei,
2968 5485 3060 5564 qui
3090 5472 3737 5564 discipuloruvntllillelis'

2131 5691 2316 5762 partes
2361 5691 2708 5762 exactissime
2746 5691 3002 5762 tenuisse,
3053 5713 3117 5753 ac
3168 5691 3390 5755 scholae-
3414 5691 3733 5758 Scribarum

2132 5762 2189 5807 et
2216 5753 2614 5841 Phari'sfeorum
2637 5780 2831 5841 magna
2863 5753 3009 5841 cum:
3034 5753 3190 5824 laude
3207 5753 3497 5841 iprwliuisse
3526 5789 3732 5831 memo-

2132 5833 2304 5883 ratur.
2337 5827 2494 5889 Hillel
2525 5847 2689 5904 porro
2712 5827 2847 5893 vixit
2884 5838 3043 5898 annis
3069 5827 3290 5899 centum
3319 5852 3376 5900 et
3400 5827 3614 5918 viginti.
