4088 6344
297 343 374 404 89

1383 341 1475 404 DE
1511 345 1820 407 JUDAICIS
1859 346 2548 418 SUPERSTITIONIBUS.

3519 386 3589 445 90

299 459 434 559 quid
457 457 1052 559 comatlfinabt'ltlHP‘
1086 458 1464 559 νεεξοηάεηιηε
1487 463 1818 559 Δξαειῖνάοεεδ,
1846 472 1897 519 ϐε
1923 464 2094 536 Atio,
2130 481 2258 530 tunc
2289 475 2444 531 nobis
2483 477 2539 532 in
2577 476 2906 549 adjutorium
2939 485 3113 555 ﬁeret,
3153 492 3277 548 eum
3315 493 3480 553 hane
3497 499 3588 559 illa

299 557 603 612 dixerunt:
633 552 1106 610 Contaminabitur.
1168 554 1234 610 Et
1272 556 1536 628 respondit
1581 555 1804 628 Aggwus
1848 565 1898 612 et

297 649 439 704 dixit
463 664 481 702 :
505 647 598 704 Sic
631 646 853 719 populus
885 647 1004 715 iste,
1047 656 1098 702 et
1131 648 1208 703 sic
1247 665 1371 719 gens
1398 649 1501 702 ista
1545 658 1666 703 ante
1710 649 1899 719 faciem

298 757 497 807 meam,
527 741 657 794 dicit
695 740 974 806 Dominus,
1003 749 1053 795 et
1080 741 1154 795 sic
1185 757 1334 796 omne
1359 758 1487 812 Opus
1514 757 1765 795 manuum
1806 758 1898 796 eo-

299 851 424 889 rum
450 833 654 906 (Αριςωὶ
679 851 741 900 ιι,
774 832 850 907 4).
895 833 1048 902 Quod
1077 843 1260 894 autem
1287 835 1481 890 horum
1501 836 1745 890 omnium
1769 851 1900 890 cau-

299 943 360 983 sa
389 928 534 981 inter
561 925 809 982 carnales
836 926 1110 982 lsraelitas
1155 933 1210 981 et
1237 926 1510 996 spiritales
1553 925 1767 983 Iudaeos
1796 942 1896 983 ne-

294 1020 544 1076 cessario
585 1019 902 1076 divisionem
939 1019 1057 1076 ﬁeri
1089 1027 1322 1091 oportet,
1366 1021 1594 1092 mystice
1637 1022 1896 1078 Dominus

295 1127 400 1182 per
424 1111 747 1166 Zachariam
775 1112 1092 1182 prophetam
1125 1112 1371 1183 designat
1401 1113 1584 1168 dicens
1612 1131 1624 1167 :
1651 1113 1720 1168 Et
1758 1130 1897 1185 pra:-

296 1205 406 1259 cidi
436 1205 636 1276 virgam
663 1222 833 1260 meam
861 1205 1165 1272 secundum,
1207 1223 1324 1278 qua:
1360 1206 1654 1279 appellatur
1687 1207 1896 1278 funicu-

294 1297 403 1363 lus,
430 1308 488 1352 ut
511 1298 844 1354 dissolverem
863 1301 1260 1370 germanitatem
1277 1302 1415 1355 inter
1432 1301 1632 1356 Iudam
1653 1311 1701 1356 et
1723 1301 1894 1356 Israel

295 1389 490 1460 (Zach.
531 1408 610 1458 xx,
644 1391 754 1463 M).
786 1391 944 1458 Nam,
969 1391 1126 1461 juxta
1155 1391 1494 1464 Apostolum,
1527 1411 1645 1464 qute
1679 1411 1801 1465 pars
1827 1394 1895 1463 [i-

292 1481 401 1535 deli
428 1499 547 1536 cum
576 1483 826 1552 inﬁdele?
856 1501 974 1556 qua:
1001 1487 1223 1541 societas
1251 1485 1356 1540 luci
1379 1487 1449 1540 ad
1473 1487 1752 1541 tenebras?
1773 1504 1892 1559 quae

293 1575 568 1628 conventio
599 1571 796 1628 Christi
825 1576 894 1629 ad
915 1574 1089 1630 Belial
1112 1577 1136 1630 .9
1167 1575 1226 1631 In
1255 1591 1362 1647 quo
1389 1576 1781 1633 advertendum
1807 1587 1892 1634 est

293 1670 427 1739 quia
465 1668 604 1724 sicut
626 1669 872 1725 inﬁdeles
896 1679 1086 1740 sponte
1107 1678 1516 1742 sequestrantur
1542 1671 1610 1726 ab
1633 1670 1863 1726 ecclesia
1890 1709 1892 1712 μ

293 1763 435 1820 stica
464 1763 861 1832 communione,
893 1765 1024 1818 utin
1038 1763 1200 1820 nullis
1225 1763 1395 1819 velint
1419 1764 1695 1836 mysteriis
1719 1763 1889 1836 parti-

2000 569 2066 624 ad
2092 570 2452 628 damnationis
2481 590 2592 630 sua:
2623 578 2992 639 testimonium
3016 587 3249 654 superba
3279 591 3584 661 repulisset.

1962 661 2238 750 ~Cumque
2267 666 2370 722 hoc
2407 667 2618 738 impleri
2658 673 2932 742 coepisset,
2962 684 3018 731 et
3039 677 3154 746 jam
3180 688 3392 752 tempus
3426 687 3589 746 adve—

1997 757 2167 851 uisset
2194 766 2254 813 ut
2276 760 2629 831 implerentur
2655 767 2954 837 prophetia:
2977 770 3044 826 de
3072 778 3441 845 assumptione
3462 793 3590 851 gon—

1997 850 2132 904 tium
2152 860 2206 905 et
2227 852 2531 923 repulsione
2552 854 2880 928 Judznorum,
2905 864 3322 931 praedicantibus
3344 850 3514 926 Paulo
3536 880 3592 928 et

1995 942 2263 1011 Barnaba,
2303 953 2358 999 et
2395 953 2845 1008 concurrentibus
2885 955 3071 1012 audire
3099 959 3324 1014 verbum
3350 961 3587 1031 Domini,

1996 1036 2139 1091 sicut
2163 1038 2422 1108 scriptum
2449 1049 2530 1096 est
2559 1043 2612 1097 in
2640 1043 2866 1102 Actibus
2892 1050 3260 1120 apostolorum
3291 1071 3303 1106 :
3344 1051 3584 1112 Videntes

1995 1129 2176 1184 turbas
2211 1130 2411 1199 Judwi,
2444 1135 2624 1205 repleti
2657 1148 2780 1193 sunt
2807 1139 2942 1207 zelo,
2975 1152 3024 1196 et
3052 1145 3478 1202 contradicebant
3507 1150 3588 1206 his

1994 1239 2112 1295 qua:
2141 1242 2173 1278 a
2208 1222 2382 1280 Paulo
2417 1227 2745 1298 dicebantur,
2783 1231 3216 1304 blasphemantes.
3274 1236 3421 1292 Tunc
3463 1257 3589 1294 con-

1993 1323 2197 1399 stanter
2221 1314 2427 1372 Paulus
2457 1327 2504 1373 et
2528 1320 2804 1378 Barnabas
2825 1325 3110 1382 dixerunt:
3139 1327 3294 1385 Vobis
3321 1334 3588 1402 oportebat

1992 1408 2219 1476 primum
2254 1407 2396 1480 loqui
2428 1411 2637 1466 verbum
2665 1413 2785 1470 Dei.
2830 1415 2933 1470 Sed
2961 1420 3210 1489 quoniam
3247 1422 3494 1493 repellitis
3523 1424 3591 1477 il-

1993 1498 2105 1564 lud,
2129 1509 2176 1554 et
2195 1499 2437 1572 indignos
2458 1519 2545 1557 vos
2557 1504 2814 1574 judicatis
2835 1516 3045 1564 (sternte
3066 1510 3207 1578 vitaz,
3240 1529 3356 1567 ecce
3374 1530 3588 1568 conver-

1993 1591 2157 1645 timur
2184 1593 2254 1646 ad
2282 1602 2478 1664 gentes.
2521 1591 2611 1649 Sic
2645 1597 2782 1651 enim
2818 1602 3062 1671 prmcepit
3100 1603 3247 1658 nobis
3283 1603 3542 1660 Dominus
3568 1621 3588 1661 :

1993 1681 2160 1740 Posui
2181 1696 2229 1741 te
2257 1687 2312 1741 in
2337 1687 2512 1743 lumen
2538 1690 2795 1760 gentibus,
2822 1700 2882 1746 ut
2909 1693 2982 1748 sis
3001 1695 3058 1749 in
3081 1695 3304 1751 salutem
3331 1714 3494 1769 usque
3515 1698 3585 1753 ad

1991 1787 2280 1834 extremum
2296 1789 2469 1836 terrm.
2507 1782 2789 1839 Audientes
2813 1795 2986 1841 autem
3006 1797 3201 1859 gentes,
3224 1791 3417 1861 gavisce
3437 1801 3584 1859 sunt,

290 1858 480 1928 θίρπθ
506 1857 770 1926 ﬁdelibus:
801 1859 878 1914 ita
901 1865 958 1913 εί
985 1858 1171 1955 ﬁdeles
1203 1859 1680 1955 (ξθνρξθμεθρδτπθ
1710 1874 1772 1955 ξιξ
1795 1858 1890 1955 ἀφ’
1916 1833 1966 1896 Β
1993 1881 2044 1926 et
2063 1871 2430 1943 gloriﬁcabant
2463 1875 2673 1931 verbum
2701 1877 2956 1946 Domini;
2981 1833 3032 1934 el
3059 1833 3413 1938 crediderit;

287 1951 422 2007 bent
458 1959 515 2007 et
543 1952 794 2008 convictu
837 1959 893 2007 et
930 1951 1192 2007 societate
1228 1950 1555 2018 inﬁdelium;
1598 1959 1654 2006 et
1681 1951 1727 2006 si
1754 1950 1890 2006 locis

287 2045 525 2101 necdum
557 2044 756 2110 valent,
788 2044 960 2101 donec
985 2053 1228 2116 tempore
1261 2052 1324 2099 ut
1349 2052 1405 2100 et
1433 2043 1568 2101 locis
1605 2057 1889 2115 segregen-

287 2148 398 2203 tur,
441 2138 587 2194 sicut
621 2138 764 2193 idem
799 2137 1004 2203 ﬁdeles,
1035 2137 1182 2207 quod
1219 2145 1304 2192 est
1338 2136 1596 2200 Ecclesia,
1626 2137 1694 2191 ad
1716 2137 1888 2191 Deum

287 2234 530 2290 clamant
556 2233 801 2289 dicentes
827 2251 839 2287 :
863 2233 1060 2287 Iudica
1086 2250 1186 2300 me,
1215 2232 1385 2297 Deus,
1408 2232 1645 2286 discerne
1671 2249 1887 2288 causam

285 2343 458 2381 meam
480 2325 546 2379 de
575 2334 724 2396 gente
745 2342 848 2379 non
869 2332 1090 2390 sancta;
1118 2325 1262 2396 quod
1284 2334 1410 2380 tunc
1435 2324 1678 2396 perfecte
1703 2325 1889 2396 imple-

287 2419 455 2483 bitur,
488 2417 706 2488 quando
727 2416 820 2472 ﬁet
843 2417 974 2472 illud
998 2419 1139 2487 quod
1165 2417 1401 2474 Joannes
1425 2418 1668 2488 Baptista
1699 2419 1888 2475 Domi-

285 2529 415 2568 num
437 2510 688 2583 praedicit
714 2527 836 2567 esse
860 2510 1150 2577 facturum,
1176 2512 1254 2567 sic
1277 2512 1504 2583 loquens
1529 2531 1542 2567 :
1568 2510 1736 2583 Cujus
1763 2529 1887 2568 ven-

286 2607 536 2661 tilabrum
563 2608 618 2661 in
644 2623 806 2661 manu
829 2623 948 2672 sua,
975 2615 1021 2660 et
1047 2606 1414 2678 permundabit
1434 2623 1613 2660 aream
1637 2623 1811 2672 suam,
1836 2613 1887 2661 et

288 2699 622 2770 congregabit
656 2699 888 2752 triticum
911 2699 966 2751 in
1001 2699 1266 2762 horreum,
1306 2697 1486 2768 paleas
1524 2706 1698 2752 autem
1737 2713 1883 2752 com-

289 2793 435 2847 buret
466 2791 576 2862 igni
595 2789 1028 2860 inexstinguibili.
1068 2789 1209 2846 Ante
1229 2791 1538 2861 passionem
1561 2790 1705 2846 enim
1728 2805 1883 2847 suam

287 2885 548 2939 Dominus
566 2882 759 2938 nolens
776 2881 952 2936 adhuc
965 2897 1180 2938 sumere
1195 2897 1390 2952 panem
1403 2881 1638 2936 ﬁliorum
1656 2882 1723 2936 de
1741 2896 1886 2937 men-

287 2990 366 3042 sa,
405 2983 460 3030 et
499 2975 717 3031 mittere
747 2972 997 3038 canibus,
1044 2973 1225 3028 aiebat
1262 2973 1579 3045 discipulis:
1608 2972 1733 3027 Non
1767 2991 1886 3028 sum

285 3071 498 3135 missus,
532 3069 635 3124 nisi
672 3069 742 3122 ad
776 3085 894 3123 oves
920 3084 1037 3138 qua:
1069 3069 1332 3139 perierant
1370 3068 1556 3123 domus
1588 3067 1778 3123 Israel.
1817 3069 1887 3124 Et

284 3161 500 3217 mulieri
527 3160 848 3216 Chananaea:
878 3159 1202 3230 loquebatur
1226 3179 1239 3214 :
1267 3171 1293 3201 α
1322 3158 1448 3215 Sine
1478 3159 1625 3231 prius
1648 3162 1884 3216 saturari

280 3254 444 3324 ﬁlios.
485 3254 567 3308 Ac
595 3253 642 3307 si
668 3253 872 3309 diceret
899 3271 912 3306 :
947 3236 1480 3323 Oﬁ‘eratur'primum
1510 3254 1666 3324 panis
1689 3254 1781 3324 qui
1817 3255 1883 3309 de

281 3344 425 3400 caelo
462 3344 760 3411 descendit,
799 3344 926 3400 ﬁliis
957 3346 1049 3415 qui
1089 3344 1363 3401 nutriendi
1404 3354 1530 3400 sunt
1566 3346 1634 3401 ad
1671 3347 1880 3415 vitam;

280 3437 508 3509 illisque
539 3439 846 3508 assumptis,
878 3439 1062 3494 caeteri
1090 3438 1182 3510 qui
1207 3440 1572 3496 remanserint
1592 3439 1880 3508 fastidiosi,

281 3547 408 3589 cum
438 3531 709 3586 dixerint:
735 3531 915 3586 Durus
949 3540 1024 3587 est
1047 3533 1131 3587 hic
1168 3549 1338 3587 sermo
1361 3547 1378 3586 :
1401 3533 1530 3600 Quis
1565 3542 1729 3604 potest
1762 3550 1882 3588 eum

283 3624 471 3678 audire
491 3625 518 3678 ?
547 3622 821 3689 Quomodo
854 3632 1018 3697 potest
1043 3624 1125 3678 hic
1160 3624 1288 3679 dare
1315 3625 1461 3679 nobis
1487 3641 1698 3679 carnem
1727 3641 1882 3680 suam

282 3718 352 3771 ad
385 3716 864 3772 manducandum?
889 3723 1167 3772 transeant
1199 3715 1435 3771 ministri
1464 3731 1664 3772 mensae
1699 3716 1883 3772 Domi-

281 3810 418 3864 nica:
443 3809 512 3864 ad
541 3823 705 3864 canes
733 3809 1059 3875 esurientes,
1087 3809 1139 3864 id
1167 3816 1271 3874 est,
1314 3809 1543 3878 apostoli
1572 3809 1639 3864 ad
1667 3816 1879 3880 gentes,

282 3902 424 3958 sicut
452 3903 610 3957 beata
638 3903 809 3958 Maria
839 3904 934 3958 Dei
956 3902 1188 3974 genitrix
1218 3903 1422 3974 repleta
1455 3901 1659 3973 Spiritu
1690 3911 1879 3958 sancto

280 3994 646 4064 prtedixerat:
674 3995 978 4050 Esurientes
1012 3995 1240 4067 implevit
1281 3995 1450 4060 bonis,
1491 4005 1538 4048 et
1576 3995 1760 4048 divites
1805 3995 1882 4049 di-

282 4088 424 4141 misit
445 4090 630 4142 inanes
663 4087 813 4160 (Luc.
856 4104 894 4154 1,
927 4087 1036 4159 55).
1079 4088 1146 4142 Et
1179 4088 1349 4142 multo
1384 4094 1508 4140 ante
1541 4087 1695 4139 Anna
1731 4087 1881 4157 geni-

281 4179 389 4232 trix
429 4178 736 4235 Samuelis:
764 4179 966 4251 Repleti
1008 4181 1173 4250 prius,
1207 4197 1302 4251 pro
1327 4178 1550 4251 panibus
1587 4195 1640 4232 se
1673 4177 1878 4234 locave»

279 4279 425 4335 runt,
467 4281 515 4324 et
549 4271 778 4342 famelici
812 4273 1038 4326 saturati
1072 4280 1212 4325 sunt.
1251 4271 1320 4326 Et
1353 4271 1494 4326 inter
1528 4271 1629 4326 has
1671 4272 1879 4328 medius

278 4362 544 4431 propheta
574 4361 740 4417 Isaias
781 4364 894 4417 ait:
931 4360 1064 4416 Ecce
1101 4363 1400 4416 dominator
1432 4361 1692 4416 Dominus
1729 4378 1879 4416 cater-

277 4454 480 4506 cituum
510 4453 711 4524 auferet
737 4454 802 4508 ab
847 4453 1182 4509 Hierusalem
1208 4463 1257 4509 et
1283 4453 1347 4509 ab
1373 4453 1519 4508 Iuda
1544 4470 1695 4508 omne
1717 4453 1879 4509 robur

277 4546 429 4615 panis
467 4546 606 4616 (Isa.
638 4563 723 4612 ιιι,
753 4546 827 4619 1).

346 4638 463 4693 ΧΠ.
503 4639 656 4706 Quod
685 4639 778 4694 tali
801 4640 990 4696 ordine
1015 4639 1430 4711 cmpitimpleri.
1472 4643 1619 4700 Dixit
1641 4645 1875 4717 primum

277 4731 541 4787 Dominus
582 4732 1026 4804 praedicatoribus
1067 4733 1224 4788 suis:
1265 4732 1331 4788 In
1375 4736 1486 4789 vias
1533 4738 1764 4807 gentium
1812 4758 1875 4796 ne

277 4824 534 4888 abieritis,
559 4832 607 4877 et
631 4825 687 4877 in
708 4824 940 4879 civitates
964 4823 1422 4880 Samaritanorum
1447 4845 1511 4883 ne
1532 4828 1872 4887 intraverilis.

275 4912 618 4967 Ascensurus
651 4928 782 4968 vero
820 4914 887 4968 ad
926 4915 1092 4970 cmlos
1126 4917 1203 4970 ait
1238 4936 1249 4969 :
1285 4913 1485 4973 Euntes
1527 4919 1582 4973 in
1618 4923 1872 4977 mundum

274 5007 600 5075 universum,
630 5009 910 5080 prwdicate
936 5008 1277 5081 Evangelium
1307 5013 1448 5066 omni
1480 5022 1753 5070 creatura’.
1798 5017 1868 5073 Ut

272 5100 484 5159 scilicet
510 5104 661 5175 prius
681 5119 711 5159 a
733 5103 918 5160 Iudaea
951 5105 1320 5175 apostolorum
1356 5108 1570 5179 repulsa
1601 5111 1864 5185 praedica-

1990 1973 2116 2034 quot
2137 1974 2288 2019 erant
2309 1968 2653 2037 praeordinati
2682 1969 2751 2023 ad
2775 1971 2931 2026 vitam
2958 1981 3227 2028 (sternam.
3259 1975 3586 2031 Dissemina-

1992 2058 2148 2113 batur
2171 2067 2346 2114 autem
2376 2061 2586 2116 verbum
2608 2061 2822 2119 Domini
2850 2082 2944 2136 per
2977 2067 3271 2122 universam
3299 2071 3578 2140 regionem.
3621 2049 3626 2056 ’

1989 2151 2169 2206 Iudaei
2197 2162 2371 2207 autem
2405 2155 2796 2210 concitaverunt
2824 2157 3066 2213 mulieres
3107 2159 3379 2232 religiosas
3415 2170 3461 2215 et
3490 2163 3583 2216 ho-

1991 2255 2187 2309 aestas,
2212 2253 2261 2298 et
2284 2246 2482 2315 primos
2519 2247 2770 2315 civitatis,
2796 2257 2846 2303 et
2874 2253 3229 2307 excitaverunt
3264 2255 3583 2326 persecutio-

1991 2353 2108 2390 nem
2135 2339 2188 2392 in
2227 2336 2462 2394 Paulum
2497 2349 2546 2396 et
2569 2341 2896 2410 Barnabam,
2934 2355 2983 2400 et
3009 2347 3270 2417 ejecerunt
3299 2365 3387 2403 eos
3420 2349 3484 2402 de
3518 2349 3582 2419 ﬁ-

1989 2431 2143 2486 nibus
2167 2433 2298 2487 suis.
2334 2433 2402 2488 At
2427 2434 2506 2489 illi
2536 2453 2754 2492 excusso
2780 2440 2989 2509 pulvere
3009 2441 3199 2512 pedum
3224 2443 3280 2497 in
3305 2459 3412 2510 eos,
3437 2459 3582 2497 vene-

1988 2532 2111 2575 runt
2134 2521 2394 2577 Iconium.
2439 2524 2699 2596 Discipuli
2723 2545 2928 2600 quoque
2954 2531 3286 2602 replebantur
3311 2532 3506 2604 gaudio
3533 2540 3582 2587 et

1988 2609 2191 2682 Spiritu
2235 2623 2435 2667 sancto.
2494 2615 2627 2670 ltem
2661 2617 2714 2670 in
2763 2619 2952 2672 eodem
2988 2619 3126 2674 libro
3154 2619 3452 2686 :Instabat,
3494 2621 3580 2676 in-

1986 2704 2126 2773 quit,
2162 2703 2312 2758 verbo
2349 2704 2575 2772 Paulus,
2608 2708 2895 2776 testi/icuns
2923 2709 3130 2765 Iudwis
3166 2728 3274 2766 esse
3312 2709 3580 2766 Christum

1986 2792 2188 2848 Iesum.
2231 2791 2723 2852 Contradicentibus
2761 2809 2936 2854 autem
2975 2802 3050 2856 eis
3085 2811 3134 2857 et
3173 2801 3578 2874 blasphemanti-

1987 2886 2104 2952 bus,
2146 2887 2412 2943 excutiens
2450 2889 2751 2944 vestimenta
2784 2907 2884 2946 sua
2921 2891 3055 2946 dixit
3092 2893 3161 2946 ad
3199 2891 3579 2964 eos:Sanguis

1986 2987 2152 3033 vester
2177 2997 2334 3050 super
2365 2991 2519 3051 caput
2557 2991 2808 3048 vestrum,
2849 2984 3076 3039 mundus
3116 3003 3231 3057 ego,
3267 3002 3331 3040 ea:
3370 2985 3466 3040 hoc
3507 2986 3576 3038 ad

1985 3081 2160 3142 gentes
2200 3072 2406 3126 vadum.
2448 3073 2518 3127 Et
2556 3073 2786 3145 migrans
2824 3074 2967 3142 inde,
3010 3077 3223 3131 intravit
3265 3078 3320 3131 in
3364 3077 3577 3131 domum

1987 3164 2267 3234 cujusdam
2312 3167 2518 3220 nomine
2557 3166 2586 3206 b
2628 3165 2732 3221 Titi
2764 3167 2926 3221 Iusti.
2981 3167 3115 3222 Item
3159 3166 3573 3238 ibitIngressus

1988 3269 2164 3315 autem
2190 3275 2509 3328 synagogam
2535 3257 2761 3323 Paulus,
2790 3275 2907 3312 cum.
2936 3259 3131 3328 ﬁducia
3159 3258 3470 3330 loquebatur
3488 3275 3575 3329 per

1987 3363 2092 3408 tres
2132 3369 2331 3407 menses
2362 3351 2636 3422 disputans
2663 3359 2709 3404 et
2736 3351 2963 3405 suadens
3004 3351 3067 3405 de
3098 3368 3254 3422 regno
3284 3350 3400 3405 Dei.
3443 3349 3574 3405 Cum

1987 3454 2164 3500 autem
2192 3443 2410 3516 quidam
2437 3443 2834 3511 indurarentur,
2865 3453 2914 3499 et
2945 3462 3048 3499 non
3087 3445 3372 3511 crederent,
3412 3443 3576 3500 male-

1985 3539 2215 3594 dicentes
2237 3537 2373 3591 viam
2397 3535 2612 3590 Domini
2634 3553 2812 3590 coram
2835 3536 3189 3603 multitudine,
3222 3537 3489 3592 discedens
3511 3537 3576 3592 ab

1984 3630 2082 3696 eis,
2111 3627 2394 3699 segregavit
2424 3625 2729 3697 discipulos.
2771 3625 2830 3682 In
2855 3628 3052 3698 quibus
3080 3628 3262 3684 verbis
3285 3628 3574 3684 subtilissi-

1982 3738 2071 3780 me
2097 3723 2434 3794 pensandum
2461 3727 2544 3776 est
2570 3721 2696 3790 quia
2720 3721 2860 3777 sicut
2884 3722 3145 3792 paulatim
3173 3721 3454 3777 crescebat
3480 3737 3575 3776 nu-

1983 3832 2167 3872 merus
2189 3814 2425 3870 ﬁdelium
2448 3829 2514 3869 cx
2533 3814 2800 3885 gentibus,
2825 3821 2880 3868 et
2905 3813 3154 3869 duriores
3182 3811 3382 3868 ﬁebant
3402 3811 3571 3867 ,ιυᾶωί

1982 3910 2243 3964 adversus
2263 3908 2488 3962 verbum
2520 3906 2751 3970 Domini,
2776 3906 3202 3975 desinebantque
3221 3905 3465 3971 credere,
3495 3907 3574 3960 sic

1980 4000 2242 4072 paulatim
2270 4006 2487 4054 ostensa
2516 4005 2600 4052 est
2633 4004 2689 4051 et
2726 3997 3027 4067 segregatio
3053 3995 3473 4065 praedicatorum
3501 3996 3570 4052 ab

1981 4093 2079 4148 eis.
2117 4090 2253 4146 Nam
2285 4099 2341 4145 et
2374 4088 2700 4144 vestimenta
2722 4102 2819 4142 sua
2842 4094 2899 4142 et
2923 4087 3121 4158 pedum
3161 4085 3439 4158 pulverem
3477 4100 3573 4143 ex-

1982 4194 2270 4244 cusserunt
2303 4185 2358 4241 in
2399 4198 2526 4251 eos;
2570 4182 2929 4254 adimplentes
2961 4189 3291 4254 praeceptum
3333 4179 3568 4247 Domini,

1981 4279 2073 4351 qui
2101 4277 2390 4349 discipulos
2425 4276 2495 4332 ad
2521 4275 2925 4348 praedicandum
2949 4275 3190 4342 mittens,
3221 4273 3298 4329 ait
3322 4287 3338 4326 :
3365 4271 3438 4326 Et
3455 4272 3572 4342 qui-

1980 4388 2182 4444 cunque
2221 4387 2329 4426 non
2363 4370 2611 4441 receperit
2649 4385 2764 4436 vos,
2805 4385 2897 4424 nec
2935 4369 3164 4424 audierit
3189 4381 3452 4423 sermones
3479 4381 3567 4421 ve-

1979 4476 2156 4532 stros;
2195 4471 2440 4519 exeuntes
2478 4461 2624 4532 foras
2661 4461 2725 4515 de
2759 4461 2917 4516 domo
2954 4461 3034 4516 vel
3071 4460 3308 4524 civitate,
3345 4457 3572 4512 excutite

1897 4570 1951 4630 D
1975 4560 2235 4636 pulverem
2264 4559 2329 4613 de
2357 4557 2572 4630 pedibus
2599 4557 2802 4613 vestris.
2845 4557 3010 4612 Amen
3035 4555 3150 4610 dico
3179 4553 3343 4619 vobis,
3371 4549 3564 4606 tolera-

1979 4654 2132 4710 bilius
2170 4652 2267 4706 erit
2305 4660 2459 4705 terra:
2512 4647 2862 4704 Sodomorum
2907 4657 2957 4703 et
2998 4643 3459 4700 Gomorrlueorum
3508 4642 3564 4696 in

1975 4747 2060 4801 die
2083 4743 2299 4816 judicii,
2330 4757 2488 4814 quam
2525 4740 2605 4794 illi
2646 4740 2860 4795 civitati.
2897 4737 3181 4793 Pulverem
3213 4749 3345 4790 vero
3372 4733 3440 4789 de
3470 4748 3566 4803 pe-

1977 4839 2132 4895 dibus
2155 4836 2417 4906 jubentur
2443 4843 2702 4890 excutere
2727 4833 2780 4887 in
2820 4829 3186 4887 testimonium
3216 4826 3418 4883 laboris
3452 4827 3562 4894 sui,

1974 4932 2118 5004 quod
2144 4927 2371 5001 ingressi
2396 4935 2521 4984 sunt
2541 4927 2833 4990 civitatem,
2857 4931 2914 4978 et
2929 4921 3242 4993 praedicatio
3266 4918 3557 4993 apostolica

1975 5025 2042 5080 ad
2078 5024 2198 5079 illos
2233 5035 2402 5091 usque
2439 5017 2768 5091 pervenerit.
2809 5015 2935 5072 Sive
2977 5015 3251 5071 excutitur
3289 5013 3467 5085 pulvis
3499 5018 3562 5066 ut

1973 5120 2110 5180 nihil
2135 5120 2203 5176 ab
2230 5118 2310 5176 eis
2340 5116 2628 5188 accipiant,
2657 5129 2725 5170 ne
2747 5111 2814 5167 ad
2841 5111 3044 5168 victum
3068 5111 3286 5184 quidem
3310 5123 3562 5166 necessa-

1637 5243 1912 5305 BALUZII
1950 5246 2182 5305 NOTIE.

345 5346 371 5374 ι
399 5333 528 5389 Sine
555 5335 702 5406 prius
740 5335 976 5391 saturari
998 5335 1160 5406 filios.
1191 5335 1370 5392 Verba
1398 5335 1601 5392 Christi
1637 5347 1765 5393 sunt
1799 5339 1869 5395 ad

271 5405 565 5462 mulierem
591 5405 972 5462 Chananaeam.
1000 5405 1132 5462 Hoc
1161 5415 1342 5462 autem
1383 5409 1529 5462 inter
1553 5417 1749 5465 caetera
1779 5426 1868 5466 ar—

272 5485 533 5549 gumento
567 5493 699 5534 usus
735 5487 818 5533 est
852 5479 940 5533 ille
971 5480 1063 5548 qui
1097 5486 1328 5534 exeunte
1363 5487 1640 5549 postremo
1668 5481 1866 5536 saeculo

273 5549 457 5603 theses
495 5549 678 5603 emisit
738 5551 792 5604 in
825 5550 1122 5621 publicum,
1159 5558 1218 5603 ut
1248 5551 1560 5605 ostenderet
1610 5553 1866 5609 mulieres

273 5637 379 5676 non
426 5635 549 5675 esse
588 5620 853 5676 homines.
888 5620 1041 5688 Quod
1080 5621 1200 5676 ideo
1242 5622 1416 5675 visum
1459 5630 1544 5675 est
1581 5624 1862 5690 adnotare,

272 5701 333 5764 ut
368 5691 639 5764 intelligat
665 5691 840 5747 lector
867 5708 973 5747 non
1001 5703 1117 5747 tum
1157 5693 1388 5762 primum
1415 5692 1670 5764 agitatam
1697 5694 1865 5751 fuisse

271 5762 416 5818 hanc
451 5762 840 5833 quaestionem,
879 5777 1054 5834 neque
1091 5764 1257 5818 animi
1296 5762 1504 5819 tantum
1539 5766 1733 5834 gratia,
1767 5766 1864 5821 sed

272 5835 419 5890 serio
455 5835 794 5908 propositam
833 5835 900 5894 ab
937 5836 1192 5908 episcopo
1233 5835 1468 5908 quodam
1497 5835 1774 5895 Gallicano
1803 5837 1862 5898 in

1973 5343 2180 5416 synodo
2225 5339 2607 5416 Matisconensi
2653 5352 2793 5393 anno
2827 5337 3023 5416 §§5__nt
3053 5335 3348 5416 Gregorius
3387 5335 3560 5392 Turo-

1969 5407 2156 5469 nensis
2180 5422 2369 5468 narrat
2397 5413 2490 5465 lib.
2513 5425 2634 5474 vm,
2675 5424 2796 5479 cap.
2823 5409 2894 5464 20
2918 5407 3554 5464 Historize’Francorum.

2043 5485 2070 5524 ι)
2103 5484 2208 5538 Titi
2227 5482 2389 5538 Iusti.
2423 5480 2539 5535 Vox
2563 5479 2707 5535 Iusti
2728 5498 2835 5537 non
2867 5487 3047 5538 exstat
3077 5479 3134 5533 in
3161 5479 3348 5534 codice
3371 5494 3558 5534 manu-

1969 5555 2191 5626 scripto.
2221 5555 2351 5626 Eam
2371 5559 2576 5626 _ta_men
2607 5551 2772 5626 habet
2801 5550 3274 5626 EditiogMassoni,
3299 5566 3418 5626 qua:
3446 5549 3555 5604 Titi

1967 5622 2189 5690 nomen,
2207 5625 2349 5695 quod
2371 5623 2602 5695 habetur
2623 5625 2678 5679 in
2701 5625 2869 5680 veteri
2892 5624 3100 5695 codice,
3117 5622 3320 5695 omisit.
3342 5622 3556 5695 Utrum-

1967 5713 2074 5769 que
2097 5691 2626 5769 autein_vocabulum
2654 5703 2839 5752 exstat
2867 5697 2970 5769 hoc
2993 5694 3112 5749 loco
3141 5693 3196 5747 in
3234 5691 3385 5748 Actis
3416 5691 3556 5763 Apo-

1969 5766 2253 5824 stolorum.
2285 5766 2472 5838 Itaque
2496 5767 2822 5826 retinuimus
2853 5767 2925 5823 ob
2946 5781 3066 5824 eam
3102 5779 3321 5821 causam
3348 5769 3557 5818 utrum-

1971 5853 2096 5910 que.
