4088 6344
529 386 594 448 οι
1498 382 1557 438 s.
1596 372 1947 439 AGOBARDI
1985 352 2291 435 Episeorr
2329 352 2818 440 LUCDUNENSIS
3739 394 3810 451 ω

530 507 693 573 rium,
725 470 818 578 qui
845 502 1198 576 Evangelium
1229 499 1553 572 spreverint.
1594 488 1688 554 Sic
1708 497 1852 553 enim
1883 512 1913 551 a
1941 495 2121 550 docto-
2145 480 2199 557 Α
2223 494 2390 549 rimos
2417 510 2482 549 ex
2505 490 2607 549 loci
2646 488 2790 550 illius
2816 484 3008 551 incolis
3034 484 3239 551 Christi
3292 476 3418 553 ﬁdei
3459 497 3773 575 subiugatus
3793 548 3807 574 ,

529 599 681 655 ribus
726 599 1014 670 exponitur
1059 595 1307 652 excussio
1351 588 1627 665 pulveris,
1680 608 1789 646 non
1839 588 2012 646 solum
2059 588 2115 643 in

529 691 840 764 Evangelio,
870 692 961 747 ubi
992 690 1326 763 praecipitur,
1362 686 1456 744 sed
1486 695 1541 744 et
1567 688 1623 742 in
1645 682 1869 741 Actibus
1897 692 2112 755 aposto-

529 780 729 849 lorum,
755 780 843 837 ubi
869 782 1169 853 perﬁcitur.

600 876 733 930 Xlll.
774 876 842 930 Et
864 876 986 930 inde
1012 873 1258 945 estquod
1289 873 1342 928 in
1366 870 1556 944 primis
1581 868 1801 942 quidem
1828 911 1842 936 ,
1899 868 2116 940 quando

527 969 795 1040 segregati
832 975 965 1022 sunt
987 967 1039 1020 iu
1068 982 1203 1037 Opus
1245 965 1440 1020 Paulus
1470 972 1522 1017 ct
1551 962 1843 1022 Barnabas,
1876 976 1974 1032 per
2007 961 2116 1015 sin-

525 1059 679 1131 gulas
705 1059 952 1113 civitates
981 1057 1231 1128 leguntur
1272 1056 1503 1109 intrasse
1547 1067 1847 1123 synagogas
1899 1049 2113 1105 JUtl‘JlO-

524 1169 668 1218 rum,
702 1161 757 1207 et
786 1152 1027 1206 sabbatis
1068 1150 1375 1221 disputasse
1417 1149 1482 1203 de
1511 1162 1674 1219 regno
1704 1144 1797 1200 Dei
1825 1188 1838 1213 ,
1888 1146 1940 1201 id
1996 1153 2110 1210 est,

523 1245 740 1316 quando
771 1244 1012 1299 collecta)
1050 1242 1255 1297 ﬁebant
1282 1234 1610 1296 Judgeorum.
1664 1236 1720 1293 lu
1751 1238 1987 1293 secunda
2027 1254 2116 1291 au-

521 1345 634 1395 tem
682 1338 1099 1395 circumcisione
1135 1333 1262 1409 [F.,
1322 1330 1723 1404 circumitione]
1757 1348 1865 1411 per.
1903 1329 2145 1401 singula.

521 1433 720 1490 iterum
757 1434 874 1488 loca
902 1420 1098 1486 Paulus
1131 1439 1183 1485 et
1222 1429 1362 1485 Silas
1392 1428 1643 1499 leguntur
1666 1425 1905 1496 suscepti
1934 1440 2055 1479 esse
2084 1440 2115 1478 a

518 1522 801 1589 fratribus,
830 1534 884 1579 et
928 1522 1196 1579 mansisse
1218 1521 1357 1591 apud
1388 1520 1601 1573 fratres.
1640 1516 1794 1572 Unde
1833 1514 1886 1571 et
1929 1533 2118 1571 ascen-

519 1615 775 1672 dentibus
826 1617 992 1672 Paulo
1040 1625 1095 1672 et
1129 1616 1292 1671 sociis
1352 1611 1468 1681 ejus
1506 1608 1881 1675 Hierusalem,
1938 1610 2117 1664 ierunt

518 1723 645 1764 cum
665 1709 745 1764 eis
766 1709 931 1779 aliqui
959 1723 1025 1763 ex
1048 1706 1329 1778 discipulis
1359 1722 1389 1759 a
1421 1704 1691 1769 Ctesarea,
1724 1716 1750 1742 α
1784 1700 2113 1757 deducentes

516 1815 724 1867 secum,
758 1810 819 1856 ut
869 1801 1298 1872 hospitarentur,
1337 1797 1651 1852 Mnasonem
1694 1795 1982 1866 quemdam
2011 1793 2115 1866 Cy-

513 1894 696 1965 prium
717 1894 1000 1964 antiquum
1025 1892 1372 1962 discipulum.
1404 1890 1471 1944 Et
1512 1904 1637 1945 cum
1670 1886 1947 1944 venissent
1990 1886 2113 1943 Ilie-

514 1987 866 2058 rosolymam,
889 1993 1223 2056 exceperunt
1249 2000 1343 2039 eos
1373 1974 1587 2037 fratres.

582 2077 722 2132 XIV.
765 2079 938 2149 Atque
991 2078 1150 2133 istius
1211 2074 1410 2145 regula}
1481 2072 1876 2128 districtionem
1928 2078 2113 2128 servat

512 2169 711 2241 ubique
742 2171 848 2226 Vas
880 2170 1183 2235 electionis,
1222 2179 1277 2223 et
1308 2167 1567 2239 magister
1595 2166 1833 2237 gentium
1861 2165 2061 2219 Paulus
2094 2183 2106 2220 :

511 2264 654 2334 quod
682 2262 928 2333 diligenti
953 2261 1150 2331 cuique
1202 2259 1414 2323 lectori,
1458 2257 1540 2313 vel
1573 2257 1806 2311 auditori
1836 2254 1995 2310 facile
2027 2258 2111 2310 est

511 2368 579 2410 ex
609 2355 741 2424 ipsis
771 2355 937 2425 gestis
963 2351 1078 2422 ejus
1119 2367 1435 2424 agnoscere.
1469 2348 1713 2419 Denique
1744 2355 1798 2403 et
1828 2349 1883 2403 in
1912 2346 2112 2418 Philip-

510 2447 597 2520 pis
622 2447 1120 2516 cumpriedicaret,
1156 2462 1258 2501 nee
1297 2445 1350 2500 in
1388 2444 1606 2498 domum
1637 2442 1817 2514 Lydiae
1845 2457 2111 2512 purpura-

510 2540 626 2606 riae,
667 2540 795 2595 licet
815 2539 1044 2596 colentis
1069 2530 1258 2605 Deum,
1292 2538 1550 2592 introisse
1587 2528 1805 2604 legitur,
1834 2540 1925 2589 aut
1952 2550 2107 2588 man-

508 2631 671 2697 sisse,
704 2631 853 2700 prius
874 2646 1038 2701 quam
1065 2646 1188 2685 cum
1216 2630 1362 2684 omni
1413 2630 1573 2683 domo
1597 2644 1694 2683 sua
1748 2628 1801 2682 iu
1832 2626 2109 2683 Christum

507 2725 738 2780 credens
760 2725 1131 2795 baptizaretur
1156 2743 1168 2776 :
1212 2738 1314 2778 nec
1346 2722 1401 2776 in
1432 2722 1577 2776 illius
1601 2721 1856 2776 similiter
1887 2720 2107 2776 domum

506 2817 599 2886 qui
628 2825 810 2871 custos
838 2824 957 2870 erat
979 2814 1221 2869 carceris
1270 2816 1548 2883 ingressus
1577 2822 1682 2877 est,
1716 2819 1811 2865 aut
1855 2810 2107 2865 humani-

508 2910 637 2964 tatis
668 2908 783 2977 ejus
808 2908 1085 2978 obsequiis
1108 2923 1240 2963 usus
1270 2915 1354 2962 est
1372 2949 1387 2973 ,
1436 2907 1608 2961 donec
1632 2904 1797 2961 etiam
1838 2904 1956 2975 ipse
1980 2919 2104 2958 ere-

511 2999 649 3056 dens
672 3000 923 3066 Domino,
948 3015 1072 3055 cum
1102 3000 1248 3055 omni
1280 3000 1440 3053 domo
1454 3014 1549 3053 sua
1565 2998 1890 3068 baptizatus,
1914 2995 2109 3069 dignus

507 3088 666 3147 ﬁeret
694 3099 904 3145 tantum
957 3091 1261 3161 apostolum
1308 3092 1512 3146 habere
1535 3089 1843 3144 convivam.
1890 3087 1996 3143 Sed
2050 3098 2106 3144 et

504 3199 633 3240 cum
658 3184 897 3240 venisset
922 3183 1148 3256 Tyrum,
1165 3200 1272 3238 non
1303 3183 1409 3238 nisi
1440 3199 1563 3238 cum
1590 3182 1871 3252 discipulis
1894 3190 2105 3254 septem

2215 600 2279 640 ac
2312 582 2502 639 salutis
2532 602 2642 640 sure
2686 585 2939 640 nuntium
2968 585 3270 643 innumeris
3298 586 3813 665 honeribuspr‘os’e-

2215 686 2389 734 culos.
2422 678 2488 732 Et
2516 677 2631 743 lucc
2659 676 2881 749 quidem
2929 674 2997 735 ab
3024 680 3268 753 apostolo
3299 676 3465 738 Paulo
3490 682 3566 740 ita
3594 678 3814 745 censtal

2215 785 2335 826 CSSC
2361 779 2596 826 servata.

2286 862 2401 919 XV.
2446 861 2502 918 Si
2533 861 2653 934 quis
2684 879 2814 919 vero
2870 862 2926 919 et
2959 858 3222 936 principis
3248 867 3617 937 apostolorum
3662 871 3814 929 Petri

2215 963 2365 1027 gesta
2388 952 2716 1021 consideret,
2747 956 2949 1011 videbit
2979 958 3141 1012 etiam
3168 959 3468 1031 ingressum
3498 962 3676 1034 ipsum
3717 966 3816 1021 ali-

2216 1048 2432 1118 quando
2460 1046 2528 1102 ad
2560 1047 2895 1114 Cornelium,
2920 1056 2974 1105 et
2994 1067 3089 1106 eos
3110 1052 3200 1122 qui
3230 1068 3351 1108 cum
3399 1053 3516 1126 ipso
3546 1056 3814 1128 aderant,

2215 1156 2322 1195 non
2357 1140 2507 1211 prius
2535 1140 2673 1211 apud
2721 1141 2839 1197 illos
2869 1140 3135 1198 mansisse
3171 1148 3259 1198 aut
3292 1148 3566 1218 accepisse
3593 1148 3815 1218 cibum,

2216 1248 2378 1303 quam
2409 1220 2595 1287 sancio
2628 1232 2833 1304 Spiritu
2884 1234 3096 1305 repleti,
3129 1242 3182 1291 et
3222 1236 3278 1291 i'n
3329 1237 3531 1295 Christi
3591 1242 3819 1298 nomine

2214 1322 2500 1394 baptizati,
2534 1325 2771 1381 ﬁdelium
2794 1327 2939 1396 digni
2967 1327 3161 1384 ﬁerent
3181 1331 3430 1385 convictu
3461 1336 3515 1387 et
3533 1334 3815 1391 societate.

2218 1415 2399 1471 Sedet
2429 1417 2569 1488 apud
2616 1406 2843 1489 Joppen,
2879 1419 2933 1473 iti
2964 1420 3123 1475 domo
3172 1420 3348 1477 ﬁdelis
3401 1423 3683 1492 cujusdam
3723 1424 3818 1481 Si-

2214 1511 2393 1565 monis
2424 1510 2645 1566 coriarii
2668 1504 3029 1583 liospitatum,
3085 1517 3419 1571 esurientem
3453 1527 3670 1589 gustare
3722 1537 3822 1576 v0-

2215 1599 2402 1669 luisse,
2429 1603 2517 1658 ubi
2551 1608 2605 1658 et
2637 1620 2732 1659 vas
2756 1604 2981 1661 linteum
3008 1604 3225 1677 plenum
3257 1607 3490 1665 diversis
3520 1612 3821 1669 animanti-

2213 1694 2315 1749 bus
2344 1695 2555 1750 emlitus
2578 1696 2854 1768 delapsum
2900 1696 3049 1763 vidit,
3086 1700 3224 1756 facta
3251 1702 3315 1756 ad
3346 1719 3405 1758 se
3439 1720 3570 1760 voce
3597 1725 3607 1759 :
3648 1706 3812 1773 Quod

2215 1785 2358 1841 Deus
2391 1788 2682 1855 mandavit,
2713 1799 2769 1843 tu
2802 1808 2865 1845 ne
2915 1810 3186 1847 commune
3217 1794 3435 1849 dixeris.
3484 1794 3596 1852 l'loc
3633 1809 3819 1854 autem

2139 1858 2187 1935 Β
2212 1896 2312 1951 per
2342 1885 2426 1936 ter
2454 1881 2657 1936 factum
2689 1888 2810 1938 esse
2848 1890 3127 1950 narratur,
3152 1882 3211 1939 at
3242 1900 3338 1956 per
3392 1886 3552 1943 ﬁdem
3610 1894 3820 1946 sancta}

2216 1972 2521 2041 Trinitatis,
2546 1976 2866 2029 cunctarum
2892 1976 3131 2046 gentium
3157 1976 3336 2031 futura
3362 1978 3645 2035 mundatio
3676 1992 3821 2052 pra:-

2214 2064 2561 2136 siguaretur,
2620 2065 2778 2121 sicuti
2824 2065 3147 2139 jampridem
3199 2070 3457 2141 apostolis
3496 2086 3526 2127 a
3582 2072 3821 2132 Domino

2213 2167 2545 2229 prmceptum
2572 2158 2770 2225 fuerat,
2802 2166 2861 2214 'ut
2887 2168 3077 2215 euntes
3106 2160 3366 2217 docerent
3389 2174 3580 2219 omnes
3603 2174 3815 2236 gentes,

2212 2246 2554 2320 baptizantcs
2583 2268 2678 2306 eos
2730 2252 2783 2305 in
2817 2253 3036 2308 nomine
3086 2244 3281 2320 Patris,
3320 2262 3375 2311 et
3404 2254 3550 2323 Filii,
3585 2266 3639 2313 et
3692 2257 3819 2331 Spi—

2212 2342 2351 2397 ritus
2398 2345 2592 2399 s::ncti.
2622 2343 2779 2399 Tales
2803 2360 2933 2417 ergo
2960 2344 3075 2415 jam
3112 2352 3270 2401 erant
3321 2356 3375 2403 et
3419 2348 3647 2420 gentiles
3701 2349 3813 2416 illi,

2212 2436 2520 2502 credentes,
2552 2437 2813 2507 baptizati
2865 2448 2918 2491 et
2975 2439 3251 2503 mundati;
3298 2452 3422 2493 cum
3465 2440 3695 2511 quibus,
3747 2457 3818 2495 ne

2212 2528 2716 2583 seaudalizarentur
2770 2529 2824 2583 bi
2855 2530 2947 2600 qui
3005 2545 3071 2584 ex
3101 2527 3523 2585 circumcisione
3569 2533 3820 2588 credide-

2165 2630 2173 2637 ‘
2211 2626 2352 2683 rant,
2386 2620 2490 2675 illis
2518 2622 2833 2676 absentibus
2874 2621 3088 2688 edebat,
3119 2623 3475 2692 praesentibus
3501 2625 3665 2680 edere
3703 2625 3821 2681 dis-

2211 2710 2520 2767 simulabat.
2558 2713 2660 2768 Ubi
2688 2720 2742 2768 et
2767 2710 2897 2767 illud
2943 2708 3177 2768 ﬁdeliter
3221 2714 3680 2771 considerdndum
3733 2726 3821 2772 est

2209 2799 2354 2875 quod
2385 2805 2429 2860 si
2462 2804 2585 2861 talis
2612 2820 2675 2861 ac
2708 2814 2892 2861 tantus
2914 2806 3221 2877 apostolus,
3267 2823 3335 2863 ne
3364 2805 3576 2863 Judreos
3627 2807 3817 2864 ﬁdeles

2211 2896 2632 2964 scandalizaret,
2666 2897 2759 2968 qui
2782 2897 2957 2953 adhuc
2980 2896 3288 2953 carnalibus
3318 2898 3450 2970 legis
3474 2899 3818 2956 observatio-

2208 2992 2368 3047 nibus
2419 2994 2742 3062 utebantur,
2793 3010 2824 3049 a
2865 2996 3149 3067 gentilium
3198 2992 3436 3053 ﬁdelium
3467 3010 3525 3054 sc
3563 2999 3817 3055 convivio

2207 3087 2581 3155 subtrahebat,
2613 3105 2681 3144 ne
2704 3098 2894 3145 contra
2923 3106 3154 3157 morem,
3197 3086 3405 3149 scilicet
3458 3088 3768 3148 Judreorum
3797 3136 3811 3160 ,

2208 3181 2487 3237 videretur
2516 3196 2699 3251 agere,
2731 3194 2853 3237 cum
2881 3184 3131 3254 gentibus
3153 3184 3526 3250 ‘convivando;
3558 3200 3666 3257 quo
3694 3194 3811 3241 stu-

506 3276 771 3334 scribitur
798 3248 1066 3332 mansisse
1093 3248 1303 3331 dielms.
1340 3274 1603 3330 Similiter
1650 3280 1831 3329 autem
1859 3283 1914 3328 et
1962 3273 2105 3344 apud
2132 3248 2180 3315 CI
2213 3275 2301 3330 dio
2330 3273 2623 3329 Christiani
2653 3291 2798 3329 nunc
2817 3289 2848 3330 a
2870 3277 3123 3331 convictu
3175 3292 3233 3332 se
3263 3276 3464 3332 debent
3488 3276 3814 3335 subtrahere

508 3365 815 3423 Caesaream
843 3367 897 3421 in
920 3365 1080 3422 domo
1101 3367 1333 3437 Philippi
1357 3366 1725 3438 evangelista},
1765 3365 1852 3421 cui
1876 3374 2107 3436 quatuor

502 3467 664 3516 erant
691 3460 814 3515 ﬁliae
845 3460 1086 3531 virgines
1114 3460 1507 3532 prepbetautes
1532 3502 1546 3526 ,
1594 3459 1833 3529 hospitio
1887 3459 2106 3516 functus

505 3568 631 3609 esse
678 3560 1034 3617 memoratur,
1059 3552 1148 3605 ubi
1180 3560 1235 3606 et
1262 3567 1361 3622 per
1414 3551 1754 3621 aliquantum
1810 3551 2070 3621 temporis
2090 3592 2105 3618 ,

507 3664 632 3705 eum
660 3651 911 3704 custodia
939 3651 1278 3706 detineretur
1304 3690 1317 3714 ,
1370 3649 1455 3704 sui
1486 3647 1561 3703 illi
1602 3645 1979 3702 tantummodo
2034 3643 2107 3700 le-

503 3749 708 3811 guntur
735 3742 1096 3799 ministrasse.
1121 3742 1277 3813 Apud
1301 3742 1559 3797 Sidonem
1599 3756 1814 3811 quoque
1869 3740 2108 3796 humane

506 3838 774 3889 tractatus
801 3851 833 3888 a
861 3834 1006 3890 Julio
1038 3835 1385 3901 centurione,
1413 3836 1480 3889 ad
1505 3834 1708 3889 amicos
1732 3830 2106 3891 tantummodo

504 3925 742 3980 refertur
765 3927 875 3982 isse
895 3969 909 3992 ,
935 3928 1028 3999 qui
1062 3937 1221 3984 erant
1249 3929 1439 3998 utique
1471 3928 1681 3993 ﬁdeles,
1712 3935 1768 3981 et
1807 3928 1890 3983 sui
1919 3944 2107 3983 curam

506 4016 700 4086 egisse.
732 4016 971 4089 Itemque
986 4036 1107 4075 cum
1130 4022 1369 4076 venisset
1394 4020 1654 4087 Puteolis,
1679 4010 1867 4076 diebus
1895 4030 2105 4091 septem

508 4111 650 4180 apud
680 4110 881 4168 fratres
934 4116 1200 4172 mansisse
1253 4117 1592 4186 perhibetur.
1648 4116 1705 4169 In
1754 4116 1872 4186 ipsa
1922 4124 2104 4171 autem

507 4202 680 4259 Roma
726 4206 951 4263 biennio
988 4210 1041 4263 in
1072 4226 1169 4265 suo
1218 4210 1495 4266 habitasse
1549 4211 1837 4266 conducto.
1893 4209 2001 4266 Sed
2052 4217 2117 4265 et

506 4310 726 4367 semper
748 4307 858 4353 tam
888 4301 991 4370 ipsi
1018 4317 1178 4371 quam
1210 4302 1297 4357 bis
1332 4304 1424 4373 qui
1455 4318 1641 4357 secum
1671 4308 1862 4369 erant,
1916 4318 2107 4358 neces-

506 4389 653 4443 saria
675 4407 905 4462 quzeque
929 4394 1044 4448 suis
1071 4410 1129 4448 se
1156 4394 1360 4449 fatetur
1389 4396 1640 4450 manibus
1670 4396 2008 4452 ministrare.
2038 4394 2104 4451 Et

506 4494 628 4534 cum
664 4483 805 4552 apud
835 4483 971 4539 alios
998 4486 1171 4555 prima
1202 4486 1351 4541 verbi
1372 4485 1465 4541 Dei
1494 4488 1705 4558 jaceret
1728 4488 2099 4554 fundamenta,

507 4572 576 4625 ab
602 4573 858 4630 Ecclesiis
889 4575 1128 4631 ﬁdelium
1156 4578 1433 4634 invenitur
1480 4582 1757 4653 accepisse
1810 4582 2097 4652 stipendia.

505 4661 828 4723 Necessaria
856 4684 1002 4735 vero,
1032 4685 1152 4740 qua:
1181 4670 1284 4741 ipsi
1313 4680 1369 4727 et
1407 4674 1521 4729 suis
1550 4691 1578 4728 a
1616 4684 1769 4744 patre
1800 4673 1974 4727 Publii
1999 4690 2101 4727 etc-

509 4753 747 4823 terisque
773 4758 1117 4816 Mitilineusis
1148 4761 1339 4818 insulae
1365 4765 1665 4821 cultoribus
1696 4766 1946 4835 imposita
1977 4782 2101 4820 nar-

507 4850 722 4913 rantur,
767 4850 890 4917 quis
917 4868 1027 4906 uon
1072 4854 1255 4909 videat
1293 4872 1637 4927 nequaquam
1667 4858 1735 4917 ab
1773 4855 2096 4922 inﬁdelibus,

506 4938 602 4993 sed
627 4954 655 4993 a
686 4938 950 5011 ﬁdelibus,
981 4945 1149 5003 fuisse
1171 4952 1460 5020 suscepta?
1504 4949 1639 5004 Nam
1676 4960 1727 5004 ct
1754 4957 1962 5019 patrem
1990 4946 2098 5003 Pu-

506 5030 602 5087 blii
627 5032 877 5099 salvavit,
907 5045 962 5092 et
990 5046 1168 5097 tantas
1220 5044 1361 5113 apud
1392 5043 1636 5097 eamdem
1696 5041 1925 5095 insulam
1958 5041 2102 5095 inlir-

507 5126 756 5182 mitatum
786 5133 1094 5191 curationes
1123 5137 1390 5204 exercuit,
1416 5136 1711 5191 utdubium
1746 5152 1851 5190 non
1885 5136 1954 5191 sit
1984 5134 2097 5206 plu-

2211 3365 2854 3434 illﬁdClllllllJlltltCOI‘llm,
2876 3382 2944 3422 ne
2972 3368 3220 3439 exemplo
3240 3368 3399 3438 hujus
3430 3368 3635 3425 illicitae
3656 3385 3811 3425 eom-

2209 3461 2485 3516 munionis
2502 3458 2873 3516 scandalizent
2902 3462 3079 3516 socios
3102 3466 3157 3515 et
3185 3461 3812 3532 participesChristianze

2210 3552 2510 3625 religionis,
2544 3553 2745 3626 talique
2774 3553 2916 3609 facto
2965 3554 3047 3610 vel
3086 3546 3328 3610 Judaicis
3379 3554 3670 3611 videantur
3719 3570 3812 3611 su-

2207 3648 2618 3718 perstitionibus
2652 3646 2856 3715 favere,
2885 3649 2971 3704 vel
3002 3647 3374 3706 ecclesiastica
3412 3650 3812 3706 convincantur

2211 3749 2413 3797 statuta
2446 3741 2783 3797 dissolvere?

2279 3830 2418 3889 XVI.
2466 3834 2573 3889 Sed
2590 3841 2645 3890 et
2668 3834 2696 3874 δ
2718 3836 2773 3890 in
2798 3835 2952 3890 libris
2966 3834 3260 3892 Clementis
3281 3835 3537 3893 Ecclesiae
3552 3836 3811 3893 Romana

2207 3927 2478 3999 pontiﬁcis
2507 3928 2858 3983 inveniuntur
2879 3928 3057 4000 aliqua
3085 3944 3116 3984 a
3165 3938 3633 4001 supramemorato
3661 3929 3811 4001 Apo-

2208 4021 2347 4077 stolo
2375 4020 2438 4075 de
2464 4020 2624 4092 hujus
2653 4022 2727 4076 rei
2751 4022 3131 4078 observatione
3161 4021 3327 4089 dicta,
3360 4038 3479 4093 quae
3512 4023 3563 4078 in
3591 4022 3683 4078 his
3730 4022 3813 4077 in-

2208 4130 2390 4169 serere
2448 4131 2555 4169 non
2606 4116 2964 4185 incongruum
3009 4114 3461 4177 existimavimus.
3515 4120 3651 4175 Nam
3683 4120 3813 4175 licet

2208 4205 2372 4261 iidem
2401 4206 2526 4260 libri
2546 4206 2863 4275 judicentur
2891 4211 3204 4281 apocryphi,
3239 4211 3495 4283 pleraque
3522 4220 3708 4266 tamen
3738 4227 3806 4267 ex

2207 4300 2293 4355 his
2326 4300 3016 4357 testimoniainveniuntur
3073 4321 3102 4358 a
3155 4305 3466 4361 doctoribus
3522 4313 3805 4376 usurpata.

2206 4392 2507 4447 Introducit
2528 4409 2658 4463 ergo
2680 4393 2959 4462 Clemens,
2985 4411 3107 4450 eum
3130 4392 3360 4453 necdum
3385 4405 3531 4452 esset
3553 4396 3810 4468 baptismi

2207 4482 2377 4556 gratia
2407 4485 2745 4555 puriﬁcatus,
2780 4493 2835 4540 et
2856 4485 2925 4541 ob
2944 4485 3048 4542 hoc
3077 4503 3107 4541 a
3136 4503 3323 4543 mensa
3354 4482 3498 4542 Petri
3549 4490 3674 4542 etim
3706 4501 3810 4543 cae-

2208 4577 2338 4631 teris
2366 4577 2632 4632 similibus
2654 4587 3046 4648 scquestratus,
3070 4580 3321 4635 eumdem
3359 4578 3678 4649 Apostolum
3724 4576 3807 4633 lo—

2208 4680 2463 4742 quentem
2490 4671 2591 4725 sibi
2616 4673 2700 4727 his
2730 4674 2943 4727 verbis:
2981 4693 3000 4723 ‹
3034 4672 3151 4727 Non
3187 4689 3287 4744 pro
3314 4673 3585 4744 superbia,
3615 4682 3649 4727 ο
3693 4671 3812 4728 Cle-

2208 4782 2383 4830 mens,
2411 4766 2716 4820 eouvivium
2748 4781 2853 4820 non
2876 4782 2977 4837 ago
3011 4782 3133 4821 cum
3162 4766 3248 4821 his
3272 4766 3363 4838 qui
3390 4766 3629 4821 nondum
3654 4766 3809 4836 puri-

2210 4856 2355 4912 ﬁeati
2382 4865 2524 4911 sunt.
2559 4856 2663 4912 Sed
2682 4855 2873 4912 vereor
2890 4874 2958 4913 ne
2984 4856 3124 4914 forte
3147 4859 3279 4913 mihi
3307 4858 3525 4930 quidem
3554 4871 3809 4921 noceam,

2209 4949 2342 5020 ipsis
2369 4958 2547 5004 autem
2574 4948 2707 5003 nihil
2731 4951 2956 5020 prosim.
2989 4971 3007 5003 ι
3056 4949 3125 5006 Et
3172 4951 3332 5023 paulo
3389 4959 3549 5023 post:
3583 4969 3601 5001 ‹
3638 4949 3811 5005 Nemo

2208 5056 2339 5117 ergo
2360 5049 2599 5095 vestrum
2628 5043 3002 5110 contristetur,
3026 5044 3123 5110 ait,
3155 5059 3187 5099 a
3234 5044 3484 5099 convivio
3514 5051 3701 5098 nostro
3728 5057 3813 5097 sc-

2205 5144 2447 5206 paratus.
2476 5135 2653 5192 Parvo
2689 5138 2836 5192 enim
2874 5146 3118 5209 tempore
3149 5142 3526 5209 sequestratur
3576 5132 3668 5207 qui
3699 5137 3812 5191 cito

1859 5240 2137 5305 BALUZH
2178 5244 2415 5307 NOTAE.

576 5368 603 5395 ι
634 5354 958 5416 Deducentes
994 5378 1188 5418 secmn.
1241 5364 1297 5418 In
1355 5362 1475 5417 cod.
1531 5379 1633 5417 ms.
1686 5363 1773 5417 hic
1826 5363 1976 5417 locus
2024 5364 2103 5419 ita

504 5426 705 5505 legitur
728 5447 741 5482 :
767 5430 1089 5505 {traducentes
1111 5434 1251 5505 apud
1280 5428 1669 5505 hospitarentur
1689 5434 1961 5499 Iasonem,
1990 5445 2095 5490 etc.

505 5497 614 5554 Pro
634 5515 741 5570 quo
772 5502 1055 5559 Massonus
1083 5497 1291 5560 edidit:
1322 5497 1645 5560 Déducenles
1673 5523 1867 5569 secum,
1906 5497 1959 5559 ut
2001 5509 2099 5559 lto-

504 5573 827 5647 spitarentur
858 5573 1031 5647 Mnus.
1078 5576 1184 5630 Sed
1230 5576 1283 5629 in
1332 5576 1483 5632 Actis
1530 5577 1936 5647 Apostolorum,
1976 5594 2096 5647 cap.

503 5657 619 5707 nr,
649 5644 882 5721 legitur:
914 5645 1237 5721 Adducentes
1264 5664 1460 5721 secum,
1511 5644 1650 5719 npiul
1681 5666 1832 5721 quem
1869 5644 2101 5718 hospita-

506 5726 701 5787 remur,
739 5716 1069 5771 Mnasonem.
1100 5717 1285 5787 Itaque
1323 5716 1583 5775 Actorum
1616 5716 1941 5776 auctoritate
1966 5716 2104 5774 ‘eoua

506 5786 784 5861 stituimus
835 5787 1126 5861 lectionem
1167 5786 1287 5861 quae
1338 5807 1484 5848 nunc
1529 5800 1710 5859 exstat
1758 5793 1815 5847 in
1861 5792 2102 5850 editione

505 5870 732 5927 operum
756 5858 1050 5931 Agobardi.
1108 5904 1113 5909 .

2279 5365 2306 5405 ι)
2331 5364 2400 5420 In
2422 5364 2568 5419 libris
2593 5363 2897 5431 Clementis,
2929 5360 3186 5419 nimirum
3215 5364 3271 5419 in
3298 5362 3406 5418 ﬁne
3432 5358 3554 5418 libri
3583 5362 3811 5417 secundi

2205 5436 2679 5507 Recognitionum.
2716 5436 2781 5491 Et
2810 5436 3158 5507 manifestum
3191 5443 3276 5491 est
3294 5433 3651 5507 existimasse
3674 5433 3814 5506 Ago-

2204 5506 2433 5563 bardum
2490 5508 2631 5563 hanc
2680 5508 2980 5564 Clementis
3035 5506 3468 5562 lucubrationem
3514 5521 3637 5560 esse
3687 5520 3814 5576 apo-

2202 5579 2482 5649 crypbam.
2531 5579 2719 5649 itaque
2764 5578 2984 5649 dubium
3040 5596 3148 5634 non
3192 5586 3276 5634 est
3325 5578 3454 5649 quin
3505 5576 3809 5649 secundum

2202 5645 2475 5719 agonum
2504 5645 2834 5704 sententiam
2858 5648 3207 5706 ltincrarium
3247 5645 3390 5704 beati
3421 5647 3592 5719 Petri,
3624 5663 3656 5719 a
3685 5645 3812 5719 Cle-

2205 5717 2388 5774 mente
2417 5723 2699 5793 scriptum,
2734 5718 2862 5775 illud
2896 5722 3072 5793 ipsum
3098 5738 3234 5792 opus
3278 5722 3351 5774 sit
3390 5718 3535 5789 quod
3563 5718 3673 5793 sub
3703 5717 3811 5793 Re:-

2208 5793 2580 5864 eognitionum
2629 5792 2786 5847 titulo
2839 5789 2981 5864 nunc
3027 5789 3242 5864 quoque
3282 5794 3463 5846 exstat
3504 5808 3515 5846 :
3560 5789 3616 5846 id
3662 5789 3810 5863 quod

2216 5810 2580 5846 [‘tl'lllthItlltll
2629 5810 2786 5847 lltlll0
2839 5810 2981 5848 nunc
3027 5810 3242 5864 quoque
3282 5810 3404 5846 CXSl

2216 5810 2545 5919 Be‘llarmino
2574 5864 2740 5920 etiam
2777 5862 3058 5936 probabile
3085 5865 3265 5921 visum
3298 5872 3404 5920 est.
