4088 6344
279 424 356 485 ss
566 450 571 455 ι
1352 422 1442 481 nr.
1476 416 1783 481 JUDAICIS
1825 408 2509 487 sursusniromsus.
3501 438 3573 501 9;

276 542 519 603 voluerit
539 538 827 615 baptizari,
852 537 1027 595 multo
1054 549 1236 596 autem
1266 542 1358 613 qui
1381 540 1608 597 tardius.
1634 542 1703 598 Et
1752 541 1874 597 ideo
1900 543 1955 605 Α
1976 543 2178 603 ludatis
2202 546 2421 618 quidem
2462 548 2777 619 incredulis,
2808 550 2954 609 inter
2996 569 3133 625 quos
3174 554 3529 618 morabantur
3556 603 3572 632 ,

277 641 335 697 in
367 634 520 693 vobis
550 644 636 691 est
684 634 902 706 quando
946 632 1125 689 velitis
1174 635 1244 690 ad
1298 644 1541 691 nostram
1584 637 1877 692 convenire

275 745 550 795 mensam,
573 736 628 783 et
647 743 752 781 non
778 728 831 781 in
856 727 1035 790 nobis,
1068 728 1269 798 quibus
1296 728 1621 798 permissum
1644 745 1750 783 non
1794 738 1877 785 est

272 844 498 887 sumere
526 841 653 881 cum
679 825 860 896 aliquo
884 824 1096 890 cibum,
1128 824 1231 880 nisi
1260 825 1411 895 prius
1447 825 1605 879 fuerit
1642 826 1877 896 baptiza-

271 931 384 978 tus.
418 942 437 974 ι
481 920 608 976 Hcec
647 919 714 974 de
754 919 971 988 scriptis
997 918 1291 975 Clementis
1316 921 1621 975 necessario
1645 937 1675 974 a
1719 922 1877 977 nobis

268 1017 492 1091 prolata
522 1015 652 1081 sint,
686 1010 991 1071 volentibus
1032 1014 1308 1070 evidenter
1336 1015 1621 1070 ostendere
1650 1016 1718 1070 ab
1748 1032 1875 1087 apo-

269 1112 433 1168 stolis
464 1111 719 1166 traditam
751 1108 912 1178 hujus
957 1110 1036 1164 rei
1074 1110 1509 1179 antiquissimam
1538 1111 1875 1166 observatio-

266 1220 422 1261 nem.
455 1204 594 1259 Vera
619 1202 765 1258 enim
791 1211 847 1257 et
872 1202 973 1257 ista
997 1202 1241 1257 ducenda
1294 1211 1438 1269 sunt,
1468 1212 1611 1259 eteo
1639 1205 1875 1262 maxime

269 1313 383 1369 quo
398 1298 469 1352 ab
481 1296 791 1369 apostolicis
805 1296 1017 1352 actibus
1040 1296 1093 1351 in
1115 1295 1260 1351 nullo
1275 1296 1525 1353 videntur
1538 1298 1870 1369 discrepare.

351 1388 512 1444 XVII.
553 1389 637 1443 An
670 1387 892 1459 putandi
915 1397 1043 1443 sunt
1066 1388 1221 1443 electi
1249 1388 1451 1444 Christi
1493 1391 1723 1460 apostoli
1749 1406 1873 1445 eum

267 1478 476 1536 Judmis
500 1480 804 1536 inﬁdelibus
834 1496 1181 1536 communem
1205 1483 1410 1537 habere
1448 1483 1685 1539 voluisse
1722 1500 1874 1539 men-

219 1640 235 1651 ν
269 1587 416 1635 sam,
445 1579 538 1626 aut
558 1572 797 1642 potuisse
819 1588 942 1627 eum
975 1571 1057 1627 eis
1081 1580 1294 1643 gratum
1316 1574 1625 1628 convivium
1649 1574 1866 1640 ducere,

232 1656 239 1659 ’
268 1661 340 1718 de
366 1663 561 1733 quibus
585 1664 850 1735 magister
881 1663 1124 1733 gentium
1148 1663 1348 1719 Paulus
1384 1664 1873 1719 Thessalonicensi-

268 1755 378 1810 bus
409 1756 481 1810 ita
504 1754 776 1826 loquitur:
817 1753 919 1810 Vos
946 1757 1086 1810 enim
1109 1757 1399 1812 imitatores
1433 1757 1561 1825 facti
1590 1759 1732 1819 estis,
1760 1757 1871 1826 fra-

264 1855 398 1911 tres,
432 1844 792 1901 Ecclesiarum
824 1845 925 1901 Dei
945 1865 1063 1918 qua:
1114 1858 1235 1901 sunt
1265 1848 1321 1902 in
1348 1846 1543 1902 Juda’a
1583 1849 1639 1901 in
1662 1846 1869 1901 Christo

261 1937 429 2003 Jesu;
458 1937 585 2008 quia
632 1937 816 1992 eadem
867 1939 1011 2009 passi
1055 1939 1178 1993 estis
1222 1949 1271 1993 et
1299 1957 1387 1994 vos
1431 1957 1464 1993 a
1494 1938 1871 1994 contribulibus

262 2032 475 2097 vestris,
498 2033 637 2087 sicut
672 2041 719 2087 et
747 2032 849 2103 ipsi
880 2051 912 2087 a
946 2031 1175 2099 Iudicis,
1205 2034 1295 2105 qui
1340 2042 1388 2087 et
1419 2032 1705 2088 Dominum
1729 2033 1869 2087 occi-

261 2125 459 2180 derunt
482 2124 691 2192 Iesum,
716 2135 767 2181 et
821 2127 1124 2198 prophetas,
1153 2136 1201 2181 et
1234 2144 1327 2182 nos
1364 2127 1622 2197 persecuti
1650 2135 1791 2191 sunt,
1821 2134 1871 2180 et

259 2217 375 2275 Deo
404 2236 512 2274 non
542 2219 773 2290 placent,
801 2229 848 2274 et
873 2221 1115 2276 omnibus
1146 2220 1446 2276 hominibus
1490 2222 1867 2288 adversantur,

258 2312 595 2383 prohibentes
628 2329 723 2367 nos
770 2314 1006 2383 gentibus
1036 2312 1181 2385 loqui
1207 2330 1270 2368 ne
1291 2313 1450 2369 salute
1478 2314 1634 2383 ﬁant,
1672 2324 1727 2368 ut
1765 2316 1867 2368 im-

257 2402 438 2474 pleant
473 2415 690 2474 peccata
705 2422 801 2459 sua
817 2422 1039 2474 semper,
1056 2408 1285 2476 pervenit
1304 2417 1479 2461 autem
1493 2407 1573 2460 ira
1591 2406 1689 2461 Dei
1714 2424 1871 2477 super

265 2494 388 2551 illos
412 2514 580 2569 usque
599 2499 653 2552 in
676 2499 857 2568 ﬁnem.
883 2498 1019 2554 Cum
1044 2500 1243 2556 talibus
1265 2517 1396 2572 ergo
1419 2500 1576 2572 (quos
1595 2502 1869 2557 occisuros

263 2586 391 2644 Iesu
421 2597 478 2644 et
505 2591 913 2661 prophetarum,
935 2599 1316 2662 persecutores
1340 2593 1727 2662 apostolorum,
1758 2593 1869 2649 Deo

270 2699 381 2739 non
412 2683 983 2754 placentes,omnibus
996 2685 1304 2740 hominibus
1335 2687 1709 2752 adversantes,
1739 2703 1865 2756 pec-

266 2783 391 2832 cata
409 2791 505 2831 sua
519 2792 740 2848 semper
753 2778 1037 2847 intplcntes
1050 2786 1101 2833 et
1118 2778 1218 2833 sub
1240 2777 1319 2833 ira
1335 2779 1427 2833 Dei
1446 2794 1618 2848 usque
1633 2779 1685 2832 in
1705 2779 1867 2833 ﬁnem

264 2868 444 2922 saeculi
469 2868 893 2938 gementes,Vas
913 2868 1194 2925 electionis
1229 2870 1484 2942 appellat)
1513 2870 1596 2924 vel
1635 2870 1866 2940 apostoli

264 2964 521 3019 credendi
555 2972 683 3020 sunt
712 2977 739 3005 α
765 2980 1053 3021 commune
1096 2965 1352 3021 habuisse
1392 2965 1698 3020 convivium
1724 3007 1742 3031 ,
1782 2964 1869 3023 vel

259 3051 508 3109 ﬁdelium
539 3056 770 3125 quisque
801 3054 929 3109 illud
953 3054 1115 3110 debet
1144 3055 1379 3110 retinere
1403 3054 1778 3110 consortium?

331 3142 519 3198 XV’lll.
564 3145 765 3200 Verum
786 3145 1043 3215 quoniam
1061 3144 1429 3201 Ecclesiarum
1451 3161 1571 3215 qua:
1600 3146 1653 3199 in
1679 3142 1865 3201 Judaea

251 3245 417 3292 erant
440 3237 496 3291 in
524 3235 762 3302 Christo,
800 3237 853 3291 id
880 3246 985 3303 est,
1008 3252 1198 3292 eorum
1226 3238 1319 3308 qui
1345 3252 1413 3292 es
1452 3236 1655 3293 Judaeis
1684 3237 1863 3292 credi-

1979 653 2153 708 ncque
2181 641 2450 711 expetisse
2479 640 2681 712 aliquid
2715 660 2889 716 neque
2919 644 3196 719 accepisse
3228 648 3569 721 referuntur,

1979 730 2046 784 ab
2076 730 2161 785 his
2198 749 2327 787 vero
2353 734 2443 803 qui
2472 751 2533 789 ex
2566 735 2816 807 gentibus
2847 737 2915 793 ad
2960 736 3119 795 [idem
3154 739 3360 798 Christi
3406 760 3574 801 vene-

1979 828 2124 890 rant,
2151 841 2218 880 ne
2231 841 2323 881 eos
2346 828 2600 893 ministri,
2627 828 2927 887 oblationes
2950 832 3185 888 ﬁdelium
3210 835 3570 906 pertulerunt.

1977 915 2095 972 Jam
2124 919 2269 973 enim
2300 928 2511 991 tempus
2542 921 2782 979 instabat
2806 933 2866 979 ut
2888 925 3160 981 diceretur
3191 928 3437 986 ﬁdelibus
3458 948 3573 987 om-

1978 1008 2156 1077 nibus,
2188 1010 2251 1065 de
2276 1014 2528 1071 omnibus
2558 1016 2791 1073 inimicis
2819 1014 2942 1074 lidei
2985 1019 3310 1078 CliriSIianm
3334 1040 3347 1078 :
3373 1024 3437 1080 Si
3457 1027 3572 1099 quis

1975 1101 2113 1155 venit
2144 1101 2213 1154 ad
2245 1119 2334 1156 vos
2359 1113 2405 1157 et
2427 1105 2562 1159 hanc
2597 1107 2889 1162 doctrinam
2916 1128 3017 1165 non
3048 1111 3222 1181 a/fcrt,
3250 1115 3408 1169 nolite
3438 1118 3597 1171 rcci-‘

1975 1204 2094 1258 pere
2118 1206 2235 1242 eum
2270 1190 2323 1243 in
2345 1189 2577 1255 domum,
2606 1203 2653 1246 et
2679 1193 2783 1248 Ave
2805 1194 2887 1248 illi
2908 1196 3069 1251 nolite
3098 1199 3287 1254 dicere.
3307 1200 3410 1268 Qui
3433 1205 3569 1258 enim

1975 1281 2100 1335 dicit
2121 1281 2201 1335 illi
2226 1281 2349 1348 Ave,
2382 1287 2729 1340 communicat
2759 1289 3004 1358 operibus
3035 1292 3151 1361 ejus
3176 1293 3440 1365 malignis.
3474 1295 3571 1352 Se-

1977 1376 2211 1429 cundum
2239 1390 2401 1444 quam
2425 1380 2771 1446 sententiam,
2804 1381 2851 1435 si
2878 1381 2926 1437 is
2952 1384 3044 1454 qui
3072 1384 3178 1439 Ave
3201 1386 3277 1440 illi
3319 1387 3454 1444 dicit
3479 1392 3571 1460 qui

1974 1481 2005 1520 a
2027 1467 2269 1522 doctrina
2300 1469 2591 1538 apostolica
2620 1473 2836 1528 exsistit
2855 1474 3086 1542 alienus,
3108 1480 3477 1536 communicat
3502 1482 3571 1537 ab

1973 1558 2225 1630 Oper-ibus
2276 1560 2394 1629 ejus
2453 1563 2741 1633 malignis,
2800 1575 3004 1637 quanto
3052 1570 3284 1641 amplius
3332 1568 3569 1629 Iudaica:

1973 1653 2338 1707 communicat
2396 1654 2753 1726 malignitati,
2811 1660 2904 1729 qui
2959 1674 3084 1716 cum
3148 1663 3236 1719 his
3286 1678 3574 1722 commune

1972 1743 2135 1797 etiam
2157 1745 2464 1800 convivium
2492 1749 2767 1804 celebrat?

2044 1834 2185 1890 XIX.
2228 1837 2295 1891 Et
2322 1838 2517 1902 adhuc,
2544 1850 2602 1894 ut
2624 1842 2691 1895 ab
2717 1842 3570 1912 inquinationibusluereticorum

1898 1926 1947 1986 B
1974 1931 2059 1986 vel
2093 1930 2399 1988 Judteorum
2454 1934 2749 1991 Christiani
2806 1937 2999 1994 ﬁerent
3028 1943 3321 2008 cautiores,
3354 1944 3569 2001 diceba-

1975 2030 2063 2078 tur
2109 2024 2219 2079 imo
2246 2034 2300 2081 et
2331 2041 2546 2098 semper
2600 2028 2800 2085 dicitur
2853 2032 2932 2087 eis
2962 2046 2977 2085 :
3009 2031 3356 2103 Charissimi,
3416 2039 3572 2094 nolit:

1974 2118 2115 2172 omni
2142 2120 2354 2190 spiritui
2392 2121 2622 2187 credere,
2660 2123 2751 2176 sed
2792 2124 3005 2193 probate
3046 2127 3259 2197 spiritus
3280 2130 3326 2183 si
3371 2147 3437 2184 ex
3463 2130 3574 2185 Deo

1972 2209 2072 2263 sint
2091 2227 2110 2275 ς
2132 2212 2381 2282 quoniam
2413 2212 2567 2266 multi
2592 2214 3053 2286 pseudoprophetw
3081 2218 3314 2273 exierunt
3338 2221 3393 2275 in
3419 2237 3575 2277 mun-

1972 2302 2116 2356 dum.
2151 2301 2217 2356 In
2244 2304 2340 2359 hoc
2367 2307 2697 2375 cognoscitur
2727 2306 2959 2378 Spiritus
2986 2309 3103 2365 Dei.
3136 2310 3320 2367 Omnis
3357 2315 3575 2386 spiritus

1970 2394 2058 2464 qui
2092 2393 2370 2463 conﬁtetur
2393 2394 2578 2450 Iesum
2627 2395 2896 2452 Christum
2935 2401 2990 2455 in
3037 2420 3197 2457 carne
3231 2406 3432 2460 venisse
3456 2448 3471 2473 ,
3512 2424 3577 2464 ea:

1970 2486 2080 2540 Deo
2109 2500 2216 2553 est;
2265 2500 2312 2543 et
2343 2491 2509 2545 omnis
2554 2492 2767 2562 spiritus
2822 2494 2914 2564 qui
2956 2495 3103 2549 solvit
3132 2496 3316 2551 Iesum
3356 2515 3420 2553 ex
3464 2499 3575 2554 Deo

1972 2592 2073 2631 non
2108 2588 2179 2631 est
2206 2596 2224 2640 ;
2252 2590 2308 2632 et
2335 2581 2418 2633 hic
2464 2594 2539 2634 est
2582 2581 2954 2639 Antichristus.
2987 2585 3228 2656 Itemque
3284 2590 3356 2644 ibi
3383 2607 3396 2642 ε
3439 2589 3574 2656 Quis

1970 2670 2107 2723 enim
2130 2680 2206 2724 est
2230 2671 2479 2737 mendax,
2512 2673 2614 2728 nisi
2635 2674 2682 2728 is
2701 2677 2790 2746 qui
2819 2686 2973 2746 negat
3010 2679 3260 2748 quoniam
3290 2681 3447 2736 Iesus
3469 2699 3571 2736 non

1969 2770 2045 2840 est
2065 2758 2347 2817 Christus?
2382 2761 2487 2817 Hic
2513 2773 2586 2818 est
2630 2763 3003 2832 Antichristus,
3036 2770 3127 2840 qui
3172 2780 3324 2841 negat
3357 2770 3573 2827 Patrem

1968 2859 2016 2905 et
2050 2849 2271 2906 Filium.
2325 2852 2508 2908 Omnis
2533 2855 2623 2927 qui
2656 2867 2806 2927 negat
2850 2857 2897 2910 F
2901 2858 3076 2925 ilium,
3107 2877 3199 2915 nec
3227 2859 3443 2917 Patrem
3480 2865 3570 2918 ha-

1970 2942 2084 3009 bet;
2127 2945 2217 3015 qui
2249 2946 2530 3016 conﬁtetur
2565 2946 2799 3016 Filium,
2832 2960 2879 3005 et
2906 2951 3119 3007 Patrem
3140 2954 3311 3010 habet.
3342 2954 3421 3012 Ex
3454 2957 3574 3029 qui-

1968 3034 2071 3091 bus
2100 3037 2281 3093 verbis
2303 3038 2708 3096 evidentissime
2738 3040 3052 3098 declaratur
3078 3060 3183 3101 non
3212 3046 3388 3103 solum
3415 3060 3569 3106 men-

1971 3129 2133 3185 daces
2164 3130 2255 3185 sed
2282 3140 2336 3186 et
2360 3132 2728 3190 Antichristos
2771 3150 2890 3191 esse
2918 3134 3151 3204 Iudaeos,
3186 3140 3425 3210 quicum
3472 3158 3571 3198 ne-

1968 3226 2097 3294 gent
2132 3222 2352 3291 Filium,
2384 3224 2586 3281 frustra
2609 3228 2937 3285 confitentur
2961 3230 3209 3299 Patrem;
3248 3248 3357 3289 non
3385 3243 3565 3289 autem

250 3328 480 3395 derant,
507 3328 640 3384 fecit
654 3300 943 3399 Apostolus
970 3300 1333 3396 mentionem;
1379 3329 1674 3384 videndum
1700 3330 1865 3386 etiam
1893 3300 1941 3365 Ο
1971 3314 2293 3371 “umentes
2323 3315 2518 3371 Filium
2538 3358 2552 3384 ν
2604 3334 2704 3374 nec
2748 3319 2965 3375 Patrem
3005 3322 3207 3379 habere
3251 3335 3566 3395 ηιθτθηῑυη

254 3422 329 3478 de
370 3422 510 3486 illis,
538 3431 717 3477 utrum
752 3432 807 3478 et
834 3423 935 3493 ipsi
973 3423 1091 3478 haec
1117 3423 1262 3478 inter
1287 3438 1415 3478 suos
1439 3423 1605 3493 positi
1651 3424 1862 3478 contri-

251 3512 417 3570 bules
443 3514 815 3569 observarent.
866 3515 934 3570 Et
972 3514 1134 3571 facile
1184 3515 1288 3571 hoc
1340 3531 1405 3570 ex
1460 3516 1642 3570 verbis
1684 3517 1862 3571 sancti

252 3607 418 3664 Luca:
435 3624 730 3680 possumus
750 3625 1077 3681 agnoscere;
1127 3612 1323 3681 quibus
1349 3611 1423 3665 ait
1453 3630 1466 3665 :
1499 3610 1859 3666 Multitudinis

250 3711 431 3755 autem
460 3701 788 3756 credentium
823 3712 936 3758 erat
980 3720 1073 3756 cor
1100 3712 1148 3758 et
1174 3704 1351 3757 animo
1383 3720 1489 3757 una
1514 3744 1529 3769 ,
1581 3721 1673 3758 nec
1712 3704 1859 3775 quis-

246 3809 409 3864 quam
440 3794 633 3848 horum
653 3794 859 3866 aliquid
890 3806 1042 3851 suum
1065 3795 1288 3858 dicebat,
1312 3797 1401 3850 sed
1434 3805 1585 3852 erant
1610 3797 1716 3852 illis
1741 3815 1856 3853 om-

250 3885 341 3939 nia
364 3887 692 3940 communia.
723 3885 788 3941 Et
818 3886 979 3957 paulo
1004 3898 1127 3957 post
1154 3906 1166 3941 :
1202 3886 1489 3958 Quotquot,
1516 3889 1709 3958 inquit,
1737 3907 1859 3961 pos-

248 3990 481 4029 sessores
502 3975 784 4031 domorum
812 3987 905 4031 aut
954 3995 1226 4048 agrorum,
1257 3979 1531 4034 uendentes
1564 3981 1856 4050 a/ferebant

246 4069 418 4138 pretia
445 4085 628 4122 eorum
654 4087 773 4140 qua:
797 4070 1106 4137 vendebant,
1138 4081 1186 4125 et
1235 4073 1492 4143 ponebant
1526 4084 1646 4127 ante
1696 4076 1853 4145 pedes

247 4160 630 4234 apostolorum.
660 4163 1007 4219 Dividebatur
1033 4174 1210 4220 autem
1259 4166 1504 4237 singulis,
1536 4177 1690 4238 prout
1739 4170 1854 4223 cui-

246 4269 349 4324 que
388 4271 522 4325 opus
550 4264 684 4309 erat.
711 4255 778 4310 Et
806 4263 929 4326 post
957 4256 1137 4327 aliqua
1167 4273 1385 4312 rursum
1435 4259 1541 4312 ait:
1580 4258 1647 4311 Et
1700 4267 1851 4314 erant

242 4361 424 4401 omnes
476 4348 802 4402 unanimiter
837 4349 891 4403 in
932 4350 1135 4419 porticu
1165 4349 1488 4405 Salomonis.
1524 4350 1850 4406 therorum

242 4448 421 4493 autem
454 4454 607 4493 nemo
635 4439 864 4495 audebat
908 4458 963 4495 se
989 4441 1305 4511 conjungere
1332 4440 1461 4506 illis,
1486 4442 1577 4495 sed
1603 4439 1848 4513 ‘magni~

241 4530 439 4600 ﬁcabat
481 4548 568 4586 eos
603 4532 847 4602 populus.
902 4532 1090 4603 Neque
1137 4533 1303 4603 igitur
1330 4548 1678 4589 communem
1722 4549 1847 4589 cum

241 4625 321 4681 eis
350 4624 629 4681 ducebant
660 4625 882 4691 victum,
917 4642 1041 4683 eum
1069 4626 1271 4696 quibus
1322 4641 1428 4681 non
1462 4626 1735 4681 habebant
1781 4642 1851 4681 ne

241 4731 535 4772 commune
569 4717 792 4788 quidem
848 4719 1202 4774 habitationis
1247 4719 1605 4775 consortium.
1654 4720 1849 4775 Omnia

239 4823 372 4865 vero
391 4825 517 4879 qua:
567 4810 701 4881 ipsis
750 4819 907 4866 erant
935 4814 1249 4868 communia
1276 4855 1293 4881 ,
1335 4829 1444 4869 non
1489 4814 1851 4883 undecunque

240 4901 494 4971 quaesita,
525 4901 622 4956 sed
659 4917 726 4957 ex
755 4902 869 4958 sola
925 4902 1163 4958 ﬁdelium
1213 4903 1428 4960 fuerant
1464 4904 1773 4960 conlatione
1795 4913 1848 4959 et

238 4994 519 5049 oblatione
553 5002 824 5066 suscepta.
860 4994 968 5050 Sed
1017 5004 1074 5051 et
1105 4996 1160 5052 in
1226 4998 1465 5052 maxima
1524 4997 1849 5053 necessitate

142 5166 147 5171 η
238 5086 403 5146 famis
427 5098 555 5160 quae
596 5089 625 5130 δ
661 5091 763 5146 sub
788 5089 1016 5148 Claudio
1058 5092 1202 5149 facta
1230 5104 1355 5150 esse
1399 5103 1767 5159 memoratur,
1815 5111 1846 5150 a

1968 3424 2132 3481 super
2188 3411 2369 3466 omnia
2420 3426 2549 3468 vero
2574 3412 2775 3478 Jesuui,
2813 3417 2905 3489 qui
2934 3432 3001 3472 ex
3040 3415 3209 3474 Maria
3245 3420 3457 3493 virgine
3486 3434 3570 3479 or-
3609 3442 3618 3451 ’

1967 3507 2058 3556 tus
2086 3509 2187 3568 est,
2217 3501 2494 3558 Christum
2523 3518 2640 3560 esse
2680 3517 2941 3577 negantes
2962 3550 2975 3574 ,
3005 3506 3327 3567 Antichristi
3376 3512 3477 3568 sibi
3509 3522 3567 3571 et

1964 3610 2161 3651 nomen
2201 3597 2407 3668 pariter
2435 3607 2489 3653 et
2526 3599 2800 3670 eloquium
2849 3602 3215 3659 vindicarunt.
3255 3604 3390 3661 Nam
3440 3606 3571 3678 quid

1962 3689 2107 3745 aliud
2133 3690 2503 3748 Antichristns
2529 3692 2772 3749 dicturus
2814 3704 2925 3761 est,
2974 3697 3075 3751 nisi
3107 3695 3291 3753 Iesum
3349 3699 3568 3771 quidem

1961 3799 2069 3839 non
2094 3782 2259 3840 ﬁnisse
2284 3782 2584 3853 Christum,
2611 3803 2671 3843 se
2694 3796 2875 3844 autem
2908 3805 3028 3845 esse
3073 3791 3217 3861 quod
3255 3790 3345 3847 ille
3399 3793 3567 3848 veluti

1959 3878 2099 3935 falso
2129 3881 2367 3936 creditus
2397 3881 2592 3936 fuerit?
2622 3883 2679 3937 In
2712 3883 2819 3938 hoc
2853 3898 2985 3955 ergo
3032 3885 3146 3940 solo
3171 3884 3570 3956 bluSphemiam

1958 3969 2266 4025 Iudaeorum
2296 3980 2518 4041 superat
2547 3970 2917 4029 Antichristus
2937 4015 2951 4039 ,
3002 3974 3146 4043 quod
3177 3989 3237 4029 se
3282 3977 3567 4045 prmsumit

1958 4082 2273 4138 nuncupare
2301 4067 2596 4122 Christum.
2628 4067 2684 4122 in
2727 4067 2829 4123 hoc
2861 4072 3038 4123 autem
3060 4066 3230 4123 Judaei
3256 4069 3559 4141 nequitiam

1958 4159 2292 4231 aequiparant
2330 4158 2681 4226 Antichristi,
2709 4158 2852 4231 quod
2882 4159 3064 4217 losum
3115 4177 3315 4233 negare
3366 4164 3569 4219 audent

1957 4251 2125 4307 fuisse
2164 4250 2462 4307 Christum.
2519 4250 2577 4306 In
2634 4260 2843 4306 tantum
2892 4248 3058 4323 igitur
3105 4253 3455 4319 Antichristi,
3509 4253 3564 4307 in

1956 4353 2219 4417 quantum
2247 4346 2596 4417 blasphemia:
2627 4346 2865 4417 ipsorum
2890 4346 3241 4418 blasphemiis
3263 4352 3565 4402 consonant

1954 4441 2294 4495 Antichristi.
2321 4441 2452 4508 Quis
2476 4449 2655 4495 autem
2679 4456 2801 4496 cum
2825 4440 3161 4498 Antichristo
3191 4450 3433 4496 mensam
3462 4440 3559 4495 ha-

1953 4532 2079 4588 beat
2100 4540 2532 4597 communem,et
2555 4532 2771 4587 Christo
2794 4548 2851 4588 se
2875 4542 3082 4590 asserat
3110 4548 3329 4590 servare
3358 4532 3560 4589 fidem?

1954 4625 2062 4681 Aut
2102 4626 2222 4697 quis
2251 4641 2357 4681 non
2401 4625 2636 4681 libenter
2665 4642 2853 4682 eorum
2908 4626 3083 4697 fugiat
3137 4627 3557 4695 necessitatem,

1955 4735 2091 4789 quos
2113 4732 2271 4773 suum
2301 4716 2481 4772 videat
2509 4716 2886 4788 blasphemare
2918 4717 3290 4772 Salvatorem?
3319 4726 3375 4773 et
3433 4719 3555 4789 qui-

1953 4812 2056 4867 bus
2080 4812 2253 4880 ipsum
2289 4809 2608 4866 terribiliter
2637 4811 2821 4867 audiat
2853 4808 3263 4865 denuntiantem
3292 4828 3303 4863 :
3349 4808 3438 4865 Va:
3462 4811 3556 4865 tibi

1954 4901 2255 4967 Corozaim,
2280 4918 2357 4956 va:
2387 4902 2481 4956 tibi
2512 4900 2837 4967 Bethsaida;
2885 4902 3008 4973 quia
3035 4899 3081 4954 si
3107 4901 3163 4955 in
3194 4899 3331 4973 Tyro
3362 4912 3411 4957 et
3458 4902 3550 4959 Si-

1952 4995 2086 5049 done
2116 4995 2272 5063 faeta:
2319 5004 2485 5048 essent
2514 4995 2729 5049 virtutes
2769 5006 2886 5065 qua:
2931 4992 3087 5062 facite
3125 5003 3247 5048 sunt
3278 4994 3331 5048 in
3378 4993 3553 5063 vobis,

1952 5090 2077 5145 olim
2114 5091 2169 5144 in
2194 5090 2366 5144 cinere
2393 5100 2441 5144 et
2464 5089 2519 5144 in
2556 5088 2727 5145 cilicio
2761 5087 3117 5159 paenitentiam
3166 5089 3409 5144 e"issent.
3457 5085 3562 5147 Ve-

1614 5189 1888 5245 BALUZII
1926 5184 2161 5243 NOTAE.

308 5290 336 5319 ι
369 5276 663 5332 Commune
693 5279 935 5336 habuisse
965 5284 1273 5338 convivium.
1310 5282 1388 5338 Ita
1428 5282 1607 5336 visum
1637 5288 1722 5337 est
1755 5283 1840 5338 edi

237 5348 443 5406 debere
490 5364 592 5419 pro
617 5365 682 5420 eo
705 5352 846 5420 quod
893 5353 1061 5409 editio
1092 5355 1326 5409 Massoni
1362 5355 1527 5409 habet
1570 5370 1845 5407 commune

237 5422 437 5476 cat-isse
484 5418 794 5477 convivium.
834 5421 964 5477 Nam
1008 5426 1065 5479 in
1107 5426 1293 5481 codice
1342 5440 1445 5480 ms.
1497 5424 1578 5480 sic
1615 5423 1843 5479 omnino

239 5494 507 5565 scriptum
535 5499 638 5558 est,
669 5493 749 5547 vel
789 5496 1010 5565 apostoli
1048 5496 1319 5551 credendis
1365 5512 1636 5550 commune
1670 5497 1844 5549 anisse

237 5564 533 5639 convivium
562 5578 582 5615 :
614 5579 682 5619 ex
728 5564 834 5636 qua
884 5568 1182 5639 scriptione
1226 5568 1612 5624 constituimus
1657 5582 1843 5623 veram

239 5632 559 5690 lectionem.

312 5706 338 5745 δ
368 5704 757 5781 SubElaudjo.
786 5708 956 5781 Hujus
986 5710 1144 5766 famis
1184 5711 1437 5781 meminit
1480 5710 1747 5766 Eusebius
1786 5710 1841 5766 in

239 5775 383 5851 libro
408 5792 446 5851 ιι
488 5774 628 5833 liist.
672 5774 994 5851 Eccl.,cap.
1027 5782 1082 5848 8,
1117 5780 1254 5837 etin
1283 5782 1573 5848 Chronico,
1606 5783 1694 5837 ubi
1719 5797 1841 5837 eam

240 5850 544 5924 contigisse
589 5852 797 5924 ait,_ut
846 5850 1080 5908 Baronio
1137 5853 1336 5919 visum,
1383 5863 1577 5924 quarto
1625 5852 1844 5924 imperii

241 5918 457 5979 Claudii
482 5920 718 5995 Augusti
755 5938 917 5980 anno.
960 5925 1164 5984 Verum
1206 5926 1265 5982 in
1310 5918 1583 5983 Chronico
1624 5918 1846 5984 Eusebii

1950 5279 2086 5336 nihil
2118 5278 2187 5334 de
2226 5292 2371 5351 anno
2394 5293 2502 5347 quo
2539 5276 2835 5351 famesiillai
2846 5279 3107 5351 contigit.
3142 5278 3232 5333 Ait
3261 5280 3408 5335 enim
3442 5289 3558 5336 tan-

1953 5349 2580 5423 tuquuemadntodum
2617 5357 2672 5403 et
2715 5350 2768 5403 in
2818 5349 3081 5423 Historia,
3111 5367 3230 5423 eam
3261 5352 3558 5423 contigisse

1951 5423 2053 5478 sub
2072 5420 2317 5476 Claudio.
2345 5420 2523 5487 Quare
2543 5434 2828 5490 perperam
2850 5420 2952 5477 hoc
2975 5422 3093 5477 loco
3117 5420 3556 5477 Eusebium'cor-

1952 5495 2080 5566 rigit
2117 5492 2416 5566 B‘aronius:
2463 5491 2556 5559 qui
2586 5507 2706 5545 eam
2754 5493 3209 5566 fameurrevocat
3250 5493 3552 5566 adsecun-

1953 5562 2080 5620 dum
2108 5562 2320 5619 Claudii
2348 5576 2569 5621 annum,
2604 5566 2927 5621 auctoritate
2956 5564 3144 5620 Dionis
3172 5564 3370 5618 Cassii.
3402 5563 3555 5620 lose-

1949 5639 2092 5707 phus
2162 5643 2352 5707 tamen
2417 5630 2661 5706 Scaliger
2724 5638 2777 5691 in
2841 5635 3418 5691 Auitnadversionihus
3483 5636 3550 5692 ad

1951 5704 2261 5763 Chronicon
2314 5704 2533 5761 Eusebii
2574 5704 2871 5763 existimat
2915 5722 3039 5763 eam
3096 5707 3346 5762 evenisse
3403 5720 3550 5762 anno

1950 5775 2329 5850 mundi2061,
2362 5776 2465 5833 hoc
2495 5785 2599 5841 est,
2630 5795 2774 5837 anno
2818 5780 3009 5850 quinto
3050 5780 3352 5850 imperante
3394 5776 3553 5833 Clau-

1951 5849 2057 5905 dio.
2100 5847 2359 5924 Nostrum
2385 5865 2495 5908 non
2537 5858 2623 5911 est
2664 5847 2994 5924 componere
3041 5847 3183 5907 hanc
3220 5850 3375 5907 litem
3404 5850 3548 5905 inter

1951 5927 2136 5980 tantos
2157 5920 2328 5979 viros.
