  <div class='ocr_page' id='page_1' title='image "/cluster/home/n/w/nwhite01/storage/ocr_20150623/104/hvd.32044015466824/053.png"; bbox 0 0 4088 6344; ppageno 0'>
   <div class='ocr_carea' id='block_1_1' title="bbox 473 363 3748 438">
    <p class='ocr_par' dir='ltr' id='par_1_1' title="bbox 473 363 3748 438">
     <span class='ocr_line' id='line_1_1' title="bbox 473 363 3748 438; baseline -0.006 0"><span class='ocrx_word' id='word_1_1' title='bbox 473 379 546 438; x_wconf 81' lang='lat'><strong><em>95</em></strong></span> <span class='ocrx_word' id='word_1_2' title='bbox 1453 372 1512 430; x_wconf 89' lang='lat' dir='ltr'><strong><em>S.</em></strong></span> <span class='ocrx_word' id='word_1_3' title='bbox 1551 369 1905 430; x_wconf 77' lang='lat' dir='ltr'><strong><em>AGOBARDI</em></strong></span> <span class='ocrx_word' id='word_1_4' title='bbox 1945 363 2256 424; x_wconf 83' lang='lat' dir='ltr'><strong><em>EPISCOPI</em></strong></span> <span class='ocrx_word' id='word_1_5' title='bbox 2294 365 2780 425; x_wconf 85' lang='lat' dir='ltr'><strong><em>LUGDUNENSIS</em></strong></span> <span class='ocrx_word' id='word_1_6' title='bbox 3675 369 3748 429; x_wconf 84' lang='lat'><strong>96</strong></span> 
     </span>
    </p>
   </div>
   <div class='ocr_carea' id='block_1_2' title="bbox 469 481 3750 564">
    <p class='ocr_par' dir='ltr' id='par_1_2' title="bbox 469 481 3750 564">
     <span class='ocr_line' id='line_1_2' title="bbox 469 481 3750 564; baseline -0.003 -11"><span class='ocrx_word' id='word_1_7' title='bbox 469 503 770 554; x_wconf 87' lang='lat' dir='ltr'><strong><em>rumtamen</em></strong></span> <span class='ocrx_word' id='word_1_8' title='bbox 811 495 929 551; x_wconf 88' lang='lat' dir='ltr'><strong><em>dico</em></strong></span> <span class='ocrx_word' id='word_1_9' title='bbox 961 494 1128 562; x_wconf 86' lang='lat' dir='ltr'><strong><em>vobis,</em></strong></span> <span class='ocrx_word' id='word_1_10' title='bbox 1159 491 1298 564; x_wconf 79' lang='lat' dir='ltr'><strong><em>Tyro</em></strong></span> <span class='ocrx_word' id='word_1_11' title='bbox 1326 500 1376 547; x_wconf 89' lang='lat' dir='ltr'><strong><em>et</em></strong></span> <span class='ocrx_word' id='word_1_12' title='bbox 1418 489 1606 548; x_wconf 88' lang='lat' dir='ltr'><strong><em>Sidoni</em></strong></span> <span class='ocrx_word' id='word_1_13' title='bbox 1646 487 1910 544; x_wconf 77' lang='lat' dir='ltr'><strong><em>remissius</em></strong></span> <span class='ocrx_word' id='word_1_14' title='bbox 1965 485 2063 539; x_wconf 90' lang='lat' dir='ltr'><strong><em>erit</em></strong></span> <span class='ocrx_word' id='word_1_15' title='bbox 2089 486 2143 547; x_wconf 82' lang='grc' dir='ltr'><strong>Α</strong></span> <span class='ocrx_word' id='word_1_16' title='bbox 2169 483 2472 549; x_wconf 89' lang='lat' dir='ltr'><strong><em>tristantes,</em></strong></span> <span class='ocrx_word' id='word_1_17' title='bbox 2497 491 2554 536; x_wconf 87' lang='lat' dir='ltr'><strong><em>et</em></strong></span> <span class='ocrx_word' id='word_1_18' title='bbox 2580 482 2700 538; x_wconf 90' lang='lat' dir='ltr'><strong><em>illos</em></strong></span> <span class='ocrx_word' id='word_1_19' title='bbox 2725 481 3088 549; x_wconf 70' lang='lat' dir='ltr'><strong><em>laetiﬁcantes,</em></strong></span> <span class='ocrx_word' id='word_1_20' title='bbox 3119 482 3551 554; x_wconf 80' lang='lat' dir='ltr'><strong><em>patriarcharum</em></strong></span> <span class='ocrx_word' id='word_1_21' title='bbox 3580 500 3750 543; x_wconf 88' lang='lat' dir='ltr'><strong><em>causa</em></strong></span> 
     </span>
    </p>
   </div>
   <div class='ocr_carea' id='block_1_3' title="bbox 469 583 2061 665">
    <p class='ocr_par' dir='ltr' id='par_1_3' title="bbox 469 583 2061 665">
     <span class='ocr_line' id='line_1_3' title="bbox 469 583 2061 665; baseline -0.008 -19"><span class='ocrx_word' id='word_1_22' title='bbox 469 608 629 665; x_wconf 87' lang='lat' dir='ltr'><strong><em>quam</em></strong></span> <span class='ocrx_word' id='word_1_23' title='bbox 658 589 798 646; x_wconf 85' lang='lat' dir='ltr'><strong><em>vobis</em></strong></span> <span class='ocrx_word' id='word_1_24' title='bbox 824 591 883 645; x_wconf 88' lang='lat' dir='ltr'><strong><em>in</em></strong></span> <span class='ocrx_word' id='word_1_25' title='bbox 924 590 1008 644; x_wconf 91' lang='lat' dir='ltr'><strong><em>die</em></strong></span> <span class='ocrx_word' id='word_1_26' title='bbox 1033 587 1251 660; x_wconf 88' lang='lat' dir='ltr'><strong><em>judicii.</em></strong></span> <span class='ocrx_word' id='word_1_27' title='bbox 1305 585 1373 640; x_wconf 91' lang='lat' dir='ltr'><strong><em>Et</em></strong></span> <span class='ocrx_word' id='word_1_28' title='bbox 1404 584 1460 640; x_wconf 89' lang='lat' dir='ltr'><strong><em>in</em></strong></span> <span class='ocrx_word' id='word_1_29' title='bbox 1498 583 1895 655; x_wconf 87' lang='lat' dir='ltr'><strong><em>Caphurnaum,</em></strong></span> <span class='ocrx_word' id='word_1_30' title='bbox 1927 597 2061 635; x_wconf 88' lang='lat' dir='ltr'><strong><em>nun-</em></strong></span> 
     </span>
    </p>
   </div>
   <div class='ocr_carea' id='block_1_4' title="bbox 469 675 2060 757">
    <p class='ocr_par' dir='ltr' id='par_1_4' title="bbox 469 675 2060 757">
     <span class='ocr_line' id='line_1_4' title="bbox 469 675 2060 757; baseline -0.008 -18"><span class='ocrx_word' id='word_1_31' title='bbox 469 685 596 757; x_wconf 97' lang='lat' dir='ltr'><strong><em>quid</em></strong></span> <span class='ocrx_word' id='word_1_32' title='bbox 620 700 781 756; x_wconf 87' lang='lat' dir='ltr'><strong><em>usque</em></strong></span> <span class='ocrx_word' id='word_1_33' title='bbox 810 684 867 737; x_wconf 90' lang='lat' dir='ltr'><strong><em>in</em></strong></span> <span class='ocrx_word' id='word_1_34' title='bbox 896 681 1081 736; x_wconf 66' lang='lat' dir='ltr'><strong><em>calum</em></strong></span> <span class='ocrx_word' id='word_1_35' title='bbox 1109 679 1463 735; x_wconf 77' lang='lat' dir='ltr'><strong><em>exaltaberis?</em></strong></span> <span class='ocrx_word' id='word_1_36' title='bbox 1511 693 1672 748; x_wconf 89' lang='lat' dir='ltr'><strong><em>usque</em></strong></span> <span class='ocrx_word' id='word_1_37' title='bbox 1695 676 1751 729; x_wconf 89' lang='lat' dir='ltr'><strong><em>in</em></strong></span> <span class='ocrx_word' id='word_1_38' title='bbox 1796 675 2060 745; x_wconf 87' lang='lat' dir='ltr'><strong><em>infernum</em></strong></span> 
     </span>
    </p>
   </div>
   <div class='ocr_carea' id='block_1_5' title="bbox 470 770 2062 843">
    <p class='ocr_par' dir='ltr' id='par_1_5' title="bbox 470 770 2062 843">
     <span class='ocr_line' id='line_1_5' title="bbox 470 770 2062 843; baseline -0.005 -10"><span class='ocrx_word' id='word_1_39' title='bbox 470 778 768 833; x_wconf 73' lang='lat' dir='ltr'><strong><em>descendas.</em></strong></span> <span class='ocrx_word' id='word_1_40' title='bbox 803 774 943 840; x_wconf 81' lang='lat' dir='ltr'><strong><em>Quia</em></strong></span> <span class='ocrx_word' id='word_1_41' title='bbox 964 775 1011 829; x_wconf 90' lang='lat' dir='ltr'><strong><em>si</em></strong></span> <span class='ocrx_word' id='word_1_42' title='bbox 1035 776 1090 828; x_wconf 90' lang='lat' dir='ltr'><strong><em>in</em></strong></span> <span class='ocrx_word' id='word_1_43' title='bbox 1116 773 1360 828; x_wconf 77' lang='lat' dir='ltr'><strong><em>Sodomis</em></strong></span> <span class='ocrx_word' id='word_1_44' title='bbox 1399 773 1555 843; x_wconf 76' lang='lat' dir='ltr'><strong><em>factre</em></strong></span> <span class='ocrx_word' id='word_1_45' title='bbox 1580 771 1799 840; x_wconf 75' lang='lat' dir='ltr'><strong><em>fuissent</em></strong></span> <span class='ocrx_word' id='word_1_46' title='bbox 1846 770 2062 825; x_wconf 78' lang='lat' dir='ltr'><strong><em>virtutes</em></strong></span> 
     </span>
    </p>
   </div>
   <div class='ocr_carea' id='block_1_6' title="bbox 470 863 2062 942">
    <p class='ocr_par' dir='ltr' id='par_1_6' title="bbox 470 863 2062 942">
     <span class='ocr_line' id='line_1_6' title="bbox 470 863 2062 942; baseline -0.003 -20"><span class='ocrx_word' id='word_1_47' title='bbox 470 887 589 942; x_wconf 72' lang='lat' dir='ltr'><strong><em>qua:</em></strong></span> <span class='ocrx_word' id='word_1_48' title='bbox 627 869 784 939; x_wconf 71' lang='lat' dir='ltr'><strong><em>facta:</em></strong></span> <span class='ocrx_word' id='word_1_49' title='bbox 813 875 933 922; x_wconf 88' lang='lat' dir='ltr'><strong><em>sunt</em></strong></span> <span class='ocrx_word' id='word_1_50' title='bbox 967 868 1022 920; x_wconf 88' lang='lat' dir='ltr'><strong><em>in</em></strong></span> <span class='ocrx_word' id='word_1_51' title='bbox 1048 876 1117 932; x_wconf 88' lang='lat' dir='ltr'><strong><em>te,</em></strong></span> <span class='ocrx_word' id='word_1_52' title='bbox 1143 866 1278 936; x_wconf 89' lang='lat' dir='ltr'><strong><em>forte</em></strong></span> <span class='ocrx_word' id='word_1_53' title='bbox 1301 866 1613 920; x_wconf 77' lang='lat' dir='ltr'><strong><em>mansissent</em></strong></span> <span class='ocrx_word' id='word_1_54' title='bbox 1634 880 1797 936; x_wconf 90' lang='lat' dir='ltr'><strong><em>usque</em></strong></span> <span class='ocrx_word' id='word_1_55' title='bbox 1831 863 1901 916; x_wconf 91' lang='lat' dir='ltr'><strong><em>ad</em></strong></span> <span class='ocrx_word' id='word_1_56' title='bbox 1925 864 2062 918; x_wconf 90' lang='lat' dir='ltr'><strong><em>hanc</em></strong></span> 
     </span>
    </p>
   </div>
   <div class='ocr_carea' id='block_1_7' title="bbox 469 954 2060 1034">
    <p class='ocr_par' dir='ltr' id='par_1_7' title="bbox 469 954 2060 1034">
     <span class='ocr_line' id='line_1_7' title="bbox 469 954 2060 1034; baseline -0.004 -19"><span class='ocrx_word' id='word_1_57' title='bbox 469 963 648 1034; x_wconf 56' lang='lat' dir='ltr'><strong><em>diem.&#39;:</em></strong></span> <span class='ocrx_word' id='word_1_58' title='bbox 663 959 1029 1016; x_wconf 85' lang='lat' dir='ltr'><strong><em>Verumtamen</em></strong></span> <span class='ocrx_word' id='word_1_59' title='bbox 1058 959 1174 1013; x_wconf 85' lang='lat' dir='ltr'><strong><em>dico</em></strong></span> <span class='ocrx_word' id='word_1_60' title='bbox 1198 958 1363 1024; x_wconf 85' lang='lat' dir='ltr'><strong><em>vobis,</em></strong></span> <span class='ocrx_word' id='word_1_61' title='bbox 1383 959 1509 1028; x_wconf 87' lang='lat' dir='ltr'><strong><em>quia</em></strong></span> <span class='ocrx_word' id='word_1_62' title='bbox 1532 967 1684 1011; x_wconf 78' lang='lat' dir='ltr'><strong><em>terra:</em></strong></span> <span class='ocrx_word' id='word_1_63' title='bbox 1713 954 2060 1010; x_wconf 86' lang='lat' dir='ltr'><strong><em>Sodomorum</em></strong></span> 
     </span>
    </p>
   </div>
   <div class='ocr_carea' id='block_1_8' title="bbox 470 1046 2058 1122">
    <p class='ocr_par' dir='ltr' id='par_1_8' title="bbox 470 1046 2058 1122">
     <span class='ocr_line' id='line_1_8' title="bbox 470 1046 2058 1122; baseline -0.003 -16"><span class='ocrx_word' id='word_1_64' title='bbox 470 1053 743 1107; x_wconf 80' lang='lat' dir='ltr'><strong><em>remissius</em></strong></span> <span class='ocrx_word' id='word_1_65' title='bbox 790 1051 888 1107; x_wconf 85' lang='lat' dir='ltr'><strong><em>erit</em></strong></span> <span class='ocrx_word' id='word_1_66' title='bbox 912 1051 968 1107; x_wconf 90' lang='lat' dir='ltr'><strong><em>in</em></strong></span> <span class='ocrx_word' id='word_1_67' title='bbox 993 1050 1079 1106; x_wconf 89' lang='lat' dir='ltr'><strong><em>die</em></strong></span> <span class='ocrx_word' id='word_1_68' title='bbox 1104 1050 1298 1122; x_wconf 83' lang='lat' dir='ltr'><strong><em>judicii</em></strong></span> <span class='ocrx_word' id='word_1_69' title='bbox 1327 1090 1342 1116; x_wconf 95' lang='lat'><strong><em>,</em></strong></span> <span class='ocrx_word' id='word_1_70' title='bbox 1385 1065 1542 1120; x_wconf 93' lang='lat' dir='ltr'><strong><em>quam</em></strong></span> <span class='ocrx_word' id='word_1_71' title='bbox 1576 1047 1669 1101; x_wconf 84' lang='lat' dir='ltr'><strong><em>tibi</em></strong></span> <span class='ocrx_word' id='word_1_72' title='bbox 1719 1046 1932 1118; x_wconf 83' lang='lat' dir='ltr'><strong><em>(Matth.</em></strong></span> <span class='ocrx_word' id='word_1_73' title='bbox 1971 1062 2058 1113; x_wconf 67' lang='grc' dir='ltr'><strong><em>ιι,</em></strong></span> 
     </span>
    </p>
   </div>
   <div class='ocr_carea' id='block_1_9' title="bbox 469 1147 697 1221">
    <p class='ocr_par' dir='ltr' id='par_1_9' title="bbox 469 1147 697 1221">
     <span class='ocr_line' id='line_1_9' title="bbox 469 1147 697 1221; baseline 0.009 -20"><span class='ocrx_word' id='word_1_74' title='bbox 469 1147 560 1215; x_wconf 74' lang='lat' dir='ltr'><strong><em>at,</em></strong></span> <span class='ocrx_word' id='word_1_75' title='bbox 584 1148 697 1221; x_wconf 77' lang='lat'><strong><em>22).</em></strong></span> 
     </span>
    </p>
   </div>
   <div class='ocr_carea' id='block_1_10' title="bbox 547 1251 2064 1332">
    <p class='ocr_par' dir='ltr' id='par_1_10' title="bbox 547 1251 2064 1332">
     <span class='ocr_line' id='line_1_10' title="bbox 547 1251 2064 1332; baseline -0.004 -14"><span class='ocrx_word' id='word_1_76' title='bbox 547 1251 990 1320; x_wconf 62' lang='lat' dir='ltr'><strong><em>XX.‘Corozaim</em></strong></span> <span class='ocrx_word' id='word_1_77' title='bbox 1011 1274 1263 1332; x_wconf 84' lang='lat' dir='ltr'><strong><em>namque,</em></strong></span> <span class='ocrx_word' id='word_1_78' title='bbox 1287 1268 1343 1316; x_wconf 92' lang='lat' dir='ltr'><strong><em>et</em></strong></span> <span class='ocrx_word' id='word_1_79' title='bbox 1363 1257 1652 1314; x_wconf 88' lang='lat' dir='ltr'><strong><em>Bethsaida</em></strong></span> <span class='ocrx_word' id='word_1_80' title='bbox 1669 1298 1684 1324; x_wconf 91' lang='lat'><strong><em>,</em></strong></span> <span class='ocrx_word' id='word_1_81' title='bbox 1743 1262 1797 1311; x_wconf 90' lang='lat' dir='ltr'><strong><em>et</em></strong></span> <span class='ocrx_word' id='word_1_82' title='bbox 1825 1255 2064 1327; x_wconf 90' lang='lat' dir='ltr'><strong><em>Caphar-</em></strong></span> 
     </span>
    </p>
   </div>
   <div class='ocr_carea' id='block_1_11' title="bbox 472 1348 2064 1420">
    <p class='ocr_par' dir='ltr' id='par_1_11' title="bbox 472 1348 2064 1420">
     <span class='ocr_line' id='line_1_11' title="bbox 472 1348 2064 1420; baseline -0.003 -12"><span class='ocrx_word' id='word_1_83' title='bbox 472 1368 662 1419; x_wconf 89' lang='lat' dir='ltr'><strong><em>naum,</em></strong></span> <span class='ocrx_word' id='word_1_84' title='bbox 700 1354 864 1410; x_wconf 88' lang='lat' dir='ltr'><strong><em>urbes</em></strong></span> <span class='ocrx_word' id='word_1_85' title='bbox 888 1353 1141 1420; x_wconf 65' lang='lat' dir='ltr'><strong><em>Galilzeaa,</em></strong></span> <span class='ocrx_word' id='word_1_86' title='bbox 1174 1352 1380 1409; x_wconf 87' lang='lat' dir='ltr'><strong><em>idcirco</em></strong></span> <span class='ocrx_word' id='word_1_87' title='bbox 1404 1367 1436 1406; x_wconf 91' lang='lat' dir='ltr'><strong><em>a</em></strong></span> <span class='ocrx_word' id='word_1_88' title='bbox 1460 1350 1740 1406; x_wconf 89' lang='lat' dir='ltr'><strong><em>Salvatore</em></strong></span> <span class='ocrx_word' id='word_1_89' title='bbox 1796 1348 2064 1420; x_wconf 79' lang='lat' dir='ltr'><strong><em>plangun-</em></strong></span> 
     </span>
    </p>
   </div>
   <div class='ocr_carea' id='block_1_12' title="bbox 472 1441 2068 1520">
    <p class='ocr_par' dir='ltr' id='par_1_12' title="bbox 472 1441 2068 1520">
     <span class='ocr_line' id='line_1_12' title="bbox 472 1441 2068 1520; baseline -0.001 -23"><span class='ocrx_word' id='word_1_90' title='bbox 472 1451 579 1510; x_wconf 93' lang='lat' dir='ltr'><strong><em>tur,</em></strong></span> <span class='ocrx_word' id='word_1_91' title='bbox 614 1445 757 1515; x_wconf 91' lang='lat' dir='ltr'><strong><em>quod</em></strong></span> <span class='ocrx_word' id='word_1_92' title='bbox 770 1454 893 1514; x_wconf 91' lang='lat' dir='ltr'><strong><em>post</em></strong></span> <span class='ocrx_word' id='word_1_93' title='bbox 910 1453 1058 1500; x_wconf 90' lang='lat' dir='ltr'><strong><em>tanta</em></strong></span> <span class='ocrx_word' id='word_1_94' title='bbox 1074 1446 1244 1515; x_wconf 87' lang='lat' dir='ltr'><strong><em>signa,</em></strong></span> <span class='ocrx_word' id='word_1_95' title='bbox 1272 1452 1433 1520; x_wconf 83' lang='lat' dir='ltr'><strong><em>atque</em></strong></span> <span class='ocrx_word' id='word_1_96' title='bbox 1458 1444 1832 1507; x_wconf 89' lang='lat' dir='ltr'><strong><em>virtutes,non</em></strong></span> <span class='ocrx_word' id='word_1_97' title='bbox 1855 1441 2068 1513; x_wconf 76' lang='lat' dir='ltr'><strong><em>egerint</em></strong></span> 
     </span>
    </p>
   </div>
   <div class='ocr_carea' id='block_1_13' title="bbox 472 1533 2061 1607">
    <p class='ocr_par' dir='ltr' id='par_1_13' title="bbox 472 1533 2061 1607">
     <span class='ocr_line' id='line_1_13' title="bbox 472 1533 2061 1607; baseline -0.001 -17"><span class='ocrx_word' id='word_1_98' title='bbox 472 1537 867 1605; x_wconf 70' lang='lat' dir='ltr'><strong><em>paenitentiam.</em></strong></span> <span class='ocrx_word' id='word_1_99' title='bbox 885 1538 1252 1595; x_wconf 71' lang='lat' dir='ltr'><strong><em>Praeferuntur</em></strong></span> <span class='ocrx_word' id='word_1_100' title='bbox 1276 1546 1456 1593; x_wconf 90' lang='lat' dir='ltr'><strong><em>autem</em></strong></span> <span class='ocrx_word' id='word_1_101' title='bbox 1479 1537 1559 1592; x_wconf 90' lang='lat' dir='ltr'><strong><em>eis</em></strong></span> <span class='ocrx_word' id='word_1_102' title='bbox 1585 1536 1762 1607; x_wconf 85' lang='lat' dir='ltr'><strong><em>Tyrus</em></strong></span> <span class='ocrx_word' id='word_1_103' title='bbox 1789 1543 1844 1591; x_wconf 92' lang='lat' dir='ltr'><strong><em>et</em></strong></span> <span class='ocrx_word' id='word_1_104' title='bbox 1873 1533 2061 1602; x_wconf 88' lang='lat' dir='ltr'><strong><em>Sidon,</em></strong></span> 
     </span>
    </p>
   </div>
   <div class='ocr_carea' id='block_1_14' title="bbox 472 1629 2064 1703">
    <p class='ocr_par' dir='ltr' id='par_1_14' title="bbox 472 1629 2064 1703">
     <span class='ocr_line' id='line_1_14' title="bbox 472 1629 2064 1703; baseline -0.001 -20"><span class='ocrx_word' id='word_1_105' title='bbox 472 1631 614 1699; x_wconf 89' lang='lat' dir='ltr'><strong><em>quod</em></strong></span> <span class='ocrx_word' id='word_1_106' title='bbox 640 1631 945 1688; x_wconf 84' lang='lat' dir='ltr'><strong><em>naturalem</em></strong></span> <span class='ocrx_word' id='word_1_107' title='bbox 977 1641 1185 1687; x_wconf 89' lang='lat' dir='ltr'><strong><em>tantum</em></strong></span> <span class='ocrx_word' id='word_1_108' title='bbox 1216 1632 1390 1703; x_wconf 81' lang='lat' dir='ltr'><strong><em>legem</em></strong></span> <span class='ocrx_word' id='word_1_109' title='bbox 1415 1630 1774 1693; x_wconf 86' lang='lat' dir='ltr'><strong><em>calcaverint,</em></strong></span> <span class='ocrx_word' id='word_1_110' title='bbox 1793 1629 1911 1684; x_wconf 85' lang='lat' dir='ltr'><strong><em>i&#39;stae</em></strong></span> <span class='ocrx_word' id='word_1_111' title='bbox 1934 1641 2064 1683; x_wconf 90' lang='lat' dir='ltr'><strong><em>vero</em></strong></span> 
     </span>
    </p>
   </div>
   <div class='ocr_carea' id='block_1_15' title="bbox 472 1717 2063 1795">
    <p class='ocr_par' dir='ltr' id='par_1_15' title="bbox 472 1717 2063 1795">
     <span class='ocr_line' id='line_1_15' title="bbox 472 1717 2063 1795; baseline -0.002 -20"><span class='ocrx_word' id='word_1_112' title='bbox 472 1729 594 1791; x_wconf 92' lang='lat' dir='ltr'><strong><em>post</em></strong></span> <span class='ocrx_word' id='word_1_113' title='bbox 620 1723 1111 1795; x_wconf 78' lang='lat' dir='ltr'><strong><em>transgressionem</em></strong></span> <span class='ocrx_word' id='word_1_114' title='bbox 1149 1722 1409 1778; x_wconf 82' lang='lat' dir='ltr'><strong><em>naturalis</em></strong></span> <span class='ocrx_word' id='word_1_115' title='bbox 1465 1721 1600 1792; x_wconf 84' lang='lat' dir='ltr'><strong><em>legis</em></strong></span> <span class='ocrx_word' id='word_1_116' title='bbox 1647 1720 1810 1774; x_wconf 86' lang='lat' dir='ltr'><strong><em>nrbes</em></strong></span> <span class='ocrx_word' id='word_1_117' title='bbox 1837 1717 2063 1773; x_wconf 87' lang='lat' dir='ltr'><strong><em>idolola-</em></strong></span> 
     </span>
    </p>
   </div>
   <div class='ocr_carea' id='block_1_16' title="bbox 475 1809 2060 1886">
    <p class='ocr_par' dir='ltr' id='par_1_16' title="bbox 475 1809 2060 1886">
     <span class='ocr_line' id='line_1_16' title="bbox 475 1809 2060 1886; baseline -0.003 -20"><span class='ocrx_word' id='word_1_118' title='bbox 475 1813 591 1867; x_wconf 74' lang='lat' dir='ltr'><strong><em>triae</em></strong></span> <span class='ocrx_word' id='word_1_119' title='bbox 615 1821 670 1869; x_wconf 88' lang='lat' dir='ltr'><strong><em>et</em></strong></span> <span class='ocrx_word' id='word_1_120' title='bbox 689 1816 838 1871; x_wconf 82' lang='lat' dir='ltr'><strong><em>vitiis</em></strong></span> <span class='ocrx_word' id='word_1_121' title='bbox 866 1815 1077 1871; x_wconf 83' lang='lat' dir='ltr'><strong><em>deditae.</em></strong></span> <span class='ocrx_word' id='word_1_122' title='bbox 1094 1815 1162 1869; x_wconf 87' lang='lat' dir='ltr'><strong><em>Et</em></strong></span> <span class='ocrx_word' id='word_1_123' title='bbox 1183 1812 1544 1886; x_wconf 65' lang='lat' dir='ltr'><strong><em>praeferuntur</em></strong></span> <span class='ocrx_word' id='word_1_124' title='bbox 1567 1809 1858 1881; x_wconf 91' lang='lat' dir='ltr'><strong><em>ideo,quod</em></strong></span> <span class='ocrx_word' id='word_1_125' title='bbox 1887 1809 2060 1881; x_wconf 85' lang='lat' dir='ltr'><strong><em>Tyrus</em></strong></span> 
     </span>
    </p>
   </div>
   <div class='ocr_carea' id='block_1_17' title="bbox 472 1899 2062 1978">
    <p class='ocr_par' dir='ltr' id='par_1_17' title="bbox 472 1899 2062 1978">
     <span class='ocr_line' id='line_1_17' title="bbox 472 1899 2062 1978; baseline -0.003 -18"><span class='ocrx_word' id='word_1_126' title='bbox 472 1913 527 1960; x_wconf 89' lang='lat' dir='ltr'><strong><em>et</em></strong></span> <span class='ocrx_word' id='word_1_127' title='bbox 557 1906 724 1964; x_wconf 90' lang='lat' dir='ltr'><strong><em>Sidon</em></strong></span> <span class='ocrx_word' id='word_1_128' title='bbox 750 1916 804 1963; x_wconf 91' lang='lat' dir='ltr'><strong><em>et</em></strong></span> <span class='ocrx_word' id='word_1_129' title='bbox 842 1908 1057 1978; x_wconf 62' lang='lat' dir='ltr'><strong><em>scriptae</em></strong></span> <span class='ocrx_word' id='word_1_130' title='bbox 1081 1948 1096 1973; x_wconf 94' lang='lat'><strong><em>,</em></strong></span> <span class='ocrx_word' id='word_1_131' title='bbox 1144 1907 1309 1962; x_wconf 91' lang='lat' dir='ltr'><strong><em>etiam</em></strong></span> <span class='ocrx_word' id='word_1_132' title='bbox 1337 1905 1490 1976; x_wconf 89' lang='lat' dir='ltr'><strong><em>signa</em></strong></span> <span class='ocrx_word' id='word_1_133' title='bbox 1547 1919 1667 1973; x_wconf 71' lang='lat' dir='ltr'><strong><em>qua:</em></strong></span> <span class='ocrx_word' id='word_1_134' title='bbox 1697 1903 1838 1973; x_wconf 91' lang='lat' dir='ltr'><strong><em>apud</em></strong></span> <span class='ocrx_word' id='word_1_135' title='bbox 1867 1917 1958 1956; x_wconf 90' lang='lat' dir='ltr'><strong><em>eas</em></strong></span> <span class='ocrx_word' id='word_1_136' title='bbox 1986 1899 2062 1956; x_wconf 86' lang='lat' dir='ltr'><strong><em>fa-</em></strong></span> 
     </span>
    </p>
   </div>
   <div class='ocr_carea' id='block_1_18' title="bbox 471 1992 2067 2070">
    <p class='ocr_par' dir='ltr' id='par_1_18' title="bbox 471 1992 2067 2070">
     <span class='ocr_line' id='line_1_18' title="bbox 471 1992 2067 2070; baseline -0.008 -11"><span class='ocrx_word' id='word_1_137' title='bbox 471 2012 561 2061; x_wconf 90' lang='lat' dir='ltr'><strong><em>cta</em></strong></span> <span class='ocrx_word' id='word_1_138' title='bbox 590 2009 738 2066; x_wconf 91' lang='lat' dir='ltr'><strong><em>sunt,</em></strong></span> <span class='ocrx_word' id='word_1_139' title='bbox 784 2000 937 2070; x_wconf 89' lang='lat' dir='ltr'><strong><em>parvi</em></strong></span> <span class='ocrx_word' id='word_1_140' title='bbox 968 1999 1260 2053; x_wconf 75' lang='lat' dir='ltr'><strong><em>duxerunt.</em></strong></span> <span class='ocrx_word' id='word_1_141' title='bbox 1311 1997 1381 2052; x_wconf 90' lang='lat' dir='ltr'><strong><em>Et</em></strong></span> <span class='ocrx_word' id='word_1_142' title='bbox 1417 1996 1544 2066; x_wconf 86' lang='lat' dir='ltr'><strong><em>quia</em></strong></span> <span class='ocrx_word' id='word_1_143' title='bbox 1592 2010 1801 2059; x_wconf 83' lang='lat' dir='ltr'><strong><em>revera,</em></strong></span> <span class='ocrx_word' id='word_1_144' title='bbox 1841 1992 1966 2048; x_wconf 90' lang='lat' dir='ltr'><strong><em>licet</em></strong></span> <span class='ocrx_word' id='word_1_145' title='bbox 2011 2002 2067 2048; x_wconf 88' lang='lat' dir='ltr'><strong><em>et</em></strong></span> 
     </span>
    </p>
   </div>
   <div class='ocr_carea' id='block_1_19' title="bbox 472 2085 2065 2155">
    <p class='ocr_par' dir='ltr' id='par_1_19' title="bbox 472 2085 2065 2155">
     <span class='ocr_line' id='line_1_19' title="bbox 472 2085 2065 2155; baseline -0.007 -5"><span class='ocrx_word' id='word_1_146' title='bbox 472 2109 580 2150; x_wconf 91' lang='lat' dir='ltr'><strong><em>non</em></strong></span> <span class='ocrx_word' id='word_1_147' title='bbox 612 2092 798 2148; x_wconf 91' lang='lat' dir='ltr'><strong><em>audire</em></strong></span> <span class='ocrx_word' id='word_1_148' title='bbox 827 2093 1112 2147; x_wconf 83' lang='lat' dir='ltr'><strong><em>veritatem</em></strong></span> <span class='ocrx_word' id='word_1_149' title='bbox 1139 2097 1195 2145; x_wconf 90' lang='lat' dir='ltr'><strong><em>et</em></strong></span> <span class='ocrx_word' id='word_1_150' title='bbox 1224 2090 1462 2144; x_wconf 83' lang='lat' dir='ltr'><strong><em>auditam</em></strong></span> <span class='ocrx_word' id='word_1_151' title='bbox 1491 2097 1843 2142; x_wconf 88' lang='lat' dir='ltr'><strong><em>contemnere</em></strong></span> <span class='ocrx_word' id='word_1_152' title='bbox 1881 2085 2065 2155; x_wconf 91' lang='lat' dir='ltr'><strong><em>perni-</em></strong></span> 
     </span>
    </p>
   </div>
   <div class='ocr_carea' id='block_1_20' title="bbox 472 2174 2064 2249">
    <p class='ocr_par' dir='ltr' id='par_1_20' title="bbox 472 2174 2064 2249">
     <span class='ocr_line' id='line_1_20' title="bbox 472 2174 2064 2249; baseline -0.007 -8"><span class='ocrx_word' id='word_1_153' title='bbox 472 2186 683 2241; x_wconf 91' lang='lat' dir='ltr'><strong><em>ciosum</em></strong></span> <span class='ocrx_word' id='word_1_154' title='bbox 709 2183 800 2248; x_wconf 89' lang='lat' dir='ltr'><strong><em>sit,</em></strong></span> <span class='ocrx_word' id='word_1_155' title='bbox 831 2181 1001 2236; x_wconf 90' lang='lat' dir='ltr'><strong><em>multo</em></strong></span> <span class='ocrx_word' id='word_1_156' title='bbox 1047 2190 1227 2236; x_wconf 89' lang='lat' dir='ltr'><strong><em>tamen</em></strong></span> <span class='ocrx_word' id='word_1_157' title='bbox 1269 2187 1324 2236; x_wconf 93' lang='lat' dir='ltr'><strong><em>et</em></strong></span> <span class='ocrx_word' id='word_1_158' title='bbox 1367 2177 1865 2249; x_wconf 84' lang='lat' dir='ltr'><strong><em>incomparabiliter</em></strong></span> <span class='ocrx_word' id='word_1_159' title='bbox 1909 2174 2064 2246; x_wconf 86' lang='lat' dir='ltr'><strong><em>pejus</em></strong></span> 
     </span>
    </p>
   </div>
   <div class='ocr_carea' id='block_1_21' title="bbox 472 2274 2064 2345">
    <p class='ocr_par' dir='ltr' id='par_1_21' title="bbox 472 2274 2064 2345">
     <span class='ocr_line' id='line_1_21' title="bbox 472 2274 2064 2345; baseline -0.007 -12"><span class='ocrx_word' id='word_1_160' title='bbox 472 2286 552 2333; x_wconf 89' lang='lat' dir='ltr'><strong><em>est</em></strong></span> <span class='ocrx_word' id='word_1_161' title='bbox 579 2277 822 2332; x_wconf 88' lang='lat' dir='ltr'><strong><em>auditam</em></strong></span> <span class='ocrx_word' id='word_1_162' title='bbox 852 2283 908 2330; x_wconf 92' lang='lat' dir='ltr'><strong><em>et</em></strong></span> <span class='ocrx_word' id='word_1_163' title='bbox 933 2274 1205 2345; x_wconf 77' lang='lat' dir='ltr'><strong><em>cognitam</em></strong></span> <span class='ocrx_word' id='word_1_164' title='bbox 1224 2281 1594 2335; x_wconf 89' lang='lat' dir='ltr'><strong><em>contemnere,</em></strong></span> <span class='ocrx_word' id='word_1_165' title='bbox 1612 2279 1668 2324; x_wconf 90' lang='lat' dir='ltr'><strong><em>et</em></strong></span> <span class='ocrx_word' id='word_1_166' title='bbox 1693 2276 2064 2338; x_wconf 88' lang='lat' dir='ltr'><strong><em>contemptam</em></strong></span> 
     </span>
    </p>
   </div>
   <div class='ocr_carea' id='block_1_22' title="bbox 472 2359 2066 2440">
    <p class='ocr_par' dir='ltr' id='par_1_22' title="bbox 472 2359 2066 2440">
     <span class='ocr_line' id='line_1_22' title="bbox 472 2359 2066 2440; baseline -0.007 -17"><span class='ocrx_word' id='word_1_167' title='bbox 472 2367 724 2440; x_wconf 86' lang='lat' dir='ltr'><strong><em>persequi</em></strong></span> <span class='ocrx_word' id='word_1_168' title='bbox 768 2367 993 2436; x_wconf 88' lang='lat' dir='ltr'><strong><em>insuper</em></strong></span> <span class='ocrx_word' id='word_1_169' title='bbox 1022 2403 1038 2431; x_wconf 92' lang='lat'><strong><em>,</em></strong></span> <span class='ocrx_word' id='word_1_170' title='bbox 1089 2371 1146 2418; x_wconf 90' lang='lat' dir='ltr'><strong><em>et</em></strong></span> <span class='ocrx_word' id='word_1_171' title='bbox 1189 2363 1590 2434; x_wconf 86' lang='lat' dir='ltr'><strong><em>blasphemare.</em></strong></span> <span class='ocrx_word' id='word_1_172' title='bbox 1646 2359 1801 2426; x_wconf 86' lang='lat' dir='ltr'><strong><em>Quod</em></strong></span> <span class='ocrx_word' id='word_1_173' title='bbox 1835 2359 2066 2428; x_wconf 91' lang='lat' dir='ltr'><strong><em>apertis-</em></strong></span> 
     </span>
    </p>
   </div>
   <div class='ocr_carea' id='block_1_23' title="bbox 472 2447 2067 2519">
    <p class='ocr_par' dir='ltr' id='par_1_23' title="bbox 472 2447 2067 2519">
     <span class='ocr_line' id='line_1_23' title="bbox 472 2447 2067 2519; baseline -0.006 -7"><span class='ocrx_word' id='word_1_174' title='bbox 472 2458 605 2512; x_wconf 87' lang='lat' dir='ltr'><strong><em>sime</em></strong></span> <span class='ocrx_word' id='word_1_175' title='bbox 625 2458 816 2512; x_wconf 89' lang='lat' dir='ltr'><strong><em>beatus</em></strong></span> <span class='ocrx_word' id='word_1_176' title='bbox 845 2455 1041 2510; x_wconf 89' lang='lat' dir='ltr'><strong><em>Petrus</em></strong></span> <span class='ocrx_word' id='word_1_177' title='bbox 1064 2454 1322 2519; x_wconf 88' lang='lat' dir='ltr'><strong><em>ostendit,</em></strong></span> <span class='ocrx_word' id='word_1_178' title='bbox 1345 2453 1413 2508; x_wconf 88' lang='lat' dir='ltr'><strong><em>de</em></strong></span> <span class='ocrx_word' id='word_1_179' title='bbox 1442 2451 1642 2507; x_wconf 86' lang='lat' dir='ltr'><strong><em>talibus</em></strong></span> <span class='ocrx_word' id='word_1_180' title='bbox 1673 2451 1860 2506; x_wconf 88' lang='lat' dir='ltr'><strong><em>dicens</em></strong></span> <span class='ocrx_word' id='word_1_181' title='bbox 1887 2466 1901 2503; x_wconf 87' lang='lat'><strong>:</strong></span> <span class='ocrx_word' id='word_1_182' title='bbox 1953 2447 2067 2503; x_wconf 82' lang='lat' dir='ltr'><strong><em>Me-</em></strong></span> 
     </span>
    </p>
   </div>
   <div class='ocr_carea' id='block_1_24' title="bbox 472 2544 2066 2621">
    <p class='ocr_par' dir='ltr' id='par_1_24' title="bbox 472 2544 2066 2621">
     <span class='ocr_line' id='line_1_24' title="bbox 472 2544 2066 2621; baseline -0.006 -17"><span class='ocrx_word' id='word_1_183' title='bbox 472 2552 571 2606; x_wconf 92' lang='lat' dir='ltr'><strong><em>lius</em></strong></span> <span class='ocrx_word' id='word_1_184' title='bbox 611 2551 783 2621; x_wconf 81' lang='lat' dir='ltr'><strong><em>fuerat</em></strong></span> <span class='ocrx_word' id='word_1_185' title='bbox 810 2549 918 2604; x_wconf 84' lang='lat' dir='ltr'><strong><em>illis</em></strong></span> <span class='ocrx_word' id='word_1_186' title='bbox 955 2565 1059 2603; x_wconf 89' lang='lat' dir='ltr'><strong><em>non</em></strong></span> <span class='ocrx_word' id='word_1_187' title='bbox 1081 2563 1388 2618; x_wconf 83' lang='lat' dir='ltr'><strong><em>cognoscere</em></strong></span> <span class='ocrx_word' id='word_1_188' title='bbox 1418 2547 1558 2600; x_wconf 90' lang='lat' dir='ltr'><strong><em>viam</em></strong></span> <span class='ocrx_word' id='word_1_189' title='bbox 1587 2544 1851 2615; x_wconf 80' lang='lat' dir='ltr'><strong><em>justitiw,</em></strong></span> <span class='ocrx_word' id='word_1_190' title='bbox 1905 2557 2066 2614; x_wconf 88' lang='lat' dir='ltr'><strong><em>quam</em></strong></span> 
     </span>
    </p>
   </div>
   <div class='ocr_carea' id='block_1_25' title="bbox 471 2635 2068 2713">
    <p class='ocr_par' dir='ltr' id='par_1_25' title="bbox 471 2635 2068 2713">
     <span class='ocr_line' id='line_1_25' title="bbox 471 2635 2068 2713; baseline -0.004 -15"><span class='ocrx_word' id='word_1_191' title='bbox 471 2653 582 2713; x_wconf 86' lang='lat' dir='ltr'><strong><em>post</em></strong></span> <span class='ocrx_word' id='word_1_192' title='bbox 609 2643 952 2713; x_wconf 83' lang='lat' dir='ltr'><strong><em>cognitionem</em></strong></span> <span class='ocrx_word' id='word_1_193' title='bbox 976 2649 1261 2695; x_wconf 84' lang='lat' dir='ltr'><strong><em>retrorsum</em></strong></span> <span class='ocrx_word' id='word_1_194' title='bbox 1286 2639 1501 2708; x_wconf 83' lang='lat' dir='ltr'><strong><em>reflecti.</em></strong></span> <span class='ocrx_word' id='word_1_195' title='bbox 1530 2637 1645 2692; x_wconf 86' lang='lat' dir='ltr'><strong><em>Hoc</em></strong></span> <span class='ocrx_word' id='word_1_196' title='bbox 1680 2645 1864 2691; x_wconf 88' lang='lat' dir='ltr'><strong><em>autem</em></strong></span> <span class='ocrx_word' id='word_1_197' title='bbox 1894 2635 2068 2691; x_wconf 89' lang='lat' dir='ltr'><strong><em>multo</em></strong></span> 
     </span>
    </p>
   </div>
   <div class='ocr_carea' id='block_1_26' title="bbox 471 2727 2070 2797">
    <p class='ocr_par' dir='ltr' id='par_1_26' title="bbox 471 2727 2070 2797">
     <span class='ocr_line' id='line_1_26' title="bbox 471 2727 2070 2797; baseline -0.004 -10"><span class='ocrx_word' id='word_1_198' title='bbox 471 2733 646 2789; x_wconf 88' lang='lat' dir='ltr'><strong><em>adhuc</em></strong></span> <span class='ocrx_word' id='word_1_199' title='bbox 669 2733 974 2788; x_wconf 81' lang='lat' dir='ltr'><strong><em>evidentius</em></strong></span> <span class='ocrx_word' id='word_1_200' title='bbox 1021 2733 1426 2786; x_wconf 87' lang='lat' dir='ltr'><strong><em>demonstratur</em></strong></span> <span class='ocrx_word' id='word_1_201' title='bbox 1483 2729 1664 2784; x_wconf 88' lang='lat' dir='ltr'><strong><em>verbis</em></strong></span> <span class='ocrx_word' id='word_1_202' title='bbox 1715 2727 1930 2782; x_wconf 90' lang='lat' dir='ltr'><strong><em>Domini</em></strong></span> <span class='ocrx_word' id='word_1_203' title='bbox 1968 2742 2070 2797; x_wconf 89' lang='lat' dir='ltr'><strong><em>per</em></strong></span> 
     </span>
    </p>
   </div>
   <div class='ocr_carea' id='block_1_27' title="bbox 471 2817 2068 2895">
    <p class='ocr_par' dir='ltr' id='par_1_27' title="bbox 471 2817 2068 2895">
     <span class='ocr_line' id='line_1_27' title="bbox 471 2817 2068 2895; baseline -0.006 -16"><span class='ocrx_word' id='word_1_204' title='bbox 471 2824 780 2895; x_wconf 89' lang='lat' dir='ltr'><strong><em>parabolam</em></strong></span> <span class='ocrx_word' id='word_1_205' title='bbox 832 2823 913 2878; x_wconf 92' lang='lat' dir='ltr'><strong><em>sic</em></strong></span> <span class='ocrx_word' id='word_1_206' title='bbox 966 2821 1286 2892; x_wconf 88' lang='lat' dir='ltr'><strong><em>loquentis:</em></strong></span> <span class='ocrx_word' id='word_1_207' title='bbox 1330 2818 1463 2874; x_wconf 90' lang='lat' dir='ltr'><strong><em>Cum</em></strong></span> <span class='ocrx_word' id='word_1_208' title='bbox 1501 2818 1806 2872; x_wconf 89' lang='lat' dir='ltr'><strong><em>immundus</em></strong></span> <span class='ocrx_word' id='word_1_209' title='bbox 1851 2817 2068 2887; x_wconf 83' lang='lat' dir='ltr'><strong><em>spiritus</em></strong></span> 
     </span>
    </p>
   </div>
   <div class='ocr_carea' id='block_1_28' title="bbox 472 2909 2070 2982">
    <p class='ocr_par' dir='ltr' id='par_1_28' title="bbox 472 2909 2070 2982">
     <span class='ocr_line' id='line_1_28' title="bbox 472 2909 2070 2982; baseline -0.005 -13"><span class='ocrx_word' id='word_1_210' title='bbox 472 2915 653 2970; x_wconf 73' lang='lat' dir='ltr'><strong><em>exierit</em></strong></span> <span class='ocrx_word' id='word_1_211' title='bbox 679 2915 743 2968; x_wconf 93' lang='lat' dir='ltr'><strong><em>ab</em></strong></span> <span class='ocrx_word' id='word_1_212' title='bbox 767 2914 997 2979; x_wconf 85' lang='lat' dir='ltr'><strong><em>homine,</em></strong></span> <span class='ocrx_word' id='word_1_213' title='bbox 1027 2911 1263 2966; x_wconf 83' lang='lat' dir='ltr'><strong><em>ambulat</em></strong></span> <span class='ocrx_word' id='word_1_214' title='bbox 1290 2927 1382 2982; x_wconf 86' lang='lat' dir='ltr'><strong><em>per</em></strong></span> <span class='ocrx_word' id='word_1_215' title='bbox 1422 2909 1538 2964; x_wconf 91' lang='lat' dir='ltr'><strong><em>loca</em></strong></span> <span class='ocrx_word' id='word_1_216' title='bbox 1573 2909 1729 2963; x_wconf 89' lang='lat' dir='ltr'><strong><em>arida</em></strong></span> <span class='ocrx_word' id='word_1_217' title='bbox 1757 2950 1772 2974; x_wconf 93' lang='lat'><strong><em>,</em></strong></span> <span class='ocrx_word' id='word_1_218' title='bbox 1830 2924 2070 2979; x_wconf 79' lang='lat' dir='ltr'><strong><em>quwrens</em></strong></span> 
     </span>
    </p>
   </div>
   <div class='ocr_carea' id='block_1_29' title="bbox 473 2999 2070 3077">
    <p class='ocr_par' dir='ltr' id='par_1_29' title="bbox 473 2999 2070 3077">
     <span class='ocr_line' id='line_1_29' title="bbox 473 2999 2070 3077; baseline -0.003 -19"><span class='ocrx_word' id='word_1_219' title='bbox 473 3006 721 3077; x_wconf 90' lang='lat' dir='ltr'><strong><em>requiem,</em></strong></span> <span class='ocrx_word' id='word_1_220' title='bbox 744 3013 794 3058; x_wconf 91' lang='lat' dir='ltr'><strong><em>et</em></strong></span> <span class='ocrx_word' id='word_1_221' title='bbox 828 3020 933 3058; x_wconf 90' lang='lat' dir='ltr'><strong><em>non</em></strong></span> <span class='ocrx_word' id='word_1_222' title='bbox 965 3003 1178 3058; x_wconf 87' lang='lat' dir='ltr'><strong><em>invenit.</em></strong></span> <span class='ocrx_word' id='word_1_223' title='bbox 1217 3001 1360 3056; x_wconf 90' lang='lat' dir='ltr'><strong><em>Tunc</em></strong></span> <span class='ocrx_word' id='word_1_224' title='bbox 1399 3001 1557 3056; x_wconf 86' lang='lat' dir='ltr'><strong><em>dicit:</em></strong></span> <span class='ocrx_word' id='word_1_225' title='bbox 1594 2999 1848 3054; x_wconf 85' lang='lat' dir='ltr'><strong><em>Revertar</em></strong></span> <span class='ocrx_word' id='word_1_226' title='bbox 1873 3001 1928 3054; x_wconf 91' lang='lat' dir='ltr'><strong><em>in</em></strong></span> <span class='ocrx_word' id='word_1_227' title='bbox 1975 3000 2070 3054; x_wconf 92' lang='lat' dir='ltr'><strong><em>do-</em></strong></span> 
     </span>
    </p>
   </div>
   <div class='ocr_carea' id='block_1_30' title="bbox 474 3092 2066 3162">
    <p class='ocr_par' dir='ltr' id='par_1_30' title="bbox 474 3092 2066 3162">
     <span class='ocr_line' id='line_1_30' title="bbox 474 3092 2066 3162; baseline -0.004 -12"><span class='ocrx_word' id='word_1_228' title='bbox 474 3113 616 3151; x_wconf 87' lang='lat' dir='ltr'><strong><em>mum</em></strong></span> <span class='ocrx_word' id='word_1_229' title='bbox 635 3113 827 3162; x_wconf 87' lang='lat' dir='ltr'><strong><em>meam,</em></strong></span> <span class='ocrx_word' id='word_1_230' title='bbox 859 3094 997 3150; x_wconf 87' lang='lat' dir='ltr'><strong><em>unde</em></strong></span> <span class='ocrx_word' id='word_1_231' title='bbox 1022 3093 1178 3150; x_wconf 76' lang='lat' dir='ltr'><strong><em>exivi.</em></strong></span> <span class='ocrx_word' id='word_1_232' title='bbox 1206 3093 1276 3148; x_wconf 87' lang='lat' dir='ltr'><strong><em>Et</em></strong></span> <span class='ocrx_word' id='word_1_233' title='bbox 1301 3093 1505 3148; x_wconf 84' lang='lat' dir='ltr'><strong><em>veniens</em></strong></span> <span class='ocrx_word' id='word_1_234' title='bbox 1540 3092 1732 3146; x_wconf 87' lang='lat' dir='ltr'><strong><em>invenit</em></strong></span> <span class='ocrx_word' id='word_1_235' title='bbox 1777 3097 2066 3157; x_wconf 88' lang='lat' dir='ltr'><strong><em>vacantem,</em></strong></span> 
     </span>
    </p>
   </div>
   <div class='ocr_carea' id='block_1_31' title="bbox 473 3181 2068 3259">
    <p class='ocr_par' dir='ltr' id='par_1_31' title="bbox 473 3181 2068 3259">
     <span class='ocr_line' id='line_1_31' title="bbox 473 3181 2068 3259; baseline -0.005 -17"><span class='ocrx_word' id='word_1_236' title='bbox 473 3189 642 3259; x_wconf 90' lang='lat' dir='ltr'><strong><em>scopis</em></strong></span> <span class='ocrx_word' id='word_1_237' title='bbox 683 3187 997 3242; x_wconf 79' lang='lat' dir='ltr'><strong><em>mandatam</em></strong></span> <span class='ocrx_word' id='word_1_238' title='bbox 1027 3195 1076 3240; x_wconf 90' lang='lat' dir='ltr'><strong><em>et</em></strong></span> <span class='ocrx_word' id='word_1_239' title='bbox 1111 3193 1374 3240; x_wconf 88' lang='lat' dir='ltr'><strong><em>ornatam.</em></strong></span> <span class='ocrx_word' id='word_1_240' title='bbox 1412 3183 1557 3237; x_wconf 90' lang='lat' dir='ltr'><strong><em>Tunc</em></strong></span> <span class='ocrx_word' id='word_1_241' title='bbox 1601 3182 1745 3236; x_wconf 87' lang='lat' dir='ltr'><strong><em>vadit</em></strong></span> <span class='ocrx_word' id='word_1_242' title='bbox 1770 3191 1818 3236; x_wconf 92' lang='lat' dir='ltr'><strong><em>et</em></strong></span> <span class='ocrx_word' id='word_1_243' title='bbox 1845 3181 2068 3236; x_wconf 86' lang='lat' dir='ltr'><strong><em>assumit</em></strong></span> 
     </span>
    </p>
   </div>
   <div class='ocr_carea' id='block_1_32' title="bbox 473 3276 2067 3352">
    <p class='ocr_par' dir='ltr' id='par_1_32' title="bbox 473 3276 2067 3352">
     <span class='ocr_line' id='line_1_32' title="bbox 473 3276 2067 3352; baseline -0.004 -16"><span class='ocrx_word' id='word_1_244' title='bbox 473 3290 666 3352; x_wconf 85' lang='lat' dir='ltr'><strong><em>septem</em></strong></span> <span class='ocrx_word' id='word_1_245' title='bbox 681 3280 814 3335; x_wconf 88' lang='lat' dir='ltr'><strong><em>alios</em></strong></span> <span class='ocrx_word' id='word_1_246' title='bbox 835 3281 1051 3352; x_wconf 88' lang='lat' dir='ltr'><strong><em>spiritus</em></strong></span> <span class='ocrx_word' id='word_1_247' title='bbox 1076 3281 1348 3352; x_wconf 84' lang='lat' dir='ltr'><strong><em>nequiores</em></strong></span> <span class='ocrx_word' id='word_1_248' title='bbox 1375 3295 1449 3344; x_wconf 87' lang='lat' dir='ltr'><strong><em>se,</em></strong></span> <span class='ocrx_word' id='word_1_249' title='bbox 1474 3288 1522 3332; x_wconf 90' lang='lat' dir='ltr'><strong><em>et</em></strong></span> <span class='ocrx_word' id='word_1_250' title='bbox 1547 3279 1801 3332; x_wconf 85' lang='lat' dir='ltr'><strong><em>intrantes</em></strong></span> <span class='ocrx_word' id='word_1_251' title='bbox 1827 3276 2067 3331; x_wconf 88' lang='lat' dir='ltr'><strong><em>habitant</em></strong></span> 
     </span>
    </p>
   </div>
   <div class='ocr_carea' id='block_1_33' title="bbox 474 3371 2068 3444">
    <p class='ocr_par' dir='ltr' id='par_1_33' title="bbox 474 3371 2068 3444">
     <span class='ocr_line' id='line_1_33' title="bbox 474 3371 2068 3444; baseline -0.002 -17"><span class='ocrx_word' id='word_1_252' title='bbox 474 3373 564 3439; x_wconf 85' lang='lat' dir='ltr'><strong><em>ibi,</em></strong></span> <span class='ocrx_word' id='word_1_253' title='bbox 587 3384 636 3428; x_wconf 91' lang='lat' dir='ltr'><strong><em>et</em></strong></span> <span class='ocrx_word' id='word_1_254' title='bbox 664 3374 797 3444; x_wconf 87' lang='lat' dir='ltr'><strong><em>ﬁunt</em></strong></span> <span class='ocrx_word' id='word_1_255' title='bbox 818 3374 1098 3429; x_wconf 87' lang='lat' dir='ltr'><strong><em>novissima</em></strong></span> <span class='ocrx_word' id='word_1_256' title='bbox 1146 3373 1372 3428; x_wconf 86' lang='lat' dir='ltr'><strong><em>hominis</em></strong></span> <span class='ocrx_word' id='word_1_257' title='bbox 1400 3371 1543 3427; x_wconf 91' lang='lat' dir='ltr'><strong><em>illius</em></strong></span> <span class='ocrx_word' id='word_1_258' title='bbox 1563 3373 1746 3443; x_wconf 85' lang='lat' dir='ltr'><strong><em>pejora</em></strong></span> <span class='ocrx_word' id='word_1_259' title='bbox 1766 3371 2028 3442; x_wconf 79' lang='lat' dir='ltr'><strong><em>prioribus</em></strong></span> <span class='ocrx_word' id='word_1_260' title='bbox 2049 3385 2068 3424; x_wconf 91' lang='lat'><strong><em>:</em></strong></span> 
     </span>
    </p>
   </div>
   <div class='ocr_carea' id='block_1_34' title="bbox 475 3465 2069 3537">
    <p class='ocr_par' dir='ltr' id='par_1_34' title="bbox 475 3465 2069 3537">
     <span class='ocr_line' id='line_1_34' title="bbox 475 3465 2069 3537; baseline 0.001 -18"><span class='ocrx_word' id='word_1_261' title='bbox 475 3466 550 3519; x_wconf 86' lang='lat' dir='ltr'><strong><em>sic</em></strong></span> <span class='ocrx_word' id='word_1_262' title='bbox 578 3466 676 3519; x_wconf 91' lang='lat' dir='ltr'><strong><em>erit</em></strong></span> <span class='ocrx_word' id='word_1_263' title='bbox 703 3475 752 3520; x_wconf 91' lang='lat' dir='ltr'><strong><em>et</em></strong></span> <span class='ocrx_word' id='word_1_264' title='bbox 782 3466 1108 3537; x_wconf 88' lang='lat' dir='ltr'><strong><em>generationi</em></strong></span> <span class='ocrx_word' id='word_1_265' title='bbox 1136 3467 1260 3520; x_wconf 86' lang='lat' dir='ltr'><strong><em>huic</em></strong></span> <span class='ocrx_word' id='word_1_266' title='bbox 1309 3467 1566 3536; x_wconf 63' lang='lat' dir='ltr'><strong><em>pessimae.</em></strong></span> <span class='ocrx_word' id='word_1_267' title='bbox 1618 3465 1699 3519; x_wconf 77' lang='lat' dir='ltr'><strong><em>Ex</em></strong></span> <span class='ocrx_word' id='word_1_268' title='bbox 1722 3479 1828 3534; x_wconf 87' lang='lat' dir='ltr'><strong><em>quo</em></strong></span> <span class='ocrx_word' id='word_1_269' title='bbox 1857 3466 2069 3536; x_wconf 85' lang='lat' dir='ltr'><strong><em>perspi-</em></strong></span> 
     </span>
    </p>
   </div>
   <div class='ocr_carea' id='block_1_35' title="bbox 479 3558 2073 3629">
    <p class='ocr_par' dir='ltr' id='par_1_35' title="bbox 479 3558 2073 3629">
     <span class='ocr_line' id='line_1_35' title="bbox 479 3558 2073 3629; baseline 0.001 -17"><span class='ocrx_word' id='word_1_270' title='bbox 479 3575 642 3615; x_wconf 91' lang='lat' dir='ltr'><strong><em>cuum</em></strong></span> <span class='ocrx_word' id='word_1_271' title='bbox 670 3569 754 3616; x_wconf 91' lang='lat' dir='ltr'><strong><em>est</em></strong></span> <span class='ocrx_word' id='word_1_272' title='bbox 778 3561 1118 3616; x_wconf 89' lang='lat' dir='ltr'><strong><em>immundum</em></strong></span> <span class='ocrx_word' id='word_1_273' title='bbox 1166 3558 1484 3616; x_wconf 87' lang='lat' dir='ltr'><strong><em>idololatriae</em></strong></span> <span class='ocrx_word' id='word_1_274' title='bbox 1519 3558 1768 3629; x_wconf 86' lang='lat' dir='ltr'><strong><em>spiritum</em></strong></span> <span class='ocrx_word' id='word_1_275' title='bbox 1799 3560 1865 3612; x_wconf 91' lang='lat' dir='ltr'><strong><em>de</em></strong></span> <span class='ocrx_word' id='word_1_276' title='bbox 1910 3558 2073 3614; x_wconf 87' lang='lat' dir='ltr'><strong><em>corde</em></strong></span> 
     </span>
    </p>
   </div>
   <div class='ocr_carea' id='block_1_36' title="bbox 480 3652 2074 3724">
    <p class='ocr_par' dir='ltr' id='par_1_36' title="bbox 480 3652 2074 3724">
     <span class='ocr_line' id='line_1_36' title="bbox 480 3652 2074 3724; baseline 0.003 -18"><span class='ocrx_word' id='word_1_277' title='bbox 480 3653 751 3724; x_wconf 90' lang='lat' dir='ltr'><strong><em>quondam</em></strong></span> <span class='ocrx_word' id='word_1_278' title='bbox 778 3654 959 3724; x_wconf 82' lang='lat' dir='ltr'><strong><em>pepuli</em></strong></span> <span class='ocrx_word' id='word_1_279' title='bbox 994 3653 1226 3719; x_wconf 84' lang='lat' dir='ltr'><strong><em>Judaici,</em></strong></span> <span class='ocrx_word' id='word_1_280' title='bbox 1259 3667 1382 3708; x_wconf 90' lang='lat' dir='ltr'><strong><em>cum</em></strong></span> <span class='ocrx_word' id='word_1_281' title='bbox 1407 3654 1459 3707; x_wconf 90' lang='lat' dir='ltr'><strong><em>ei</em></strong></span> <span class='ocrx_word' id='word_1_282' title='bbox 1487 3652 1575 3706; x_wconf 82' lang='lat' dir='ltr'><strong><em>lex</em></strong></span> <span class='ocrx_word' id='word_1_283' title='bbox 1595 3653 1718 3708; x_wconf 89' lang='lat' dir='ltr'><strong><em>data</em></strong></span> <span class='ocrx_word' id='word_1_284' title='bbox 1741 3661 1858 3720; x_wconf 90' lang='lat' dir='ltr'><strong><em>est,</em></strong></span> <span class='ocrx_word' id='word_1_285' title='bbox 1894 3668 2074 3710; x_wconf 84' lang='lat' dir='ltr'><strong><em>reces-</em></strong></span> 
     </span>
    </p>
   </div>
   <div class='ocr_carea' id='block_1_37' title="bbox 479 3741 2071 3814">
    <p class='ocr_par' dir='ltr' id='par_1_37' title="bbox 479 3741 2071 3814">
     <span class='ocr_line' id='line_1_37' title="bbox 479 3741 2071 3814; baseline 0.001 -17"><span class='ocrx_word' id='word_1_286' title='bbox 479 3741 616 3798; x_wconf 89' lang='lat' dir='ltr'><strong><em>sisse</em></strong></span> <span class='ocrx_word' id='word_1_287' title='bbox 641 3750 695 3796; x_wconf 90' lang='lat' dir='ltr'><strong><em>et</em></strong></span> <span class='ocrx_word' id='word_1_288' title='bbox 725 3744 1030 3801; x_wconf 87' lang='lat' dir='ltr'><strong><em>ambulasse</em></strong></span> <span class='ocrx_word' id='word_1_289' title='bbox 1064 3759 1188 3798; x_wconf 90' lang='lat' dir='ltr'><strong><em>eum</em></strong></span> <span class='ocrx_word' id='word_1_290' title='bbox 1223 3742 1315 3798; x_wconf 92' lang='lat' dir='ltr'><strong><em>diu</em></strong></span> <span class='ocrx_word' id='word_1_291' title='bbox 1356 3757 1454 3814; x_wconf 91' lang='lat' dir='ltr'><strong><em>per</em></strong></span> <span class='ocrx_word' id='word_1_292' title='bbox 1496 3742 1615 3798; x_wconf 88' lang='lat' dir='ltr'><strong><em>loca</em></strong></span> <span class='ocrx_word' id='word_1_293' title='bbox 1653 3743 1805 3798; x_wconf 89' lang='lat' dir='ltr'><strong><em>arida</em></strong></span> <span class='ocrx_word' id='word_1_294' title='bbox 1831 3784 1846 3810; x_wconf 97' lang='lat'><strong><em>,</em></strong></span> <span class='ocrx_word' id='word_1_295' title='bbox 1909 3744 2071 3800; x_wconf 90' lang='lat' dir='ltr'><strong><em>corda</em></strong></span> 
     </span>
    </p>
   </div>
   <div class='ocr_carea' id='block_1_38' title="bbox 480 3835 2074 3909">
    <p class='ocr_par' dir='ltr' id='par_1_38' title="bbox 480 3835 2074 3909">
     <span class='ocr_line' id='line_1_38' title="bbox 480 3835 2074 3909; baseline 0.003 -19"><span class='ocrx_word' id='word_1_296' title='bbox 480 3835 731 3893; x_wconf 89' lang='lat' dir='ltr'><strong><em>videlicet</em></strong></span> <span class='ocrx_word' id='word_1_297' title='bbox 756 3837 1038 3909; x_wconf 81' lang='lat' dir='ltr'><strong><em>gentilium</em></strong></span> <span class='ocrx_word' id='word_1_298' title='bbox 1064 3837 1417 3902; x_wconf 82' lang='lat' dir='ltr'><strong><em>infructuosa,</em></strong></span> <span class='ocrx_word' id='word_1_299' title='bbox 1450 3837 1688 3908; x_wconf 90' lang='lat' dir='ltr'><strong><em>atquein</em></strong></span> <span class='ocrx_word' id='word_1_300' title='bbox 1718 3839 1804 3893; x_wconf 90' lang='lat' dir='ltr'><strong><em>his</em></strong></span> <span class='ocrx_word' id='word_1_301' title='bbox 1827 3853 2074 3895; x_wconf 91' lang='lat' dir='ltr'><strong><em>securam</em></strong></span> 
     </span>
    </p>
   </div>
   <div class='ocr_carea' id='block_1_39' title="bbox 480 3929 2070 3990">
    <p class='ocr_par' dir='ltr' id='par_1_39' title="bbox 480 3929 2070 3990">
     <span class='ocr_line' id='line_1_39' title="bbox 480 3929 2070 3990; baseline 0.002 -4"><span class='ocrx_word' id='word_1_302' title='bbox 480 3929 582 3986; x_wconf 89' lang='lat' dir='ltr'><strong><em>sibi</em></strong></span> <span class='ocrx_word' id='word_1_303' title='bbox 615 3931 849 3988; x_wconf 89' lang='lat' dir='ltr'><strong><em>voluisse</em></strong></span> <span class='ocrx_word' id='word_1_304' title='bbox 876 3932 1056 3988; x_wconf 79' lang='lat' dir='ltr'><strong><em>facere</em></strong></span> <span class='ocrx_word' id='word_1_305' title='bbox 1085 3933 1444 3990; x_wconf 90' lang='lat' dir='ltr'><strong><em>mansionem.</em></strong></span> <span class='ocrx_word' id='word_1_306' title='bbox 1480 3933 1587 3988; x_wconf 89' lang='lat' dir='ltr'><strong><em>Sed</em></strong></span> <span class='ocrx_word' id='word_1_307' title='bbox 1623 3942 1677 3988; x_wconf 89' lang='lat' dir='ltr'><strong><em>et</em></strong></span> <span class='ocrx_word' id='word_1_308' title='bbox 1702 3933 1826 3988; x_wconf 90' lang='lat' dir='ltr'><strong><em>inde</em></strong></span> <span class='ocrx_word' id='word_1_309' title='bbox 1871 3934 1927 3988; x_wconf 90' lang='lat' dir='ltr'><strong><em>in</em></strong></span> <span class='ocrx_word' id='word_1_310' title='bbox 1973 3935 2070 3989; x_wconf 90' lang='lat' dir='ltr'><strong><em>ad-</em></strong></span> 
     </span>
    </p>
   </div>
   <div class='ocr_carea' id='block_1_40' title="bbox 484 4020 2079 4084">
    <p class='ocr_par' dir='ltr' id='par_1_40' title="bbox 484 4020 2079 4084">
     <span class='ocr_line' id='line_1_40' title="bbox 484 4020 2079 4084; baseline 0.005 -9"><span class='ocrx_word' id='word_1_311' title='bbox 484 4030 647 4077; x_wconf 89' lang='lat' dir='ltr'><strong><em>ventu</em></strong></span> <span class='ocrx_word' id='word_1_312' title='bbox 675 4022 898 4084; x_wconf 87' lang='lat' dir='ltr'><strong><em>Christi.</em></strong></span> <span class='ocrx_word' id='word_1_313' title='bbox 930 4020 1142 4082; x_wconf 86' lang='lat' dir='ltr'><strong><em>cunctis</em></strong></span> <span class='ocrx_word' id='word_1_314' title='bbox 1186 4027 1238 4081; x_wconf 91' lang='lat' dir='ltr'><strong><em>in</em></strong></span> <span class='ocrx_word' id='word_1_315' title='bbox 1268 4041 1393 4081; x_wconf 91' lang='lat' dir='ltr'><strong><em>eum</em></strong></span> <span class='ocrx_word' id='word_1_316' title='bbox 1443 4025 1791 4081; x_wconf 89' lang='lat' dir='ltr'><strong><em>credentibus</em></strong></span> <span class='ocrx_word' id='word_1_317' title='bbox 1844 4028 2079 4083; x_wconf 87' lang='lat' dir='ltr'><strong><em>nationi-</em></strong></span> 
     </span>
    </p>
   </div>
   <div class='ocr_carea' id='block_1_41' title="bbox 479 4113 2077 4189">
    <p class='ocr_par' dir='ltr' id='par_1_41' title="bbox 479 4113 2077 4189">
     <span class='ocr_line' id='line_1_41' title="bbox 479 4113 2077 4189; baseline 0.003 -20"><span class='ocrx_word' id='word_1_318' title='bbox 479 4113 602 4178; x_wconf 89' lang='lat' dir='ltr'><strong><em>bus,</em></strong></span> <span class='ocrx_word' id='word_1_319' title='bbox 627 4117 933 4185; x_wconf 85' lang='lat' dir='ltr'><strong><em>expulsum,</em></strong></span> <span class='ocrx_word' id='word_1_320' title='bbox 957 4118 1025 4172; x_wconf 89' lang='lat' dir='ltr'><strong><em>ad</em></strong></span> <span class='ocrx_word' id='word_1_321' title='bbox 1046 4119 1330 4187; x_wconf 88' lang='lat' dir='ltr'><strong><em>pristinam</em></strong></span> <span class='ocrx_word' id='word_1_322' title='bbox 1355 4119 1573 4172; x_wconf 89' lang='lat' dir='ltr'><strong><em>domum</em></strong></span> <span class='ocrx_word' id='word_1_323' title='bbox 1595 4133 1896 4185; x_wconf 89' lang='lat' dir='ltr'><strong><em>reversum,</em></strong></span> <span class='ocrx_word' id='word_1_324' title='bbox 1913 4135 2077 4189; x_wconf 91' lang='lat' dir='ltr'><strong><em>quam</em></strong></span> 
     </span>
    </p>
   </div>
   <div class='ocr_carea' id='block_1_42' title="bbox 483 4206 2078 4284">
    <p class='ocr_par' dir='ltr' id='par_1_42' title="bbox 483 4206 2078 4284">
     <span class='ocr_line' id='line_1_42' title="bbox 483 4206 2078 4284; baseline 0.006 -23"><span class='ocrx_word' id='word_1_325' title='bbox 483 4206 693 4262; x_wconf 86' lang='lat' dir='ltr'><strong><em>invenit</em></strong></span> <span class='ocrx_word' id='word_1_326' title='bbox 728 4207 840 4262; x_wconf 93' lang='lat' dir='ltr'><strong><em>Deo</em></strong></span> <span class='ocrx_word' id='word_1_327' title='bbox 887 4209 1105 4279; x_wconf 88' lang='lat' dir='ltr'><strong><em>quidem</em></strong></span> <span class='ocrx_word' id='word_1_328' title='bbox 1135 4225 1385 4275; x_wconf 85' lang='lat' dir='ltr'><strong><em>vacuam,</em></strong></span> <span class='ocrx_word' id='word_1_329' title='bbox 1424 4210 1736 4265; x_wconf 87' lang='lat' dir='ltr'><strong><em>carnalibus</em></strong></span> <span class='ocrx_word' id='word_1_330' title='bbox 1759 4227 1889 4267; x_wconf 87' lang='lat' dir='ltr'><strong><em>vero</em></strong></span> <span class='ocrx_word' id='word_1_331' title='bbox 1945 4213 2078 4284; x_wconf 83' lang='lat' dir='ltr'><strong><em>legis</em></strong></span> 
     </span>
    </p>
   </div>
   <div class='ocr_carea' id='block_1_43' title="bbox 481 4304 2081 4371">
    <p class='ocr_par' dir='ltr' id='par_1_43' title="bbox 481 4304 2081 4371">
     <span class='ocr_line' id='line_1_43' title="bbox 481 4304 2081 4371; baseline 0.004 -13"><span class='ocrx_word' id='word_1_332' title='bbox 481 4304 952 4360; x_wconf 84' lang='lat' dir='ltr'><strong><em>observationibus</em></strong></span> <span class='ocrx_word' id='word_1_333' title='bbox 979 4314 1246 4371; x_wconf 85' lang='lat' dir='ltr'><strong><em>ornatam,</em></strong></span> <span class='ocrx_word' id='word_1_334' title='bbox 1269 4320 1301 4359; x_wconf 90' lang='lat' dir='ltr'><strong><em>a</em></strong></span> <span class='ocrx_word' id='word_1_335' title='bbox 1335 4305 1666 4361; x_wconf 89' lang='lat' dir='ltr'><strong><em>Pbarisaicis</em></strong></span> <span class='ocrx_word' id='word_1_336' title='bbox 1696 4307 2081 4365; x_wconf 82' lang='lat' dir='ltr'><strong><em>traditionibus</em></strong></span> 
     </span>
    </p>
   </div>
   <div class='ocr_carea' id='block_1_44' title="bbox 481 4396 2083 4467">
    <p class='ocr_par' dir='ltr' id='par_1_44' title="bbox 481 4396 2083 4467">
     <span class='ocr_line' id='line_1_44' title="bbox 481 4396 2083 4467; baseline 0.002 -15"><span class='ocrx_word' id='word_1_337' title='bbox 481 4396 646 4452; x_wconf 88' lang='lat' dir='ltr'><strong><em>veluti</em></strong></span> <span class='ocrx_word' id='word_1_338' title='bbox 672 4399 1007 4452; x_wconf 79' lang='lat' dir='ltr'><strong><em>mandatam.</em></strong></span> <span class='ocrx_word' id='word_1_339' title='bbox 1042 4399 1109 4452; x_wconf 90' lang='lat' dir='ltr'><strong><em>Et</em></strong></span> <span class='ocrx_word' id='word_1_340' title='bbox 1134 4399 1260 4467; x_wconf 90' lang='lat' dir='ltr'><strong><em>quia</em></strong></span> <span class='ocrx_word' id='word_1_341' title='bbox 1292 4397 1430 4452; x_wconf 87' lang='lat' dir='ltr'><strong><em>vidit</em></strong></span> <span class='ocrx_word' id='word_1_342' title='bbox 1456 4413 1579 4452; x_wconf 91' lang='lat' dir='ltr'><strong><em>eam</em></strong></span> <span class='ocrx_word' id='word_1_343' title='bbox 1621 4398 1704 4453; x_wconf 90' lang='lat' dir='ltr'><strong><em>sui</em></strong></span> <span class='ocrx_word' id='word_1_344' title='bbox 1744 4398 2083 4456; x_wconf 84' lang='lat' dir='ltr'><strong><em>habitatione</em></strong></span> 
     </span>
    </p>
   </div>
   <div class='ocr_carea' id='block_1_45' title="bbox 481 4489 2076 4562">
    <p class='ocr_par' dir='ltr' id='par_1_45' title="bbox 481 4489 2076 4562">
     <span class='ocr_line' id='line_1_45' title="bbox 481 4489 2076 4562; baseline 0.003 -18"><span class='ocrx_word' id='word_1_345' title='bbox 481 4489 874 4561; x_wconf 87' lang='lat' dir='ltr'><strong><em>dignissimam,</em></strong></span> <span class='ocrx_word' id='word_1_346' title='bbox 903 4499 1109 4562; x_wconf 89' lang='lat' dir='ltr'><strong><em>septem</em></strong></span> <span class='ocrx_word' id='word_1_347' title='bbox 1136 4491 1269 4546; x_wconf 88' lang='lat' dir='ltr'><strong><em>alios</em></strong></span> <span class='ocrx_word' id='word_1_348' title='bbox 1307 4491 1596 4561; x_wconf 89' lang='lat' dir='ltr'><strong><em>nequiores</em></strong></span> <span class='ocrx_word' id='word_1_349' title='bbox 1623 4505 1682 4546; x_wconf 89' lang='lat' dir='ltr'><strong><em>se</em></strong></span> <span class='ocrx_word' id='word_1_350' title='bbox 1741 4491 1964 4562; x_wconf 88' lang='lat' dir='ltr'><strong><em>spiritus</em></strong></span> <span class='ocrx_word' id='word_1_351' title='bbox 1991 4507 2076 4548; x_wconf 83' lang='lat' dir='ltr'><strong><em>as-</em></strong></span> 
     </span>
    </p>
   </div>
   <div class='ocr_carea' id='block_1_46' title="bbox 483 4582 2157 4653">
    <p class='ocr_par' dir='ltr' id='par_1_46' title="bbox 483 4582 2157 4653">
     <span class='ocr_line' id='line_1_46' title="bbox 483 4582 2157 4653; baseline 0.002 -17"><span class='ocrx_word' id='word_1_352' title='bbox 483 4583 741 4652; x_wconf 89' lang='lat' dir='ltr'><strong><em>sumpsit;</em></strong></span> <span class='ocrx_word' id='word_1_353' title='bbox 789 4590 846 4637; x_wconf 91' lang='lat' dir='ltr'><strong><em>et</em></strong></span> <span class='ocrx_word' id='word_1_354' title='bbox 879 4599 1003 4639; x_wconf 91' lang='lat' dir='ltr'><strong><em>cum</em></strong></span> <span class='ocrx_word' id='word_1_355' title='bbox 1032 4583 1118 4638; x_wconf 90' lang='lat' dir='ltr'><strong><em>his</em></strong></span> <span class='ocrx_word' id='word_1_356' title='bbox 1150 4582 1340 4637; x_wconf 91' lang='lat' dir='ltr'><strong><em>intima</em></strong></span> <span class='ocrx_word' id='word_1_357' title='bbox 1370 4582 1540 4651; x_wconf 90' lang='lat' dir='ltr'><strong><em>ipsius</em></strong></span> <span class='ocrx_word' id='word_1_358' title='bbox 1564 4590 1873 4653; x_wconf 86' lang='lat' dir='ltr'><strong><em>penetrans,</em></strong></span> <span class='ocrx_word' id='word_1_359' title='bbox 1902 4584 2080 4639; x_wconf 91' lang='lat' dir='ltr'><strong><em>novis-</em></strong></span> <span class='ocrx_word' id='word_1_360' title='bbox 2103 4587 2157 4650; x_wconf 87' lang='lat' dir='ltr'><strong><em>D</em></strong></span> 
     </span>
    </p>
   </div>
   <div class='ocr_carea' id='block_1_47' title="bbox 483 4669 2076 4744">
    <p class='ocr_par' dir='ltr' id='par_1_47' title="bbox 483 4669 2076 4744">
     <span class='ocr_line' id='line_1_47' title="bbox 483 4669 2076 4744; baseline 0.004 -21"><span class='ocrx_word' id='word_1_361' title='bbox 483 4671 619 4724; x_wconf 89' lang='lat' dir='ltr'><strong><em>sima</em></strong></span> <span class='ocrx_word' id='word_1_362' title='bbox 643 4669 760 4738; x_wconf 84' lang='lat' dir='ltr'><strong><em>ejus</em></strong></span> <span class='ocrx_word' id='word_1_363' title='bbox 793 4672 978 4742; x_wconf 89' lang='lat' dir='ltr'><strong><em>pejora</em></strong></span> <span class='ocrx_word' id='word_1_364' title='bbox 1008 4672 1139 4728; x_wconf 83' lang='lat' dir='ltr'><strong><em>fecit</em></strong></span> <span class='ocrx_word' id='word_1_365' title='bbox 1162 4672 1452 4742; x_wconf 89' lang='lat' dir='ltr'><strong><em>prioribus.</em></strong></span> <span class='ocrx_word' id='word_1_366' title='bbox 1493 4671 1678 4741; x_wconf 84' lang='lat' dir='ltr'><strong><em>Majori</em></strong></span> <span class='ocrx_word' id='word_1_367' title='bbox 1713 4673 1910 4744; x_wconf 87' lang='lat' dir='ltr'><strong><em>quippe</em></strong></span> <span class='ocrx_word' id='word_1_368' title='bbox 1930 4690 2076 4730; x_wconf 89' lang='lat' dir='ltr'><strong><em>nunc</em></strong></span> 
     </span>
    </p>
   </div>
   <div class='ocr_carea' id='block_1_48' title="bbox 483 4761 2080 4835">
    <p class='ocr_par' dir='ltr' id='par_1_48' title="bbox 483 4761 2080 4835">
     <span class='ocr_line' id='line_1_48' title="bbox 483 4761 2080 4835; baseline 0.004 -20"><span class='ocrx_word' id='word_1_369' title='bbox 483 4761 676 4817; x_wconf 91' lang='lat' dir='ltr'><strong><em>domus</em></strong></span> <span class='ocrx_word' id='word_1_370' title='bbox 717 4763 806 4817; x_wconf 91' lang='lat' dir='ltr'><strong><em>illa</em></strong></span> <span class='ocrx_word' id='word_1_371' title='bbox 832 4762 1003 4833; x_wconf 92' lang='lat' dir='ltr'><strong><em>plebis</em></strong></span> <span class='ocrx_word' id='word_1_372' title='bbox 1029 4762 1266 4819; x_wconf 73' lang='lat' dir='ltr'><strong><em>Judaicze</em></strong></span> <span class='ocrx_word' id='word_1_373' title='bbox 1323 4764 1630 4818; x_wconf 60' lang='lat' dir='ltr'><strong><em>daemonum</em></strong></span> <span class='ocrx_word' id='word_1_374' title='bbox 1659 4780 1883 4819; x_wconf 89' lang='lat' dir='ltr'><strong><em>numero</em></strong></span> <span class='ocrx_word' id='word_1_375' title='bbox 1912 4767 2080 4835; x_wconf 88' lang='lat' dir='ltr'><strong><em>possi-</em></strong></span> 
     </span>
    </p>
   </div>
   <div class='ocr_carea' id='block_1_49' title="bbox 483 4853 2072 4930">
    <p class='ocr_par' dir='ltr' id='par_1_49' title="bbox 483 4853 2072 4930">
     <span class='ocr_line' id='line_1_49' title="bbox 483 4853 2072 4930; baseline 0.004 -22"><span class='ocrx_word' id='word_1_376' title='bbox 483 4853 669 4919; x_wconf 87' lang='lat' dir='ltr'><strong><em>detur,</em></strong></span> <span class='ocrx_word' id='word_1_377' title='bbox 717 4854 1098 4926; x_wconf 89' lang='lat' dir='ltr'><strong><em>blasphemans</em></strong></span> <span class='ocrx_word' id='word_1_378' title='bbox 1146 4857 1201 4912; x_wconf 93' lang='lat' dir='ltr'><strong><em>in</em></strong></span> <span class='ocrx_word' id='word_1_379' title='bbox 1254 4857 1540 4928; x_wconf 86' lang='lat' dir='ltr'><strong><em>synagogis</em></strong></span> <span class='ocrx_word' id='word_1_380' title='bbox 1597 4858 1709 4913; x_wconf 89' lang='lat' dir='ltr'><strong><em>suis</em></strong></span> <span class='ocrx_word' id='word_1_381' title='bbox 1760 4857 2072 4930; x_wconf 86' lang='lat' dir='ltr'><strong><em>Christum,</em></strong></span> 
     </span>
    </p>
   </div>
   <div class='ocr_carea' id='block_1_50' title="bbox 484 4947 2078 5024">
    <p class='ocr_par' dir='ltr' id='par_1_50' title="bbox 484 4947 2078 5024">
     <span class='ocr_line' id='line_1_50' title="bbox 484 4947 2078 5024; baseline 0.006 -24"><span class='ocrx_word' id='word_1_382' title='bbox 484 4961 646 5018; x_wconf 91' lang='lat' dir='ltr'><strong><em>quam</em></strong></span> <span class='ocrx_word' id='word_1_383' title='bbox 683 4948 740 5002; x_wconf 89' lang='lat' dir='ltr'><strong><em>in</em></strong></span> <span class='ocrx_word' id='word_1_384' title='bbox 777 4947 1012 5021; x_wconf 67' lang='lat' dir='ltr'><strong><em>[Egypto</em></strong></span> <span class='ocrx_word' id='word_1_385' title='bbox 1061 4964 1316 5021; x_wconf 87' lang='lat' dir='ltr'><strong><em>possessa</em></strong></span> <span class='ocrx_word' id='word_1_386' title='bbox 1366 4950 1546 5007; x_wconf 80' lang='lat' dir='ltr'><strong><em>fuerat</em></strong></span> <span class='ocrx_word' id='word_1_387' title='bbox 1600 4959 1726 5008; x_wconf 90' lang='lat' dir='ltr'><strong><em>ante</em></strong></span> <span class='ocrx_word' id='word_1_388' title='bbox 1759 4951 1894 5024; x_wconf 90' lang='lat' dir='ltr'><strong><em>legis</em></strong></span> <span class='ocrx_word' id='word_1_389' title='bbox 1936 4954 2078 5010; x_wconf 92' lang='lat' dir='ltr'><strong><em>noti-</em></strong></span> 
     </span>
    </p>
   </div>
   <div class='ocr_carea' id='block_1_51' title="bbox 485 5040 639 5094">
    <p class='ocr_par' dir='ltr' id='par_1_51' title="bbox 485 5040 639 5094">
     <span class='ocr_line' id='line_1_51' title="bbox 485 5040 639 5094; baseline 0.006 -2"><span class='ocrx_word' id='word_1_390' title='bbox 485 5040 639 5094; x_wconf 89' lang='lat' dir='ltr'><strong><em>tiam.</em></strong></span> 
     </span>
    </p>
   </div>
   <div class='ocr_carea' id='block_1_52' title="bbox 558 5156 2074 5234">
    <p class='ocr_par' dir='ltr' id='par_1_52' title="bbox 558 5156 2074 5234">
     <span class='ocr_line' id='line_1_52' title="bbox 558 5156 2074 5234; baseline 0.003 -21"><span class='ocrx_word' id='word_1_391' title='bbox 558 5156 698 5214; x_wconf 82' lang='lat' dir='ltr'><strong><em>XXI.</em></strong></span> <span class='ocrx_word' id='word_1_392' title='bbox 731 5157 959 5216; x_wconf 84' lang='lat' dir='ltr'><strong><em>Frustra</em></strong></span> <span class='ocrx_word' id='word_1_393' title='bbox 988 5160 1151 5234; x_wconf 81' lang='lat' dir='ltr'><strong><em>igitur</em></strong></span> <span class='ocrx_word' id='word_1_394' title='bbox 1177 5161 1418 5221; x_wconf 80' lang='lat' dir='ltr'><strong><em>fautores</em></strong></span> <span class='ocrx_word' id='word_1_395' title='bbox 1450 5161 1782 5230; x_wconf 77' lang='lat' dir='ltr'><strong><em>Judseorum,</em></strong></span> <span class='ocrx_word' id='word_1_396' title='bbox 1818 5177 1918 5217; x_wconf 92' lang='lat' dir='ltr'><strong><em>nos</em></strong></span> <span class='ocrx_word' id='word_1_397' title='bbox 1944 5177 2074 5217; x_wconf 87' lang='lat' dir='ltr'><strong><em>con-</em></strong></span> 
     </span>
    </p>
   </div>
   <div class='ocr_carea' id='block_1_53' title="bbox 2162 574 3750 646">
    <p class='ocr_par' dir='ltr' id='par_1_53' title="bbox 2162 574 3750 646">
     <span class='ocr_line' id='line_1_53' title="bbox 2162 574 3750 646; baseline 0.004 -16"><span class='ocrx_word' id='word_1_398' title='bbox 2162 575 2507 630; x_wconf 88' lang='lat' dir='ltr'><strong><em>honorandos</em></strong></span> <span class='ocrx_word' id='word_1_399' title='bbox 2530 591 2625 630; x_wconf 91' lang='lat' dir='ltr'><strong><em>eos</em></strong></span> <span class='ocrx_word' id='word_1_400' title='bbox 2652 582 2873 646; x_wconf 89' lang='lat' dir='ltr'><strong><em>putant,</em></strong></span> <span class='ocrx_word' id='word_1_401' title='bbox 2912 583 2968 629; x_wconf 88' lang='lat' dir='ltr'><strong><em>et</em></strong></span> <span class='ocrx_word' id='word_1_402' title='bbox 2991 574 3314 632; x_wconf 88' lang='lat' dir='ltr'><strong><em>Christianis</em></strong></span> <span class='ocrx_word' id='word_1_403' title='bbox 3339 578 3518 633; x_wconf 89' lang='lat' dir='ltr'><strong><em>dicere</em></strong></span> <span class='ocrx_word' id='word_1_404' title='bbox 3547 581 3750 637; x_wconf 87' lang='lat' dir='ltr'><strong><em>audent</em></strong></span> 
     </span>
    </p>
   </div>
   <div class='ocr_carea' id='block_1_54' title="bbox 2161 669 3752 744">
    <p class='ocr_par' dir='ltr' id='par_1_54' title="bbox 2161 669 3752 744">
     <span class='ocr_line' id='line_1_54' title="bbox 2161 669 3752 744; baseline 0.004 -20"><span class='ocrx_word' id='word_1_405' title='bbox 2161 669 2446 735; x_wconf 89' lang='lat' dir='ltr'><strong><em>meliores;</em></strong></span> <span class='ocrx_word' id='word_1_406' title='bbox 2488 684 2611 724; x_wconf 91' lang='lat' dir='ltr'><strong><em>cum</em></strong></span> <span class='ocrx_word' id='word_1_407' title='bbox 2659 669 2900 740; x_wconf 89' lang='lat' dir='ltr'><strong><em>legamus</em></strong></span> <span class='ocrx_word' id='word_1_408' title='bbox 2947 671 3112 726; x_wconf 90' lang='lat' dir='ltr'><strong><em>etiam</em></strong></span> <span class='ocrx_word' id='word_1_409' title='bbox 3151 672 3456 743; x_wconf 82' lang='lat' dir='ltr'><strong><em>Agarenos,</em></strong></span> <span class='ocrx_word' id='word_1_410' title='bbox 3485 674 3577 744; x_wconf 91' lang='lat' dir='ltr'><strong><em>qui</em></strong></span> <span class='ocrx_word' id='word_1_411' title='bbox 3604 691 3752 732; x_wconf 88' lang='lat' dir='ltr'><strong><em>nunc</em></strong></span> 
     </span>
    </p>
   </div>
   <div class='ocr_carea' id='block_1_55' title="bbox 2162 758 3753 830">
    <p class='ocr_par' dir='ltr' id='par_1_55' title="bbox 2162 758 3753 830">
     <span class='ocr_line' id='line_1_55' title="bbox 2162 758 3753 830; baseline 0.004 -16"><span class='ocrx_word' id='word_1_412' title='bbox 2162 768 2418 830; x_wconf 89' lang='lat' dir='ltr'><strong><em>corrupto</em></strong></span> <span class='ocrx_word' id='word_1_413' title='bbox 2439 760 2700 816; x_wconf 80' lang='lat' dir='ltr'><strong><em>vocabulo</em></strong></span> <span class='ocrx_word' id='word_1_414' title='bbox 2725 771 2752 800; x_wconf 73' lang='grc' dir='ltr'><strong><em>ιι</em></strong></span> <span class='ocrx_word' id='word_1_415' title='bbox 2781 758 3042 816; x_wconf 91' lang='lat' dir='ltr'><strong><em>Saraceni</em></strong></span> <span class='ocrx_word' id='word_1_416' title='bbox 3068 770 3351 828; x_wconf 89' lang='lat' dir='ltr'><strong><em>vocantur,</em></strong></span> <span class='ocrx_word' id='word_1_417' title='bbox 3373 762 3753 821; x_wconf 86' lang='lat' dir='ltr'><strong><em>Amalachitas</em></strong></span> 
     </span>
    </p>
   </div>
   <div class='ocr_carea' id='block_1_56' title="bbox 2163 852 3754 924">
    <p class='ocr_par' dir='ltr' id='par_1_56' title="bbox 2163 852 3754 924">
     <span class='ocr_line' id='line_1_56' title="bbox 2163 852 3754 924; baseline 0.004 -17"><span class='ocrx_word' id='word_1_418' title='bbox 2163 867 2375 923; x_wconf 89' lang='lat' dir='ltr'><strong><em>quoque</em></strong></span> <span class='ocrx_word' id='word_1_419' title='bbox 2395 892 2411 918; x_wconf 92' lang='lat'><strong><em>,</em></strong></span> <span class='ocrx_word' id='word_1_420' title='bbox 2448 860 2504 906; x_wconf 90' lang='lat' dir='ltr'><strong><em>et</em></strong></span> <span class='ocrx_word' id='word_1_421' title='bbox 2546 852 2864 907; x_wconf 87' lang='lat' dir='ltr'><strong><em>Madianitas</em></strong></span> <span class='ocrx_word' id='word_1_422' title='bbox 2887 893 2902 918; x_wconf 94' lang='lat'><strong><em>,</em></strong></span> <span class='ocrx_word' id='word_1_423' title='bbox 2960 861 3122 924; x_wconf 89' lang='lat' dir='ltr'><strong><em>atque</em></strong></span> <span class='ocrx_word' id='word_1_424' title='bbox 3155 853 3345 920; x_wconf 86' lang='lat' dir='ltr'><strong><em>Afros,</em></strong></span> <span class='ocrx_word' id='word_1_425' title='bbox 3376 870 3445 910; x_wconf 80' lang='lat' dir='ltr'><strong><em>ex</em></strong></span> <span class='ocrx_word' id='word_1_426' title='bbox 3472 853 3754 914; x_wconf 85' lang='lat' dir='ltr'><strong><em>Abraham</em></strong></span> 
     </span>
    </p>
   </div>
   <div class='ocr_carea' id='block_1_57' title="bbox 2162 946 3754 1019">
    <p class='ocr_par' dir='ltr' id='par_1_57' title="bbox 2162 946 3754 1019">
     <span class='ocr_line' id='line_1_57' title="bbox 2162 946 3754 1019; baseline 0.005 -19"><span class='ocrx_word' id='word_1_427' title='bbox 2162 959 2331 1016; x_wconf 86' lang='lat' dir='ltr'><strong><em>genus</em></strong></span> <span class='ocrx_word' id='word_1_428' title='bbox 2352 954 2550 1001; x_wconf 87' lang='lat' dir='ltr'><strong><em>ducere</em></strong></span> <span class='ocrx_word' id='word_1_429' title='bbox 2572 987 2585 1009; x_wconf 91' lang='lat'><strong><em>,</em></strong></span> <span class='ocrx_word' id='word_1_430' title='bbox 2640 946 2866 1015; x_wconf 88' lang='lat' dir='ltr'><strong><em>ideoque</em></strong></span> <span class='ocrx_word' id='word_1_431' title='bbox 2894 961 2995 1002; x_wconf 89' lang='lat' dir='ltr'><strong><em>nec</em></strong></span> <span class='ocrx_word' id='word_1_432' title='bbox 3022 961 3115 1003; x_wconf 93' lang='lat' dir='ltr'><strong><em>eos</em></strong></span> <span class='ocrx_word' id='word_1_433' title='bbox 3153 948 3440 1019; x_wconf 88' lang='lat' dir='ltr'><strong><em>quisquam</em></strong></span> <span class='ocrx_word' id='word_1_434' title='bbox 3467 951 3550 1006; x_wconf 88' lang='lat' dir='ltr'><strong><em>vel</em></strong></span> <span class='ocrx_word' id='word_1_435' title='bbox 3577 952 3754 1008; x_wconf 89' lang='lat' dir='ltr'><strong><em>hono-</em></strong></span> 
     </span>
    </p>
   </div>
   <div class='ocr_carea' id='block_1_58' title="bbox 2161 1036 3751 1099">
    <p class='ocr_par' dir='ltr' id='par_1_58' title="bbox 2161 1036 3751 1099">
     <span class='ocr_line' id='line_1_58' title="bbox 2161 1036 3751 1099; baseline 0.006 -10"><span class='ocrx_word' id='word_1_436' title='bbox 2161 1037 2362 1092; x_wconf 89' lang='lat' dir='ltr'><strong><em>randos</em></strong></span> <span class='ocrx_word' id='word_1_437' title='bbox 2402 1036 2486 1091; x_wconf 88' lang='lat' dir='ltr'><strong><em>vel</em></strong></span> <span class='ocrx_word' id='word_1_438' title='bbox 2523 1036 2774 1092; x_wconf 91' lang='lat' dir='ltr'><strong><em>meliores</em></strong></span> <span class='ocrx_word' id='word_1_439' title='bbox 2814 1037 3139 1095; x_wconf 88' lang='lat' dir='ltr'><strong><em>Christianis</em></strong></span> <span class='ocrx_word' id='word_1_440' title='bbox 3179 1041 3370 1095; x_wconf 89' lang='lat' dir='ltr'><strong><em>debeat</em></strong></span> <span class='ocrx_word' id='word_1_441' title='bbox 3408 1043 3751 1099; x_wconf 85' lang='lat' dir='ltr'><strong><em>existimare.</em></strong></span> 
     </span>
    </p>
   </div>
   <div class='ocr_carea' id='block_1_59' title="bbox 2162 1126 3757 1204">
    <p class='ocr_par' dir='ltr' id='par_1_59' title="bbox 2162 1126 3757 1204">
     <span class='ocr_line' id='line_1_59' title="bbox 2162 1126 3757 1204; baseline 0.005 -23"><span class='ocrx_word' id='word_1_442' title='bbox 2162 1126 2280 1182; x_wconf 90' lang='lat' dir='ltr'><strong><em>Non</em></strong></span> <span class='ocrx_word' id='word_1_443' title='bbox 2306 1128 2479 1182; x_wconf 90' lang='lat' dir='ltr'><strong><em>solum</em></strong></span> <span class='ocrx_word' id='word_1_444' title='bbox 2511 1141 2693 1183; x_wconf 90' lang='lat' dir='ltr'><strong><em>autem</em></strong></span> <span class='ocrx_word' id='word_1_445' title='bbox 2718 1127 2889 1183; x_wconf 67' lang='lat' dir='ltr'><strong><em>Judaei</em></strong></span> <span class='ocrx_word' id='word_1_446' title='bbox 2928 1129 3178 1186; x_wconf 88' lang='lat' dir='ltr'><strong><em>meliores</em></strong></span> <span class='ocrx_word' id='word_1_447' title='bbox 3211 1132 3366 1187; x_wconf 88' lang='lat' dir='ltr'><strong><em>nobis</em></strong></span> <span class='ocrx_word' id='word_1_448' title='bbox 3394 1147 3514 1188; x_wconf 89' lang='lat' dir='ltr'><strong><em>esse</em></strong></span> <span class='ocrx_word' id='word_1_449' title='bbox 3552 1147 3757 1204; x_wconf 89' lang='lat' dir='ltr'><strong><em>neque-</em></strong></span> 
     </span>
    </p>
   </div>
   <div class='ocr_carea' id='block_1_60' title="bbox 2162 1220 3758 1291">
    <p class='ocr_par' dir='ltr' id='par_1_60' title="bbox 2162 1220 3758 1291">
     <span class='ocr_line' id='line_1_60' title="bbox 2162 1220 3758 1291; baseline 0.005 -19"><span class='ocrx_word' id='word_1_450' title='bbox 2162 1227 2278 1282; x_wconf 89' lang='lat' dir='ltr'><strong><em>unt,</em></strong></span> <span class='ocrx_word' id='word_1_451' title='bbox 2311 1220 2404 1274; x_wconf 90' lang='lat' dir='ltr'><strong><em>sed</em></strong></span> <span class='ocrx_word' id='word_1_452' title='bbox 2431 1227 2486 1274; x_wconf 91' lang='lat' dir='ltr'><strong><em>et</em></strong></span> <span class='ocrx_word' id='word_1_453' title='bbox 2506 1221 2610 1284; x_wconf 93' lang='lat' dir='ltr'><strong><em>his,</em></strong></span> <span class='ocrx_word' id='word_1_454' title='bbox 2645 1236 2781 1289; x_wconf 89' lang='lat' dir='ltr'><strong><em>quas</em></strong></span> <span class='ocrx_word' id='word_1_455' title='bbox 2811 1235 2974 1291; x_wconf 89' lang='lat' dir='ltr'><strong><em>supra</em></strong></span> <span class='ocrx_word' id='word_1_456' title='bbox 3005 1223 3442 1277; x_wconf 88' lang='lat' dir='ltr'><strong><em>enumeravimus</em></strong></span> <span class='ocrx_word' id='word_1_457' title='bbox 3463 1264 3477 1290; x_wconf 90' lang='lat'><strong><em>,</em></strong></span> <span class='ocrx_word' id='word_1_458' title='bbox 3522 1225 3758 1280; x_wconf 90' lang='lat' dir='ltr'><strong><em>nationi-</em></strong></span> 
     </span>
    </p>
   </div>
   <div class='ocr_carea' id='block_1_61' title="bbox 2162 1309 3756 1386">
    <p class='ocr_par' dir='ltr' id='par_1_61' title="bbox 2162 1309 3756 1386">
     <span class='ocr_line' id='line_1_61' title="bbox 2162 1309 3756 1386; baseline 0.005 -24"><span class='ocrx_word' id='word_1_459' title='bbox 2162 1309 2264 1363; x_wconf 88' lang='lat' dir='ltr'><strong><em>bus</em></strong></span> <span class='ocrx_word' id='word_1_460' title='bbox 2290 1309 2500 1379; x_wconf 86' lang='lat' dir='ltr'><strong><em>pejores</em></strong></span> <span class='ocrx_word' id='word_1_461' title='bbox 2521 1310 2870 1365; x_wconf 90' lang='lat' dir='ltr'><strong><em>inveniuntur</em></strong></span> <span class='ocrx_word' id='word_1_462' title='bbox 2896 1329 2908 1364; x_wconf 89' lang='lat'>:</span> <span class='ocrx_word' id='word_1_463' title='bbox 2934 1311 3061 1381; x_wconf 89' lang='lat' dir='ltr'><strong><em>quia</em></strong></span> <span class='ocrx_word' id='word_1_464' title='bbox 3087 1311 3190 1366; x_wconf 83' lang='lat' dir='ltr'><strong><em>illae</em></strong></span> <span class='ocrx_word' id='word_1_465' title='bbox 3210 1313 3426 1382; x_wconf 88' lang='lat' dir='ltr'><strong><em>quidem</em></strong></span> <span class='ocrx_word' id='word_1_466' title='bbox 3455 1327 3555 1368; x_wconf 89' lang='lat' dir='ltr'><strong><em>nec</em></strong></span> <span class='ocrx_word' id='word_1_467' title='bbox 3579 1313 3756 1386; x_wconf 89' lang='lat' dir='ltr'><strong><em>legem</em></strong></span> 
     </span>
    </p>
   </div>
   <div class='ocr_carea' id='block_1_62' title="bbox 2165 1405 3762 1478">
    <p class='ocr_par' dir='ltr' id='par_1_62' title="bbox 2165 1405 3762 1478">
     <span class='ocr_line' id='line_1_62' title="bbox 2165 1405 3762 1478; baseline 0.005 -22"><span class='ocrx_word' id='word_1_468' title='bbox 2165 1411 2529 1472; x_wconf 88' lang='lat' dir='ltr'><strong><em>acceperunt,</em></strong></span> <span class='ocrx_word' id='word_1_469' title='bbox 2579 1405 2668 1458; x_wconf 91' lang='lat' dir='ltr'><strong><em>isti</em></strong></span> <span class='ocrx_word' id='word_1_470' title='bbox 2711 1419 2842 1460; x_wconf 90' lang='lat' dir='ltr'><strong><em>vero</em></strong></span> <span class='ocrx_word' id='word_1_471' title='bbox 2887 1414 3011 1474; x_wconf 91' lang='lat' dir='ltr'><strong><em>post</em></strong></span> <span class='ocrx_word' id='word_1_472' title='bbox 3048 1405 3230 1459; x_wconf 89' lang='lat' dir='ltr'><strong><em>datam</em></strong></span> <span class='ocrx_word' id='word_1_473' title='bbox 3257 1405 3360 1460; x_wconf 91' lang='lat' dir='ltr'><strong><em>sibi</em></strong></span> <span class='ocrx_word' id='word_1_474' title='bbox 3381 1406 3585 1476; x_wconf 89' lang='lat' dir='ltr'><strong><em>legem,</em></strong></span> <span class='ocrx_word' id='word_1_475' title='bbox 3635 1417 3762 1478; x_wconf 90' lang='lat' dir='ltr'><strong><em>post</em></strong></span> 
     </span>
    </p>
   </div>
   <div class='ocr_carea' id='block_1_63' title="bbox 2164 1494 3756 1565">
    <p class='ocr_par' dir='ltr' id='par_1_63' title="bbox 2164 1494 3756 1565">
     <span class='ocr_line' id='line_1_63' title="bbox 2164 1494 3756 1565; baseline 0.002 -16"><span class='ocrx_word' id='word_1_476' title='bbox 2164 1494 2360 1549; x_wconf 90' lang='lat' dir='ltr'><strong><em>missos</em></strong></span> <span class='ocrx_word' id='word_1_477' title='bbox 2385 1496 2454 1550; x_wconf 91' lang='lat' dir='ltr'><strong><em>ad</em></strong></span> <span class='ocrx_word' id='word_1_478' title='bbox 2479 1509 2537 1550; x_wconf 91' lang='lat' dir='ltr'><strong><em>se</em></strong></span> <span class='ocrx_word' id='word_1_479' title='bbox 2559 1497 2872 1565; x_wconf 90' lang='lat' dir='ltr'><strong><em>prophetas,</em></strong></span> <span class='ocrx_word' id='word_1_480' title='bbox 2900 1497 3066 1550; x_wconf 90' lang='lat' dir='ltr'><strong><em>etiam</em></strong></span> <span class='ocrx_word' id='word_1_481' title='bbox 3093 1495 3189 1549; x_wconf 91' lang='lat' dir='ltr'><strong><em>Dei</em></strong></span> <span class='ocrx_word' id='word_1_482' title='bbox 3220 1495 3390 1550; x_wconf 87' lang='lat' dir='ltr'><strong><em>lilium</em></strong></span> <span class='ocrx_word' id='word_1_483' title='bbox 3418 1498 3756 1554; x_wconf 88' lang='lat' dir='ltr'><strong><em>occiderunt.</em></strong></span> 
     </span>
    </p>
   </div>
   <div class='ocr_carea' id='block_1_64' title="bbox 2166 1583 3759 1658">
    <p class='ocr_par' dir='ltr' id='par_1_64' title="bbox 2166 1583 3759 1658">
     <span class='ocr_line' id='line_1_64' title="bbox 2166 1583 3759 1658; baseline 0.002 -19"><span class='ocrx_word' id='word_1_484' title='bbox 2166 1583 2224 1639; x_wconf 92' lang='lat' dir='ltr'><strong><em>Si</em></strong></span> <span class='ocrx_word' id='word_1_485' title='bbox 2259 1599 2410 1651; x_wconf 90' lang='lat' dir='ltr'><strong><em>vero,</em></strong></span> <span class='ocrx_word' id='word_1_486' title='bbox 2435 1586 2586 1656; x_wconf 73' lang='lat' dir='ltr'><strong><em>juxta</em></strong></span> <span class='ocrx_word' id='word_1_487' title='bbox 2612 1586 2952 1656; x_wconf 86' lang='lat' dir='ltr'><strong><em>Apostolum,</em></strong></span> <span class='ocrx_word' id='word_1_488' title='bbox 2982 1603 3085 1640; x_wconf 87' lang='lat' dir='ltr'><strong><em>non</em></strong></span> <span class='ocrx_word' id='word_1_489' title='bbox 3110 1587 3200 1657; x_wconf 89' lang='lat' dir='ltr'><strong><em>qui</em></strong></span> <span class='ocrx_word' id='word_1_490' title='bbox 3226 1586 3324 1655; x_wconf 88' lang='lat' dir='ltr'><strong><em>ﬁlii</em></strong></span> <span class='ocrx_word' id='word_1_491' title='bbox 3361 1589 3554 1653; x_wconf 87' lang='lat' dir='ltr'><strong><em>carnis,</em></strong></span> <span class='ocrx_word' id='word_1_492' title='bbox 3577 1589 3632 1641; x_wconf 89' lang='lat' dir='ltr'><strong><em>hi</em></strong></span> <span class='ocrx_word' id='word_1_493' title='bbox 3653 1589 3759 1658; x_wconf 86' lang='lat' dir='ltr'><strong><em>ﬁlii</em></strong></span> 
     </span>
    </p>
   </div>
   <div class='ocr_carea' id='block_1_65' title="bbox 2163 1675 3762 1748">
    <p class='ocr_par' dir='ltr' id='par_1_65' title="bbox 2163 1675 3762 1748">
     <span class='ocr_line' id='line_1_65' title="bbox 2163 1675 3762 1748; baseline 0.003 -19"><span class='ocrx_word' id='word_1_494' title='bbox 2163 1686 2285 1729; x_wconf 87' lang='lat' dir='ltr'><strong><em>sunt</em></strong></span> <span class='ocrx_word' id='word_1_495' title='bbox 2317 1675 2438 1742; x_wconf 86' lang='lat' dir='ltr'><strong><em>Dei,</em></strong></span> <span class='ocrx_word' id='word_1_496' title='bbox 2465 1677 2554 1730; x_wconf 88' lang='lat' dir='ltr'><strong><em>sed</em></strong></span> <span class='ocrx_word' id='word_1_497' title='bbox 2581 1678 2671 1748; x_wconf 89' lang='lat' dir='ltr'><strong><em>qui</em></strong></span> <span class='ocrx_word' id='word_1_498' title='bbox 2709 1677 2807 1746; x_wconf 82' lang='lat' dir='ltr'><strong><em>ﬁlii</em></strong></span> <span class='ocrx_word' id='word_1_499' title='bbox 2842 1678 3222 1748; x_wconf 86' lang='lat' dir='ltr'><strong><em>promissionis,</em></strong></span> <span class='ocrx_word' id='word_1_500' title='bbox 3259 1679 3311 1732; x_wconf 89' lang='lat' dir='ltr'><strong><em>hi</em></strong></span> <span class='ocrx_word' id='word_1_501' title='bbox 3342 1680 3674 1733; x_wconf 78' lang='lat' dir='ltr'><strong><em>wstimantur</em></strong></span> <span class='ocrx_word' id='word_1_502' title='bbox 3704 1681 3762 1734; x_wconf 88' lang='lat' dir='ltr'><strong><em>in</em></strong></span> 
     </span>
    </p>
   </div>
   <div class='ocr_carea' id='block_1_66' title="bbox 2164 1766 3762 1838">
    <p class='ocr_par' dir='ltr' id='par_1_66' title="bbox 2164 1766 3762 1838">
     <span class='ocr_line' id='line_1_66' title="bbox 2164 1766 3762 1838; baseline 0.003 -19"><span class='ocrx_word' id='word_1_503' title='bbox 2164 1767 2394 1832; x_wconf 87' lang='lat' dir='ltr'><strong><em>semine;</em></strong></span> <span class='ocrx_word' id='word_1_504' title='bbox 2439 1783 2570 1837; x_wconf 86' lang='lat' dir='ltr'><strong><em>ergo</em></strong></span> <span class='ocrx_word' id='word_1_505' title='bbox 2609 1766 2799 1835; x_wconf 74' lang='lat' dir='ltr'><strong><em>Judzei,</em></strong></span> <span class='ocrx_word' id='word_1_506' title='bbox 2833 1777 3094 1838; x_wconf 90' lang='lat' dir='ltr'><strong><em>quantum</em></strong></span> <span class='ocrx_word' id='word_1_507' title='bbox 3141 1785 3173 1824; x_wconf 93' lang='lat' dir='ltr'><strong><em>a</em></strong></span> <span class='ocrx_word' id='word_1_508' title='bbox 3219 1769 3484 1838; x_wconf 91' lang='lat' dir='ltr'><strong><em>promisso</em></strong></span> <span class='ocrx_word' id='word_1_509' title='bbox 3523 1769 3762 1824; x_wconf 78' lang='lat' dir='ltr'><strong><em>Abraha:</em></strong></span> 
     </span>
    </p>
   </div>
   <div class='ocr_carea' id='block_1_67' title="bbox 2087 1856 3763 1926">
    <p class='ocr_par' dir='ltr' id='par_1_67' title="bbox 2087 1856 3763 1926">
     <span class='ocr_line' id='line_1_67' title="bbox 2087 1856 3763 1926; baseline 0 -15"><span class='ocrx_word' id='word_1_510' title='bbox 2087 1859 2136 1918; x_wconf 93' lang='lat' dir='ltr'><strong>B</strong></span> <span class='ocrx_word' id='word_1_511' title='bbox 2166 1856 2371 1911; x_wconf 90' lang='lat' dir='ltr'><strong><em>semine</em></strong></span> <span class='ocrx_word' id='word_1_512' title='bbox 2391 1898 2405 1923; x_wconf 95' lang='lat'><strong><em>,</em></strong></span> <span class='ocrx_word' id='word_1_513' title='bbox 2440 1858 2496 1912; x_wconf 91' lang='lat' dir='ltr'><strong><em>id</em></strong></span> <span class='ocrx_word' id='word_1_514' title='bbox 2525 1869 2640 1924; x_wconf 91' lang='lat' dir='ltr'><strong><em>est,</em></strong></span> <span class='ocrx_word' id='word_1_515' title='bbox 2690 1859 2939 1926; x_wconf 90' lang='lat' dir='ltr'><strong><em>Christo,</em></strong></span> <span class='ocrx_word' id='word_1_516' title='bbox 2978 1861 3219 1916; x_wconf 82' lang='lat' dir='ltr'><strong><em>existunt</em></strong></span> <span class='ocrx_word' id='word_1_517' title='bbox 3249 1859 3434 1926; x_wconf 89' lang='lat' dir='ltr'><strong><em>alieni,</em></strong></span> <span class='ocrx_word' id='word_1_518' title='bbox 3463 1867 3673 1915; x_wconf 89' lang='lat' dir='ltr'><strong><em>tantum</em></strong></span> <span class='ocrx_word' id='word_1_519' title='bbox 3705 1865 3763 1916; x_wconf 89' lang='lat' dir='ltr'><strong><em>et</em></strong></span> 
     </span>
    </p>
   </div>
   <div class='ocr_carea' id='block_1_68' title="bbox 2166 1947 3761 2020">
    <p class='ocr_par' dir='ltr' id='par_1_68' title="bbox 2166 1947 3761 2020">
     <span class='ocr_line' id='line_1_68' title="bbox 2166 1947 3761 2020; baseline 0.003 -19"><span class='ocrx_word' id='word_1_520' title='bbox 2166 1947 2400 2002; x_wconf 78' lang='lat' dir='ltr'><strong><em>filiorum</em></strong></span> <span class='ocrx_word' id='word_1_521' title='bbox 2440 1949 2534 2002; x_wconf 88' lang='lat' dir='ltr'><strong><em>Dei</em></strong></span> <span class='ocrx_word' id='word_1_522' title='bbox 2565 1949 2735 2020; x_wconf 87' lang='lat' dir='ltr'><strong><em>gloria</em></strong></span> <span class='ocrx_word' id='word_1_523' title='bbox 2763 1950 3062 2020; x_wconf 88' lang='lat' dir='ltr'><strong><em>probantur</em></strong></span> <span class='ocrx_word' id='word_1_524' title='bbox 3099 1951 3337 2020; x_wconf 89' lang='lat' dir='ltr'><strong><em>indigni;</em></strong></span> <span class='ocrx_word' id='word_1_525' title='bbox 3369 1965 3468 2004; x_wconf 89' lang='lat' dir='ltr'><strong><em>nec</em></strong></span> <span class='ocrx_word' id='word_1_526' title='bbox 3500 1950 3761 2006; x_wconf 88' lang='lat' dir='ltr'><strong><em>Hierusa-</em></strong></span> 
     </span>
    </p>
   </div>
   <div class='ocr_carea' id='block_1_69' title="bbox 2163 2039 3758 2106">
    <p class='ocr_par' dir='ltr' id='par_1_69' title="bbox 2163 2039 3758 2106">
     <span class='ocr_line' id='line_1_69' title="bbox 2163 2039 3758 2106; baseline 0.001 -12"><span class='ocrx_word' id='word_1_527' title='bbox 2163 2039 2270 2095; x_wconf 90' lang='lat' dir='ltr'><strong><em>lem</em></strong></span> <span class='ocrx_word' id='word_1_528' title='bbox 2310 2040 2583 2096; x_wconf 70' lang='lat' dir='ltr'><strong><em>caelestem</em></strong></span> <span class='ocrx_word' id='word_1_529' title='bbox 2633 2050 2861 2096; x_wconf 90' lang='lat' dir='ltr'><strong><em>matrem</em></strong></span> <span class='ocrx_word' id='word_1_530' title='bbox 2889 2041 3063 2097; x_wconf 87' lang='lat' dir='ltr'><strong><em>sortiti</em></strong></span> <span class='ocrx_word' id='word_1_531' title='bbox 3091 2048 3248 2106; x_wconf 90' lang='lat' dir='ltr'><strong><em>sunt,</em></strong></span> <span class='ocrx_word' id='word_1_532' title='bbox 3300 2040 3392 2095; x_wconf 91' lang='lat' dir='ltr'><strong><em>sed</em></strong></span> <span class='ocrx_word' id='word_1_533' title='bbox 3415 2039 3758 2096; x_wconf 87' lang='lat' dir='ltr'><strong><em>Hierusalem</em></strong></span> 
     </span>
    </p>
   </div>
   <div class='ocr_carea' id='block_1_70' title="bbox 2165 2132 3760 2204">
    <p class='ocr_par' dir='ltr' id='par_1_70' title="bbox 2165 2132 3760 2204">
     <span class='ocr_line' id='line_1_70' title="bbox 2165 2132 3760 2204; baseline 0.001 -18"><span class='ocrx_word' id='word_1_534' title='bbox 2165 2134 2443 2188; x_wconf 90' lang='lat' dir='ltr'><strong><em>terrestris</em></strong></span> <span class='ocrx_word' id='word_1_535' title='bbox 2481 2141 2536 2188; x_wconf 88' lang='lat' dir='ltr'><strong><em>et</em></strong></span> <span class='ocrx_word' id='word_1_536' title='bbox 2561 2133 2709 2202; x_wconf 86' lang='lat' dir='ltr'><strong><em>Agar</em></strong></span> <span class='ocrx_word' id='word_1_537' title='bbox 2739 2133 2978 2201; x_wconf 69' lang='lat' dir='ltr'><strong><em>ancillte,</em></strong></span> <span class='ocrx_word' id='word_1_538' title='bbox 3028 2149 3148 2204; x_wconf 83' lang='lat' dir='ltr'><strong><em>quae</em></strong></span> <span class='ocrx_word' id='word_1_539' title='bbox 3172 2133 3228 2187; x_wconf 93' lang='lat' dir='ltr'><strong><em>in</em></strong></span> <span class='ocrx_word' id='word_1_540' title='bbox 3254 2132 3570 2188; x_wconf 87' lang='lat' dir='ltr'><strong><em>servitutem</em></strong></span> <span class='ocrx_word' id='word_1_541' title='bbox 3595 2148 3760 2204; x_wconf 86' lang='lat' dir='ltr'><strong><em>gene-</em></strong></span> 
     </span>
    </p>
   </div>
   <div class='ocr_carea' id='block_1_71' title="bbox 2165 2209 3137 2288">
    <p class='ocr_par' dir='ltr' id='par_1_71' title="bbox 2165 2209 3137 2288">
     <span class='ocr_line' id='line_1_71' title="bbox 2165 2209 3137 2288; baseline 0 -10"><span class='ocrx_word' id='word_1_542' title='bbox 2165 2233 2271 2288; x_wconf 91' lang='lat' dir='ltr'><strong><em>rat,</em></strong></span> <span class='ocrx_word' id='word_1_543' title='bbox 2299 2224 2392 2278; x_wconf 90' lang='lat' dir='ltr'><strong><em>tilii</em></strong></span> <span class='ocrx_word' id='word_1_544' title='bbox 2425 2235 2826 2279; x_wconf 89' lang='lat' dir='ltr'><strong><em>remanserunt.</em></strong></span> <span class='ocrx_word' id='word_1_545' title='bbox 3133 2209 3137 2213; x_wconf 62' lang='grc'><strong>’</strong></span> 
     </span>
    </p>
   </div>
   <div class='ocr_carea' id='block_1_72' title="bbox 2237 2315 3762 2389">
    <p class='ocr_par' dir='ltr' id='par_1_72' title="bbox 2237 2315 3762 2389">
     <span class='ocr_line' id='line_1_72' title="bbox 2237 2315 3762 2389; baseline -0.001 -18"><span class='ocrx_word' id='word_1_546' title='bbox 2237 2317 2401 2371; x_wconf 73' lang='lat' dir='ltr'><strong>XXII.</strong></span> <span class='ocrx_word' id='word_1_547' title='bbox 2446 2316 2552 2372; x_wconf 90' lang='lat' dir='ltr'><strong><em>Sed</em></strong></span> <span class='ocrx_word' id='word_1_548' title='bbox 2608 2318 2739 2388; x_wconf 89' lang='lat' dir='ltr'><strong><em>quid</em></strong></span> <span class='ocrx_word' id='word_1_549' title='bbox 2779 2317 2911 2372; x_wconf 89' lang='lat' dir='ltr'><strong><em>dicit</em></strong></span> <span class='ocrx_word' id='word_1_550' title='bbox 2959 2315 3279 2388; x_wconf 87' lang='lat' dir='ltr'><strong><em>Scriptura?</em></strong></span> <span class='ocrx_word' id='word_1_551' title='bbox 3324 2317 3478 2389; x_wconf 87' lang='lat' dir='ltr'><strong><em>Ejice</em></strong></span> <span class='ocrx_word' id='word_1_552' title='bbox 3511 2315 3762 2371; x_wconf 87' lang='lat' dir='ltr'><strong><em>ancillam</em></strong></span> 
     </span>
    </p>
   </div>
   <div class='ocr_carea' id='block_1_73' title="bbox 2167 2407 3767 2481">
    <p class='ocr_par' dir='ltr' id='par_1_73' title="bbox 2167 2407 3767 2481">
     <span class='ocr_line' id='line_1_73' title="bbox 2167 2407 3767 2481; baseline -0.002 -17"><span class='ocrx_word' id='word_1_553' title='bbox 2167 2419 2215 2464; x_wconf 89' lang='lat' dir='ltr'><strong><em>et</em></strong></span> <span class='ocrx_word' id='word_1_554' title='bbox 2255 2411 2426 2479; x_wconf 87' lang='lat' dir='ltr'><strong><em>ﬁlium</em></strong></span> <span class='ocrx_word' id='word_1_555' title='bbox 2468 2411 2605 2481; x_wconf 89' lang='lat' dir='ltr'><strong><em>ejus.</em></strong></span> <span class='ocrx_word' id='word_1_556' title='bbox 2676 2410 2800 2466; x_wconf 88' lang='lat' dir='ltr'><strong><em>Non</em></strong></span> <span class='ocrx_word' id='word_1_557' title='bbox 2827 2411 2964 2464; x_wconf 89' lang='lat' dir='ltr'><strong><em>enim</em></strong></span> <span class='ocrx_word' id='word_1_558' title='bbox 3009 2410 3177 2464; x_wconf 73' lang='lat' dir='ltr'><strong><em>lateres</em></strong></span> <span class='ocrx_word' id='word_1_559' title='bbox 3221 2410 3320 2463; x_wconf 91' lang='lat' dir='ltr'><strong><em>erit</em></strong></span> <span class='ocrx_word' id='word_1_560' title='bbox 3363 2409 3506 2478; x_wconf 88' lang='lat' dir='ltr'><strong><em>ﬁlius</em></strong></span> <span class='ocrx_word' id='word_1_561' title='bbox 3556 2407 3767 2461; x_wconf 69' lang='lat' dir='ltr'><strong><em>ancilla:</em></strong></span> 
     </span>
    </p>
   </div>
   <div class='ocr_carea' id='block_1_74' title="bbox 2169 2502 3767 2575">
    <p class='ocr_par' dir='ltr' id='par_1_74' title="bbox 2169 2502 3767 2575">
     <span class='ocr_line' id='line_1_74' title="bbox 2169 2502 3767 2575; baseline -0.001 -19"><span class='ocrx_word' id='word_1_562' title='bbox 2169 2521 2287 2557; x_wconf 90' lang='lat' dir='ltr'><strong><em>cum</em></strong></span> <span class='ocrx_word' id='word_1_563' title='bbox 2310 2503 2424 2573; x_wconf 92' lang='lat' dir='ltr'><strong><em>ﬁlio</em></strong></span> <span class='ocrx_word' id='word_1_564' title='bbox 2450 2503 2647 2559; x_wconf 71' lang='lat' dir='ltr'><strong><em>liberte.</em></strong></span> <span class='ocrx_word' id='word_1_565' title='bbox 2692 2503 2959 2575; x_wconf 84' lang='lat' dir='ltr'><strong><em>Expulsus</em></strong></span> <span class='ocrx_word' id='word_1_566' title='bbox 2985 2519 3113 2574; x_wconf 89' lang='lat' dir='ltr'><strong><em>ergo</em></strong></span> <span class='ocrx_word' id='word_1_567' title='bbox 3149 2511 3232 2557; x_wconf 90' lang='lat' dir='ltr'><strong><em>est</em></strong></span> <span class='ocrx_word' id='word_1_568' title='bbox 3271 2503 3336 2557; x_wconf 91' lang='lat' dir='ltr'><strong><em>de</em></strong></span> <span class='ocrx_word' id='word_1_569' title='bbox 3356 2509 3583 2574; x_wconf 87' lang='lat' dir='ltr'><strong><em>paterna</em></strong></span> <span class='ocrx_word' id='word_1_570' title='bbox 3604 2502 3767 2555; x_wconf 89' lang='lat' dir='ltr'><strong><em>domo</em></strong></span> 
     </span>
    </p>
   </div>
   <div class='ocr_carea' id='block_1_75' title="bbox 2167 2592 3761 2667">
    <p class='ocr_par' dir='ltr' id='par_1_75' title="bbox 2167 2592 3761 2667">
     <span class='ocr_line' id='line_1_75' title="bbox 2167 2592 3761 2667; baseline 0.001 -19"><span class='ocrx_word' id='word_1_571' title='bbox 2167 2592 2426 2650; x_wconf 90' lang='lat' dir='ltr'><strong><em>Judaicus</em></strong></span> <span class='ocrx_word' id='word_1_572' title='bbox 2445 2596 2674 2667; x_wconf 89' lang='lat' dir='ltr'><strong><em>populus</em></strong></span> <span class='ocrx_word' id='word_1_573' title='bbox 2695 2638 2709 2664; x_wconf 94' lang='lat'><strong><em>,</em></strong></span> <span class='ocrx_word' id='word_1_574' title='bbox 2740 2605 2902 2666; x_wconf 90' lang='lat' dir='ltr'><strong><em>atque</em></strong></span> <span class='ocrx_word' id='word_1_575' title='bbox 2936 2597 3003 2651; x_wconf 90' lang='lat' dir='ltr'><strong><em>ab</em></strong></span> <span class='ocrx_word' id='word_1_576' title='bbox 3030 2596 3349 2651; x_wconf 58' lang='lat' dir='ltr'><strong><em>haereditate</em></strong></span> <span class='ocrx_word' id='word_1_577' title='bbox 3377 2595 3612 2649; x_wconf 79' lang='lat' dir='ltr'><strong><em>filiorum</em></strong></span> <span class='ocrx_word' id='word_1_578' title='bbox 3655 2595 3761 2650; x_wconf 88' lang='lat' dir='ltr'><strong><em>Ec-</em></strong></span> 
     </span>
    </p>
   </div>
   <div class='ocr_carea' id='block_1_76' title="bbox 2172 2689 3766 2763">
    <p class='ocr_par' dir='ltr' id='par_1_76' title="bbox 2172 2689 3766 2763">
     <span class='ocr_line' id='line_1_76' title="bbox 2172 2689 3766 2763; baseline -0.002 -17"><span class='ocrx_word' id='word_1_579' title='bbox 2172 2691 2384 2758; x_wconf 81' lang='lat' dir='ltr'><strong><em>clesiae,</em></strong></span> <span class='ocrx_word' id='word_1_580' title='bbox 2430 2707 2551 2761; x_wconf 72' lang='lat' dir='ltr'><strong><em>qum</em></strong></span> <span class='ocrx_word' id='word_1_581' title='bbox 2586 2708 2684 2763; x_wconf 88' lang='lat' dir='ltr'><strong><em>per</em></strong></span> <span class='ocrx_word' id='word_1_582' title='bbox 2723 2691 2998 2747; x_wconf 88' lang='lat' dir='ltr'><strong><em>Christum</em></strong></span> <span class='ocrx_word' id='word_1_583' title='bbox 3026 2691 3195 2747; x_wconf 90' lang='lat' dir='ltr'><strong><em>libera</em></strong></span> <span class='ocrx_word' id='word_1_584' title='bbox 3227 2689 3416 2746; x_wconf 75' lang='lat' dir='ltr'><strong><em>effecta</em></strong></span> <span class='ocrx_word' id='word_1_585' title='bbox 3447 2699 3548 2754; x_wconf 89' lang='lat' dir='ltr'><strong><em>est,</em></strong></span> <span class='ocrx_word' id='word_1_586' title='bbox 3578 2706 3766 2761; x_wconf 85' lang='lat' dir='ltr'><strong><em>segre-</em></strong></span> 
     </span>
    </p>
   </div>
   <div class='ocr_carea' id='block_1_77' title="bbox 2171 2779 3762 2850">
    <p class='ocr_par' dir='ltr' id='par_1_77' title="bbox 2171 2779 3762 2850">
     <span class='ocr_line' id='line_1_77' title="bbox 2171 2779 3762 2850; baseline 0.001 -17"><span class='ocrx_word' id='word_1_587' title='bbox 2171 2789 2349 2850; x_wconf 88' lang='lat' dir='ltr'><strong><em>gatus.</em></strong></span> <span class='ocrx_word' id='word_1_588' title='bbox 2407 2779 2543 2834; x_wconf 86' lang='lat' dir='ltr'><strong><em>Nam</em></strong></span> <span class='ocrx_word' id='word_1_589' title='bbox 2586 2782 2726 2836; x_wconf 88' lang='lat' dir='ltr'><strong><em>sicut</em></strong></span> <span class='ocrx_word' id='word_1_590' title='bbox 2755 2780 3021 2837; x_wconf 90' lang='lat' dir='ltr'><strong><em>Dominus</em></strong></span> <span class='ocrx_word' id='word_1_591' title='bbox 3040 2783 3137 2848; x_wconf 92' lang='lat' dir='ltr'><strong><em>ait,</em></strong></span> <span class='ocrx_word' id='word_1_592' title='bbox 3167 2798 3344 2837; x_wconf 86' lang='lat' dir='ltr'><strong><em>servus</em></strong></span> <span class='ocrx_word' id='word_1_593' title='bbox 3373 2799 3476 2836; x_wconf 87' lang='lat' dir='ltr'><strong><em>non</em></strong></span> <span class='ocrx_word' id='word_1_594' title='bbox 3501 2790 3675 2835; x_wconf 89' lang='lat' dir='ltr'><strong><em>manet</em></strong></span> <span class='ocrx_word' id='word_1_595' title='bbox 3703 2782 3762 2835; x_wconf 88' lang='lat' dir='ltr'><strong><em>in</em></strong></span> 
     </span>
    </p>
   </div>
   <div class='ocr_carea' id='block_1_78' title="bbox 2173 2872 3771 2946">
    <p class='ocr_par' dir='ltr' id='par_1_78' title="bbox 2173 2872 3771 2946">
     <span class='ocr_line' id='line_1_78' title="bbox 2173 2872 3771 2946; baseline 0.004 -20"><span class='ocrx_word' id='word_1_596' title='bbox 2173 2872 2329 2928; x_wconf 91' lang='lat' dir='ltr'><strong><em>domo</em></strong></span> <span class='ocrx_word' id='word_1_597' title='bbox 2373 2875 2431 2927; x_wconf 88' lang='lat' dir='ltr'><strong><em>in</em></strong></span> <span class='ocrx_word' id='word_1_598' title='bbox 2469 2884 2743 2942; x_wconf 81' lang='lat' dir='ltr'><strong><em>(eternum,</em></strong></span> <span class='ocrx_word' id='word_1_599' title='bbox 2790 2876 2933 2946; x_wconf 91' lang='lat' dir='ltr'><strong><em>ﬁlius</em></strong></span> <span class='ocrx_word' id='word_1_600' title='bbox 2969 2886 3144 2932; x_wconf 87' lang='lat' dir='ltr'><strong><em>manet</em></strong></span> <span class='ocrx_word' id='word_1_601' title='bbox 3184 2878 3240 2931; x_wconf 89' lang='lat' dir='ltr'><strong><em>in</em></strong></span> <span class='ocrx_word' id='word_1_602' title='bbox 3265 2888 3534 2932; x_wconf 75' lang='lat' dir='ltr'><strong><em>wternum.</em></strong></span> <span class='ocrx_word' id='word_1_603' title='bbox 3578 2874 3771 2932; x_wconf 83' lang='lat' dir='ltr'><strong><em>Omnis</em></strong></span> 
     </span>
    </p>
   </div>
   <div class='ocr_carea' id='block_1_79' title="bbox 2173 2967 3771 3041">
    <p class='ocr_par' dir='ltr' id='par_1_79' title="bbox 2173 2967 3771 3041">
     <span class='ocr_line' id='line_1_79' title="bbox 2173 2967 3771 3041; baseline 0.001 -19"><span class='ocrx_word' id='word_1_604' title='bbox 2173 2976 2351 3022; x_wconf 89' lang='lat' dir='ltr'><strong><em>autem</em></strong></span> <span class='ocrx_word' id='word_1_605' title='bbox 2380 2969 2469 3040; x_wconf 88' lang='lat' dir='ltr'><strong><em>qui</em></strong></span> <span class='ocrx_word' id='word_1_606' title='bbox 2499 2967 2624 3037; x_wconf 80' lang='lat' dir='ltr'><strong><em>facit</em></strong></span> <span class='ocrx_word' id='word_1_607' title='bbox 2656 2978 2940 3040; x_wconf 84' lang='lat' dir='ltr'><strong><em>peccatum,</em></strong></span> <span class='ocrx_word' id='word_1_608' title='bbox 2980 2986 3158 3024; x_wconf 86' lang='lat' dir='ltr'><strong><em>servus</em></strong></span> <span class='ocrx_word' id='word_1_609' title='bbox 3180 2979 3254 3023; x_wconf 86' lang='lat' dir='ltr'><strong><em>est</em></strong></span> <span class='ocrx_word' id='word_1_610' title='bbox 3278 2970 3510 3041; x_wconf 86' lang='lat' dir='ltr'><strong><em>peccati;</em></strong></span> <span class='ocrx_word' id='word_1_611' title='bbox 3539 2983 3642 3023; x_wconf 81' lang='lat' dir='ltr'><strong><em>nec</em></strong></span> <span class='ocrx_word' id='word_1_612' title='bbox 3669 2983 3771 3038; x_wconf 85' lang='lat' dir='ltr'><strong><em>p0-</em></strong></span> 
     </span>
    </p>
   </div>
   <div class='ocr_carea' id='block_1_80' title="bbox 2173 3059 3773 3132">
    <p class='ocr_par' dir='ltr' id='par_1_80' title="bbox 2173 3059 3773 3132">
     <span class='ocr_line' id='line_1_80' title="bbox 2173 3059 3773 3132; baseline 0 -18"><span class='ocrx_word' id='word_1_613' title='bbox 2173 3067 2281 3116; x_wconf 86' lang='lat' dir='ltr'><strong><em>test</em></strong></span> <span class='ocrx_word' id='word_1_614' title='bbox 2324 3076 2356 3114; x_wconf 91' lang='lat' dir='ltr'><strong><em>a</em></strong></span> <span class='ocrx_word' id='word_1_615' title='bbox 2392 3059 2523 3132; x_wconf 85' lang='lat' dir='ltr'><strong><em>jugo</em></strong></span> <span class='ocrx_word' id='word_1_616' title='bbox 2567 3063 2842 3116; x_wconf 89' lang='lat' dir='ltr'><strong><em>servitutis</em></strong></span> <span class='ocrx_word' id='word_1_617' title='bbox 2871 3062 3026 3117; x_wconf 92' lang='lat' dir='ltr'><strong><em>istius</em></strong></span> <span class='ocrx_word' id='word_1_618' title='bbox 3050 3063 3282 3128; x_wconf 88' lang='lat' dir='ltr'><strong><em>absolvi,</em></strong></span> <span class='ocrx_word' id='word_1_619' title='bbox 3309 3063 3412 3118; x_wconf 92' lang='lat' dir='ltr'><strong><em>nisi</em></strong></span> <span class='ocrx_word' id='word_1_620' title='bbox 3445 3077 3544 3132; x_wconf 89' lang='lat' dir='ltr'><strong><em>per</em></strong></span> <span class='ocrx_word' id='word_1_621' title='bbox 3569 3062 3666 3116; x_wconf 88' lang='lat' dir='ltr'><strong><em>Dei</em></strong></span> <span class='ocrx_word' id='word_1_622' title='bbox 3705 3061 3773 3115; x_wconf 83' lang='lat' dir='ltr'><strong><em>ii-</em></strong></span> 
     </span>
    </p>
   </div>
   <div class='ocr_carea' id='block_1_81' title="bbox 2173 3151 3772 3226">
    <p class='ocr_par' dir='ltr' id='par_1_81' title="bbox 2173 3151 3772 3226">
     <span class='ocr_line' id='line_1_81' title="bbox 2173 3151 3772 3226; baseline 0.001 -20"><span class='ocrx_word' id='word_1_623' title='bbox 2173 3151 2308 3206; x_wconf 89' lang='lat' dir='ltr'><strong><em>lium</em></strong></span> <span class='ocrx_word' id='word_1_624' title='bbox 2348 3153 2610 3209; x_wconf 86' lang='lat' dir='ltr'><strong><em>meruerit</em></strong></span> <span class='ocrx_word' id='word_1_625' title='bbox 2655 3153 2892 3208; x_wconf 90' lang='lat' dir='ltr'><strong><em>liberari.</em></strong></span> <span class='ocrx_word' id='word_1_626' title='bbox 2951 3152 3119 3209; x_wconf 78' lang='lat' dir='ltr'><strong><em>Judaei</em></strong></span> <span class='ocrx_word' id='word_1_627' title='bbox 3161 3155 3326 3226; x_wconf 87' lang='lat' dir='ltr'><strong><em>igitur</em></strong></span> <span class='ocrx_word' id='word_1_628' title='bbox 3375 3153 3521 3225; x_wconf 87' lang='lat' dir='ltr'><strong><em>(qui,</em></strong></span> <span class='ocrx_word' id='word_1_629' title='bbox 3557 3154 3772 3211; x_wconf 88' lang='lat' dir='ltr'><strong><em>dicente</em></strong></span> 
     </span>
    </p>
   </div>
   <div class='ocr_carea' id='block_1_82' title="bbox 2175 3245 3768 3316">
    <p class='ocr_par' dir='ltr' id='par_1_82' title="bbox 2175 3245 3768 3316">
     <span class='ocr_line' id='line_1_82' title="bbox 2175 3245 3768 3316; baseline -0.001 -14"><span class='ocrx_word' id='word_1_630' title='bbox 2175 3248 2448 3303; x_wconf 88' lang='lat' dir='ltr'><strong><em>Domino:</em></strong></span> <span class='ocrx_word' id='word_1_631' title='bbox 2495 3245 2556 3302; x_wconf 86' lang='lat' dir='ltr'><strong><em>Si</em></strong></span> <span class='ocrx_word' id='word_1_632' title='bbox 2582 3246 2725 3316; x_wconf 87' lang='lat' dir='ltr'><strong><em>ﬁlius</em></strong></span> <span class='ocrx_word' id='word_1_633' title='bbox 2761 3264 2847 3301; x_wconf 86' lang='lat' dir='ltr'><strong><em>vos</em></strong></span> <span class='ocrx_word' id='word_1_634' title='bbox 2895 3246 3227 3313; x_wconf 87' lang='lat' dir='ltr'><strong><em>liberaverit,</em></strong></span> <span class='ocrx_word' id='word_1_635' title='bbox 3260 3265 3372 3302; x_wconf 79' lang='lat' dir='ltr'><strong><em>vere</em></strong></span> <span class='ocrx_word' id='word_1_636' title='bbox 3407 3247 3559 3301; x_wconf 87' lang='lat' dir='ltr'><strong><em>liberi</em></strong></span> <span class='ocrx_word' id='word_1_637' title='bbox 3597 3247 3768 3312; x_wconf 84' lang='lat' dir='ltr'><strong><em>eritis,</em></strong></span> 
     </span>
    </p>
   </div>
   <div class='ocr_carea' id='block_1_83' title="bbox 2178 3337 3773 3409">
    <p class='ocr_par' dir='ltr' id='par_1_83' title="bbox 2178 3337 3773 3409">
     <span class='ocr_line' id='line_1_83' title="bbox 2178 3337 3773 3409; baseline 0 -17"><span class='ocrx_word' id='word_1_638' title='bbox 2178 3339 2278 3409; x_wconf 89' lang='lat' dir='ltr'><strong><em>ipsi</em></strong></span> <span class='ocrx_word' id='word_1_639' title='bbox 2311 3338 2528 3408; x_wconf 91' lang='lat' dir='ltr'><strong><em>quidem</em></strong></span> <span class='ocrx_word' id='word_1_640' title='bbox 2573 3353 2679 3392; x_wconf 88' lang='lat' dir='ltr'><strong><em>non</em></strong></span> <span class='ocrx_word' id='word_1_641' title='bbox 2727 3339 2984 3402; x_wconf 89' lang='lat' dir='ltr'><strong><em>credunt,</em></strong></span> <span class='ocrx_word' id='word_1_642' title='bbox 3031 3354 3089 3393; x_wconf 92' lang='lat' dir='ltr'><strong><em>se</em></strong></span> <span class='ocrx_word' id='word_1_643' title='bbox 3119 3347 3298 3393; x_wconf 90' lang='lat' dir='ltr'><strong><em>autem</em></strong></span> <span class='ocrx_word' id='word_1_644' title='bbox 3325 3354 3510 3394; x_wconf 90' lang='lat' dir='ltr'><strong><em>semen</em></strong></span> <span class='ocrx_word' id='word_1_645' title='bbox 3540 3337 3773 3392; x_wconf 65' lang='lat' dir='ltr'><strong><em>Abrahae</em></strong></span> 
     </span>
    </p>
   </div>
   <div class='ocr_carea' id='block_1_84' title="bbox 2175 3429 3771 3501">
    <p class='ocr_par' dir='ltr' id='par_1_84' title="bbox 2175 3429 3771 3501">
     <span class='ocr_line' id='line_1_84' title="bbox 2175 3429 3771 3501; baseline 0.003 -19"><span class='ocrx_word' id='word_1_646' title='bbox 2175 3444 2296 3484; x_wconf 91' lang='lat' dir='ltr'><strong><em>esse</em></strong></span> <span class='ocrx_word' id='word_1_647' title='bbox 2337 3437 2392 3484; x_wconf 90' lang='lat' dir='ltr'><strong><em>et</em></strong></span> <span class='ocrx_word' id='word_1_648' title='bbox 2414 3429 2618 3484; x_wconf 89' lang='lat' dir='ltr'><strong><em>nemini</em></strong></span> <span class='ocrx_word' id='word_1_649' title='bbox 2647 3445 2883 3499; x_wconf 91' lang='lat' dir='ltr'><strong><em>unquam</em></strong></span> <span class='ocrx_word' id='word_1_650' title='bbox 2907 3430 3138 3485; x_wconf 89' lang='lat' dir='ltr'><strong><em>servisse</em></strong></span> <span class='ocrx_word' id='word_1_651' title='bbox 3170 3431 3490 3501; x_wconf 87' lang='lat' dir='ltr'><strong><em>gloriantur)</em></strong></span> <span class='ocrx_word' id='word_1_652' title='bbox 3535 3445 3642 3485; x_wconf 90' lang='lat' dir='ltr'><strong><em>non</em></strong></span> <span class='ocrx_word' id='word_1_653' title='bbox 3679 3446 3771 3486; x_wconf 90' lang='lat' dir='ltr'><strong><em>so-</em></strong></span> 
     </span>
    </p>
   </div>
   <div class='ocr_carea' id='block_1_85' title="bbox 2176 3519 3771 3590">
    <p class='ocr_par' dir='ltr' id='par_1_85' title="bbox 2176 3519 3771 3590">
     <span class='ocr_line' id='line_1_85' title="bbox 2176 3519 3771 3590; baseline 0.004 -17"><span class='ocrx_word' id='word_1_654' title='bbox 2176 3520 2289 3575; x_wconf 92' lang='lat' dir='ltr'><strong><em>lum</em></strong></span> <span class='ocrx_word' id='word_1_655' title='bbox 2318 3535 2349 3574; x_wconf 93' lang='lat' dir='ltr'><strong>a</strong></span> <span class='ocrx_word' id='word_1_656' title='bbox 2380 3520 2630 3577; x_wconf 90' lang='lat' dir='ltr'><strong><em>libertate</em></strong></span> <span class='ocrx_word' id='word_1_657' title='bbox 2669 3520 2892 3590; x_wconf 89' lang='lat' dir='ltr'><strong><em>spiritus</em></strong></span> <span class='ocrx_word' id='word_1_658' title='bbox 2929 3519 3236 3576; x_wconf 80' lang='lat' dir='ltr'><strong><em>elliciuntur</em></strong></span> <span class='ocrx_word' id='word_1_659' title='bbox 3261 3523 3538 3589; x_wconf 76' lang='lat' dir='ltr'><strong><em>extranei,</em></strong></span> <span class='ocrx_word' id='word_1_660' title='bbox 3583 3523 3678 3578; x_wconf 90' lang='lat' dir='ltr'><strong><em>sed</em></strong></span> <span class='ocrx_word' id='word_1_661' title='bbox 3712 3530 3771 3579; x_wconf 88' lang='lat' dir='ltr'><strong><em>et</em></strong></span> 
     </span>
    </p>
   </div>
   <div class='ocr_carea' id='block_1_86' title="bbox 2176 3613 3772 3688">
    <p class='ocr_par' dir='ltr' id='par_1_86' title="bbox 2176 3613 3772 3688">
     <span class='ocr_line' id='line_1_86' title="bbox 2176 3613 3772 3688; baseline 0.003 -20"><span class='ocrx_word' id='word_1_662' title='bbox 2176 3614 2411 3669; x_wconf 88' lang='lat' dir='ltr'><strong><em>carnalis</em></strong></span> <span class='ocrx_word' id='word_1_663' title='bbox 2455 3613 2736 3670; x_wconf 89' lang='lat' dir='ltr'><strong><em>servitutis</em></strong></span> <span class='ocrx_word' id='word_1_664' title='bbox 2787 3615 3138 3670; x_wconf 89' lang='lat' dir='ltr'><strong><em>inveniuntur</em></strong></span> <span class='ocrx_word' id='word_1_665' title='bbox 3176 3617 3414 3672; x_wconf 84' lang='lat' dir='ltr'><strong><em>obnoxii.</em></strong></span> <span class='ocrx_word' id='word_1_666' title='bbox 3457 3617 3641 3688; x_wconf 84' lang='lat' dir='ltr'><strong><em>Neque</em></strong></span> <span class='ocrx_word' id='word_1_667' title='bbox 3665 3619 3772 3673; x_wconf 89' lang='lat' dir='ltr'><strong><em>hoc</em></strong></span> 
     </span>
    </p>
   </div>
   <div class='ocr_carea' id='block_1_87' title="bbox 2177 3703 3770 3774">
    <p class='ocr_par' dir='ltr' id='par_1_87' title="bbox 2177 3703 3770 3774">
     <span class='ocr_line' id='line_1_87' title="bbox 2177 3703 3770 3774; baseline 0.001 -14"><span class='ocrx_word' id='word_1_668' title='bbox 2177 3703 2379 3770; x_wconf 87' lang='lat' dir='ltr'><strong><em>solum;</em></strong></span> <span class='ocrx_word' id='word_1_669' title='bbox 2413 3704 2508 3759; x_wconf 87' lang='lat' dir='ltr'><strong><em>sed</em></strong></span> <span class='ocrx_word' id='word_1_670' title='bbox 2541 3712 2596 3758; x_wconf 88' lang='lat' dir='ltr'><strong><em>et</em></strong></span> <span class='ocrx_word' id='word_1_671' title='bbox 2626 3703 2720 3758; x_wconf 81' lang='lat' dir='ltr'><strong><em>lilii</em></strong></span> <span class='ocrx_word' id='word_1_672' title='bbox 2749 3714 3100 3774; x_wconf 83' lang='lat' dir='ltr'><strong><em>perseverant</em></strong></span> <span class='ocrx_word' id='word_1_673' title='bbox 3133 3705 3366 3771; x_wconf 87' lang='lat' dir='ltr'><strong><em>diaboli;</em></strong></span> <span class='ocrx_word' id='word_1_674' title='bbox 3407 3707 3548 3762; x_wconf 89' lang='lat' dir='ltr'><strong><em>sicut</em></strong></span> <span class='ocrx_word' id='word_1_675' title='bbox 3577 3717 3631 3762; x_wconf 90' lang='lat' dir='ltr'><strong><em>et</em></strong></span> <span class='ocrx_word' id='word_1_676' title='bbox 3667 3709 3770 3762; x_wconf 86' lang='lat' dir='ltr'><strong><em>Do—</em></strong></span> 
     </span>
    </p>
   </div>
   <div class='ocr_carea' id='block_1_88' title="bbox 2178 3794 3773 3867">
    <p class='ocr_par' dir='ltr' id='par_1_88' title="bbox 2178 3794 3773 3867">
     <span class='ocr_line' id='line_1_88' title="bbox 2178 3794 3773 3867; baseline 0.002 -18"><span class='ocrx_word' id='word_1_677' title='bbox 2178 3795 2359 3850; x_wconf 91' lang='lat' dir='ltr'><strong><em>minus</em></strong></span> <span class='ocrx_word' id='word_1_678' title='bbox 2399 3795 2673 3862; x_wconf 88' lang='lat' dir='ltr'><strong><em>ostendit,</em></strong></span> <span class='ocrx_word' id='word_1_679' title='bbox 2724 3795 2910 3851; x_wconf 91' lang='lat' dir='ltr'><strong><em>dicens</em></strong></span> <span class='ocrx_word' id='word_1_680' title='bbox 2939 3796 3018 3852; x_wconf 84' lang='lat' dir='ltr'><strong><em>eis</em></strong></span> <span class='ocrx_word' id='word_1_681' title='bbox 3060 3811 3074 3850; x_wconf 89' lang='lat'><strong>:</strong></span> <span class='ocrx_word' id='word_1_682' title='bbox 3131 3794 3234 3851; x_wconf 86' lang='lat' dir='ltr'><strong><em>Vos</em></strong></span> <span class='ocrx_word' id='word_1_683' title='bbox 3269 3814 3334 3852; x_wconf 83' lang='lat' dir='ltr'><strong><em>ea:</em></strong></span> <span class='ocrx_word' id='word_1_684' title='bbox 3374 3807 3522 3867; x_wconf 89' lang='lat' dir='ltr'><strong><em>patre</em></strong></span> <span class='ocrx_word' id='word_1_685' title='bbox 3561 3799 3773 3853; x_wconf 87' lang='lat' dir='ltr'><strong><em>diabolo</em></strong></span> 
     </span>
    </p>
   </div>
   <div class='ocr_carea' id='block_1_89' title="bbox 2177 3888 3770 3959">
    <p class='ocr_par' dir='ltr' id='par_1_89' title="bbox 2177 3888 3770 3959">
     <span class='ocr_line' id='line_1_89' title="bbox 2177 3888 3770 3959; baseline 0.002 -17"><span class='ocrx_word' id='word_1_686' title='bbox 2177 3888 2319 3953; x_wconf 85' lang='lat' dir='ltr'><strong><em>estis,</em></strong></span> <span class='ocrx_word' id='word_1_687' title='bbox 2365 3896 2412 3941; x_wconf 89' lang='lat' dir='ltr'><strong><em>et</em></strong></span> <span class='ocrx_word' id='word_1_688' title='bbox 2459 3888 2721 3942; x_wconf 88' lang='lat' dir='ltr'><strong><em>desideria</em></strong></span> <span class='ocrx_word' id='word_1_689' title='bbox 2748 3890 2915 3959; x_wconf 85' lang='lat' dir='ltr'><strong><em>patris</em></strong></span> <span class='ocrx_word' id='word_1_690' title='bbox 2941 3889 3092 3943; x_wconf 85' lang='lat' dir='ltr'><strong><em>vestri</em></strong></span> <span class='ocrx_word' id='word_1_691' title='bbox 3124 3889 3278 3942; x_wconf 82' lang='lat' dir='ltr'><strong><em>vultis</em></strong></span> <span class='ocrx_word' id='word_1_692' title='bbox 3301 3890 3494 3959; x_wconf 88' lang='lat' dir='ltr'><strong><em>facere.</em></strong></span> <span class='ocrx_word' id='word_1_693' title='bbox 3547 3891 3629 3944; x_wconf 83' lang='lat' dir='ltr'><strong><em>An</em></strong></span> <span class='ocrx_word' id='word_1_694' title='bbox 3658 3906 3770 3945; x_wconf 90' lang='lat' dir='ltr'><strong><em>non</em></strong></span> 
     </span>
    </p>
   </div>
   <div class='ocr_carea' id='block_1_90' title="bbox 2177 3979 3770 4050">
    <p class='ocr_par' dir='ltr' id='par_1_90' title="bbox 2177 3979 3770 4050">
     <span class='ocr_line' id='line_1_90' title="bbox 2177 3979 3770 4050; baseline 0.001 -16"><span class='ocrx_word' id='word_1_695' title='bbox 2177 3981 2346 4049; x_wconf 89' lang='lat' dir='ltr'><strong><em>patris</em></strong></span> <span class='ocrx_word' id='word_1_696' title='bbox 2365 3980 2447 4034; x_wconf 89' lang='lat' dir='ltr'><strong><em>sui</em></strong></span> <span class='ocrx_word' id='word_1_697' title='bbox 2477 3979 2745 4035; x_wconf 91' lang='lat' dir='ltr'><strong><em>desiderio</em></strong></span> <span class='ocrx_word' id='word_1_698' title='bbox 2764 3980 3004 4050; x_wconf 91' lang='lat' dir='ltr'><strong><em>quotidie</em></strong></span> <span class='ocrx_word' id='word_1_699' title='bbox 3028 3979 3390 4046; x_wconf 82' lang='lat' dir='ltr'><strong><em>satisfaciunt,</em></strong></span> <span class='ocrx_word' id='word_1_700' title='bbox 3413 3988 3770 4035; x_wconf 90' lang='lat' dir='ltr'><strong><em>contemnen-</em></strong></span> 
     </span>
    </p>
   </div>
   <div class='ocr_carea' id='block_1_91' title="bbox 2178 4072 3774 4145">
    <p class='ocr_par' dir='ltr' id='par_1_91' title="bbox 2178 4072 3774 4145">
     <span class='ocr_line' id='line_1_91' title="bbox 2178 4072 3774 4145; baseline 0.002 -19"><span class='ocrx_word' id='word_1_701' title='bbox 2178 4081 2262 4128; x_wconf 89' lang='lat' dir='ltr'><strong><em>tes</em></strong></span> <span class='ocrx_word' id='word_1_702' title='bbox 2310 4072 2504 4143; x_wconf 86' lang='lat' dir='ltr'><strong><em>legem,</em></strong></span> <span class='ocrx_word' id='word_1_703' title='bbox 2554 4082 2874 4143; x_wconf 87' lang='lat' dir='ltr'><strong><em>spernentes</em></strong></span> <span class='ocrx_word' id='word_1_704' title='bbox 2902 4075 3194 4145; x_wconf 87' lang='lat' dir='ltr'><strong><em>prophetas</em></strong></span> <span class='ocrx_word' id='word_1_705' title='bbox 3217 4115 3230 4140; x_wconf 93' lang='lat'><strong><em>,</em></strong></span> <span class='ocrx_word' id='word_1_706' title='bbox 3256 4083 3642 4144; x_wconf 89' lang='lat' dir='ltr'><strong><em>persequentes</em></strong></span> <span class='ocrx_word' id='word_1_707' title='bbox 3670 4073 3774 4129; x_wconf 91' lang='lat' dir='ltr'><strong><em>Ec-</em></strong></span> 
     </span>
    </p>
   </div>
   <div class='ocr_carea' id='block_1_92' title="bbox 2179 4163 3775 4234">
    <p class='ocr_par' dir='ltr' id='par_1_92' title="bbox 2179 4163 3775 4234">
     <span class='ocr_line' id='line_1_92' title="bbox 2179 4163 3775 4234; baseline 0.001 -15"><span class='ocrx_word' id='word_1_708' title='bbox 2179 4163 2407 4219; x_wconf 90' lang='lat' dir='ltr'><strong><em>clesiam</em></strong></span> <span class='ocrx_word' id='word_1_709' title='bbox 2438 4205 2451 4230; x_wconf 95' lang='lat'><strong><em>,</em></strong></span> <span class='ocrx_word' id='word_1_710' title='bbox 2505 4172 2668 4234; x_wconf 85' lang='lat' dir='ltr'><strong><em>atque</em></strong></span> <span class='ocrx_word' id='word_1_711' title='bbox 2711 4165 2888 4234; x_wconf 92' lang='lat' dir='ltr'><strong><em>ipsum</em></strong></span> <span class='ocrx_word' id='word_1_712' title='bbox 2937 4164 3034 4220; x_wconf 91' lang='lat' dir='ltr'><strong><em>Dei</em></strong></span> <span class='ocrx_word' id='word_1_713' title='bbox 3086 4165 3256 4220; x_wconf 86' lang='lat' dir='ltr'><strong><em>ﬁlium</em></strong></span> <span class='ocrx_word' id='word_1_714' title='bbox 3291 4164 3775 4234; x_wconf 82' lang='lat' dir='ltr'><strong><em>blasphemantes&quot;</em></strong></span> 
     </span>
    </p>
   </div>
   <div class='ocr_carea' id='block_1_93' title="bbox 2178 4251 3775 4328">
    <p class='ocr_par' dir='ltr' id='par_1_93' title="bbox 2178 4251 3775 4328">
     <span class='ocr_line' id='line_1_93' title="bbox 2178 4251 3775 4328; baseline 0.002 -18"><span class='ocrx_word' id='word_1_715' title='bbox 2178 4251 2314 4310; x_wconf 87' lang='lat' dir='ltr'><strong><em>Cum</em></strong></span> <span class='ocrx_word' id='word_1_716' title='bbox 2358 4256 2474 4310; x_wconf 70' lang='lat' dir='ltr'><strong><em>haec</em></strong></span> <span class='ocrx_word' id='word_1_717' title='bbox 2522 4271 2651 4325; x_wconf 86' lang='lat' dir='ltr'><strong><em>ergo</em></strong></span> <span class='ocrx_word' id='word_1_718' title='bbox 2700 4255 2774 4310; x_wconf 88' lang='lat' dir='ltr'><strong><em>ita</em></strong></span> <span class='ocrx_word' id='word_1_719' title='bbox 2820 4273 2878 4311; x_wconf 90' lang='lat' dir='ltr'><strong><em>se</em></strong></span> <span class='ocrx_word' id='word_1_720' title='bbox 2906 4256 3174 4324; x_wconf 88' lang='lat' dir='ltr'><strong><em>habeant,</em></strong></span> <span class='ocrx_word' id='word_1_721' title='bbox 3217 4273 3323 4328; x_wconf 91' lang='lat' dir='ltr'><strong><em>qua</em></strong></span> <span class='ocrx_word' id='word_1_722' title='bbox 3360 4258 3568 4311; x_wconf 90' lang='lat' dir='ltr'><strong><em>ratione</em></strong></span> <span class='ocrx_word' id='word_1_723' title='bbox 3599 4257 3775 4313; x_wconf 89' lang='lat' dir='ltr'><strong><em>servis</em></strong></span> 
     </span>
    </p>
   </div>
   <div class='ocr_carea' id='block_1_94' title="bbox 2182 4344 3773 4418">
    <p class='ocr_par' dir='ltr' id='par_1_94' title="bbox 2182 4344 3773 4418">
     <span class='ocr_line' id='line_1_94' title="bbox 2182 4344 3773 4418; baseline 0.001 -18"><span class='ocrx_word' id='word_1_724' title='bbox 2182 4344 2282 4402; x_wconf 90' lang='lat' dir='ltr'><strong><em>Dei</em></strong></span> <span class='ocrx_word' id='word_1_725' title='bbox 2309 4350 2449 4401; x_wconf 86' lang='lat' dir='ltr'><strong><em>servi</em></strong></span> <span class='ocrx_word' id='word_1_726' title='bbox 2476 4349 2708 4418; x_wconf 87' lang='lat' dir='ltr'><strong><em>peccati,</em></strong></span> <span class='ocrx_word' id='word_1_727' title='bbox 2735 4348 2860 4403; x_wconf 84' lang='lat' dir='ltr'><strong><em>ﬁliis</em></strong></span> <span class='ocrx_word' id='word_1_728' title='bbox 2881 4348 3066 4404; x_wconf 68' lang='lat' dir='ltr'><strong><em>liberte</em></strong></span> <span class='ocrx_word' id='word_1_729' title='bbox 3091 4349 3186 4403; x_wconf 88' lang='lat' dir='ltr'><strong><em>lilii</em></strong></span> <span class='ocrx_word' id='word_1_730' title='bbox 3208 4349 3438 4415; x_wconf 80' lang='lat' dir='ltr'><strong><em>ancillae,</em></strong></span> <span class='ocrx_word' id='word_1_731' title='bbox 3465 4349 3773 4414; x_wconf 71' lang='lat' dir='ltr'><strong><em>hmredibus</em></strong></span> 
     </span>
    </p>
   </div>
   <div class='ocr_carea' id='block_1_95' title="bbox 2183 4440 3774 4513">
    <p class='ocr_par' dir='ltr' id='par_1_95' title="bbox 2183 4440 3774 4513">
     <span class='ocr_line' id='line_1_95' title="bbox 2183 4440 3774 4513; baseline 0 -16"><span class='ocrx_word' id='word_1_732' title='bbox 2183 4442 2532 4507; x_wconf 81' lang='lat' dir='ltr'><strong><em>exhaeredati,</em></strong></span> <span class='ocrx_word' id='word_1_733' title='bbox 2565 4443 2660 4498; x_wconf 91' lang='lat' dir='ltr'><strong><em>Dei</em></strong></span> <span class='ocrx_word' id='word_1_734' title='bbox 2695 4441 2821 4497; x_wconf 79' lang='lat' dir='ltr'><strong><em>filiis</em></strong></span> <span class='ocrx_word' id='word_1_735' title='bbox 2855 4442 2951 4497; x_wconf 85' lang='lat' dir='ltr'><strong><em>ﬁlii</em></strong></span> <span class='ocrx_word' id='word_1_736' title='bbox 2983 4443 3179 4498; x_wconf 91' lang='lat' dir='ltr'><strong><em>diaboli</em></strong></span> <span class='ocrx_word' id='word_1_737' title='bbox 3201 4441 3595 4513; x_wconf 66' lang='lat' dir='ltr'><strong><em>prasferentur?</em></strong></span> <span class='ocrx_word' id='word_1_738' title='bbox 3625 4440 3774 4508; x_wconf 87' lang='lat' dir='ltr'><strong><em>Quos</em></strong></span> 
     </span>
    </p>
   </div>
   <div class='ocr_carea' id='block_1_96' title="bbox 2186 4533 3777 4608">
    <p class='ocr_par' dir='ltr' id='par_1_96' title="bbox 2186 4533 3777 4608">
     <span class='ocr_line' id='line_1_96' title="bbox 2186 4533 3777 4608; baseline -0.003 -15"><span class='ocrx_word' id='word_1_739' title='bbox 2186 4538 2446 4593; x_wconf 90' lang='lat' dir='ltr'><strong><em>Dominus</em></strong></span> <span class='ocrx_word' id='word_1_740' title='bbox 2472 4552 2569 4607; x_wconf 88' lang='lat' dir='ltr'><strong><em>per</em></strong></span> <span class='ocrx_word' id='word_1_741' title='bbox 2604 4536 2799 4592; x_wconf 91' lang='lat' dir='ltr'><strong><em>Isaiam</em></strong></span> <span class='ocrx_word' id='word_1_742' title='bbox 2841 4537 3157 4608; x_wconf 90' lang='lat' dir='ltr'><strong><em>prophetam</em></strong></span> <span class='ocrx_word' id='word_1_743' title='bbox 3196 4544 3347 4590; x_wconf 88' lang='lat' dir='ltr'><strong><em>tanta</em></strong></span> <span class='ocrx_word' id='word_1_744' title='bbox 3393 4549 3423 4588; x_wconf 92' lang='lat' dir='ltr'><strong>a</strong></span> <span class='ocrx_word' id='word_1_745' title='bbox 3458 4533 3629 4589; x_wconf 90' lang='lat' dir='ltr'><strong><em>servis</em></strong></span> <span class='ocrx_word' id='word_1_746' title='bbox 3657 4534 3777 4588; x_wconf 90' lang='lat' dir='ltr'><strong><em>suis</em></strong></span> 
     </span>
    </p>
   </div>
   <div class='ocr_carea' id='block_1_97' title="bbox 2184 4623 3778 4701">
    <p class='ocr_par' dir='ltr' id='par_1_97' title="bbox 2184 4623 3778 4701">
     <span class='ocr_line' id='line_1_97' title="bbox 2184 4623 3778 4701; baseline -0.006 -14"><span class='ocrx_word' id='word_1_747' title='bbox 2184 4632 2449 4688; x_wconf 91' lang='lat' dir='ltr'><strong><em>divisione</em></strong></span> <span class='ocrx_word' id='word_1_748' title='bbox 2476 4630 2707 4701; x_wconf 88' lang='lat' dir='ltr'><strong><em>sejungit</em></strong></span> <span class='ocrx_word' id='word_1_749' title='bbox 2727 4672 2741 4696; x_wconf 91' lang='lat'><strong><em>,</em></strong></span> <span class='ocrx_word' id='word_1_750' title='bbox 2786 4638 2846 4684; x_wconf 88' lang='lat' dir='ltr'><strong><em>ut</em></strong></span> <span class='ocrx_word' id='word_1_751' title='bbox 2885 4637 2939 4684; x_wconf 89' lang='lat' dir='ltr'><strong><em>et</em></strong></span> <span class='ocrx_word' id='word_1_752' title='bbox 2981 4643 3177 4683; x_wconf 91' lang='lat' dir='ltr'><strong><em>nomen</em></strong></span> <span class='ocrx_word' id='word_1_753' title='bbox 3202 4627 3490 4697; x_wconf 89' lang='lat' dir='ltr'><strong><em>pristinum</em></strong></span> <span class='ocrx_word' id='word_1_754' title='bbox 3520 4640 3613 4680; x_wconf 88' lang='lat' dir='ltr'><strong><em>eos</em></strong></span> <span class='ocrx_word' id='word_1_755' title='bbox 3639 4623 3778 4678; x_wconf 87' lang='lat' dir='ltr'><strong><em>ami-</em></strong></span> 
     </span>
    </p>
   </div>
   <div class='ocr_carea' id='block_1_98' title="bbox 2180 4717 3772 4789">
    <p class='ocr_par' dir='ltr' id='par_1_98' title="bbox 2180 4717 3772 4789">
     <span class='ocr_line' id='line_1_98' title="bbox 2180 4717 3772 4789; baseline -0.007 -10"><span class='ocrx_word' id='word_1_756' title='bbox 2180 4726 2336 4788; x_wconf 91' lang='lat' dir='ltr'><strong><em>sisse,</em></strong></span> <span class='ocrx_word' id='word_1_757' title='bbox 2362 4732 2416 4777; x_wconf 89' lang='lat' dir='ltr'><strong><em>et</em></strong></span> <span class='ocrx_word' id='word_1_758' title='bbox 2438 4723 2582 4776; x_wconf 88' lang='lat' dir='ltr'><strong><em>inter</em></strong></span> <span class='ocrx_word' id='word_1_759' title='bbox 2611 4730 2858 4775; x_wconf 88' lang='lat' dir='ltr'><strong><em>mortuos</em></strong></span> <span class='ocrx_word' id='word_1_760' title='bbox 2893 4719 3145 4774; x_wconf 88' lang='lat' dir='ltr'><strong><em>ostendat</em></strong></span> <span class='ocrx_word' id='word_1_761' title='bbox 3172 4719 3289 4789; x_wconf 88' lang='lat' dir='ltr'><strong><em>jam</em></strong></span> <span class='ocrx_word' id='word_1_762' title='bbox 3322 4717 3604 4788; x_wconf 88' lang='lat' dir='ltr'><strong><em>deputatos</em></strong></span> <span class='ocrx_word' id='word_1_763' title='bbox 3629 4729 3772 4779; x_wconf 88' lang='lat' dir='ltr'><strong><em>esse,</em></strong></span> 
     </span>
    </p>
   </div>
   <div class='ocr_carea' id='block_1_99' title="bbox 2179 4791 3831 4872">
    <p class='ocr_par' dir='ltr' id='par_1_99' title="bbox 2179 4791 3831 4872">
     <span class='ocr_line' id='line_1_99' title="bbox 2179 4791 3831 4872; baseline -0.008 -3"><span class='ocrx_word' id='word_1_764' title='bbox 2179 4815 2265 4869; x_wconf 85' lang='lat' dir='ltr'><strong><em>his</em></strong></span> <span class='ocrx_word' id='word_1_765' title='bbox 2288 4812 2466 4866; x_wconf 85' lang='lat' dir='ltr'><strong><em>verbis</em></strong></span> <span class='ocrx_word' id='word_1_766' title='bbox 2490 4827 2502 4864; x_wconf 93' lang='lat'>:</span> <span class='ocrx_word' id='word_1_767' title='bbox 2537 4811 2672 4865; x_wconf 90' lang='lat' dir='ltr'><strong><em>Ecce</em></strong></span> <span class='ocrx_word' id='word_1_768' title='bbox 2694 4811 2828 4864; x_wconf 88' lang='lat' dir='ltr'><strong><em>servi</em></strong></span> <span class='ocrx_word' id='word_1_769' title='bbox 2854 4809 2956 4864; x_wconf 90' lang='lat' dir='ltr'><strong><em>mei</em></strong></span> <span class='ocrx_word' id='word_1_770' title='bbox 2983 4808 3281 4872; x_wconf 89' lang='lat' dir='ltr'><strong><em>comedent,</em></strong></span> <span class='ocrx_word' id='word_1_771' title='bbox 3323 4818 3370 4863; x_wconf 92' lang='lat' dir='ltr'><strong><em>et</em></strong></span> <span class='ocrx_word' id='word_1_772' title='bbox 3399 4824 3485 4861; x_wconf 87' lang='lat' dir='ltr'><strong><em>vos</em></strong></span> <span class='ocrx_word' id='word_1_773' title='bbox 3507 4805 3773 4860; x_wconf 87' lang='lat' dir='ltr'><strong><em>esurietis.</em></strong></span> <span class='ocrx_word' id='word_1_774' title='bbox 3818 4791 3831 4836; x_wconf 75' lang='grc' dir='ltr'>ἰ</span> 
     </span>
    </p>
   </div>
   <div class='ocr_carea' id='block_1_100' title="bbox 2181 4895 3779 4970">
    <p class='ocr_par' dir='ltr' id='par_1_100' title="bbox 2181 4895 3779 4970">
     <span class='ocr_line' id='line_1_100' title="bbox 2181 4895 3779 4970; baseline -0.008 -9"><span class='ocrx_word' id='word_1_775' title='bbox 2181 4907 2316 4961; x_wconf 83' lang='lat' dir='ltr'><strong><em>Ecce</em></strong></span> <span class='ocrx_word' id='word_1_776' title='bbox 2342 4906 2474 4959; x_wconf 79' lang='lat' dir='ltr'><strong><em>servi</em></strong></span> <span class='ocrx_word' id='word_1_777' title='bbox 2520 4904 2620 4958; x_wconf 89' lang='lat' dir='ltr'><strong><em>mei</em></strong></span> <span class='ocrx_word' id='word_1_778' title='bbox 2651 4904 2822 4956; x_wconf 90' lang='lat' dir='ltr'><strong><em>bibent</em></strong></span> <span class='ocrx_word' id='word_1_779' title='bbox 2851 4943 2865 4970; x_wconf 92' lang='lat'><strong><em>,</em></strong></span> <span class='ocrx_word' id='word_1_780' title='bbox 2893 4911 2941 4956; x_wconf 91' lang='lat' dir='ltr'><strong><em>et</em></strong></span> <span class='ocrx_word' id='word_1_781' title='bbox 2966 4919 3053 4957; x_wconf 87' lang='lat' dir='ltr'><strong><em>vos</em></strong></span> <span class='ocrx_word' id='word_1_782' title='bbox 3087 4902 3295 4955; x_wconf 89' lang='lat' dir='ltr'><strong><em>sitietis.</em></strong></span> <span class='ocrx_word' id='word_1_783' title='bbox 3355 4899 3492 4954; x_wconf 90' lang='lat' dir='ltr'><strong><em>Ecce</em></strong></span> <span class='ocrx_word' id='word_1_784' title='bbox 3511 4898 3645 4952; x_wconf 86' lang='lat' dir='ltr'><strong><em>servi</em></strong></span> <span class='ocrx_word' id='word_1_785' title='bbox 3674 4895 3779 4950; x_wconf 89' lang='lat' dir='ltr'><strong><em>mei</em></strong></span> 
     </span>
    </p>
   </div>
   <div class='ocr_carea' id='block_1_101' title="bbox 2181 4987 3780 5065">
    <p class='ocr_par' dir='ltr' id='par_1_101' title="bbox 2181 4987 3780 5065">
     <span class='ocr_line' id='line_1_101' title="bbox 2181 4987 3780 5065; baseline -0.008 -13"><span class='ocrx_word' id='word_1_786' title='bbox 2181 4998 2523 5064; x_wconf 77' lang='lat' dir='ltr'><strong><em>lretabttntur,</em></strong></span> <span class='ocrx_word' id='word_1_787' title='bbox 2552 5005 2600 5049; x_wconf 87' lang='lat' dir='ltr'><strong><em>et</em></strong></span> <span class='ocrx_word' id='word_1_788' title='bbox 2628 5012 2716 5050; x_wconf 92' lang='lat' dir='ltr'><strong><em>vos</em></strong></span> <span class='ocrx_word' id='word_1_789' title='bbox 2745 4994 3160 5065; x_wconf 89' lang='lat' dir='ltr'><strong><em>confundemini.</em></strong></span> <span class='ocrx_word' id='word_1_790' title='bbox 3202 4992 3340 5047; x_wconf 89' lang='lat' dir='ltr'><strong><em>Ecce</em></strong></span> <span class='ocrx_word' id='word_1_791' title='bbox 3377 4990 3512 5046; x_wconf 86' lang='lat' dir='ltr'><strong><em>servi</em></strong></span> <span class='ocrx_word' id='word_1_792' title='bbox 3538 4989 3639 5042; x_wconf 77' lang='lat' dir='ltr'><strong><em>m‘ei</em></strong></span> <span class='ocrx_word' id='word_1_793' title='bbox 3667 4987 3780 5040; x_wconf 89' lang='lat' dir='ltr'><strong><em>cla-</em></strong></span> 
     </span>
    </p>
   </div>
   <div class='ocr_carea' id='block_1_102' title="bbox 2180 5081 3780 5160">
    <p class='ocr_par' dir='ltr' id='par_1_102' title="bbox 2180 5081 3780 5160">
     <span class='ocr_line' id='line_1_102' title="bbox 2180 5081 3780 5160; baseline -0.007 -17"><span class='ocrx_word' id='word_1_794' title='bbox 2180 5090 2395 5144; x_wconf 87' lang='lat' dir='ltr'><strong><em>mabunt</em></strong></span> <span class='ocrx_word' id='word_1_795' title='bbox 2415 5105 2524 5160; x_wconf 72' lang='lat' dir='ltr'><strong><em>pra:</em></strong></span> <span class='ocrx_word' id='word_1_796' title='bbox 2564 5086 2912 5143; x_wconf 74' lang='lat' dir='ltr'><strong><em>exsultatione</em></strong></span> <span class='ocrx_word' id='word_1_797' title='bbox 2939 5087 3112 5141; x_wconf 86' lang='lat' dir='ltr'><strong><em>cordis</em></strong></span> <span class='ocrx_word' id='word_1_798' title='bbox 3131 5127 3146 5151; x_wconf 91' lang='lat'><strong><em>,</em></strong></span> <span class='ocrx_word' id='word_1_799' title='bbox 3187 5094 3234 5140; x_wconf 92' lang='lat' dir='ltr'><strong><em>et</em></strong></span> <span class='ocrx_word' id='word_1_800' title='bbox 3261 5101 3347 5140; x_wconf 88' lang='lat' dir='ltr'><strong><em>vos</em></strong></span> <span class='ocrx_word' id='word_1_801' title='bbox 3368 5081 3640 5137; x_wconf 77' lang='lat' dir='ltr'><strong><em>ululabilis</em></strong></span> <span class='ocrx_word' id='word_1_802' title='bbox 3666 5096 3780 5148; x_wconf 70' lang='lat' dir='ltr'><strong><em>pra:</em></strong></span> 
     </span>
    </p>
   </div>
   <div class='ocr_carea' id='block_1_103' title="bbox 2181 5172 3782 5252">
    <p class='ocr_par' dir='ltr' id='par_1_103' title="bbox 2181 5172 3782 5252">
     <span class='ocr_line' id='line_1_103' title="bbox 2181 5172 3782 5252; baseline -0.007 -16"><span class='ocrx_word' id='word_1_803' title='bbox 2181 5181 2360 5236; x_wconf 82' lang='lat' dir='ltr'><strong><em>dolore</em></strong></span> <span class='ocrx_word' id='word_1_804' title='bbox 2386 5182 2580 5249; x_wconf 90' lang='lat' dir='ltr'><strong><em>cordis,</em></strong></span> <span class='ocrx_word' id='word_1_805' title='bbox 2621 5189 2670 5236; x_wconf 90' lang='lat' dir='ltr'><strong><em>et</em></strong></span> <span class='ocrx_word' id='word_1_806' title='bbox 2700 5198 2811 5252; x_wconf 66' lang='lat' dir='ltr'><strong><em>prae</em></strong></span> <span class='ocrx_word' id='word_1_807' title='bbox 2832 5180 3142 5237; x_wconf 88' lang='lat' dir='ltr'><strong><em>contritione</em></strong></span> <span class='ocrx_word' id='word_1_808' title='bbox 3167 5178 3382 5251; x_wconf 84' lang='lat' dir='ltr'><strong><em>spiritus</em></strong></span> <span class='ocrx_word' id='word_1_809' title='bbox 3404 5172 3704 5238; x_wconf 79' lang='lat' dir='ltr'><strong><em>ululabilis,</em></strong></span> <span class='ocrx_word' id='word_1_810' title='bbox 3731 5182 3782 5226; x_wconf 86' lang='lat' dir='ltr'><strong><em>et</em></strong></span> 
     </span>
    </p>
   </div>
   <div class='ocr_carea' id='block_1_104' title="bbox 1838 5271 2398 5330">
    <p class='ocr_par' dir='ltr' id='par_1_104' title="bbox 1838 5271 2398 5330">
     <span class='ocr_line' id='line_1_104' title="bbox 1838 5271 2398 5330; baseline 0.002 -4"><span class='ocrx_word' id='word_1_811' title='bbox 1838 5271 2122 5328; x_wconf 81' lang='lat' dir='ltr'><strong>BALUZII</strong></span> <span class='ocrx_word' id='word_1_812' title='bbox 2163 5272 2398 5330; x_wconf 67' lang='grc' dir='ltr'><strong><em>ΝΟΤᾸΕ.</em></strong></span> 
     </span>
    </p>
   </div>
   <div class='ocr_carea' id='block_1_105' title="bbox 557 5383 2074 5445">
    <p class='ocr_par' dir='ltr' id='par_1_105' title="bbox 557 5383 2074 5445">
     <span class='ocr_line' id='line_1_105' title="bbox 557 5383 2074 5445; baseline 0 -5"><span class='ocrx_word' id='word_1_813' title='bbox 557 5397 583 5426; x_wconf 70' lang='grc' dir='ltr'>ι</span> <span class='ocrx_word' id='word_1_814' title='bbox 603 5383 858 5442; x_wconf 85' lang='lat' dir='ltr'><strong><em>Saraceni</em></strong></span> <span class='ocrx_word' id='word_1_815' title='bbox 880 5395 1148 5442; x_wconf 83' lang='lat' dir='ltr'><strong><em>vocantur.</em></strong></span> <span class='ocrx_word' id='word_1_816' title='bbox 1171 5387 1437 5445; x_wconf 86' lang='lat' dir='ltr'><strong><em>Eusebius</em></strong></span> <span class='ocrx_word' id='word_1_817' title='bbox 1458 5388 1512 5443; x_wconf 92' lang='lat' dir='ltr'><strong><em>in</em></strong></span> <span class='ocrx_word' id='word_1_818' title='bbox 1530 5385 1799 5443; x_wconf 88' lang='lat' dir='ltr'><strong><em>Chronico</em></strong></span> <span class='ocrx_word' id='word_1_819' title='bbox 1826 5403 1838 5439; x_wconf 93' lang='lat'>:</span> <span class='ocrx_word' id='word_1_820' title='bbox 1864 5404 1881 5435; x_wconf 85' lang='grc'><strong>‹</strong></span> <span class='ocrx_word' id='word_1_821' title='bbox 1907 5384 2074 5440; x_wconf 90' lang='lat' dir='ltr'><strong><em>Abra-</em></strong></span> 
     </span>
    </p>
   </div>
   <div class='ocr_carea' id='block_1_106' title="bbox 486 5455 2077 5531">
    <p class='ocr_par' dir='ltr' id='par_1_106' title="bbox 486 5455 2077 5531">
     <span class='ocr_line' id='line_1_106' title="bbox 486 5455 2077 5531; baseline -0.001 -19"><span class='ocrx_word' id='word_1_822' title='bbox 486 5458 611 5531; x_wconf 81' lang='lat' dir='ltr'><strong><em>ham</em></strong></span> <span class='ocrx_word' id='word_1_823' title='bbox 641 5470 706 5512; x_wconf 84' lang='lat' dir='ltr'><strong><em>ex</em></strong></span> <span class='ocrx_word' id='word_1_824' title='bbox 737 5457 930 5514; x_wconf 89' lang='lat' dir='ltr'><strong><em>ancilla</em></strong></span> <span class='ocrx_word' id='word_1_825' title='bbox 959 5459 1103 5530; x_wconf 78' lang='lat' dir='ltr'><strong><em>Agar</em></strong></span> <span class='ocrx_word' id='word_1_826' title='bbox 1126 5462 1312 5531; x_wconf 88' lang='lat' dir='ltr'><strong><em>genuit</em></strong></span> <span class='ocrx_word' id='word_1_827' title='bbox 1330 5460 1611 5531; x_wconf 85' lang='lat' dir='ltr'><strong><em>lsmaelem</em></strong></span> <span class='ocrx_word' id='word_1_828' title='bbox 1639 5477 1652 5531; x_wconf 91' lang='lat'><strong><em>:_</em></strong></span> <span class='ocrx_word' id='word_1_829' title='bbox 1687 5472 1729 5531; x_wconf 89' lang='lat' dir='ltr'><strong><em>a_</em></strong></span> <span class='ocrx_word' id='word_1_830' title='bbox 1748 5471 1853 5531; x_wconf 70' lang='lat' dir='ltr'><strong><em>quo</em></strong></span> <span class='ocrx_word' id='word_1_831' title='bbox 1875 5455 2077 5531; x_wconf 47' lang='lat' dir='ltr'><strong><em>lsmaej</em></strong></span> 
     </span>
    </p>
   </div>
   <div class='ocr_carea' id='block_1_107' title="bbox 486 5525 2076 5601">
    <p class='ocr_par' dir='ltr' id='par_1_107' title="bbox 486 5525 2076 5601">
     <span class='ocr_line' id='line_1_107' title="bbox 486 5525 2076 5601; baseline -0.001 -18"><span class='ocrx_word' id='word_1_832' title='bbox 486 5529 704 5601; x_wconf 84' lang='lat' dir='ltr'><strong><em>litarum</em></strong></span> <span class='ocrx_word' id='word_1_833' title='bbox 733 5546 886 5600; x_wconf 83' lang='lat' dir='ltr'><strong><em>gens,</em></strong></span> <span class='ocrx_word' id='word_1_834' title='bbox 918 5525 1225 5601; x_wconf 58' lang='lat' dir='ltr'><strong><em>qui&#39;pos&#39;tea</em></strong></span> <span class='ocrx_word' id='word_1_835' title='bbox 1263 5531 1520 5601; x_wconf 87' lang='lat' dir='ltr'><strong><em>Agareni,</em></strong></span> <span class='ocrx_word' id='word_1_836' title='bbox 1568 5525 1779 5601; x_wconf 72' lang='lat' dir='ltr'><strong><em>deinde</em></strong></span> <span class='ocrx_word' id='word_1_837' title='bbox 1814 5525 2076 5601; x_wconf 83' lang='lat' dir='ltr'><strong><em>Saraceni</em></strong></span> 
     </span>
    </p>
   </div>
   <div class='ocr_carea' id='block_1_108' title="bbox 487 5597 2078 5670">
    <p class='ocr_par' dir='ltr' id='par_1_108' title="bbox 487 5597 2078 5670">
     <span class='ocr_line' id='line_1_108' title="bbox 487 5597 2078 5670; baseline -0.002 -15"><span class='ocrx_word' id='word_1_838' title='bbox 487 5599 640 5655; x_wconf 92' lang='lat' dir='ltr'><strong><em>dicti.</em></strong></span> <span class='ocrx_word' id='word_1_839' title='bbox 680 5619 697 5652; x_wconf 77' lang='grc' dir='ltr'><strong><em>ι</em></strong></span> <span class='ocrx_word' id='word_1_840' title='bbox 735 5597 800 5657; x_wconf 79' lang='lat' dir='ltr'><strong><em>Et</em></strong></span> <span class='ocrx_word' id='word_1_841' title='bbox 826 5597 1122 5657; x_wconf 79' lang='lat' dir='ltr'><strong><em>arbitratur</em></strong></span> <span class='ocrx_word' id='word_1_842' title='bbox 1158 5602 1221 5654; x_wconf 94' lang='lat' dir='ltr'><strong><em>D.</em></strong></span> <span class='ocrx_word' id='word_1_843' title='bbox 1255 5597 1618 5670; x_wconf 73' lang='lat' dir='ltr'><strong><em>Hieronymus</em></strong></span> <span class='ocrx_word' id='word_1_844' title='bbox 1663 5597 1965 5670; x_wconf 80' lang='lat' dir='ltr'><strong><em>Saracenos</em></strong></span> <span class='ocrx_word' id='word_1_845' title='bbox 1995 5597 2078 5652; x_wconf 90' lang='lat' dir='ltr'><strong><em>di-</em></strong></span> 
     </span>
    </p>
   </div>
   <div class='ocr_carea' id='block_1_109' title="bbox 486 5668 2079 5742">
    <p class='ocr_par' dir='ltr' id='par_1_109' title="bbox 486 5668 2079 5742">
     <span class='ocr_line' id='line_1_109' title="bbox 486 5668 2079 5742; baseline -0.003 -15"><span class='ocrx_word' id='word_1_846' title='bbox 486 5682 604 5727; x_wconf 90' lang='lat' dir='ltr'><strong><em>ctos</em></strong></span> <span class='ocrx_word' id='word_1_847' title='bbox 641 5687 672 5726; x_wconf 87' lang='lat' dir='ltr'><strong><em>a</em></strong></span> <span class='ocrx_word' id='word_1_848' title='bbox 707 5672 843 5729; x_wconf 86' lang='lat' dir='ltr'><strong><em>Sara</em></strong></span> <span class='ocrx_word' id='word_1_849' title='bbox 874 5689 1043 5728; x_wconf 81' lang='lat' dir='ltr'><strong><em>uxore</em></strong></span> <span class='ocrx_word' id='word_1_850' title='bbox 1070 5673 1329 5742; x_wconf 60' lang='lat' dir='ltr'><strong><em>Abrahas,</em></strong></span> <span class='ocrx_word' id='word_1_851' title='bbox 1363 5668 1504 5725; x_wconf 77' lang='lat' dir='ltr'><strong><em>sicut</em></strong></span> <span class='ocrx_word' id='word_1_852' title='bbox 1543 5669 1784 5742; x_wconf 74' lang='lat' dir='ltr'><strong><em>Agareni</em></strong></span> <span class='ocrx_word' id='word_1_853' title='bbox 1823 5668 2079 5742; x_wconf 79' lang='lat' dir='ltr'><strong><em>dicuntur</em></strong></span> 
     </span>
    </p>
   </div>
   <div class='ocr_carea' id='block_1_110' title="bbox 488 5739 2077 5816">
    <p class='ocr_par' dir='ltr' id='par_1_110' title="bbox 488 5739 2077 5816">
     <span class='ocr_line' id='line_1_110' title="bbox 488 5739 2077 5816; baseline -0.004 -16"><span class='ocrx_word' id='word_1_854' title='bbox 488 5744 558 5816; x_wconf 87' lang='lat' dir='ltr'><strong><em>ab</em></strong></span> <span class='ocrx_word' id='word_1_855' title='bbox 581 5742 729 5816; x_wconf 68' lang='lat' dir='ltr'><strong><em>Agar</em></strong></span> <span class='ocrx_word' id='word_1_856' title='bbox 755 5745 967 5802; x_wconf 90' lang='lat' dir='ltr'><strong><em>ancilla.</em></strong></span> <span class='ocrx_word' id='word_1_857' title='bbox 1015 5743 1119 5800; x_wconf 87' lang='lat' dir='ltr'><strong><em>Sed</em></strong></span> <span class='ocrx_word' id='word_1_858' title='bbox 1140 5742 1292 5816; x_wconf 76' lang='lat' dir='ltr'><strong><em>istud</em></strong></span> <span class='ocrx_word' id='word_1_859' title='bbox 1319 5741 1586 5816; x_wconf 60' lang='lat' dir='ltr'><strong><em>improbat</em></strong></span> <span class='ocrx_word' id='word_1_860' title='bbox 1601 5739 1731 5816; x_wconf 58' lang='lat' dir='ltr'><strong><em>&#39;Jos.</em></strong></span> <span class='ocrx_word' id='word_1_861' title='bbox 1754 5739 1997 5816; x_wconf 66' lang='lat' dir='ltr'><strong><em>Scaliger</em></strong></span> <span class='ocrx_word' id='word_1_862' title='bbox 2022 5739 2077 5793; x_wconf 89' lang='lat' dir='ltr'><strong><em>in</em></strong></span> 
     </span>
    </p>
   </div>
   <div class='ocr_carea' id='block_1_111' title="bbox 487 5811 2083 5873">
    <p class='ocr_par' dir='ltr' id='par_1_111' title="bbox 487 5811 2083 5873">
     <span class='ocr_line' id='line_1_111' title="bbox 487 5811 2083 5873; baseline -0.003 -3"><span class='ocrx_word' id='word_1_863' title='bbox 487 5811 1065 5873; x_wconf 70' lang='lat' dir='ltr'><strong><em>Aniniadversionibus</em></strong></span> <span class='ocrx_word' id='word_1_864' title='bbox 1089 5813 1159 5869; x_wconf 91' lang='lat' dir='ltr'><strong><em>ad</em></strong></span> <span class='ocrx_word' id='word_1_865' title='bbox 1182 5811 1490 5868; x_wconf 87' lang='lat' dir='ltr'><strong><em>Chronicon</em></strong></span> <span class='ocrx_word' id='word_1_866' title='bbox 1517 5813 1755 5868; x_wconf 89' lang='lat' dir='ltr'><strong><em>Eusebii.</em></strong></span> <span class='ocrx_word' id='word_1_867' title='bbox 1792 5811 2083 5866; x_wconf 83' lang='lat' dir='ltr'><strong><em>Existimat</em></strong></span> 
     </span>
    </p>
   </div>
   <div class='ocr_carea' id='block_1_112' title="bbox 491 5882 2087 5961">
    <p class='ocr_par' dir='ltr' id='par_1_112' title="bbox 491 5882 2087 5961">
     <span class='ocr_line' id='line_1_112' title="bbox 491 5882 2087 5961; baseline -0.004 -17"><span class='ocrx_word' id='word_1_868' title='bbox 491 5886 642 5944; x_wconf 85' lang='lat' dir='ltr'><strong><em>enim</em></strong></span> <span class='ocrx_word' id='word_1_869' title='bbox 664 5889 846 5961; x_wconf 79' lang='lat' dir='ltr'><strong><em>potius</em></strong></span> <span class='ocrx_word' id='word_1_870' title='bbox 872 5901 995 5944; x_wconf 88' lang='lat' dir='ltr'><strong><em>esse</em></strong></span> <span class='ocrx_word' id='word_1_871' title='bbox 1014 5884 1385 5944; x_wconf 87' lang='lat' dir='ltr'><strong><em>deducendam</em></strong></span> <span class='ocrx_word' id='word_1_872' title='bbox 1405 5883 1557 5940; x_wconf 87' lang='lat' dir='ltr'><strong><em>verbi</em></strong></span> <span class='ocrx_word' id='word_1_873' title='bbox 1586 5883 1746 5954; x_wconf 87' lang='lat' dir='ltr'><strong><em>hujus</em></strong></span> <span class='ocrx_word' id='word_1_874' title='bbox 1766 5882 2032 5953; x_wconf 85' lang='lat' dir='ltr'><strong><em>originem</em></strong></span> <span class='ocrx_word' id='word_1_875' title='bbox 2054 5897 2087 5938; x_wconf 88' lang='lat' dir='ltr'><strong><em>a</em></strong></span> 
     </span>
    </p>
   </div>
   <div class='ocr_carea' id='block_1_113' title="bbox 2183 5385 3786 5459">
    <p class='ocr_par' dir='ltr' id='par_1_113' title="bbox 2183 5385 3786 5459">
     <span class='ocr_line' id='line_1_113' title="bbox 2183 5385 3786 5459; baseline -0.001 -17"><span class='ocrx_word' id='word_1_876' title='bbox 2183 5387 2370 5454; x_wconf 83' lang='lat' dir='ltr'><strong><em>Sarak,</em></strong></span> <span class='ocrx_word' id='word_1_877' title='bbox 2393 5390 2536 5459; x_wconf 90' lang='lat' dir='ltr'><strong><em>quod</em></strong></span> <span class='ocrx_word' id='word_1_878' title='bbox 2557 5389 2788 5447; x_wconf 76' lang='lat' dir='ltr'><strong><em>Arabiee</em></strong></span> <span class='ocrx_word' id='word_1_879' title='bbox 2805 5397 2962 5447; x_wconf 88' lang='lat' dir='ltr'><strong><em>sonat</em></strong></span> <span class='ocrx_word' id='word_1_880' title='bbox 2975 5389 3222 5446; x_wconf 79' lang='lat' dir='ltr'><strong><em>furaces:</em></strong></span> <span class='ocrx_word' id='word_1_881' title='bbox 3258 5408 3276 5441; x_wconf 76' lang='grc' dir='ltr'>ι</span> <span class='ocrx_word' id='word_1_882' title='bbox 3308 5386 3668 5455; x_wconf 76' lang='lat' dir='ltr'><strong><em>Quales&#39;sunt,</em></strong></span> <span class='ocrx_word' id='word_1_883' title='bbox 3700 5385 3786 5459; x_wconf 90' lang='lat' dir='ltr'><strong><em>_in-</em></strong></span> 
     </span>
    </p>
   </div>
   <div class='ocr_carea' id='block_1_114' title="bbox 2183 5457 3782 5530">
    <p class='ocr_par' dir='ltr' id='par_1_114' title="bbox 2183 5457 3782 5530">
     <span class='ocr_line' id='line_1_114' title="bbox 2183 5457 3782 5530; baseline -0.001 -17"><span class='ocrx_word' id='word_1_884' title='bbox 2183 5459 2319 5530; x_wconf 84' lang='lat' dir='ltr'><strong><em>quit,</em></strong></span> <span class='ocrx_word' id='word_1_885' title='bbox 2370 5457 2464 5530; x_wconf 78' lang='lat' dir='ltr'><strong><em>qui</em></strong></span> <span class='ocrx_word' id='word_1_886' title='bbox 2511 5461 2704 5518; x_wconf 88' lang='lat' dir='ltr'><strong><em>Turcis</em></strong></span> <span class='ocrx_word' id='word_1_887' title='bbox 2749 5463 3003 5518; x_wconf 91' lang='lat' dir='ltr'><strong><em>dicuntur</em></strong></span> <span class='ocrx_word' id='word_1_888' title='bbox 3049 5460 3243 5517; x_wconf 76' lang='lat' dir='ltr'><strong><em>Cosaki</em></strong></span> <span class='ocrx_word' id='word_1_889' title='bbox 3303 5460 3542 5523; x_wconf 86' lang='lat' dir='ltr'><strong><em>Tartari,</em></strong></span> <span class='ocrx_word' id='word_1_890' title='bbox 3589 5457 3782 5530; x_wconf 77' lang='lat' dir='ltr'><strong><em>quales</em></strong></span> 
     </span>
    </p>
   </div>
   <div class='ocr_carea' id='block_1_115' title="bbox 2184 5529 3787 5604">
    <p class='ocr_par' dir='ltr' id='par_1_115' title="bbox 2184 5529 3787 5604">
     <span class='ocr_line' id='line_1_115' title="bbox 2184 5529 3787 5604; baseline 0.001 -22"><span class='ocrx_word' id='word_1_891' title='bbox 2184 5529 2510 5604; x_wconf 12' lang='lat' dir='ltr'><strong><em>Martrolossi,</em></strong></span> <span class='ocrx_word' id='word_1_892' title='bbox 2541 5535 2730 5603; x_wconf 89' lang='lat' dir='ltr'><strong><em>quales</em></strong></span> <span class='ocrx_word' id='word_1_893' title='bbox 2754 5532 3061 5590; x_wconf 87' lang='lat' dir='ltr'><strong><em>Bandolieri</em></strong></span> <span class='ocrx_word' id='word_1_894' title='bbox 3101 5535 3154 5588; x_wconf 91' lang='lat' dir='ltr'><strong><em>in</em></strong></span> <span class='ocrx_word' id='word_1_895' title='bbox 3196 5532 3491 5604; x_wconf 60' lang='lat' dir='ltr'><strong><em>Pyrenagis.</em></strong></span> <span class='ocrx_word' id='word_1_896' title='bbox 3522 5551 3552 5604; x_wconf 76' lang='lat' dir='ltr'><strong><em>_s</em></strong></span> <span class='ocrx_word' id='word_1_897' title='bbox 3589 5529 3787 5584; x_wconf 83' lang='lat' dir='ltr'><strong><em>Hiero-</em></strong></span> 
     </span>
    </p>
   </div>
   <div class='ocr_carea' id='block_1_116' title="bbox 2183 5600 3786 5676">
    <p class='ocr_par' dir='ltr' id='par_1_116' title="bbox 2183 5600 3786 5676">
     <span class='ocr_line' id='line_1_116' title="bbox 2183 5600 3786 5676; baseline 0.002 -23"><span class='ocrx_word' id='word_1_898' title='bbox 2183 5603 2538 5676; x_wconf 83' lang='lat' dir='ltr'><strong><em>n_ymi_tamen</em></strong></span> <span class='ocrx_word' id='word_1_899' title='bbox 2559 5600 2878 5676; x_wconf 69' lang='lat' dir='ltr'><strong><em>cpinionem</em></strong></span> <span class='ocrx_word' id='word_1_900' title='bbox 2908 5600 3254 5676; x_wconf 76' lang='lat' dir='ltr'><strong><em>Scaligericae</em></strong></span> <span class='ocrx_word' id='word_1_901' title='bbox 3278 5601 3509 5676; x_wconf 64' lang='lat' dir='ltr'><strong><em>praefert</em></strong></span> <span class='ocrx_word' id='word_1_902' title='bbox 3522 5600 3786 5676; x_wconf 81' lang='lat' dir='ltr'><strong><em>Innocen-</em></strong></span> 
     </span>
    </p>
   </div>
   <div class='ocr_carea' id='block_1_117' title="bbox 2182 5672 3785 5739">
    <p class='ocr_par' dir='ltr' id='par_1_117' title="bbox 2182 5672 3785 5739">
     <span class='ocr_line' id='line_1_117' title="bbox 2182 5672 3785 5739; baseline 0.002 -16"><span class='ocrx_word' id='word_1_903' title='bbox 2182 5672 2292 5726; x_wconf 91' lang='lat' dir='ltr'><strong><em>tius</em></strong></span> <span class='ocrx_word' id='word_1_904' title='bbox 2321 5673 2575 5730; x_wconf 90' lang='lat' dir='ltr'><strong><em>Cironius</em></strong></span> <span class='ocrx_word' id='word_1_905' title='bbox 2597 5672 2652 5730; x_wconf 84' lang='lat' dir='ltr'><strong><em>in</em></strong></span> <span class='ocrx_word' id='word_1_906' title='bbox 2682 5675 2877 5730; x_wconf 91' lang='lat' dir='ltr'><strong><em>librum</em></strong></span> <span class='ocrx_word' id='word_1_907' title='bbox 2902 5692 2933 5729; x_wconf 93' lang='lat' dir='ltr'><strong><em>v</em></strong></span> <span class='ocrx_word' id='word_1_908' title='bbox 2963 5672 3255 5739; x_wconf 72' lang='lat' dir='ltr'><strong><em>Decretal.,</em></strong></span> <span class='ocrx_word' id='word_1_909' title='bbox 3283 5674 3363 5728; x_wconf 91' lang='lat' dir='ltr'><strong><em>tit.</em></strong></span> <span class='ocrx_word' id='word_1_910' title='bbox 3392 5673 3442 5728; x_wconf 87' lang='lat'><strong><em>6.</em></strong></span> <span class='ocrx_word' id='word_1_911' title='bbox 3472 5673 3785 5728; x_wconf 87' lang='lat' dir='ltr'><strong><em>Genebrar—</em></strong></span> 
     </span>
    </p>
   </div>
   <div class='ocr_carea' id='block_1_118' title="bbox 2184 5741 3784 5816">
    <p class='ocr_par' dir='ltr' id='par_1_118' title="bbox 2184 5741 3784 5816">
     <span class='ocr_line' id='line_1_118' title="bbox 2184 5741 3784 5816; baseline 0.003 -21"><span class='ocrx_word' id='word_1_912' title='bbox 2184 5741 2284 5798; x_wconf 86' lang='lat' dir='ltr'><strong><em>dus</em></strong></span> <span class='ocrx_word' id='word_1_913' title='bbox 2307 5761 2439 5800; x_wconf 89' lang='lat' dir='ltr'><strong><em>vero</em></strong></span> <span class='ocrx_word' id='word_1_914' title='bbox 2463 5755 2617 5816; x_wconf 91' lang='lat' dir='ltr'><strong><em>putat</em></strong></span> <span class='ocrx_word' id='word_1_915' title='bbox 2641 5745 2942 5816; x_wconf 85' lang='lat' dir='ltr'><strong><em>Saracenos</em></strong></span> <span class='ocrx_word' id='word_1_916' title='bbox 2963 5746 3142 5816; x_wconf 89' lang='lat' dir='ltr'><strong><em>potius</em></strong></span> <span class='ocrx_word' id='word_1_917' title='bbox 3163 5748 3337 5804; x_wconf 88' lang='lat' dir='ltr'><strong><em>dictos</em></strong></span> <span class='ocrx_word' id='word_1_918' title='bbox 3360 5762 3390 5800; x_wconf 89' lang='lat' dir='ltr'><strong><em>a</em></strong></span> <span class='ocrx_word' id='word_1_919' title='bbox 3415 5745 3548 5802; x_wconf 89' lang='lat' dir='ltr'><strong><em>Sara</em></strong></span> <span class='ocrx_word' id='word_1_920' title='bbox 3572 5751 3784 5810; x_wconf 89' lang='lat' dir='ltr'><strong><em>monte,</em></strong></span> 
     </span>
    </p>
   </div>
   <div class='ocr_carea' id='block_1_119' title="bbox 2189 5815 2988 5888">
    <p class='ocr_par' dir='ltr' id='par_1_119' title="bbox 2189 5815 2988 5888">
     <span class='ocr_line' id='line_1_119' title="bbox 2189 5815 2988 5888; baseline -0.001 -18"><span class='ocrx_word' id='word_1_921' title='bbox 2189 5828 2353 5884; x_wconf 92' lang='lat' dir='ltr'><strong><em>quem</em></strong></span> <span class='ocrx_word' id='word_1_922' title='bbox 2375 5815 2507 5874; x_wconf 85' lang='lat' dir='ltr'><strong><em>olim</em></strong></span> <span class='ocrx_word' id='word_1_923' title='bbox 2531 5816 2635 5888; x_wconf 88' lang='lat' dir='ltr'><strong><em>ipsi</em></strong></span> <span class='ocrx_word' id='word_1_924' title='bbox 2659 5815 2988 5874; x_wconf 87' lang='lat' dir='ltr'><strong><em>incolebant.</em></strong></span> 
     </span>
    </p>
   </div>
  </div>
