4088 6344
332 407 405 463 97

328 624 381 669 et
405 613 685 682 interﬁciet
733 621 781 666 te
829 603 1083 666 Dominus
1114 611 1256 666 Deus
1286 621 1438 679 tuus,
1485 622 1531 666 et
1579 628 1752 666 servos
1795 627 1917 666 suos

329 705 535 760 vocabit
565 704 771 759 nomine
809 703 948 769 alio;
973 703 1030 757 in
1069 721 1170 775 quo
1208 704 1296 776 qui
1338 704 1634 758 benedictus
1662 713 1736 758 est
1763 719 1920 774 super

327 807 552 861 terram,
581 795 910 850 benedicetur
933 796 990 849 in
1014 795 1126 850 Deo
1157 812 1344 862 amen;
1373 805 1420 850 et
1444 797 1532 867 qui
1557 797 1708 868 jurat
1735 798 1789 850 in
1815 806 1919 850 ter-

327 905 413 954 ra,
433 883 651 958 jurabil
672 887 724 940 in
752 887 978 942 Domino
1001 904 1173 942 amen.
1227 887 1457 943 Nomine
1480 888 1662 958 itaque
1682 889 1916 959 pristino

330 979 568 1050 populus
617 977 876 1034 Iudaicus
921 979 1216 1049 spoliatus,
1269 989 1324 1035 et
1370 981 1768 1036 incredulitatis
1806 996 1918 1037 suae

322 1072 506 1143 gladio
541 1081 886 1142 peremptus,
936 1071 1123 1150 electis
1156 1073 1252 1128 Dei
1294 1073 1509 1128 nomine
1550 1073 1654 1128 alio
1686 1075 1914 1139 vocatis,

325 1176 386 1222 et
424 1165 738 1222 Christiano
782 1165 1044 1222 vocabulo
1072 1166 1400 1234 benedictis,
1440 1175 1599 1238 atque
1624 1168 1681 1222 in
1710 1166 1916 1222 Christi

328 1266 677 1313 sacramenta
699 1255 918 1326 juratis,
950 1273 1051 1314 nec
1080 1259 1350 1328 exaequari
1380 1267 1577 1330 potest,
1600 1274 1702 1314 nec
1727 1274 1918 1329 corpo—

327 1351 435 1405 rali
465 1349 658 1404 saltem
687 1349 832 1404 victu
876 1349 1074 1404 sociari
1102 1350 1298 1418 debet,
1344 1351 1538 1419 quibus
1562 1365 1629 1405 ne
1656 1351 1771 1421 ipsa
1798 1350 1918 1420 qui-

327 1441 456 1496 dem
492 1441 769 1496 servitutis
799 1441 1154 1512 appellatione
1182 1442 1381 1498 meruit
1409 1443 1674 1512 copulari.

399 1551 589 1608 XXIII.
632 1552 690 1608 Si
718 1568 848 1608 vero
876 1563 930 1608 et
966 1554 1072 1610 hoc
1111 1555 1545 1621 consideremus,
1583 1557 1780 1625 quibus
1806 1557 1916 1612 vir-

327 1649 538 1703 tutibus
585 1648 918 1704 tabernaculi
948 1647 1045 1704 Dei
1073 1649 1339 1704 habitatio
1360 1691 1375 1716 ,
1421 1657 1476 1704 et
1512 1650 1687 1705 sancti
1715 1649 1914 1705 montis

331 1739 452 1809 ejus
479 1740 720 1796 ascensio
748 1740 924 1795 valeat
958 1741 1298 1810 comparari,
1327 1756 1435 1797 non
1461 1741 1746 1796 minimum
1774 1741 1916 1796 inter

325 1847 426 1886 eas
462 1832 632 1885 virtus
672 1831 762 1885 illa
789 1831 997 1887 obtinet
1040 1831 1238 1898 locum,
1285 1847 1389 1902 qua
1416 1831 1501 1886 vir
1521 1829 1702 1899 justus
1727 1831 1803 1886 ita
1833 1829 1914 1885 di-

327 1939 468 1996 gnus
493 1932 576 1978 est
602 1923 916 1979 conlaudari
941 1941 954 1975 :
988 1922 1070 1977 Ad
1097 1923 1318 1978 nihilum
1343 1924 1596 1979 deductus
1618 1933 1692 1978 est
1715 1925 1772 1978 in
1789 1939 1914 1979 con-

322 2027 506 2084 spectu
542 2014 658 2083 ejus
703 2013 988 2084 malignus,
1027 2014 1262 2068 timentes
1287 2023 1460 2068 autem
1484 2013 1766 2085 gloriﬁcat.
1824 2012 1916 2068 Fi-

323 2107 477 2161 deles
515 2106 700 2177 itaque
745 2113 800 2162 et
849 2106 1101 2162 timentes
1135 2107 1304 2161 Deum
1333 2106 1672 2178 gloriﬁcandi
1697 2113 1824 2162 sunt
1858 2106 1915 2161 in

322 2197 582 2253 omnibus
623 2206 786 2268 atque
825 2198 1148 2254 honorandi.
1188 2198 1423 2268 Populus
1463 2208 1644 2255 autem
1693 2199 1782 2254 ille
1822 2199 1916 2269 qui

323 2297 472 2343 totus
518 2296 604 2343 est
628 2288 835 2357 positus
880 2288 936 2343 in
977 2288 1230 2360 maligno,
1277 2288 1476 2360 quique
1519 2289 1616 2344 Dei
1661 2289 1917 2345 virtutem

323 2387 380 2433 et
407 2379 504 2433 Dei
536 2379 857 2450 sapientiam
879 2394 986 2435 non
1015 2379 1295 2451 cognovit,
1328 2396 1392 2435 ac
1419 2395 1518 2450 per
1539 2381 1644 2435 hoc
1673 2380 1729 2435 in
1760 2380 1917 2435 mali-

324 2470 551 2539 gnitatis
581 2478 636 2524 et
678 2471 881 2525 erroris
903 2478 1172 2525 vetustate
1204 2471 1494 2534 remansit,
1525 2486 1625 2541 pro
1661 2471 1830 2526 nihilo
1861 2471 1917 2527 in

325 2569 620 2631 conspectu
672 2563 914 2617 omnium
959 2563 1295 2618 credentium
1336 2572 1423 2618 est
1465 2563 1776 2630 habendus;
1812 2581 1913 2620 nec

326 2653 572 2722 pecunia:
605 2661 700 2708 aut
728 2653 1042 2708 divitiarum
1071 2670 1294 2709 suarum
1326 2671 1491 2710 causa
1537 2656 1792 2726 cuiquam
1824 2656 1919 2713 ho-

330 2745 640 2809 norandus;
689 2745 783 2799 sed
829 2744 898 2800 ob
939 2760 1126 2800 earum
1172 2745 1354 2815 potius
1391 2746 1736 2816 cupiditatem
1765 2747 1916 2818 lepra

328 2833 571 2888 Naaman
603 2849 886 2903 aspersus,
933 2835 1001 2889 ab
1045 2836 1190 2889 omni
1217 2835 1455 2890 ﬁdelium
1480 2837 1673 2908 populo
1701 2852 1800 2907 per
1827 2852 1918 2892 ve-

327 2942 449 2980 rum
478 2926 715 2982 Eliseum
741 2927 898 2997 aquis
931 2927 1274 2998 baptismatis
1296 2929 1532 3000 expiato,
1559 2938 1619 2985 ut
1645 2945 1773 2985 vere
1799 2946 1918 2986 sor-

328 3017 640 3072 didissimus
680 3026 842 3088 atque
875 3018 1338 3076 immundissimus
1385 3022 1780 3088 exsecrandus;
1832 3023 1918 3078 in-

328 3128 491 3182 super
517 3128 647 3168 vero
690 3121 746 3168 et
784 3113 1073 3168 anathema
1099 3113 1150 3169 ei
1177 3129 1392 3184 semper
1420 3123 1475 3170 et
1504 3116 1704 3185 ubique
1731 3115 1914 3171 dicen-

327 3204 458 3259 dum
486 3220 618 3260 voce
647 3205 911 3277 Apostoli,
956 3207 1048 3276 qui
1090 3208 1166 3262 ait
1205 3226 1217 3261 :
1268 3205 1326 3262 Si
1349 3209 1464 3278 quis
1493 3226 1596 3263 non
1630 3217 1774 3263 amat
1802 3208 1914 3263 Do—
1938 3241 1984 3305 Ο

326 3295 532 3347 minum
567 3303 798 3349 nostrum
819 3293 1004 3349 Iesum
1031 3293 1320 3363 Christum,
1366 3297 1433 3351 sit
1478 3299 1757 3352 anathema
1797 3315 1912 3352 ma-

329 3390 589 3439 ranatha.
607 3384 736 3440 Nam
757 3388 801 3442 si
820 3387 867 3442 is
890 3387 981 3457 qui
1002 3403 1108 3442 non
1130 3397 1275 3443 amat
1290 3389 1385 3444 Dei
1409 3389 1599 3455 ﬁlium,
1625 3391 1913 3446 anathema

329 3486 452 3541 est;
485 3492 614 3549 ergo
643 3479 729 3548 qui
749 3479 881 3545 odit,
913 3481 1005 3549 qui
1028 3481 1397 3551 persequitur,
1429 3482 1522 3552 qui
1550 3481 1911 3552 blasphemat,

325 3570 505 3625 multo
561 3572 738 3628 adhuc
788 3574 1160 3631 detestabilius
1205 3577 1748 3634 anathematizandus
1806 3588 1909 3636 est.

329 3661 388 3716 Si
417 3663 538 3730 quis
564 3678 726 3732 porro
772 3665 1026 3721 amicitiis
1062 3665 1296 3722 libenter
1324 3667 1494 3737 ipsius
1521 3668 1781 3739 indulget,
1813 3685 1915 3724 nec

325 3750 472 3806 ferre
500 3751 575 3807 illi
605 3753 782 3830 impizc
805 3757 1079 3812 societatis
1107 3759 1365 3813 auxilium
1395 3760 1686 3826 erubescit,
1719 3761 1914 3817 merito

326 3851 383 3897 et
435 3843 548 3914 ipse
596 3846 779 3902 audiet
824 3849 966 3918 quod
1015 3847 1274 3920 Iosophat
1314 3867 1409 3907 rex
1453 3869 1553 3923 per
1594 3855 1914 3924 prophetam

328 3937 542 3992 Domini
565 3939 876 4012 increpatus
907 3944 1149 4011 audivit;
1184 3944 1356 4016 Impia
1390 3947 1589 4016 prwbes
1630 3947 1910 4013 auxilium,

329 4036 379 4079 et
404 4029 484 4082 his
507 4031 598 4100 qui
623 4032 844 4086 oderunt
873 4033 1156 4089 Dominum
1183 4037 1418 4091 amicitia
1446 4039 1710 4108 jungeris,
1757 4048 1805 4092 et
1835 4039 1917 4092 id—

331 4119 468 4174 circo
506 4123 643 4176 iram
680 4123 895 4179 Domini
934 4128 1167 4182 mereris.
1215 4128 1284 4183 Et
1329 4129 1548 4200 quidem
1593 4145 1690 4185 rex
1729 4130 1816 4186 ille
1860 4131 1915 4185 in

331 4213 545 4269 ueteris
571 4216 822 4272 omnibus
858 4217 1088 4288 iustitiae
1133 4220 1497 4276 testimonium
1531 4223 1768 4292 accepit;
1823 4222 1916 4278 sed

331 4304 388 4358 in
414 4305 516 4361 hoc
543 4307 880 4366 solummodo
909 4309 1132 4366 offendit
1157 4353 1171 4378 ,
1211 4312 1414 4384 Deique
1435 4314 1572 4369 iram
1593 4317 1911 4385 promeruit,

330 4399 478 4469 quod
525 4401 704 4471 impiis
747 4409 802 4458 et
844 4402 1014 4459 Deum
1051 4404 1360 4460 odientibus
1387 4407 1644 4461 auxilium
1675 4409 1918 4478 praebere

331 4497 387 4544 ct
415 4491 682 4547 amicitias
708 4509 814 4548 non
840 4495 1189 4550 exhorruerit
1228 4496 1482 4566 copulare
1521 4516 1534 4550 :
1566 4513 1701 4567 quos
1731 4498 1918 4567 utique

1421 402 1510 459 DE
1544 400 1846 460 IUDAlClS
1885 400 2564 462 SUPERSTITIONIBUS.
3521 403 3593 462 98

329 521 610 578 dimittetis
643 536 828 576 nomen
853 527 1077 574 vestrum
1103 520 1159 573 in
1170 519 1530 590 juramentum
1553 521 1726 575 electis
1753 520 1918 585 meis;
1946 519 2000 580 Α
2023 539 2146 578 mur
2169 521 2418 578 absoluti.
2460 521 2767 578 Meminisse
2785 521 2986 578 etenim
3007 535 3109 578 nos
3137 528 3351 592 oportet
3370 537 3604 597 quomo-y

2023 613 2090 669 do
2133 621 2190 668 et
2233 615 2497 685 propheta
2541 613 2648 681 ille,
2695 615 2786 684 qui
2815 614 2880 669 de
2905 613 3044 670 Iuda
3081 614 3280 670 missus
3318 613 3494 670 fuerat
3536 617 3594 672 in

2018 706 2236 773 Bethel,
2267 709 2359 764 ubi
2398 711 2465 765 ab
2492 706 2779 764 Ieroboam
2805 725 2932 780 rege
2977 708 3240 764 Samaria;
3279 709 3478 765 vitulus
3503 725 3599 765 au-

2019 813 2145 854 reus
2168 799 2464 868 colebatur,
2511 817 2542 855 a
2567 800 2679 857 Deo
2720 801 3026 871 prohibitus
3051 819 3119 857 ne
3150 801 3261 858 illic
3287 803 3600 858 comederet

2017 890 2101 944 vel
2144 890 2394 959 biberet,
2444 893 2609 948 etiam
2657 894 2906 949 invitanti
2956 910 3016 950 se
3053 895 3167 965 regi
3207 893 3590 965 responderit:

2018 981 2080 1038 Si
2100 982 2304 1039 dederis
2333 986 2458 1040 mihi
2484 986 2709 1041 mediam
2737 997 2934 1058 partem
2959 988 3145 1042 domus
3165 995 3291 1053 tuae,
3320 1003 3423 1041 non
3444 1004 3600 1041 man-

2017 1073 2219 1128 ducabo
2240 1091 2460 1146 panem,
2501 1093 2663 1149 neque
2701 1077 2872 1132 bibam
2901 1094 3095 1148 aquam
3122 1079 3178 1132 in
3206 1077 3318 1133 loco
3348 1078 3469 1133 isto.
3511 1077 3599 1132 In-

2016 1179 2179 1235 super
2221 1173 2277 1219 et
2321 1181 2546 1221 munera
2582 1167 2763 1223 oblata
2801 1168 2901 1224 sibi
2937 1169 3005 1223 ab
3033 1170 3222 1224 eodem
3252 1184 3379 1242 rege
3426 1169 3598 1226 susci-

2013 1269 2147 1325 pere
2171 1255 2460 1311 recusavit.
2505 1257 2705 1313 Verum
2731 1259 2856 1328 quia
2881 1265 3070 1328 postea
3091 1259 3346 1314 seductus
3382 1276 3412 1313 a
3437 1274 3598 1330 pseu-

2017 1347 2347 1417 d0propheta
2374 1349 2608 1418 quodam
2631 1390 2644 1414 ,
2699 1357 2886 1405 contra
2925 1358 3256 1419 praeceptum
3286 1349 3500 1405 Domini
3540 1351 3596 1406 in

2016 1438 2206 1493 eodem
2236 1438 2354 1494 loco
2382 1439 2616 1493 comedit
2663 1447 2720 1494 et
2764 1440 2932 1505 bibit,
2969 1440 3065 1494 Dei
3087 1440 3293 1511 judicio
3315 1440 3459 1496 leoni
3485 1449 3596 1496 tra-

2017 1529 2162 1583 ditus
2180 1568 2194 1593 ,
2223 1537 2280 1583 et
2317 1529 2384 1584 ab
2405 1544 2471 1584 eo
2496 1529 2852 1599 interemptus
2881 1531 3152 1586 occubuit.
3203 1530 3340 1585 Nam
3366 1531 3510 1601 quod
3540 1531 3597 1585 in

2017 1619 2198 1674 Veteri
2245 1618 2594 1674 Testamento
2641 1618 2879 1690 religiosi
2924 1619 3094 1675 Iudaei
3122 1621 3405 1692 diligenter
3431 1621 3599 1677 absti-

2015 1719 2249 1766 nuerunt
2292 1727 2323 1765 a
2362 1710 2485 1767 cibo
2521 1718 2577 1766 et
2613 1718 2744 1781 potu
2773 1709 3090 1778 inﬁdelium,
3135 1712 3229 1766 ubi
3257 1711 3362 1767 illis
3389 1726 3593 1781 praece-

2015 1809 2168 1871 ptum
2197 1802 2319 1858 sita
2343 1800 2573 1856 Domino
2597 1816 2705 1855 non
2727 1800 2884 1856 facile
2911 1802 3243 1870 advertitur;
3275 1805 3594 1859 documenta

1945 1880 1991 1940 Β
2018 1900 2201 1949 tamen
2228 1901 2444 1949 exstant
2471 1894 2538 1949 de
2560 1893 2819 1964 exemplis
2845 1906 3153 1951 sanctorum
3181 1937 3197 1963 ,
3240 1896 3379 1952 sicut
3399 1897 3466 1952 de
3492 1897 3596 1951 Da-

2017 1983 2159 2039 niele
2184 1985 2448 2056 scriptum
2477 1991 2560 2040 est
2584 2003 2597 2038 :
2627 1983 2912 2054 Proposuit
2935 1994 3110 2040 autem
3135 1985 3328 2041 Daniel
3348 1988 3406 2041 in
3439 1987 3595 2043 corde

2015 2093 2110 2131 suo
2143 2093 2206 2132 ne
2225 2076 2545 2148 pollueretur
2569 2076 2633 2130 de
2677 2093 2856 2131 mensa
2902 2081 3057 2150 regis,
3086 2095 3249 2150 neque
3279 2079 3342 2134 de
3363 2080 3481 2134 vino
3505 2097 3596 2151 po-

2016 2175 2099 2222 tus
2125 2168 2239 2238 ejus
2258 2177 2280 2233 ,"
2303 2176 2352 2220 et
2380 2167 2577 2239 rogavit
2600 2169 2959 2224 cunuchorum
2982 2171 3319 2242 prccpositum
3337 2211 3352 2237 ,
3384 2187 3448 2224 ne
3474 2186 3597 2224 con-

2016 2259 2383 2312 taminaretur.
2439 2256 2878 2330 Concessumque
2916 2267 3000 2314 est
3045 2258 3292 2326 Danieli,
3351 2260 3594 2325 Ananiae,

2015 2348 2224 2404 Azariae
2242 2390 2257 2416 ,
2295 2357 2352 2404 et
2376 2349 2641 2416 Misaheli,
2681 2365 2806 2405 cum
2835 2351 3016 2406 caeteri
3043 2352 3197 2421 pueri
3216 2351 3471 2408 Israelita:
3499 2365 3595 2405 ve-

2016 2454 2299 2502 scerentur
2348 2447 2468 2503 cibo
2503 2447 2673 2519 regio.
2728 2446 2858 2514 Quae
2896 2449 3237 2504 observantia
3282 2450 3338 2504 in
3385 2456 3596 2504 tantum

2016 2537 2240 2593 inolevit
2268 2537 2410 2610 apud
2436 2536 2680 2604 Iudaeos,
2714 2546 2776 2593 ut
2813 2546 3054 2610 tempore
3079 2541 3344 2596 adventus
3383 2540 3595 2596 Domini

2016 2630 2292 2701 generalis
2320 2639 2465 2685 esset
2496 2631 2739 2685 omnium
2763 2647 2780 2698 ;
2809 2631 2886 2686 ita
2909 2641 2969 2686 ut
2989 2632 3231 2688 dicerent
3252 2633 3402 2704 impii
3425 2632 3598 2689 Iudaei

2017 2721 2300 2792 discipulis
2325 2721 2540 2776 Domini
2565 2738 2578 2774 :
2613 2720 2790 2787 Quare
2813 2739 2932 2776 cum
2957 2721 3249 2792 publicanis
3287 2733 3336 2776 et
3357 2732 3597 2794 peccato-

2015 2813 2160 2867 ribus
2200 2813 2536 2868 manducatis
2581 2818 2629 2868 et
2665 2813 2878 2870 bibitis?
2930 2821 2986 2868 et
3028 2829 3136 2869 non
3167 2813 3342 2870 solum
3369 2815 3460 2882 hi,
3502 2815 3600 2871 sed

2016 2907 2182 2963 etiam
2211 2906 2458 2962 inﬁdeles
2497 2906 2864 2978 disceptarent
2911 2906 3173 2962 adversus
3209 2906 3462 2973 Petrum,
3506 2906 3599 2976 qui

2014 3009 2172 3059 erant
2199 3017 2267 3056 ex
2296 3000 2727 3066 circumcisione,
2759 2999 3001 3055 dicentes
3026 3019 3038 3053 :
3075 2998 3251 3065 Quare
3279 2999 3506 3053 introisti
3531 2998 3600 3052 ad

2013 3095 2150 3150 viros
2179 3095 2493 3165 praeputium
2522 3091 2799 3160 habentes,
2836 3101 2884 3147 et
2910 3092 3266 3147 manducastis
3305 3108 3424 3145 cum
3448 3089 3552 3145 illis
3575 3091 3602 3144 2

2015 3189 2224 3256 Quibus
2253 3188 2464 3243 reddita
2508 3186 2728 3242 ratione
2756 3185 3074 3254 subjunxit,
3115 3186 3459 3256 respondisse
3496 3184 3598 3240 sibi

2013 3298 2206 3338 vocem
2238 3282 2304 3337 de
2330 3281 2469 3337 coelo
2495 3281 2733 3337 secundo
2757 3295 2772 3334 :
2804 3278 2935 3346 Quae
2959 3279 3102 3334 Deus
3130 3280 3424 3345 mandavit,
3455 3289 3512 3332 tu
3535 3296 3598 3334 ne

2016 3390 2288 3429 commune
2329 3372 2547 3427 dixeris.
2590 3371 2671 3426 Ex
2710 3386 2818 3442 quo
2856 3379 3098 3442 tempore
3136 3371 3301 3441 coepit
3327 3370 3597 3426 declarari

2015 3466 2161 3538 quod
2185 3465 2376 3521 beatus
2403 3463 2603 3519 Paulus
2627 3463 2844 3533 scripsit
2870 3481 2882 3517 :
2919 3461 3110 3518 Omnia
3135 3462 3331 3517 munda
3364 3462 3593 3529 mundis,

2015 3558 2364 3630 coinquinatis
2391 3568 2567 3612 autem
2600 3565 2648 3611 et
2688 3555 2986 3625 inﬁdelibus
3026 3555 3156 3609 nihil
3183 3556 3437 3610 mundum
3466 3553 3592 3628 (Tit.

2016 3669 2057 3719 ι,
2084 3652 2195 3725 15).
2237 3651 2355 3720 Quo
2385 3651 2696 3707 testimonio
2730 3649 2860 3705 licet
2889 3649 3136 3720 plerique
3175 3649 3229 3703 in
3260 3647 3594 3704 contrarium

2016 3751 2261 3810 utantur,
2293 3743 2348 3798 id
2373 3751 2476 3809 est,
2510 3749 2570 3797 ut
2611 3749 2834 3813 propter
2872 3741 2977 3796 hoc
3012 3748 3204 3811 putent
3241 3738 3344 3794 sibi
3388 3738 3598 3794 licitum

2017 3835 2313 3892 inﬁdelium
2353 3850 2568 3891 sumere
2609 3835 2760 3891 cibos
2785 3876 2800 3902 ,
2857 3842 3038 3889 tamen
3085 3841 3328 3888 nostram
3377 3830 3598 3886 omnino

2016 3929 2302 3985 conﬁrmat
2328 3929 2752 3994 observantiam,
2782 3935 2844 3982 ut
2868 3925 3267 3982 immundorum
3290 3922 3599 3978 immundas

2017 4019 2328 4075 noverimus
2352 4035 2474 4075 esse
2504 4034 2752 4085 mensas,
2785 4018 2913 4088 quia
2937 4015 3232 4086 inquinata:
3262 4021 3391 4070 sunt
3411 4028 3598 4069 eorum

2016 4121 2069 4169 et
2096 4129 2249 4168 mens
2276 4122 2332 4168 et
2374 4111 2726 4168 conscientia.
2786 4109 3066 4180 Quomodo
3102 4117 3282 4165 autem
3309 4107 3600 4163 immundae

2017 4221 2127 4261 non
2153 4213 2314 4261 erunt
2341 4221 2542 4262 mensa:
2558 4247 2572 4274 ,
2601 4220 2833 4263 auorum
2853 4203 3141 4260 maledicta
3171 4210 3300 4260 sunt
3325 4203 3523 4260 horrea
3546 4207 3602 4256 et

2017 4298 2293 4368 apothecae
2316 4298 2338 4352 ?

2087 4389 2256 4444 XXV.
2299 4388 2404 4444 Sed
2441 4391 2566 4460 quia
2609 4390 2678 4445 ad
2710 4389 3116 4446 maledictiones
3157 4387 3463 4444 inﬁdelibus
3503 4385 3598 4442 Iu—

2019 4482 2150 4538 daeis
2179 4497 2211 4536 a
2236 4481 2348 4537 Deo
2378 4483 2661 4554 impositas
2705 4484 2993 4540 scribendo
3028 4483 3372 4556 pervenimus
3391 4522 3405 4548 ,
3440 4481 3602 4551 paulo

333 4596 441 4634 non
469 4596 592 4636 esse
621 4582 754 4638 alios
791 4599 954 4654 quam
997 4600 1093 4640 eos
1123 4585 1216 4655 qui
1244 4600 1276 4639 α
1305 4585 1464 4641 domo
1493 4586 1661 4642 David
1685 4603 1744 4642 se
1774 4589 1918 4658 ipsos
1945 4605 1998 4665 Β
2022 4574 2332 4646 diligentius
2353 4592 2384 4631 a
2409 4577 2783 4648 superioribus
2810 4593 2906 4634 eas
2929 4586 3258 4649 repetamus.
3305 4577 3399 4632 Ait
3421 4577 3603 4647 itaque

331 4671 668 4738 exciderant,
699 4673 976 4730 evidenter
1003 4674 1288 4746 Scriptura
1319 4675 1595 4746 designat;
1629 4677 1768 4732 sicut
1789 4687 1843 4734 et
1864 4680 1920 4735 hi

335 4761 508 4832 impii,
537 4769 592 4816 et
614 4762 822 4817 inimici
851 4779 1064 4835 semper
1113 4764 1208 4819 Dei
1232 4764 1344 4820 ﬁlio
1372 4764 1564 4832 Iudaei,
1609 4782 1640 4821 a
1675 4767 1790 4822 veri
1820 4768 1923 4822 Da-

332 4854 423 4908 vid
449 4855 608 4910 domo
626 4897 640 4922 ,
673 4872 793 4926 quae
819 4866 904 4912 est
927 4857 1171 4914 Ecclesia
1192 4900 1206 4924 ,
1235 4875 1293 4914 se
1324 4860 1442 4929 ipso
1469 4870 1784 4933 segregant,
1811 4872 1867 4918 et
1890 4881 1922 4918 a

333 4960 503 5015 regno
523 4945 722 5002 Christi
750 4948 980 5014 abscisi,
1013 4965 1240 5020 regnum
1263 4959 1583 5021 exspectant
1622 4967 1685 5006 ac
1711 4952 1924 5008 deside-

333 5048 461 5093 rant
497 5037 861 5108 Antichristi,
919 5058 1081 5114 quem
1125 5043 1388 5101 Dominus
1425 5045 1584 5102 Iesus
1628 5047 1925 5104 interﬁciet

333 5132 533 5201 spiritu
562 5135 675 5190 oris
729 5135 846 5202 sui,
890 5144 946 5192 et
989 5137 1232 5193 destruet
1264 5138 1625 5196 illustratione
1660 5141 1924 5198 adventus

333 5226 439 5283 sui.
482 5226 601 5282 Non
625 5229 802 5284 solum
827 5236 1007 5284 autem
1036 5230 1235 5301 ipsum,
1264 5232 1357 5288 sed
1378 5240 1432 5288 et
1461 5233 1594 5288 istos
1621 5233 1715 5304 qui
1741 5234 1926 5290 volue-

335 5328 465 5374 runt
494 5335 722 5391 regnare
756 5335 919 5391 super
943 5336 1034 5388 se,
1067 5321 1362 5378 secundum
1391 5323 1668 5395 Evangelii
1694 5327 1926 5396 parabo-

332 5411 482 5478 lam,
540 5422 764 5483 accepto
809 5413 1071 5470 caelorum
1119 5432 1318 5486 regno,
1366 5418 1680 5488 regrediens
1715 5419 1927 5490 jubebit

333 5504 570 5560 interﬁci
599 5519 657 5560 se
684 5515 975 5576 praesente.

405 5596 599 5652 XXIV.
659 5598 848 5668 Erepti
902 5597 1069 5670 igitur
1129 5599 1196 5655 de
1261 5610 1530 5671 potestate
1579 5604 1925 5660 tenebrarum

336 5689 668 5756 Christiani,
721 5699 776 5746 et
822 5691 1070 5746 translati
1114 5692 1170 5748 in
1222 5710 1448 5765 regnum
1498 5695 1593 5750 ﬁlii
1643 5697 1927 5755 charitatis

336 5782 468 5849 Dei,
519 5783 828 5840 nullatenus
867 5785 1127 5840 debemus
1171 5801 1357 5840 eorum
1401 5788 1646 5843 convictu
1677 5798 1731 5844 et
1760 5791 1927 5847 socie-

337 5881 450 5930 tate
471 5874 658 5946 pollui,
686 5891 718 5930 a
746 5890 976 5946 quorum
1006 5876 1286 5934 erroribus
1321 5879 1467 5934 omni
1509 5893 1704 5950 genere
1729 5883 1926 5954 proba-

2026 4666 2235 4740 Moyses
2281 4669 2429 4724 omni
2473 4668 2670 4740 populo
2710 4670 3009 4726 Israelitico
3043 4679 3192 4725 trans
3227 4667 3518 4724 Iordanem
3548 4669 3602 4723 in

2025 4762 2312 4818 solitudine
2333 4763 2630 4833 campestri
2656 4777 2671 4816 :
2698 4762 2784 4818 En
2805 4779 3036 4835 propono
3058 4763 3113 4816 in
3139 4771 3413 4833 conspectu
3435 4769 3603 4816 vestro

2023 4855 2177 4910 hodie
2200 4855 2605 4910 benedictionem
2628 4864 2673 4909 et
2693 4855 3150 4918 maledictionem;
3174 4853 3600 4920 benedictionem,

2023 4952 2070 5005 si
2112 4950 2411 5005 obedieritis
2455 4950 2720 5005 mandatis
2762 4948 3011 5013 Domini;
3059 4945 3509 5013 maledictionem,
3557 4949 3605 5002 si

2025 5065 2130 5102 non
2157 5046 2432 5100 audieritis
2460 5046 2717 5100 mandata
2745 5043 2843 5098 Dei
2873 5043 3047 5097 vestri.
3096 5041 3227 5097 Cum
3254 5043 3607 5097 introduxerit

2025 5148 2073 5193 te
2097 5137 2357 5193 Dominus
2385 5138 2529 5193 Deus
2564 5145 2684 5191 tuus
2714 5136 2772 5190 in
2800 5143 2993 5188 terram
3025 5133 3095 5188 ad
3121 5151 3276 5206 quam
3317 5134 3486 5205 pergis
3511 5134 3608 5188 ha-

2026 5231 2297 5286 bitandam
2319 5273 2334 5297 ,
2363 5248 2521 5303 pones
2551 5227 2956 5284 benedictionem
2993 5244 3149 5300 super
3180 5235 3407 5283 montem
3447 5225 3603 5281 Gaui-

2007 5323 2131 5394 qzim
2154 5365 2170 5391 ,
2216 5324 2634 5379 maledictionem
2674 5335 2830 5392 super
2870 5330 3098 5375 montem
3125 5319 3319 5386 Hebal,
3360 5321 3450 5391 qui
3485 5327 3606 5375 sunt

2025 5425 2174 5472 trans
2210 5415 2520 5472 Iordanem.
2554 5413 2685 5480 Quae
2713 5413 2880 5469 verba
2914 5429 3037 5468 cum
3059 5411 3458 5484 permagniﬁcis
3484 5425 3608 5468 sen-

2025 5508 2177 5564 sibus
2203 5509 2360 5581 plena
2403 5509 2541 5573 sint,
2586 5522 2693 5562 non
2718 5515 2845 5562 ante
2878 5514 3174 5579 potuerunt
3205 5505 3418 5575 impleri
3442 5546 3455 5570 ,
3501 5504 3607 5560 nisi

2025 5600 2264 5657 Iordane
2302 5597 2562 5665 transito,
2605 5597 2660 5654 id
2685 5606 2800 5666 est,
2834 5597 3090 5668 baptismi
3114 5605 3454 5654 sacramento
3482 5612 3606 5652 cor-

2027 5710 2158 5766 pore
2191 5690 2391 5747 Christi
2419 5691 2578 5746 tactis
2605 5691 2760 5764 aquis
2786 5689 3094 5746 Iordanicis
3123 5689 3389 5745 dedicato.
3445 5686 3608 5744 Gari-

2029 5786 2135 5840 zim
2180 5799 2455 5853 namque,
2515 5785 2606 5855 qui
2657 5785 3047 5854 interpretatur
3073 5781 3284 5847 divisio,
3339 5781 3610 5853 signiﬁcat

2029 5877 2375 5950 apostolicam
2405 5877 2615 5950 plebem
2645 5877 2874 5934 divisam
2902 5876 2971 5933 ab
2996 5874 3293 5933 inﬁdelium
3312 5891 3602 5948 svnagoga,
