4088 6344
484 318 556 378 99
1471 318 1529 379 S.
1570 316 1922 381 AGOBARDI
1961 317 2291 378 EPISCOPI'
2306 316 2792 379 LUGDUNENSIS

3653 317 3760 380 100

486 443 629 498 sicut
654 439 854 497 Paulus
879 439 948 498 de
977 455 1038 499 se
1065 440 1184 513 ipso
1214 440 1293 497 ait
1324 459 1338 496 :
1388 441 1522 497 Cum
1548 451 1724 497 autem
1760 438 2072 514 complacuit
2100 449 2155 515 Α
2177 438 2341 494 donec
2383 448 2431 494 te
2472 449 2727 494 conterat.
2791 438 2906 496 Hoc
2942 440 3187 512 profecto
3214 446 3301 495 est
3329 437 3471 509 quod
3502 453 3665 509 supra
3695 438 3769 495 de

487 537 536 593 ei
564 535 654 608 qui
680 552 761 591 me
785 537 1074 609 segregavit
1094 536 1160 591 de
1183 544 1329 592 utero
1355 537 1540 591 matris
1560 552 1710 602 mete,
1739 543 1795 589 ut
1826 532 2076 589 reuelaret

487 627 658 699 [ilium
684 644 839 682 suum
868 630 924 683 in
954 645 1036 683 me
1060 670 1075 696 ,
1126 646 1231 684 non
1279 630 1519 701 adquievi
1544 629 1694 683 carni
1718 637 1767 683 et
1807 627 2071 699 sanguini.

487 719 659 777 Hebal
682 729 887 789 autem,
914 722 1008 795 qui
1038 722 1433 794 interpretatur
1462 737 1663 795 vorago
1691 727 1878 786 vetus,
1908 719 2078 791 signi-

488 812 618 870 ﬁcat
653 814 934 871 carnalem
973 823 1029 871 et
1068 815 1344 871 inﬁdelem
1390 814 1763 889 Synagogam,
1818 830 1938 885 quae
1965 828 2078 869 non

488 905 761 977 acquievit
789 907 1028 963 transire
1056 908 1126 963 ad
1156 909 1454 964 novitatem
1477 909 1701 980 spiritus
1726 907 2073 975 viviﬁcantis,

486 999 581 1054 sed
604 999 798 1056 maluit
824 1016 1110 1059 remanere
1139 1003 1195 1058 iu
1228 1010 1500 1060 vetustate
1527 1002 1725 1059 litterae
1753 1000 2073 1057 occidentis.

484 1088 672 1160 Ibique
715 1092 798 1151 eis
842 1096 1359 1164 perseverantibus,
1416 1098 1729 1173 supervenit
1781 1095 2078 1150 immensus

484 1180 680 1240 ﬂuvius
724 1185 1165 1243 maledictionum
1194 1231 1209 1256 ,
1257 1190 1412 1261 juxta
1458 1189 1602 1261 quod
1648 1188 1909 1260 scriptum
1945 1195 2073 1242 est:

484 1273 643 1331 Facti
670 1288 792 1332 sunt
814 1280 1078 1352 principes
1106 1279 1143 1334 J
1148 1262 1254 1334 uda
1278 1322 1291 1347 ,
1325 1281 1479 1353 quasi
1518 1280 1849 1334 adsumentes
1894 1278 2076 1331 termi-

486 1383 635 1423 num.
678 1365 850 1439 Super
871 1386 958 1425 eos
979 1371 1275 1441 e/fundam,
1308 1373 1462 1444 quasi
1482 1388 1695 1444 aquam,
1722 1372 1859 1425 iram
1885 1386 2073 1424 meam.

482 1457 553 1521 Et
575 1460 715 1515 sicut
747 1475 937 1517 omnes
971 1464 1196 1519 omnino
1237 1464 1628 1534 promissiones
1667 1471 1722 1519 et
1746 1462 2080 1519 benedictio-

482 1566 581 1609 nes
616 1554 1002 1633 requieverunt
1064 1572 1231 1629 super
1291 1557 1647 1629 apostolicam
1691 1556 1934 1629 plebem,
1997 1556 2080 1611 sic

482 1663 675 1707 omnes
720 1652 1175 1708 comminationes
1218 1660 1273 1707 et
1312 1652 1720 1707 maledictiones
1748 1649 2080 1706 conﬁrmatae

483 1750 613 1799 sunt
640 1758 801 1814 super
836 1758 1166 1831 synagoqam
1195 1743 1411 1799 Satanae
1436 1785 1451 1808 ,
1485 1744 1603 1813 ipso
1640 1742 1832 1798 ordine
1862 1742 1942 1796 rei
1972 1758 2080 1814 quo

2178 532 2469 604 Evangelia
2493 532 2808 603 posuimus:
2837 531 3010 586 Erunt
3037 532 3315 587 novissima
3341 528 3567 584 hominis
3597 528 3765 596 illius,

2179 623 2234 681 id
2260 634 2364 693 est,
2394 625 2461 680 ad
2486 641 2645 696 quem
2677 625 2900 697 spiritus
2924 623 3237 680 immundus
3265 638 3388 678 cum
3414 621 3536 678 aliis
3558 629 3767 692 septem

2180 735 2239 776 se
2266 722 2383 793 ipso
2430 720 2783 792 nequioribus
2826 720 3100 793 ingressus
3146 718 3347 787 fuerit,
3397 717 3581 790 pejora
3621 719 3767 791 prio-

2180 814 2347 870 ribus.

2249 905 2441 963 XXVI.
2481 905 2550 962 Et
2592 907 2710 963 haec
2738 906 2958 979 quidem
3003 905 3247 962 breviter
3289 905 3560 972 diximus,
3605 920 3671 960 ac
3701 904 3773 962 de

2179 999 2365 1055 multis
2406 1016 2576 1071 pauca
2624 1001 2940 1071 libavimus;
2991 1001 3229 1059 strictim
3276 1001 3482 1056 scilicet
3526 999 3775 1055 volentes

2178 1093 2465 1148 ostendere
2490 1094 2707 1165 quantis
2736 1094 3175 1151 benedictionum
3208 1092 3525 1149 muneribus
3555 1091 3775 1164 dignam

2179 1187 2567 1257 pratparaverit
2602 1187 2745 1241 Deus
2781 1185 3133 1258 apostolicam
3159 1184 3398 1255 plebem,
3446 1183 3779 1257 quantisque

2179 1277 2509 1332 eeontrario
2555 1277 3022 1333 maledictionibus
3075 1277 3190 1333 suis
3240 1276 3449 1332 meritis
3510 1274 3779 1345 repletam

2181 1370 2452 1427 inﬁdelem
2484 1372 2742 1442 repulerit
2772 1388 3132 1445 synagogam;
3173 1379 3443 1442 quatenus
3482 1375 3538 1424 et
3568 1368 3623 1423 in
3662 1366 3779 1423 ele-

2182 1465 2286 1519 ctis
2314 1464 2628 1535 impleretur
2655 1465 2798 1534 quod
2833 1466 3149 1535 praedictum
3190 1462 3398 1529 fuerat;
3445 1461 3649 1517 etenim
3681 1458 3782 1515 be-

2182 1555 2521 1611 nedictiones
2552 1556 2701 1611 dabit
2746 1554 2838 1625 qui
2884 1555 3057 1625 legem
3106 1554 3287 1621 dedit,
3318 1552 3650 1608 benedicens
3682 1565 3784 1606 eos

2180 1648 2431 1703 videlicet
2451 1647 2607 1716 juxta
2644 1647 2962 1718 Apostolum
2992 1649 3049 1702 in
3097 1648 3238 1701 omni
3285 1642 3645 1700 benedictione
3671 1642 3784 1713 spi-

2184 1742 2329 1796 ritali
2358 1744 2415 1797 in
2441 1742 2730 1797 caelestibus
2772 1744 2825 1797 in
2854 1741 3081 1795 Christo.
3121 1740 3190 1794 Et
3217 1738 3324 1794 illis
3357 1738 3450 1809 qui
3477 1751 3579 1792 nec
3608 1735 3786 1807 Moysi

483 1830 697 1909 Moyses
742 1822 1074 1905 prtedixeral
1107 1834 1288 1889 verbis
1335 1834 1521 1889 dicens
1563 1851 1576 1887 :
1614 1831 1930 1886 Maledictus
1979 1833 2081 1888 eris
2110 1822 2159 1884 Β
2185 1837 2413 1902 litteris,
2458 1852 2559 1891 nec
2589 1836 2771 1891 verbis
2802 1834 3004 1890 Christi
3037 1833 3406 1898 crediderunt,
3453 1844 3517 1885 ac
3547 1845 3648 1901 per
3676 1829 3787 1885 hoc

481 1922 539 1978 in
566 1925 774 1978 civitate
802 1964 819 1991 ,
868 1924 924 1981 id
951 1933 1038 1981 est
1060 1966 1076 1993 ,
1125 1923 1495 1989 Hierusalem;
1538 1922 1848 1978 maledictus
1874 1924 1929 1977 in
1952 1939 2079 1994 agro

482 2017 670 2073 mundi
704 2017 1013 2090 dispersus;
1056 2016 1394 2073 maledictum
1434 2017 1680 2072 horreum
1716 2025 1883 2069 tuum.
1926 2014 2083 2082 Quod

482 2110 589 2166 alia
618 2112 903 2167 translatio
930 2111 1009 2167 sic
1036 2111 1170 2166 dicit
1198 2129 1211 2164 :
1257 2109 1557 2164 Maledictw
1584 2110 1847 2180 apotheca:
1877 2119 2004 2174 tute,
2032 2116 2083 2162 et

484 2221 662 2259 omnes
702 2204 940 2277 reliquia:
977 2214 1117 2271 tute,
1165 2204 1473 2259 maledictus
1520 2203 1723 2273 fructus
1756 2203 1950 2257 ventris
1981 2202 2079 2268 tui,

484 2307 533 2352 et
558 2297 762 2368 fructus
795 2307 948 2353 terrae
975 2308 1101 2352 tute.
1131 2296 1448 2353 Maledictus
1481 2298 1581 2352 erit
1618 2296 1939 2368 ingrediens,
1986 2309 2085 2350 na-

485 2388 688 2444 scendo
715 2389 768 2443 in
797 2390 938 2446 hanc
973 2390 1172 2455 vitam;
1201 2398 1247 2443 et
1269 2388 1582 2443 maledictus
1608 2388 1877 2460 egrediens
1902 2387 2080 2460 (Deut.

488 2496 689 2557 xxviii,
718 2481 806 2547 l7,
841 2482 926 2547 18,
961 2482 1073 2553 I9),
1101 2480 1382 2536 moriendo
1418 2481 1693 2545 videlicet,
1727 2481 1793 2536 de
1822 2481 1924 2534 hac
1951 2487 2081 2534 vita.

487 2573 556 2630 Et
582 2583 706 2646 post
734 2574 905 2655 multa
941 2593 953 2629 :
985 2574 1199 2630 Advena
1224 2616 1238 2641 ,
1271 2575 1487 2645 inquit,
1516 2575 1607 2646 qui
1646 2583 1818 2637 tecum
1851 2583 2085 2628 versatur

482 2664 541 2719 in
571 2675 733 2732 terra,
764 2666 816 2721 id
847 2673 951 2731 est,
982 2664 1214 2738 populus
1239 2666 1514 2736 gentium,
1563 2665 1806 2719 ascendet
1842 2682 2000 2735 super
2036 2674 2086 2719 te

486 2758 687 2829 eritque
707 2756 1005 2833 sublimior,
1040 2758 1266 2829 eﬁ'ectus
1295 2757 1546 2812 videlicet
1577 2756 1719 2811 filius
1747 2756 2089 2833 patriarcha-

484 2863 628 2913 rum,
678 2856 733 2903 et
758 2849 937 2903 socius
967 2849 1169 2903 radicis
1210 2849 1366 2904 olivae
1412 2856 1469 2903 et
1510 2846 1855 2923 pinguedinis
1889 2846 2082 2903 factus.

490 2938 571 2994 Tu
621 2951 795 2994 autem
838 2941 1138 3008 descendes,
1186 2950 1235 2995 et
1283 2941 1387 2996 eris
1436 2939 1678 3010 inferior,
1734 2940 1979 2996 abscisus
2020 2939 2089 2994 ab

485 3033 626 3101 olea,
651 3043 707 3089 et
735 3034 909 3092 siccus
933 3036 988 3090 in
1018 3045 1161 3093 terra
1186 3034 1411 3104 iacens,
1453 3034 1567 3104 igni
1597 3033 1921 3087 destinatus.
1966 3032 2088 3104 Ipse

487 3127 583 3181 erit
608 3127 663 3182 in
691 3136 869 3199 caput,
902 3138 947 3183 et
976 3138 1032 3182 tu
1066 3129 1172 3183 eris
1212 3127 1266 3181 in
1295 3126 1541 3181 caudam.
1597 3125 1663 3180 Et
1699 3142 1841 3181 nunc
1868 3124 2091 3185 veniunt

491 3220 709 3292 quidam
751 3236 850 3292 per
894 3237 952 3276 se
994 3236 1088 3276 eos
1132 3229 1396 3276 conantes
1442 3219 1625 3274 levare
1671 3220 1727 3273 in
1763 3228 1925 3290 caput
1946 3218 2090 3272 unde
2117 3202 2163 3265 C
2194 3225 2333 3279 tiom
2377 3223 2539 3294 hujus
2585 3225 2664 3280 rei
2709 3202 2948 3296 pandere

493 3313 844 3381 ceciderunt,
901 3314 1058 3384 quasi
1106 3329 1214 3368 non
1270 3312 1505 3368 debeant
1550 3328 1672 3368 esse
1710 3312 1763 3381 in
1810 3311 2085 3367 caudam:

491 3405 636 3475 quod
658 3405 844 3476 utique
875 3420 1089 3476 semper
1112 3412 1276 3461 erunt
1295 3446 1309 3472 ,
1343 3405 1515 3460 donec
1541 3404 1821 3476 plenitudo
1849 3405 2089 3477 gentium

489 3497 745 3563 introeat,
778 3506 833 3553 et
868 3498 948 3553 sic
976 3498 1153 3553 omnis
1190 3498 1353 3565 Israel
1379 3497 1563 3554 salvus
1591 3497 1702 3564 ﬁat,
1739 3496 1917 3552 omnis
1949 3496 2096 3551 vide-

488 3589 619 3645 licet
652 3591 960 3647 salvandus.
1022 3591 1160 3647 Nam
1201 3593 1429 3648 istorum
1459 3592 1549 3662 qui
1575 3607 1720 3647 nunc
1744 3598 1872 3645 sunt
1900 3588 2089 3645 inﬁde-

488 3680 622 3736 lium
652 3683 868 3753 augebit
905 3683 1164 3739 Dominus
1190 3685 1396 3757 plagas,
1430 3682 1615 3755 plagas
1644 3700 1862 3753 magnas
1900 3691 1946 3735 et
1973 3699 2089 3752 per-

488 3784 781 3828 severantes
808 3816 823 3842 ,
872 3776 1209 3846 inﬁrmitates
1239 3778 1495 3847 pessimus
1522 3787 1567 3831 et
1594 3787 1872 3849 perpetuas
1897 3792 1916 3832 :
1944 3776 2089 3846 quod

492 3866 597 3921 alia
625 3868 911 3937 translatio
938 3868 1090 3935 dicit,
1114 3868 1300 3941 plagas
1322 3869 1619 3923 verissimus
1641 3910 1654 3935 ,
1682 3878 1727 3925 et
1752 3868 2089 3937 inﬁrmitates

490 3975 660 4013 veras.
693 3959 826 4015 Item
850 3961 966 4015 ibi:
1009 3961 1077 4015 Et
1101 3971 1357 4016 convertet
1391 3963 1447 4015 in
1486 3973 1534 4016 te
1572 3978 1747 4016 omnes
1787 3963 2088 4034 aﬂlietiones

497 4047 719 4120 Αἶρε]ρεὶ
740 4069 870 4121 quas
902 4054 1141 4117 timuisti,
1174 4063 1221 4108 et
1256 4055 1597 4111 adlta’rebunt
1629 4056 1740 4109 tibi.
1783 4054 2013 4126 Insuper
2040 4063 2089 4108 et

492 4142 761 4195 universos
786 4142 1099 4214 languores,
1134 4155 1180 4199 et
1204 4145 1388 4219 plagas
1408 4188 1421 4213 ,
1462 4165 1578 4216 qua’
1605 4165 1707 4202 non
1733 4159 1850 4202 sunt
1880 4150 2089 4218 scripta:

493 4229 551 4285 in
571 4230 834 4289 volumine
874 4233 1002 4306 legis
1037 4234 1218 4307 hujus,
1256 4239 1468 4292 inducet
1515 4239 1773 4294 Dominus
1830 4257 1987 4312 super
2018 4252 2085 4309 te,

2179 1928 2330 1998 justo
2351 1928 2447 1982 Dei
2474 1927 2682 1998 judicio
2705 1927 2981 1998 reprobati
3022 1933 3148 1981 sunt
3172 1966 3186 1991 ,
3239 1924 3329 1979 illa
3356 1922 3668 1979 maledictio
3691 1938 3787 1978 su-

2185 2022 2515 2095 perveniret,
2564 2036 2685 2090 qum
2726 2021 2792 2074 ab
2828 2020 2945 2089 ipso
2975 2018 3158 2089 Moyse
3190 2018 3264 2072 ita
3308 2016 3490 2071 fuerat
3526 2028 3788 2086 praenun-

2186 2112 2320 2166 tiata
2348 2130 2360 2165 :
2401 2110 2718 2165 Maledictus
2750 2113 2919 2165 omnis
2943 2112 3034 2182 qui
3065 2126 3169 2164 non
3197 2108 3545 2180 permanserit
3573 2108 3631 2162 in
3669 2123 3790 2161 ver-

2188 2204 2265 2259 bis
2301 2204 2429 2274 legis
2464 2203 2645 2274 hujus,
2690 2211 2750 2258 ut
2781 2202 2947 2257 faciat
2971 2218 3066 2269 ea,
3117 2202 3308 2256 nolens
3337 2200 3527 2256 audire
3552 2201 3695 2270 quod
3728 2200 3789 2256 in

2186 2312 2251 2352 ea
2303 2296 2565 2366 scriptum
2616 2304 2735 2351 est:
2769 2295 2935 2350 Juxta
2979 2304 3028 2348 te
3070 2303 3144 2348 est
3179 2293 3388 2347 verbum
3433 2291 3583 2347 valde
3607 2292 3664 2345 in
3692 2306 3787 2345 ore

2188 2400 2300 2455 tuo,
2334 2397 2381 2442 et
2410 2388 2464 2442 in
2484 2388 2639 2442 corde
2668 2398 2778 2453 tuo,
2817 2397 2874 2441 ut
2913 2387 3082 2457 facias
3114 2384 3270 2441 illud.
3305 2383 3458 2452 Quod
3488 2383 3789 2455 Apostolus

2188 2481 2270 2537 sic
2300 2482 2560 2553 exponit:
2600 2478 2715 2533 Hoc
2743 2490 2814 2534 est
2844 2480 3054 2534 verbum
3085 2478 3209 2549 ﬁdei
3244 2477 3385 2549 quod
3408 2476 3785 2548 prtedicamus.

2192 2575 2457 2642 Quoniam
2478 2576 2524 2628 si
2560 2574 2828 2644 confessus
2855 2573 3021 2643 [ueris
3051 2573 3107 2627 in
3132 2588 3220 2626 ore
3248 2580 3337 2625 tuo
3365 2569 3652 2624 Dominum
3690 2568 3789 2621 Je-

2189 2685 2328 2733 sum,
2352 2677 2401 2721 et
2422 2666 2707 2721 credideris
2732 2669 2786 2720 in
2810 2666 2967 2721 corde
3001 2676 3092 2720 tuo
3122 2665 3261 2737 quod
3299 2664 3441 2718 Deus
3469 2680 3589 2718 eum
3615 2661 3791 2717 susci-

2189 2760 2313 2814 tavit
2344 2776 2376 2812 a
2401 2759 2641 2823 mortuis,
2689 2757 2865 2812 salvus
2914 2759 3036 2812 eris.
3097 2755 3266 2811 Corde
3293 2757 3431 2823 enim
3453 2757 3688 2811 creditur
3714 2755 3790 2810 ad

2190 2851 2475 2920 iustitiam,
2498 2868 2587 2905 ore
2606 2860 2783 2904 autem
2811 2850 3069 2920 confessio
3095 2850 3154 2919 ﬁt
3181 2850 3250 2903 ad
3281 2850 3521 2904 salutem.

2265 2943 2482 2997 XXVII.
2524 2942 2772 2998 Breviter
2795 2958 2925 3015 ergo
2952 2944 3053 2998 ista
3086 2959 3118 2996 a
3150 2943 3307 2997 nobis
3334 2940 3624 3013 perstricta
3651 2939 3790 2997 sint.

2194 3034 2330 3091 Nam
2375 3044 2429 3090 et
2458 3036 2758 3091 cedendum
2791 3046 2877 3091 est
2904 3036 3203 3108 majoribus
3230 3076 3244 3102 ,
3280 3034 3691 3100 subtilioribus,
3724 3049 3795 3090 ac

2195 3129 2637 3197 facundioribus,
2686 3132 2883 3203 quibus
2915 3132 3170 3202 perfacile
3197 3139 3282 3187 est
3307 3130 3499 3186 alliam
3536 3139 3590 3184 et
3609 3129 3796 3186 occul-

2993 3242 3006 3279 :
3057 3227 3203 3295 quod
3244 3226 3358 3298 jam
3406 3225 3631 3301 jamque
3670 3223 3796 3279 ﬁeri

2193 3325 2431 3390 oportet,
2462 3317 2793 3389 irigeseente
2829 3318 3121 3373 multorum
3152 3319 3446 3383 charitate,
3476 3318 3796 3397 abundante

2198 3411 2397 3483 ubique
2428 3411 2716 3483 iniquitate
2740 3454 2752 3477 ,
2804 3413 3209 3469 incredulorum
3245 3410 3662 3467 convalescente
3693 3412 3797 3466 im-

2193 3505 2486 3577 probitate,
2519 3505 2840 3560 Antichristi
2867 3506 3077 3561 fallacia
3103 3506 3591 3579 appropinquante.
3615 3504 3797 3574 Atque

2196 3596 2404 3649 utinam
2437 3594 2657 3663 juberet
2694 3597 3088 3669 religiosissimi
3123 3597 3474 3667 Imperatoris
3523 3596 3796 3651 industria

2199 3688 2361 3743 alicui
2394 3688 2461 3743 dc
2512 3690 2626 3745 suis
2672 3699 2733 3745 ut
2778 3692 3053 3763 colligeret
3093 3692 3275 3747 omnia
3302 3708 3423 3764 qua:
3459 3707 3491 3746 a
3519 3691 3798 3761 magistris

2197 3783 2567 3838 Ecclesiarum
2624 3785 2677 3839 in
2740 3784 3037 3857 Scripturis
3086 3787 3290 3841 sanctis
3344 3785 3415 3842 de
3458 3785 3797 3841 Antichristo

2198 3875 2565 3947 intelligenda,
2613 3876 2697 3930 vel
2728 3877 2970 3949 exposita
2990 3919 3002 3941 ,
3030 3877 3115 3932 vel
3145 3879 3352 3951 signata
3382 3887 3526 3935 sunt.
3578 3877 3799 3934 Valeret

2195 3966 2441 4039 profecto
2490 3968 2557 4021 ad
2602 3968 2872 4025 cautelam
2916 3970 3074 4035 ﬁdei,
3104 3971 3172 4025 ad
3201 3971 3531 4026 evectionem
3560 3970 3695 4040 spei,
3726 3969 3798 4024 ad

2195 4062 2558 4116 roborandam
2588 4072 2642 4117 ct
2667 4063 3157 4121 commendandam
3182 4064 3525 4121 dulcedinem
3549 4063 3799 4123 dilectio-

2194 4154 2281 4209 nis
2314 4153 2539 4210 Christi.
2582 4155 2775 4211 Amen.

494 4377 3785 4413 Ἠ

1424 4500 2145 4629 AGOBARDI
2232 4503 2875 4622 EPISCOPI

1528 4726 1662 4803 AD
1741 4725 2256 4804 PBOCERES
2316 4724 2739 4803 PALATII

577 4890 605 4923 ι
634 4869 1194 4940 CONSULTATIO
1246 4877 1352 4940 ET
1409 4878 1932 4943 SUPPLICATIO
1982 4880 2091 4941 DE
2138 4879 2545 4940 BAP'I‘ISMO
2579 4878 3096 4943 JUDAICORUM
3122 4880 3714 4945 MANCIPIORUM.

570 5102 1060 5183 Reverendissimis
1089 5123 1153 5165 ac
1174 5110 1503 5169 beatissimis
1533 5110 1749 5169 domuis
1773 5118 1827 5167 et
1849 5110 2087 5167 dominis
2117 5093 2170 5153 D
2196 5119 2251 5167 et
2272 5109 2523 5171 Patribus
2539 5111 2763 5177 sanctis,
2782 5110 3113 5181 bAdalardo,
3134 5112 3384 5169 \‘l’alcctc
3418 5112 3793 5171 Helisachare.

1877 5220 2153 5277 BALUZU
2194 5223 2403 5279 NOTAE

569 5344 595 5374 α
622 5329 973 5412 βοῃεαιιιιιίο.
1006 5333 1068 5412 In
1088 5335 1271 5412 codice
1298 5338 1448 5409 regio
1482 5339 1661 5412 nullus
1698 5337 1883 5393 titulus
1913 5347 2097 5412 exsta-
2199 5339 2355 5412 Unde
2386 5349 2439 5396 et
2488 5342 2540 5396 in
2589 5340 2709 5395 aula
2757 5341 2967 5412 P?ppini
3018 5360 3047 5397 c
3070 5344 3278 5397 lucatu:
3320 5352 3426 5405 est,
3470 5352 3548 5410 ut,

3596 5353 3796 5415 prrcter

495 5407 591 5485 bat
716 5403 1001 5485 _hoc_loco.
1033 5407 1144 5485 Sed
1174 5403 1632 5485 invctustissimo
1659 5426 1902 5485 operum
1955 5410 2097 5485 Ago-
2198 5411 2352 5475 alios,
2386 5415 2541 5469 docet
2569 5415 2733 5468 etiam
2768 5403 3082 5485 Apuliarlus
3115 5416 3165 5468 in
3198 5431 3316 5485 cup.
3346 5416 3381 5469 ἒ.
3420 5403 3546 5470 libri
3580 5403 3649 5469 lic
3677 5417 3795 5472 Dis-

493 5476 651 5553 bardi
681 5475 925 5553 elencho,
954 5480 1048 5553 qui
1075 5481 1378 5553 descriptus
1401 5492 1486 5537 est
1512 5484 1566 5537 in
1597 5475 1754 5536 initio
1783 5475 2093 5547 voluminis,

495 5547 686 5626 titulus
708 5548 866 5605 istius
893 5547 1016 5606 libri
1046 5551 1125 5609 sic
1151 5547 1345 5626 legitur
1370 5554 1825 5625 quemadmodtun
1855 5570 1954 5609 nos
1982 5555 2096 5610 edi-

500 5619 936 5759 dnliluzsldalardo,
988 5694 1233 5751 Corbeia:
1277 5695 1475 5753 veteris
1523 5697 1726 5761 abbati,
1775 5698 1827 5753 in
1869 5697 2095 5754 dioecesi

490 5760 877 5849 Aumbianensi:
902 5766 1072 5848 Filius
1100 5767 1200 5822 fuit
1240 5767 1521 5833 Bernardi,
1554 5760 1743 5825 fratris
1768 5769 1983 5895 Pippini
2012 5787 2093 5826 reo

494 5850 600 5895 ms.
644 5845 703 5891 ut
733 5852 785 5891 Ill
832 5854 948 5895 eius
994 5838 1117 5893 Vita
1164 5846 1351 5893 narrat
1394 5838 1717 5895 Paschasius
1762 5840 1844 5895 Ra
1885 5841 2092 5895 bertus.

494 5838 600 5919 gis,
644 5838 785 5891 utin
832 5838 948 5910 ejus
994 5838 1117 5893 Vita
1164 5846 1351 5893 narrat
1394 5838 1717 5896 Paschasius
1762 5838 2092 5897 Radbertus.

2237 5485 2517 5539 ensatione
2551 5486 2748 5538 Ilcrum
2782 5486 3307 5541 l'jcclesiasticarum.
3336 5488 3547 5542 Mortuo
3574 5489 3794 5545 (lernam

2241 5555 2451 5629 ippino,
2479 5556 2819 5612 Adalhardus
2854 5558 2999 5613 inter
3037 5557 3258 5615 intimos
3300 5558 3654 5616 familiarium
3693 5560 3796 5686 Ca}:

3689 5648 3794 5686 1‘01

3689 5648 3794 5688 I‘Oll

2273 5780 2297 5811 ο
2340 5767 2707 5836 Helisacharo,
2755 5769 3080 5844 presbytero
3127 5778 3185 5827 et
3225 5770 3404 5828 abbati
3438 5768 3798 5852 .Ceiitiilensis

3453 5851 3793 5909 monasterii,
