4088 6344
260 337 362 400 101

1298 325 1392 388 DE
1427 323 1776 388 BAPTISMO
1812 319 2216 392 JUDEORUH
2251 324 2530 393 HANCIP.

3429 335 3538 398 1οί

343 452 532 524 Nuper
555 463 684 506 cum
711 461 744 504 a
770 447 972 520 palatio
1002 454 1217 520 tempus
1260 447 1522 502 redeundi
1553 446 1714 502 nobis
1731 443 1845 515 jam
1873 453 1927 514 Α
1949 445 2066 502 sedi
2088 445 2337 507 atilictus.
2369 445 2576 504 Causas
2607 459 2742 506 vero
2781 443 2957 516 hujus
2981 444 3290 514 aiilictionis
3330 453 3540 513 scribe-

261 548 459 606 fuisset
482 543 774 612 indultum,
827 539 1151 598 suavissima
1177 540 1393 598 dilectio
1419 549 1603 596 vestra
1631 540 1770 596 sedit
1797 545 1854 595 et

261 639 476 696 audivit
497 653 586 695 me
607 635 986 691 mussitantem
1005 636 1186 706 potius
1203 649 1365 706 quam
1389 633 1698 704 loquentem
1723 649 1853 690 con-

261 743 350 789 tra
375 747 472 787 eos
503 730 596 802 qui
621 727 873 800 querelas
893 727 1202 785 Judaeorum
1226 719 1566 784 astruebant.
1603 724 1851 796 Cumque

266 825 456 880 audita
487 821 722 880 fuissent
743 837 774 878 a
797 820 949 876 vobis
978 829 1034 876 et
1059 819 1362 875 modificata
1388 833 1508 889 quae
1531 817 1854 874 dicebantur

259 919 615 982 altrinsecus,
637 915 971 981 surrexistis,
994 923 1052 970 et
1075 930 1178 986 ego
1196 922 1320 985 post
1344 929 1460 969 vos.
1486 913 1597 969 Vos
1622 911 1853 982 ingressi

258 1015 400 1070 estis
429 1013 484 1067 in
514 1019 810 1082 conspectu
833 1009 1098 1080 principis
1130 1025 1143 1062 :
1177 1023 1279 1081 ego
1299 1007 1426 1064 steti
1459 1015 1586 1062 ante
1627 1006 1852 1061 ostium.

258 1104 394 1160 Post
419 1102 700 1174 paululum
728 1101 938 1157 fecistis
965 1109 1023 1156 ut
1050 1101 1383 1173 ingrederer.
1437 1099 1546 1162 Sed
1593 1093 1730 1154 nihil
1761 1112 1855 1152 au-

261 1199 398 1262 divi,
428 1197 532 1252 nisi
557 1207 582 1237 ι
607 1194 1003 1250 absolutionem
1032 1193 1365 1248 discedendi.
1391 1191 1532 1260 Quid
1553 1199 1734 1246 tamen
1756 1205 1856 1246 vos

260 1290 515 1346 dixeritis
543 1287 972 1345 clementissimo
1002 1285 1238 1358 principi
1288 1285 1510 1358 praefata
1546 1283 1619 1340 de
1659 1299 1854 1351 causa,

264 1380 612 1452 qualiterque
640 1375 932 1450 acceperit,
980 1378 1178 1449 quidve
1209 1379 1571 1450 responderit,
1613 1393 1722 1434 non
1761 1393 1858 1432 au—

264 1473 398 1528 divi.
428 1474 514 1532 Ad
541 1488 639 1528 vos
661 1481 850 1543 postea
873 1487 981 1528 non
1015 1471 1241 1537 accessi,
1271 1468 1635 1542 praepediente
1651 1469 1859 1540 pudore

263 1564 495 1635 ignavo,
533 1571 588 1619 et
618 1563 864 1621 molestia
890 1561 1150 1634 fatigante
1171 1577 1260 1616 me
1289 1579 1302 1615 :
1337 1575 1458 1631 quae
1499 1561 1634 1616 mihi
1668 1560 1860 1630 utique

265 1658 516 1722 accessit,
570 1671 682 1712 non
731 1665 841 1711 tam
870 1671 938 1712 ex
986 1655 1320 1710 involutione
1347 1670 1553 1722 rerum,
1597 1669 1762 1726 quam
1791 1669 1860 1710 ex

269 1743 606 1817 ignobilitate
637 1747 858 1803 mentis.
914 1745 1279 1814 Quamobrem
1322 1745 1530 1802 recessi
1576 1746 1852 1812 turbatus,

1951 554 2087 596 rem.
2111 539 2219 596 Sed
2239 541 2404 596 timeo
2436 541 2835 598 mansuetudini
2877 548 3076 604 vestrae
3109 541 3352 609 laborem
3381 545 3534 625 inge-

1953 649 2094 689 rere.
2123 633 2363 694 Portitor
2392 643 2573 692 tamen
2601 636 2796 694 harum
2841 634 3148 704 litterarum
3170 645 3351 708 potest
3379 641 3536 697 vobis

1953 726 2193 796 edicere,
2219 729 2263 784 si
2296 729 2502 800 patitur
2527 729 2912 801 longanimitas
2935 738 3140 798 vestra.
3161 731 3358 804 Aliqua
3382 749 3536 804 sane,

1952 836 2075 892 qua:
2099 821 2306 878 silenda
2337 841 2446 880 non
2469 833 2622 896 puto,
2645 833 2868 897 propter
2887 841 3007 896 quae
3027 825 3162 885 mihi
3185 833 3240 884 et
3262 826 3329 882 ad
3347 826 3542 890 fidissi-

1953 927 2099 970 mam
2119 914 2500 983 paternitatem
2521 923 2760 978 vestram
2775 915 2970 987 dirigo,
2995 916 3282 976 innotesco
3309 917 3543 987 pruden-

1955 1003 2046 1060 tiae
2070 1011 2282 1059 vestrae.
2306 1005 2568 1071 Primum,
2591 1006 2737 1076 quod
2772 1021 3118 1078 summepere
3147 1007 3283 1066 mihi
3313 1023 3539 1070 necesse

1954 1104 2038 1152 est
2067 1098 2230 1165 scire,
2259 1107 2350 1165 et,
2376 1107 2436 1154 ut
2461 1100 2744 1166 existimo,
2773 1101 2938 1164 etiam
2983 1102 3261 1170 omoibus,
3299 1110 3364 1160 ut
3410 1103 3542 1160 dare

1956 1189 2252 1260 dignemini
2295 1191 2579 1250 consilium
2632 1195 2777 1264 quod
2815 1193 3000 1251 divino
3051 1202 3320 1266 congruat
3363 1193 3540 1266 operi,

1957 1282 2087 1353 quid
2114 1281 2420 1340 faciendum
2448 1283 2520 1343 sit
2538 1285 2607 1341 de
2634 1285 2922 1355 mancipiis
2941 1282 3255 1346 Iudaeorum
3280 1287 3539 1352 ethnicis,

1958 1390 2078 1444 quae
2118 1375 2196 1432 illi
2247 1384 2730 1446 comparaverunt,
2759 1386 2816 1432 et
2841 1376 3031 1434 nutriti
3059 1377 3202 1448 apud
3230 1377 3370 1444 illos,
3398 1377 3544 1437 inter

1957 1486 2058 1526 nos
2085 1469 2301 1525 discunt
2335 1469 2574 1541 linguam
2603 1480 2872 1528 nostram.
2899 1470 3144 1528 Audiunt
3186 1473 3254 1530 de
3301 1472 3430 1540 fide,
3458 1473 3543 1528 vi-

1961 1563 2093 1618 dent
2120 1561 2538 1621 celebrationes
2559 1556 2995 1629 solemnitat'um;
3027 1571 3084 1619 et
3107 1579 3206 1635 per
3239 1564 3358 1622 haec
3394 1579 3545 1622 com-

1959 1661 2274 1726 punguntur
2301 1653 2371 1710 ad
2402 1669 2646 1718 amorem
2667 1654 3118 1722 Christianitatis,
3151 1663 3208 1716 et
3234 1654 3546 1717 desiderant

1961 1747 2081 1802 ﬁeri
2100 1747 2156 1802 in
2175 1761 2402 1818 corpore
2423 1747 2696 1812 Ecclesiae,
2725 1751 2970 1808 membra
3003 1749 3238 1818 Christi;
3277 1758 3333 1808 et
3359 1750 3548 1808 confu-

264 1839 474 1910 arripni
495 1841 599 1896 iter
626 1841 890 1908 incertus,
918 1840 1143 1911 perveni
1171 1839 1393 1898 domum
1421 1839 1709 1905 confusus,
1765 1855 1852 1896 re-
1881 1829 1930 1891 Β
1958 1841 2113 1914 giunt
2133 1843 2202 1899 ad
2226 1841 2548 1909 Ecclesiam,
2571 1843 2599 1884 ι)
2618 1843 2949 1914 baptismum
2963 1844 3329 1915 postulantes:
3353 1845 3550 1902 Utrum

1625 1932 1901 1992 BALUle
1933 1933 2166 1992 NO'LE.

262 2024 364 2083 roli
391 2023 570 2097 Magni
601 2025 744 2096 regis
791 2025 994 2097 ascitus
1019 2031 1104 2080 est
1131 2043 1142 2079 :
1174 2039 1208 2080 a
1249 2041 1357 2096 quo
1393 2024 1590 2097 missus
1638 2032 1722 2080 est
1763 2042 1850 2082 an.

260 2097 364 2152 809
391 2097 462 2151 ad
478 2095 740 2168 :Leoném
767 2096 832 2151 ιιι
865 2112 1084 2166 papam,
1115 2113 1222 2168 una
1264 2095 1388 2151 cum
1418 2095 1714 2168 Bernhario
1743 2097 1857 2168 cpi—

261 2183 429 2238 scopo
459 2167 792 2238 Coloniensi,
821 2176 877 2222 et
899 2168 1027 2222 Asio
1059 2167 1466 2232 Wormatiensi,
1509 2167 1856 2222 consulturus

261 2239 326 2294 de
351 2237 700 2308 processione
727 2237 960 2310 Spiritus
987 2239 1180 2310 sancti,
1212 2239 1278 2293 de
1311 2255 1420 2308 qua
1453 2247 1565 2310 tum
1590 2245 1856 2310 recenter

261 2307 408 2380 mota
430 2319 558 2365 erat
580 2307 804 2380 quaestio
825 2311 880 2364 iu
903 2307 1096 2364 Gallia.
1123 2309 1280 2380 Anno
1303 2307 1425 2364 dein
1457 2309 1560 2365 817
1585 2309 1640 2364 in
1673 2318 1853 2380 partes

261 2379 478 2452 Pippini
526 2381 672 2452 regis
713 2379 914 2445 Italiae,
961 2381 1220 2436 adversus
1262 2379 1594 2452 Ludovicum
1645 2379 1854 2452 patrem

262 2451 602 2518 rebellantis,
643 2452 904 2506 transisse
946 2453 1204 2517 creditus,
1247 2451 1532 2506 deficiente
1577 2451 1856 2520 conspira-

262 2522 431 2588 tione,
478 2523 793 2593 punitisque
835 2523 1170 2590 auctoribus,
1209 2522 1514 2580 Adalardus
1559 2523 1700 2593 apud
1746 2537 1858 2593 mo-

261 2591 564 2649 nasterium
589 2591 764 2652 sancti
791 2593 1070 2650 Philiberti
1111 2593 1168 2648 in
1203 2593 1500 2662 Aquitania
1527 2591 1690 2648 situm
1719 2592 1857 2647 rele-

260 2674 418 2736 gatus
453 2673 562 2730 est,
591 2665 648 2720 id
673 2675 778 2730 est,
819 2665 960 2736 apud
1004 2665 1235 2719 insulam
1264 2665 1428 2728 Hero,
1471 2664 1526 2718 in
1553 2678 1662 2733 qua
1691 2663 1855 2736 situm

259 2734 381 2790 erat
407 2736 800 2792 monasterium
842 2734 1014 2792 sancti
1036 2735 1339 2802 Philiberti,
1381 2743 1443 2791 ut
1463 2742 1614 2805 patet
1639 2749 1710 2805 ex
1735 2734 1858 2790 Vita

259 2805 545 2878 Philiberti
571 2808 715 2878 apud
741 2807 1125 2871 Duchesnium,
1161 2815 1215 2862 et
1255 2824 1324 2863 ex
1367 2803 1638 2862 Adémaro
1681 2803 1856 2878 Caba-

259 2878 440 2933 nensi.
475 2875 860 2934 Ilonasterium
905 2886 1088 2934 autem
1119 2878 1250 2933 illud
1291 2877 1451 2933 hodie
1496 2883 1722 2932 vocatur
1765 2875 1857 2932 Ni-

361 2966 418 3004 m
445 2949 854 3016 Manasrerium,
883 2950 1044 3021 vulgo
1097 2948 1503 3021 Noirmonstier,
1535 2947 1590 3021 in
1619 2945 1858 3021 dioecesi

306 3021 612 3076 ucionensi.
657 3021 717 3076 In
764 3021 866 3077 hac
913 3017 1042 3091 ergo
1077 3019 1252 3074 insula
1305 3019 1522 3091 clausus
1554 3017 1857 3091 Adalardus

261 3105 438 3162 usque
467 3092 538 3146 ad
569 3107 771 3146 annum
798 3092 927 3158 821,
955 3089 1063 3162 quo
1087 3099 1376 3147 revocatus
1399 3090 1468 3145 ab
1493 3089 1854 3162 exsilio,red—

261 3160 520 3233 ditesque
539 3171 624 3218 est
650 3160 990 3219 monasterio
1013 3162 1347 3226 Corbciensi,
1374 3169 1437 3233 ut
1465 3169 1655 3233 narrat
1692 3160 1856 3233 Egin-j

260 3229 468 3290 bardus
503 3253 519 3288 :
564 3252 585 3287 ‹
629 3233 994 3295 Adelbardum
1034 3249 1246 3303 quoque
1291 3233 1360 3288 de
1402 3231 1713 3300 Aquitania,
1750 3229 1856 3303 ubi

259 3303 568 3370 exsulabat,
601 3314 900 3372 evocatum,
935 3302 1176 3360 Corbeiai
1215 3304 1564 3369 monasterio,
1602 3310 1660 3359 ut
1703 3302 1856 3372 prius

259 3374 471 3440 fuerat,
511 3375 757 3430 abbatem
793 3393 858 3432 ac
883 3384 1152 3432 rectorem
1197 3390 1319 3430 esse
1355 3373 1540 3444 jussit.
1590 3395 1608 3428 ι
1653 3375 1859 3430 Auctor

260 3446 412 3504 Vita:
457 3445 708 3502 Ludovici
734 3447 859 3503 Pii:
919 3467 939 3502 ι
993 3446 1360 3502 Adalhardum
1405 3447 1570 3502 etiam
1606 3444 1858 3502 abbatem

259 3519 547 3588 quondam
563 3517 801 3574 Corbeia:
823 3519 1160 3583 monasterii,
1193 3519 1290 3574 sed
1312 3525 1438 3574 tunc
1457 3518 1514 3573 in
1539 3518 1712 3574 sancti
1736 3515 1862 3588 Phi-

258 3587 446 3644 liberti
493 3591 823 3646 monasterio
867 3591 1286 3654 consistentem,
1338 3589 1650 3658 magisterio
1687 3587 1859 3659 priori

261 3660 518 3716 reddidit.
549 3681 568 3712 ι
592 3660 795 3716 Auctor
815 3661 1110 3715 'Annalium
1135 3660 1310 3715 sancti
1332 3660 1538 3715 Bertini
1563 3660 1630 3716 ad
1655 3675 1858 3714 annum

262 3731 408 3786 8&2:
445 3750 464 3782 ε
504 3731 747 3786 Domnus
771 3733 1066 3802 imperator
1085 3731 1312 3790 consilio
1343 3746 1468 3788 cum
1507 3731 1774 3802 episcopis
1802 3737 1859 3786 et

261 3802 618 3872 Optimatibus
653 3804 767 3860 suis
790 3803 996 3868 habito,
1036 3802 1298 3858 fratribus
1329 3802 1466 3866 suis,
1492 3819 1629 3872 quos
1659 3802 1856 3859 invitos

262 3873 479 3928 tonderi
502 3875 684 3945 jussit,
728 3874 1103 3930 reconciliatus
1138 3882 1252 3939 est;
1281 3884 1337 3928 et
1363 3883 1474 3928 tam
1499 3872 1690 3945 deboc
1715 3872 1856 3945 facto

261 3959 428 4068 gnam
453 3943 520 3999 de
550 3946 635 4000 his
661 3961 782 4016 quae
815 3960 941 4015 erga
969 3945 1302 4001 Bernardum
1349 3945 1516 3998 filium
1555 3943 1742 3999 fratris
1770 3944 1856 3999 sui

306 4015 498 4068 iouini.
531 4031 632 4068 nec
657 4033 764 4068 non
787 4025 842 4068 et
863 4018 947 4068 bis
971 4032 1091 4068 quae
1121 4017 1264 4068 circa
1295 4015 1663 4068 Adalbardum
1691 4015 1856 4068 abba-

306 4015 502 4086 ippini,
531 4031 632 4070 nec
657 4015 764 4071 non
785 4025 842 4086 et
863 4018 947 4071 bis
971 4032 1091 4086 quae
1121 4017 1264 4071 circa
1295 4015 1663 4070 Adalbardum
1691 4015 1857 4086 abba-

265 4094 457 4167 temhet
480 4085 720 4167 fratremn
749 4085 862 4167 eius
888 4085 1200 4167 Walachum
1225 4095 1379 4167 gesta
1413 4095 1559 4167 sunt,
1585 4085 1857 4167 publicam

262 4154 664 4229 confessionem
693 4157 840 4224 fecit,
869 4168 924 4214 et
963 4154 1339 4229 pmuitentiam
1381 4157 1508 4227 egit.
1548 4178 1565 4205 ι
1600 4156 1707 4229 Sed
1753 4155 1856 4210 fal-

263 4243 379 4281 sam
409 4227 584 4284 fuisse
620 4227 1018 4289 accusationem
1057 4231 1314 4284 adversus
1342 4228 1708 4283 Adalhardui‘n
1733 4243 1858 4283 con-

263 4299 513 4367 queritur
552 4309 740 4356 auctor
779 4301 899 4356 libri
941 4300 1014 4354 De
1056 4299 1472 4355 Coustructione
1513 4299 1672 4353 Novae
1719 4298 1855 4354 Cor-

262 4367 400 4442 beize
453 4389 468 4424 :
519 4390 538 4420 ε
592 4372 743 4426 Tunc
783 4379 1130 4426 accesserunt
1177 4373 1243 4425 ad
1297 4387 1419 4427 eum
1468 4370 1554 4442 (id
1599 4378 1720 4442 est,
1785 4370 1852 4425 ad

262 4438 601 4496 Ludovicum
631 4443 784 4496 Pium
819 4442 980 4568 iiuna
1001 4442 1101 4496 viri
1129 4438 1551 4513 pestilentes,'et
1581 4439 1858 4506 ejeccrunt

262 4526 388 4566 eum
419 4513 488 4567 de
525 4513 728 4568 honore
767 4530 864 4568 suo
913 4529 942 4567 a
984 4529 1117 4568 suue
1167 4513 1344 4568 culpa.
1389 4521 1444 4566 et
1471 4511 1858 4566 exsiliaverunt

262 4526 388 4566 eum
419 4513 488 4567 de
525 4513 728 4568 honore
767 4530 864 4568 suo
896 4511 1145 4583 ’absque‘
1167 4513 1344 4582 culpa,
1389 4521 1444 4566 et
1471 4511 1858 4583 exsiliavcrunt

263 4583 402 4654 sine,
434 4598 621 4638 causa.
654 4603 671 4636 ι
704 4585 936 4638 Rursum
978 4582 1160 4654 itaque
1203 4584 1550 4638 consiliorum
1599 4582 1856 4638 Ludovici

261 4653 543 4726 particeps
556 4655 760 4726 factus,
790 4653 1086 4726 principem
1115 4655 1290 4710 locum
1312 4654 1451 4725 apud
1477 4669 1600 4708 eum
1618 4668 1850 4726 occupaj

261 4725 358 4788 vit,
388 4733 450 4778 ut
483 4725 662 4797 colligi
689 4724 866 4797 potest
905 4724 976 4781 ex
1022 4725 1311 4781 Hincmaro
1349 4724 1411 4779 in
1439 4725 1663 4793 epistola
1697 4725 1758 4778 14
1789 4724 1858 4780 ad

263 4810 528 4868 proceres
578 4798 750 4868 regni,
787 4813 902 4868 cap.
951 4797 1020 4851 12
1057 4815 1069 4851 :
1117 4816 1135 4849 ε
1175 4797 1540 4851 Arlalhardum
1570 4810 1765 4868 senem
1803 4803 1860 4850 et

262 4866 590 4937 sapientem,
622 4866 802 4924 domui
840 4866 1016 4924 Caroli
1059 4867 1610 4940 Hagniimpcratoris
1638 4868 1856 4940 propin-

263 4952 456 5008 quum,
492 4946 551 4993 et
572 4941 881 4995 monasterii
911 4939 1446 5004 Corbeiarabbatem,
1481 4939 1623 4992 inter
1652 4939 1859 5006 primos

263 5010 608 5080 consiliarios
630 5011 862 5080 primum
886 5011 941 5066 in
972 5029 1002 5064 a
1022 5011 1335 5066 lolcscentia
1363 5025 1484 5064 mea
1513 5009 1621 5063 vidi
1654 5026 1667 5080 ς
1703 5008 1858 5077 cujus

262 5079 512 5136 libellum
547 5079 844 5153 deg’ordine
871 5081 1054 5152 palatii
1086 5083 1189 5153 legi
1221 5090 1276 5136 et
1319 5082 1534 5153 scripsi.
1562 5101 1579 5132 ι
1617 5079 1858 5136 Mortuus

262 5159 348 5206 est
376 5166 530 5207 anno
543 5151 648 5208 825
666 5153 926 5222 postridie
945 5153 1059 5206 Kal.
1082 5151 1342 5213 Januarii,
1379 5151 1500 5208 cum
1525 5167 1666 5206 anno
1693 5167 1856 5222 supe-

261 5223 412 5294 riore
437 5223 660 5278 brevem
686 5224 798 5278 sive
832 5223 1072 5279 libellum
1105 5225 1516 5294 conscripsisset
1543 5224 1608 5277 de
1647 5223 1712 5277 iis
1739 5238 1860 5293 qua:

263 5293 526 5364 deinceps
546 5293 824 5350 observari
842 5295 1056 5350 volebat
1076 5296 1130 5350 in
1155 5293 1482 5350 monasterio
1511 5295 1854 5350 Corbeiensi:

261 5365 357 5491 aui
410 5364 551 5420 liber
595 5365 774 5448 editus
821 5376 908 5422 est
954 5367 1008 5450 in
1059 5376 1208 5448 tomo
1243 5366 1629 5449 lVSpicilegii
1673 5365 1860 5421 domui

307 5451 429 5491 ucm
452 5435 706 5491 Dachcrn
731 5439 983 5491 monachi
1009 5437 1365 5491 Benedictmi.

307 5451 429 5492 nem
452 5435 706 5492 Dachcrii
731 5439 983 5494 monachi
1009 5437 1365 5493 Benedictini.

334 5505 558 5580 Walter,
589 5507 880 5580 Adalhardi
929 5508 1102 5575 fratri,
1171 5515 1498 5580 postiquem
1541 5507 1716 5580 factus
1758 5514 1860 5580 est

265 5577 437 5634 abbas
469 5577 835 5636 Corbeiensis.
874 5579 1028 5636 Unde
1059 5581 1113 5635 in
1154 5577 1274 5635 Vita
1304 5577 1558 5634 Ludovici
1591 5579 1672 5634 Pii
1701 5579 1854 5636 Wala

266 5648 472 5720 dicitur
498 5644 678 5706 afﬁnis
703 5650 943 5720 ejusdem
971 5651 1335 5720 imperatoris.
1376 5651 1443 5706 Et
1479 5666 1548 5705 ne
1597 5651 1719 5720 quis
1755 5652 1857 5706 du-

263 5717 545 5794 l_>itet_hic‘
568 5721 656 5794 agi
685 5717 752 5794 de
780 5721 935 5777 Wala
979 5717 1140 5788 istoc,
1189 5717 1859 5794 habemusauctoritatem

264 5790 786 5865 Eginhardi,:cnjns
813 5794 932 5850 haec
957 5801 1087 5865 sunt
1124 5794 1289 5850 verba
1335 5809 1402 5850 ex
1447 5793 1744 5850 Annalibus
1790 5795 1858 5848 ad

264 5863 478 5922 annum
502 5863 654 5924 δεῦε
687 5863 710 5920 ἀ
748 5864 1066 5924 Lotharinm
1091 5881 1222 5922 vero
1254 5865 1422 5921 filium
1465 5880 1622 5921 suum
1663 5865 1718 5920 in
1756 5865 1862 5921 lta-

1881 4692 1936 4753 Β

1959 2027 2087 2103 liam
2131 2029 2277 2086 misit
2317 2048 2333 2086 :
2389 2045 2512 2103 cum
2558 2045 2668 2100 quo
2703 2029 3027 2103 Walachum
3057 2032 3382 2094 monachum
3422 2047 3550 2103 pro-

1957 2100 2218 2169 pinquum
2247 2116 2424 2165 suum,
2457 2099 2682 2158 fratrem
2730 2101 2978 2159 videlicet
3005 2102 3296 2161 Adalbardi
3336 2099 3552 2163 abbatis

1955 2171 2735 2254 et.Cerungumgstiarioruni
2761 2173 3121 2254 magistrum,
3159 2191 3269 2234 una
3312 2176 3478 2232 misit.
3525 2195 3544 2230 ι

1957 2241 2114 2315 Obiit
2143 2241 2286 2315 anno
2329 2244 2433 2298 855
2478 2245 2620 2314 apud
2672 2241 2988 2315 Lotbarium
3035 2245 3439 2315 imperatorem,
3490 2254 3554 2302 ut

1957 2312 2211 2385 scribitur
2241 2313 2294 2368 in
2326 2315 2457 2385 Vita
2495 2312 2746 2372 Ludovici
2774 2313 2877 2372 Pii.
2921 2315 3050 2385 Ejus
3082 2312 3186 2374 hoc
3219 2325 3399 2374 exstat
3445 2317 3551 2372 elo-

1956 2384 2104 2510 gium
2151 2385 2291 2452 apud
2326 2383 2681 2448 Paschasium
2729 2383 3063 2442 Radbertum
3110 2388 3165 2446 in
3210 2388 3334 2448 Vita
3386 2387 3548 2444 Adal-

1997 2454 2113 2510 ardi
2148 2473 2160 2508 :
2205 2474 2224 2507 ‹
2258 2453 2462 2510 Deinde
2493 2455 2670 2510 Wala.
2700 2457 2938 2510 virorum
2967 2456 3325 2510 clarissimus.
3369 2459 3460 2510 oui
3499 2458 3548 2510 ei

1997 2454 2113 2510 ardi
2148 2473 2224 2530 :_(
2258 2453 2462 2512 Deinde
2493 2455 2670 2522 Wala,
2700 2457 2938 2530 virorum
2967 2456 3326 2524 clarissimus,
3369 2459 3460 2530 qui
3499 2458 3552 2517 ei

1959 2526 2244 2598 successit,
2289 2534 2478 2598 postea
2519 2529 2910 2584 monachorum
2937 2537 3094 2598 pater
3124 2526 3554 2592 eximiusftunc

1957 2595 2220 2668 temporis
2248 2597 2454 2668 primus
2493 2597 2636 2652 inter
2666 2599 2890 2668 primos,
2922 2595 2976 2657 et
3021 2601 3231 2654 cunctis
3266 2600 3553 2658 amabilior

1957 2681 2118 2739 unus,
2149 2666 2317 2722 nimia
2343 2666 2708 2725 familiaritate
2737 2669 2852 2739 regi
2894 2669 3183 2736 inhmrens,
3221 2678 3278 2725 et
3311 2672 3552 2728 maxima

1955 2738 2290 2808 praefectum
2335 2739 2596 2808 dignitate
2643 2738 2952 2804 subvectus,
3002 2739 3058 2794 in
3111 2749 3304 2797 senatu
3353 2741 3556 2797 clarior

1959 2809 2188 2873 cunctis,
2219 2809 2274 2864 in
2303 2810 2494 2866 militia
2523 2825 2654 2864 vero
2683 2811 2939 2880 prudenti
2983 2810 3167 2868 animo
3204 2811 3398 2869 ἰονιὶοτ
3425 2812 3551 2868 uni-

1958 2881 2165 2952 versis;
2209 2895 2369 2950 quem
2406 2889 2558 2936 tanta
2601 2879 2720 2937 laus
2769 2882 3095 2952 sequebatur
3139 2882 3197 2940 in
3244 2883 3391 2940 omni
3427 2884 3554 2940 vita:
3643 2934 3657 2940 -

1956 2951 2196 3026 negotio,
2221 2959 2282 3026 ut
2309 2951 2464 3023 longe
2497 2952 2619 3026 plus
2639 2960 2958 3026 censeretur
2977 2959 3164 3026 amore
3186 2969 3365 3022 posse,
3389 2969 3555 3026 quam

1959 3023 2204 3094 omnium
2253 3023 2422 3078 fastus
2463 3023 2626 3078 etiam
2657 3033 2713 3079 et
2749 3023 2993 3094 tyrannis
3028 3023 3382 3092 reliquorum.
3410 3023 3560 3081 Erat

1958 3094 2103 3149 enim
2136 3091 2364 3167 iustitia).
2411 3103 2594 3150 custos
2625 3102 2680 3149 et
2703 3091 2868 3150 decus
2906 3091 3230 3167 honestatis,
3261 3111 3554 3167 Oppressu-

1961 3163 2512 3236 rumquoquejustus
2535 3181 2844 3235 oppressor.
2874 3185 2892 3217 ι
2926 3166 3164 3236 Vocatur
3192 3163 3374 3224 autem
3395 3167 3557 3224 Walo

1959 3235 2014 3291 in
2043 3235 2180 3290 libro
2207 3235 2282 3291 De
2309 3235 2723 3294 Constructione
2746 3235 2908 3292 Novae
2923 3235 3186 3305 Corbeize,
3209 3238 3345 3294 etin
3369 3237 3556 3294 Anna-

1885 3321 1936 3390 c
1961 3306 2103 3363 libus
2127 3307 2426 3379 Eginhardi
2452 3309 2520 3366 ad
2541 3324 2744 3365 annum
2765 3307 2890 3393 812.

1959 3445 2300 3516 monasterii,
2341 3445 2485 3516 quod
2522 3446 2578 3502 in
2609 3445 2834 3504 dimcesi
2863 3444 3215 3506 Ambianensi
3252 3448 3415 3506 situm
3446 3456 3554 3516 est,

1957 3523 2019 3572 ut
2043 3516 2201 3576 docet
2227 3515 2471 3572 Ariulfus
2512 3517 2568 3574 in
2604 3517 2741 3576 libro
2789 3533 2850 3574 ut
2897 3517 3154 3574 Chronici
3183 3519 3550 3586 Ccutulensis,

1957 3603 2076 3657 cap.
2111 3587 2164 3651 4,
2197 3588 2288 3657 qui
2331 3589 2479 3644 addit
2525 3603 2649 3645 eum
2702 3587 2872 3644 fuisse
2917 3597 3187 3648 rectorem
3237 3591 3554 3648 monasterii

1955 3657 2424 3743 Cemmeticensis.
2455 3659 2643 3743 Virum
2666 3659 2835 3743 fuisse
2864 3675 3074 3743 magna:
3107 3662 3438 3743 dignationis
3460 3678 3558 3733 pa-

1956 3738 2034 3784 tet
2062 3729 2146 3784 vel
2185 3746 2253 3785 ex
2301 3730 2416 3785 solo
2461 3730 2623 3784 libelli
2671 3730 2830 3788 istius
2873 3729 3050 3796 titulo,
3099 3729 3191 3786 ubi
3245 3729 3556 3792 nominatur

1956 3801 2100 3856 inter
2128 3817 2383 3872 proceres
2417 3801 2618 3870 palatii.
2652 3800 2756 3856 Sed
2785 3810 3051 3870 przeterea
3081 3801 3344 3860 habemus
3370 3812 3556 3859 aucto-

1957 3871 2174 3928 ritatem
2196 3872 2525 3944 Eginhardi,
2562 3873 2702 3940 apud
2733 3887 2894 3944 quem
2933 3873 3014 3928 sic
3057 3873 3321 3940 scriptum
3357 3882 3444 3928 cst
3485 3875 3557 3943 ad

1959 3957 2161 3999 annum
2187 3941 2289 3998 8'27
2317 3957 2331 3997 :
2366 3961 2384 3993 ι
2419 3942 2718 4010 Imperator
2746 3941 3062 4012 Helisachar
3087 3945 3466 4012 presbyterum
3501 3941 3557 4000 et

1956 4013 2229 4080 abbatem,
2261 4022 2316 4068 et
2353 4029 2477 4070 cum
2529 4028 2595 4068 eo
2643 4011 3062 4068 llildebrandum
3092 4011 3263 4082 atque
3284 4014 3554 4074 Donatum

1955 4085 2204 4144 comites.
2255 4085 2323 4138 ad
2362 4092 2540 4138 motus
2578 4083 2882 4152 Hispanicae
2928 4082 3120 4138 Marene
3153 4087 3557 4154 componendus

1957 4155 2122 4218 misit,
2157 4163 2261 4211 etc.
2295 4175 2312 4205 ι
2349 4156 2416 4213 Et
2437 4163 2668 4210 testatur
2695 4153 3001 4210 Amalarius
3025 4156 3194 4213 abbas
3228 4153 3289 4211 in,
3311 4157 3450 4214 libro
3482 4159 3556 4214 De

1956 4224 2160 4282 Ordine
2181 4226 2760 4298 Antiphonarii,hunc
2805 4225 3214 4282 llelisacbarum
3247 4227 3413 4284 fuisse
3437 4229 3552 4298 pri-

1957 4314 2105 4380 mum
2127 4299 2271 4380 inter
2287 4297 2496 4380 primos
2523 4296 3084 4380 palatiinimperatoris
3106 4299 3382 4380 Ludovici.
3415 4296 3557 4380 Can-

1956 4369 2234 4422 cellarium
2287 4367 2544 4424 Ludovici
2594 4368 2672 4425 Pii
2711 4367 2876 4424 fuisse
2904 4384 2971 4424 ex
3015 4384 3080 4424 eo
3109 4377 3280 4438 patet,
3312 4371 3458 4439 quod
3500 4371 3556 4424 in

1957 4439 2162 4508 aliquot
2186 4439 2445 4495 Ludovici
2473 4439 2761 4508 praeceptis
2806 4439 3092 4496 Durandus
3141 4441 3402 4496 diaconus
3427 4441 3558 4494 sub-

1957 4511 2148 4566 scribit
2173 4513 2240 4564 ad
2264 4511 2436 4566 vicem
2467 4509 2803 4574 Hclisachar.
2849 4510 3037 4566 Astitit
3062 4526 3224 4580 porro
3262 4510 3420 4565 beato
3459 4510 3559 4566 Be-

1957 4581 2173 4636 nedicto
2204 4580 2503 4637 Aniancnsi
2548 4582 2730 4638 abbati
2763 4581 3038 4646 morienti,
3077 4593 3136 4637 ut
3181 4583 3238 4638 in
3285 4580 3405 4650 ejus
3433 4582 3557 4641 Vita

1962 4653 2129 4708 tradit
2158 4651 2510 4723 Smarag'lus.

2035 4739 2058 4763 ιι
2093 4721 2482 4778 Absolutionem
2525 4723 2843 4785 discedendi,
2892 4725 2945 4782 id
2985 4734 3088 4790 est,
3138 4721 3413 4778 licentiam
3454 4723 3554 4780 ab-

1964 4796 2144 4867 eundi.
2181 4795 2510 4850 Absolvendi
2547 4797 2690 4850 enim
2732 4795 2894 4852 verbo
2926 4813 3024 4867 per
3067 4811 3162 4850 eas
3203 4803 3556 4867 tempestates

1962 4865 2254 4938 utebantur
2283 4881 2382 4936 pro
2416 4882 2480 4922 eo
2513 4867 2654 4938 quod
2683 4867 2861 4938 Latini
2909 4865 3156 4923 dicerent
3195 4865 3374 4922 facere
3407 4875 3560 4936 pote-

1963 4945 2159 5010 statem
2186 4937 2516 4994 discedendi.
2533 4937 2748 5010 ’Veluli,
2773 4937 3048 5010 Absofpere
3073 4937 3291 5010 legatos.

2035 5009 2062 5049 ι)
2113 5007 2441 5082 Baptismum
2503 5007 3068 5082 postulanlea._Servi
3119 5007 3374 5066 nimirum
3437 5009 3557 5082 sive

1962 5079 2229 5148 mancipia
2254 5079 2585 5146 Judmoru‘m,
2607 5081 2698 5151 qui
2719 5079 2888 5135 Judaei
2910 5088 3091 5136 tamen
3121 5097 3229 5137 non
3255 5089 3433 5147 erant,
3456 5080 3553 5137 sed

1962 5152 2176 5222 pagani.
2211 5151 2276 5206 l-li
2301 5168 2426 5223 ergo
2453 5169 2574 5207 cum
2599 5159 2946 5225 versarentur
2965 5151 3208 5225 Lugduni
3243 5151 3382 5225 inter
3404 5151 3557 5207 Cbri-
3645 5197 3652 5204 .

1962 5225 2190 5286 stianos,
2223 5239 2509 5293 moresque
2532 5239 2718 5279 eorum
2741 5237 2803 5277 ac
2827 5223 3138 5295 religionem
3166 5223 3552 5295 approbarent,

1963 5295 2032 5366 ad
2083 5295 2372 5350 ecclesiam
2412 5295 2764 5366 accedebant,
2821 5293 3146 5366 baptismum
3193 5293 3552 5364 postulantes.

1961 5365 2030 5422 Et
2073 5368 2516 5424 contradiccbant
2556 5364 2747 5437 Judaei,
2795 5381 2872 5437 ne
2893 5362 3555 5437 'man’cipia'amitterent,

1961 5453 2082 5508 quas
2115 5437 2218 5494 illis
2246 5439 2422 5508 pretio
2446 5436 2820 5508 constiterant.
2854 5436 2962 5494 Sed
2999 5435 3234 5508 pretium
3263 5435 3556 5506 emptionis

1961 5499 2119 5564 offert
2139 5499 2474 5580 Agobardus,
2497 5507 2650 5580 juxta
2673 5522 2931 5580 canones,
2956 5499 3118 5565 modo
3141 5499 3302 5580 liceat
3325 5499 3419 5563 eos
3438 5521 3558 5562 ser-

1962 5597 2062 5638 vos
2116 5579 2297 5636 facere
2345 5579 2702 5634 Christianos.
2749 5579 2894 5637 Sane
2943 5581 3118 5637 malus
3165 5579 3379 5635 animus
3433 5591 3558 5635 esse

1963 5660 2179 5723 poterat
2195 5653 2249 5705 in
2267 5651 2438 5723 servis
2454 5649 2589 5723 illis;
2613 5651 2726 5720 qui,
2743 5653 2868 5722 utin
2889 5650 3556 5723 libertatemgvindicaren-

1966 5719 2073 5788 iur,
2118 5722 2479 5778 Christianam
2516 5719 2684 5794 tidem
2727 5719 2980 5794 amplecti
3019 5721 3285 5794 seﬁvelleg
3309 5719 3556 5794 fortassis

1967 5793 2294 5866 simulabant
2317 5811 2330 5866 ς
2365 5809 2492 5850 nam
2512 5793 2630 5866 lege
2649 5791 2870 5852 cautum
2885 5801 3031 5866 erat,
3067 5793 3150 5849 Ne
3174 5791 3382 5866 htde
3403 5809 3557 5866 inan-

1964 5864 2101 5935 cipt'a
2124 5863 2420 5924 deserviant
2442 5866 2518 5924 vel
2537 5861 2846 5924 adherant
2869 5863 3196 5932 Christiana,
3215 5861 3298 5922 uti
3317 5863 3557 5920 diximus
