4088 6344
499 382 605 447 111

1493 381 1553 438 S.
1594 374 1944 439 AGOBARDl
1983 368 2291 433 EPISCOPI
2322 368 2812 435 LUGDUNENSIS

3678 366 3784 430 112

498 516 571 560 ac
594 506 760 575 potus
783 514 895 556 non
922 495 1100 555 solum
1127 495 1183 552 in
1209 495 1427 553 diversa
1452 493 1660 568 ﬂagitia
1694 507 1973 559 corruere,
2002 506 2095 547 ve-
2121 494 2175 554 Α
2198 490 2447 563 ticipium
2468 533 2483 559 ,
2518 492 2854 548 consortium
2878 487 3120 558 bibendi,
3165 486 3448 547 habitandi
3491 490 3784 547 contuber-

499 609 626 650 rum
644 592 813 651 etiam
838 589 963 647 ﬁdei
990 588 1294 662 periculum
1335 589 1641 656 sustinere;
1690 588 1820 643 dum
1844 601 1912 642 ex
1938 584 2097 642 fami-

499 680 745 744 liaritate
776 685 947 743 nimia
995 691 1051 741 et
1104 683 1325 741 assidua
1359 682 1782 746 cohabitatione,
1815 678 1982 750 aliqui
2028 678 2096 734 de

497 794 665 853 grege
688 777 1001 836 Christiano
1028 776 1318 833 sabbatum
1337 775 1557 847 quidem
1607 788 1731 829 cum
1777 770 1976 828 Iudaeis
2002 784 2096 826 co-

496 867 642 937 lunt,
673 869 819 925 diem
855 882 989 924 vero
1017 866 1359 923 Dominicam
1394 864 1585 922 illicita
1624 863 1939 936 operatione
1985 862 2097 918 vio-

496 958 642 1028 lant;
684 975 786 1017 nec
809 957 963 1033 [non]
996 967 1054 1014 et
1066 956 1276 1028 jejunia
1305 964 1510 1012 statuta
1539 953 1871 1020 dissolvunt;
1905 953 2093 1024 pleras-

496 1069 605 1127 que
630 1053 982 1119 mulierculae,
1014 1051 1336 1107 ancillarum
1359 1050 1503 1122 jure,
1538 1048 1657 1104 aliae
1679 1048 1748 1103 ab
1773 1046 1906 1117 ipsis
1945 1046 2094 1101 velut

500 1142 859 1201 mercenaria:
915 1142 1269 1207 detinentur;
1312 1138 1585 1195 nonnullae
1628 1138 1796 1194 etiam
1850 1152 2095 1193 corrum-

497 1246 741 1307 puntur;
806 1251 999 1292 omnes
1035 1250 1169 1291 vero
1232 1232 1540 1302 huiusmodi
1583 1231 1663 1287 vel
1699 1231 2090 1299 dominationi,

498 1325 584 1382 vel
615 1326 848 1390 libidini,
877 1326 965 1381 vel
990 1325 1296 1395 deceptioni
1344 1339 1533 1381 eorum
1574 1322 1628 1378 in
1648 1338 1945 1379 commune
1969 1338 2095 1393 pro-

501 1420 843 1482 stituuntur;
884 1418 1253 1473 adnitentibus
1284 1416 1339 1471 in
1372 1416 1477 1471 hoc
1502 1415 1680 1486 ipsum
1710 1414 1907 1471 diaboli
1945 1415 2092 1482 ﬁliis,

495 1508 621 1562 odio
646 1507 989 1572 siIbJolo,'et
1043 1505 1327 1563 fallacibus
1372 1505 1787 1573 blandimentis;
1863 1505 1990 1560 dum
2036 1520 2095 1562 se

496 1612 521 1640 ει
541 1601 979 1671 patriarcharum
1007 1601 1346 1671 progeniem,
1358 1599 1631 1670 justorum
1647 1612 1838 1668 genus,
1854 1597 2093 1668 prophe-

497 1697 676 1744 tarum
714 1689 954 1745 sobolem
983 1690 1217 1761 superbo
1241 1703 1337 1744 ore
1377 1687 1807 1758 proloquuntur;
1838 1686 2094 1759 ignoran-

496 1782 644 1838 tibus
687 1784 922 1849 miseris,
977 1783 1069 1855 qui
1122 1784 1241 1838 haec
1293 1782 1540 1847 audiunt,
1569 1780 1714 1853 quod
1771 1780 1874 1851 ipsi
1901 1796 2090 1836 eorum

2199 585 2352 642 nium
2370 585 2573 642 habere
2599 593 2933 657 praesumant
2963 599 2979 639 :
3005 600 3076 640 ne
3100 584 3201 638 sub
3218 590 3487 655 praetextu
3508 582 3785 640 societatis

2198 678 2359 750 hujus
2377 695 2410 736 a
2430 679 2777 752 simplicitate
2804 678 3021 751 quidem
3061 676 3387 733 Christianae
3413 676 3540 732 ﬁdei
3568 676 3785 733 exorbi-

2198 780 2334 840 tent,
2360 771 2600 829 Judaicis
2627 788 2757 829 vero
2785 770 2984 829 fabulis
3006 771 3369 838 attendentes,
3398 770 3785 827 inextricabili-

2195 861 2299 920 bus
2324 878 2575 920 errorum
2595 863 2804 935 laqueis
2828 862 3205 936 implicentur;
3235 878 3466 935 cumque
3490 878 3590 919 nos
3614 864 3786 919 nemi-

2196 971 2322 1012 nem
2364 956 2578 1013 illorum
2619 952 2960 1013 humanitate
3011 964 3162 1012 tanta
3197 965 3253 1013 et
3290 956 3646 1030 benignitate,
3680 973 3787 1029 qua

2196 1061 2326 1118 erga
2350 1063 2446 1104 eos
2474 1048 2698 1112 utimur,
2727 1048 2795 1104 ad
2817 1047 3122 1120 spiritalem
3148 1047 3274 1104 ﬁdei
3298 1056 3500 1105 nostrae
3530 1050 3788 1108 virtutem

2195 1132 2794 1205 valeamus'adducere,
2834 1155 2962 1212 pars
2986 1141 3168 1211 aliqua
3208 1157 3277 1197 ex
3300 1142 3524 1208 nostris,
3555 1142 3683 1197 dum
3725 1142 3790 1198 li-

2194 1231 2399 1285 benter,
2415 1231 2726 1288 carnalibus
2747 1247 2937 1289 eorum
2959 1233 3197 1290 victibus
3216 1234 3604 1301 communicat,
3627 1235 3792 1306 spiri-

2197 1321 2395 1378 talibus
2431 1323 2604 1394 epulis
2638 1325 2907 1395 capiatur.
2959 1326 3112 1383 Hanc
3169 1328 3372 1383 etenim
3408 1327 3605 1383 divinae
3656 1327 3792 1395 legis

2195 1412 2589 1482 providentiam
2611 1414 2802 1470 Patres
2822 1414 2995 1470 nostri
3017 1415 3281 1472 institutis
3301 1417 3580 1474 canonicis
3601 1417 3793 1473 viden-

2198 1511 2288 1559 tur
2308 1520 2429 1561 esse
2454 1508 2656 1573 secuti;
2689 1522 2919 1577 quorum
2948 1524 3048 1564 nos
3096 1509 3408 1581 praeceptis,
3442 1510 3495 1564 in
3522 1518 3791 1580 quantum

2193 1595 2499 1665 potuimus,
2531 1597 2743 1654 devotis
2788 1599 2984 1655 animis
3032 1600 3278 1657 obsecuti
3314 1616 3531 1668 sumus;
3565 1602 3789 1672 pericu-

2195 1686 2306 1742 lum
2355 1688 2562 1745 scilicet
2617 1691 2921 1747 animarum
2956 1707 3078 1763 quae
3123 1692 3282 1749 nobis
3331 1693 3641 1751 commissa:
3664 1701 3796 1751 sunt

2192 1782 2662 1850 pertimescentes,
2708 1795 2764 1840 et
2813 1800 3001 1841 earum
3038 1786 3065 1826 δ
3108 1787 3427 1860 sanguinem
3472 1788 3539 1845 de
3586 1788 3794 1846 nostris

494 1875 773 1944 prophetae
796 1883 1013 1945 gentem
1051 1872 1431 1943 peccatricem,
1458 1872 1715 1943 populum
1742 1887 1962 1944 gravem
1991 1872 2095 1927 ini-
2122 1856 2170 1915 Β
2198 1874 2453 1931 manibus
2474 1875 2527 1929 in
2556 1875 2739 1932 divino
2764 1877 3155 1948 exquirendum
3176 1856 3385 1948 judicio
3406 1878 3790 1938 formidantes.

494 1964 728 2036 quitate,
760 1979 946 2020 semen
984 1979 1242 2034 nequam,
1305 1962 1445 2019 ﬁlios
1498 1963 1826 2031 sceleratos,
1881 1972 2097 2034 patrem

496 2058 742 2127 ipsorum
768 2057 1171 2121 Amorrhaaum,
1212 2064 1444 2111 matrem
1474 2054 1780 2123 Cethaeam,
1834 2055 2101 2112 Sodomo-

489 2164 614 2204 rum
663 2150 978 2220 principes,
1026 2159 1080 2203 et
1110 2147 1431 2204 Gomorrhte
1461 2149 1720 2220 populum
1757 2149 1971 2205 soleant
2004 2165 2099 2220 ap-

489 2242 719 2314 pellare.
747 2241 855 2297 Sed
881 2250 937 2296 et
965 2240 1094 2296 illud
1116 2232 1322 2324 pariter
1353 2242 1746 2308 nescientibus,
1784 2244 1928 2313 quod
1959 2258 2098 2314 prae-

497 2349 695 2391 cursor
725 2334 939 2389 Domini
961 2334 1200 2391 Joannes
1240 2335 1514 2408 genimiua
1540 2352 1636 2392 eos
1664 2338 1865 2393 dixerit
1890 2339 2100 2408 vipera-

494 2440 640 2493 rum,
672 2437 728 2483 et
753 2428 868 2499 ipse
896 2427 1161 2484 Dominus
1202 2428 1520 2499 frequenter
1564 2428 1687 2485 illos
1709 2446 1853 2486 nunc
1877 2446 2099 2500 serpen-

489 2524 597 2586 tes,
627 2534 773 2575 nunc
801 2521 1209 2591 generationem
1240 2521 1458 2587 malam,
1486 2537 1732 2591 pravam,
1766 2512 2095 2593 perversam

491 2618 659 2682 atque
694 2611 1016 2675 adulteram,
1031 2614 1307 2669 vocitarit.
1340 2613 1497 2670 Unde
1520 2622 1576 2669 et
1600 2615 1655 2670 in
1689 2624 1899 2670 tantum
1945 2630 2097 2671 erro-

485 2708 570 2767 ris
594 2709 822 2784 pelagus
864 2710 1132 2778 nonnulli
1154 2726 1223 2766 ex
1266 2710 1581 2782 vulgaribus
1612 2726 1678 2766 ac
1722 2711 1947 2767 rusticis
1993 2711 2092 2766 ab-

486 2798 784 2868 ducuntur,
826 2811 888 2858 ut
924 2803 1069 2859 hunc
1109 2802 1284 2860 solum
1326 2805 1425 2859 Dei
1455 2820 1580 2860 esse
1616 2804 1897 2876 populum,
1950 2806 2092 2877 apud

485 2890 594 2950 hos
622 2892 729 2964 pie
756 2891 1040 2964 religionis
1083 2893 1515 2961 observantiam,
1553 2911 1620 2951 ac
1670 2895 1841 2951 multo
1894 2896 2093 2952 certio~

489 2999 633 3051 rem,
672 3000 839 3057 quam
861 2993 1049 3041 nostra
1073 2985 1168 3053 sit,
1210 2984 1396 3053 ﬁdem,
1421 2993 1479 3041 et
1496 2986 1723 3042 seducto
1749 2986 2096 3057 suspicentur

486 3077 694 3144 animo,
753 3084 811 3135 et
857 3091 955 3134 ore
988 3077 1153 3150 impio
1204 3078 1351 3135 inter
1396 3093 1560 3151 pares
1585 3087 1642 3135 et
1671 3079 1986 3136 consimiles
2013 3078 2095 3135 fa-

496 3175 739 3228 teantur.

561 3262 721 3331 Quod
739 3263 941 3320 malum
969 3277 1096 3320 cum
1137 3263 1380 3335 inplebe
1423 3262 1585 3318 nobis
1610 3262 1906 3319 commissa
1935 3260 2090 3318 vide—
2118 3234 2164 3300 (ἶ

487 3368 677 3429 remus
703 3369 1048 3422 excrescere,
1073 3363 1236 3428 atque
1265 3354 1322 3411 in
1357 3353 1476 3411 dies
1513 3353 1758 3426 singulos
1816 3354 1932 3425 ipsa
1974 3351 2092 3423 jam

483 3446 886 3503 consuetudine
913 3446 1228 3519 propagari,
1271 3444 1580 3502 studuimus
1622 3460 1725 3516 pro
1750 3445 1958 3503 viribus
2013 3445 2094 3500 la-

485 3538 607 3610 psis
642 3552 866 3595 manum
918 3539 1222 3609 porrigere,
1255 3548 1312 3595 et
1338 3546 1591 3594 errantes
1614 3538 1830 3595 animos
1858 3538 1926 3594 ad
1953 3538 2094 3595 veri-

485 3630 620 3686 tatis
639 3629 840 3687 lineam
859 3646 1120 3687 revocare
1148 3651 1161 3685 :
1185 3646 1400 3703 :equum
1423 3631 1710 3687 credentes
1729 3639 1791 3686 ut
1815 3631 2092 3703 quomodo

483 3720 623 3795 ipsis
649 3723 926 3794 quondam
962 3723 1048 3779 lex
1076 3723 1176 3780 Dei
1217 3724 1570 3796 praecipiebat
1593 3740 1661 3781 ne
1687 3741 1811 3781 cum
1834 3725 2089 3797 gentibus

481 3815 899 3872 matrimonium
955 3816 1294 3888 copularent,
1345 3833 1483 3873 neve
1521 3833 1646 3874 cum
1684 3818 1766 3873 eis
1787 3832 2090 3874 commune

484 3907 799 3964 convivium
821 3908 1189 3975 celebrarent,
1241 3924 1312 3965 ne
1356 3909 1613 3967 videlicet
1656 3927 1757 3984 per
1808 3910 2088 3968 consortia

483 3999 804 4071 nuptiarum
832 4011 887 4055 et
916 4001 1356 4065 communionem
1403 4002 1649 4058 ciborum
1676 4018 1708 4058 a
1735 4002 1920 4059 divino
1964 4002 2089 4073 qui-

485 4090 614 4149 dem
641 4091 793 4148 cultu
814 4092 1138 4161 deﬁcerent,
1164 4094 1489 4152 idololatria:
1509 4104 1691 4152 autem
1712 4096 1845 4168 jugo
1868 4096 2090 4153 liberta-

484 4190 602 4241 tem
629 4184 801 4242 animi
827 4185 1189 4255 inclinarent;
1233 4188 1311 4243 ita
1346 4204 1492 4245 nunc
1518 4197 1577 4246 et
1627 4199 1816 4247 noster
1862 4189 2091 4261 populus

482 4274 825 4347 inhibeatur,
850 4292 922 4333 ne
941 4292 1065 4333 cum
1100 4275 1304 4335 Iudaeis
1341 4278 1653 4337 inﬁdelibus
1671 4280 1927 4337 vescendi
1954 4295 2083 4351 par-

2201 1963 2573 2022 Teutaverunt
2611 1983 2775 2039 porro
2826 1970 3044 2039 quidam
3081 1972 3278 2038 missi,
3333 1981 3391 2028 et
3437 1982 3460 2011 °
3512 1972 3795 2030 Evrardus

2196 2060 2453 2127 maxime,
2481 2061 2573 2131 qui
2599 2059 2911 2119 Iudaeorum
2940 2080 3087 2121 nunc
3109 2065 3374 2137 magister
3422 2074 3525 2133 est,
3566 2067 3794 2140 religio-

2198 2171 2319 2211 sum
2346 2157 2447 2212 hoc
2473 2172 2612 2228 opus
2658 2169 2906 2219 nostrum
2967 2162 3270 2231 destruere,
3305 2179 3371 2221 ac
3415 2166 3517 2221 sub
3560 2166 3793 2222 obtentu

2197 2245 2502 2302 edictorum
2535 2248 2897 2320 imperialium
2945 2251 3298 2311 labefactare.
3330 2253 3538 2324 Quibus
3565 2271 3667 2313 nos
3697 2273 3795 2314 ue-

2198 2353 2305 2408 que
2330 2340 2397 2395 ad
2427 2342 2617 2397 horam
2642 2344 2938 2411 cessimus,
2968 2354 3029 2401 ut
3058 2347 3253 2404 divinae
3284 2348 3425 2418 legis
3446 2348 3654 2405 veritas
3680 2391 3696 2416 ,
3739 2360 3797 2406 et

2198 2439 2510 2487 sanctorum
2540 2434 2765 2491 Patrum
2789 2436 3108 2495 constitutio
3149 2441 3477 2507 veneranda,
3526 2441 3795 2499 immobili

2198 2522 2342 2594 apud
2372 2540 2474 2580 nos
2518 2534 2685 2597 atque
2714 2528 3032 2586 inconvulsa
3079 2532 3462 2590 observatione
3508 2534 3793 2605 perduret.

2197 2612 2309 2671 Nec
2347 2632 2476 2692 vero
2505 2626 2615 2673 tam
2646 2620 2904 2678 feralibus
2937 2620 3109 2692 jussis
3154 2625 3273 2681 ausi
3325 2640 3514 2683 sumus
3542 2628 3798 2698 acquies-

2197 2722 2342 2774 cere,
2366 2717 2462 2764 aut
2492 2710 2963 2782 religiosissimum
2985 2731 3050 2772 ac
3077 2716 3190 2774 Deo
3219 2718 3444 2791 dignum
3480 2721 3796 2793 principem

2197 2798 2476 2869 quidpiam
2500 2800 2698 2858 divinae
2736 2803 2839 2876 legi
2865 2806 3225 2875 contrarium,
3277 2809 3448 2864 sacris
3490 2811 3800 2869 canonibus

2198 2891 2507 2959 adversum,
2539 2894 2699 2951 saluti
2732 2896 2990 2955 Ecclesia:
3010 2899 3399 2969 periculosum,
3441 2904 3668 2961 credere
3690 2920 3797 2977 po-

2198 2983 2404 3040 tuimus
2427 2988 2784 3059 prazcepisse;
2832 2989 2987 3060 cujus
3031 2992 3101 3048 ad
3146 2993 3251 3050 hoc
3292 3010 3508 3067 semper
3544 2996 3800 3071 invigilat

2197 3072 2375 3133 ﬁdelis
2420 3077 2687 3135 industria
2737 3088 2793 3135 et
2839 3082 3013 3151 pietas
3047 3084 3400 3153 admiranda,
3446 3097 3507 3143 ut
3555 3087 3642 3144 lex
3696 3088 3800 3146 Dei

2198 3167 2401 3238 ubique
2440 3179 2728 3241 servetur,
2791 3181 2852 3228 ut
2901 3175 3160 3231 canonica
3225 3172 3473 3234 instituta
3525 3189 3795 3250 perpetua

2198 3258 2417 3331 vigeant
2452 3260 2710 3318 ﬁrmitate
2731 3305 2747 3331 ,
2791 3272 2854 3319 ut
2889 3266 3037 3323 salus
3076 3283 3140 3325 ac
3169 3269 3344 3326 virtus
3380 3270 3640 3328 Ecclesia
3680 3281 3797 3330 toto

2197 3358 2475 3409 terrarum
2524 3354 2655 3411 orbe
2702 3355 2991 3426 gloriosius
3037 3358 3095 3414 in
3151 3361 3266 3419 dies
3311 3363 3553 3435 singulos
3590 3380 3797 3422 conva-

2196 3443 2386 3502 lescat.
3489 3524 3492 3526 γ

2272 3535 2423 3593 Unde
2449 3545 2508 3593 et
2551 3544 2632 3605 tu,
2659 3537 2824 3594 Pater
2851 3541 3188 3611 beatissime,
3217 3544 3323 3614 qui.
3347 3544 3599 3601 columna
3645 3561 3797 3607 nunc

2197 3629 2255 3686 in
2276 3630 2530 3686 omnibus
2552 3640 2607 3687 et
2633 3631 3037 3690 ﬁrmamentum
3068 3636 3261 3691 domus
3289 3635 3384 3691 Dei
3411 3638 3676 3705 crederis,
3709 3651 3797 3695 sta

2199 3737 2363 3793 super
2389 3731 2600 3794 petram
2626 3724 3014 3782 ecclesiasticae
3032 3728 3447 3794 observationis,
3474 3729 3796 3800 immobilis,

2197 3812 2526 3885 intrepidus,
2584 3814 2964 3884 inconcussus,
3015 3816 3416 3889 ﬁoccipendeus
3464 3819 3798 3878 adversaria:

2197 3905 2540 3975 tempestatis
2564 3915 2775 3972 ventos,
2810 3907 3034 3974 imbres,
3071 3924 3135 3964 ac
3159 3906 3411 3974 ﬁumina;
3443 3924 3564 3979 qua:
3596 3911 3798 3966 funda-

2198 4004 2383 4052 mento
2404 3997 2621 4066 quidem
2651 3998 2843 4054 domus
2872 3998 2968 4053 Dei
3012 3997 3145 4054 illidi
3175 4006 3422 4068 possunt,
3453 3998 3627 4070 ipsam
3662 4013 3797 4056 vero

2201 4092 2467 4147 subruere
2493 4108 2600 4148 non
2616 4102 2874 4162 possunt:
2900 4092 3027 4162 quia
3049 4107 3150 4148 nec
3176 4099 3350 4163 porta'.
3371 4090 3576 4148 inferid
3599 4092 3799 4148 adver-

2200 4199 2296 4240 sus
2320 4197 2441 4239 eam
2464 4182 2761 4255 praevalere
2786 4191 3011 4254 queunt.
3043 4181 3311 4250 Scientes,
3366 4183 3570 4255 itaque,
3628 4181 3799 4238 Pater

2199 4277 2549 4345 venerabilis,
2576 4291 2766 4335 omnes
2792 4276 2886 4348 qui
2909 4276 3009 4332 sub
3039 4274 3157 4348 lege
3180 4284 3338 4343 sunt,
3371 4275 3474 4332 sub
3502 4274 3798 4331 maledicto

1893 4392 2026 4448 BAL
2036 4391 2166 4449 UZlI
2205 4389 2439 4448 NOTAE.

481 4506 622 4587 adeo
648 4512 843 4587 aperte
864 4504 1191 4587 sententiam
1214 4520 1370 4562 suam
1408 4506 1704 4587 prompsit,
1741 4512 1803 4587 ut
1841 4505 2088 4561 divinan-
2111 4507 2166 4567 D
2192 4503 2580 4587 subﬁregorio
2599 4501 2670 4569 X,
2694 4502 3260 4587 Romanuspontifexh
3288 4478 3539 4587 vocatur.
3559 4518 3796 4587 sponsus

482 4578 614 4635 dum
635 4576 745 4633 non
779 4577 851 4633 sit
870 4577 1000 4647 quid
1023 4577 1079 4631 in
1106 4577 1211 4632 hac
1232 4592 1396 4633 causa
1409 4576 1679 4633 senserit.
1701 4596 1719 4627 ι
1738 4576 2084 4632 Ascensurus

481 4648 542 4718 in
577 4647 808 4718 coelum,
839 4649 1038 4718 inquit,
1068 4648 1241 4718 ipsam
1268 4664 1458 4704 rursus
1484 4648 1786 4704 Ecclesiam
1808 4662 2086 4703 commen-

482 4715 655 4801 davit.
690 4715 935 4801 Sponsus
981 4715 1347 4801 profecturus,
1385 4734 1641 4801 sponsam
1695 4734 1849 4801 suam
1896 4718 2085 4775 amicis

480 4790 599 4847 suis
620 4790 1059 4846 commendavit:
1093 4806 1201 4845 non
1235 4799 1296 4845 ut
1340 4798 1485 4846 amet
1511 4790 1745 4859 aliquem
1799 4790 2042 4859 ipsorum
2065 4829 2081 4854 ,

479 4860 781 4933 Sediipsum
839 4869 1095 4933 tanquam
1128 4877 1408 4933 sponsum,
1436 4861 1557 4933 illos
1587 4869 1850 4933 tanquam
1896 4859 2083 4930 sponsi

482 4930 694 4989 amicos
715 4972 731 4998 ,
776 4938 833 4987 et
872 4930 977 4988 non
1007 4948 1130 4988 eam
1156 4930 1449 4988 admittant
1501 4930 1704 4986 lascivo
1733 4944 1917 4985 amore
1962 4944 2087 4986 cor-

484 5004 691 5073 rumpi.
722 5022 741 5056 ι
767 4999 907 5060 Hinc
940 5002 1145 5060 factum
1166 5011 1227 5058 ut
1251 5003 1362 5058 Leo
1395 4998 1761 5073 IXLpontit‘er
1784 4999 2083 5073 Romanus,

481 5070 733 5133 scribens
762 5075 831 5130 ad
873 5075 1174 5132 Robertum
1204 5074 1459 5128 abbatem
1487 5070 1765 5128 Casze-Dei
1801 5072 1858 5127 in
1885 5072 2087 5128 Arver-

482 5145 592 5211 nis,
623 5146 824 5203 dixerit
851 5145 1129 5204 Christum
1178 5159 1298 5205 esse
1344 5158 1535 5198 verum
1582 5149 1638 5199 et
1667 5157 1835 5199 unum
1881 5150 2086 5200 sancta:

482 5215 742 5290 Ecclesiae
774 5232 1058 5290 rsponsum.
1089 5215 1337 5290 Denique
1364 5224 1584 5290 sanctus
1606 5213 1932 5290 Dernardus
1968 5215 2086 5272 haec

483 5286 555 5344 ad
581 5285 882 5361 Eugenium
902 5288 970 5346 Ill
996 5286 1214 5361 scripsit
1240 5286 1294 5341 in
1316 5285 1562 5361 epistola
1599 5285 1738 5341 257:
1769 5305 1789 5338 ‹
1827 5287 2087 5361 Superest

484 5366 548 5415 ut
573 5357 713 5418 facta
770 5361 876 5417 hac
922 5357 1377 5429 mutationegtui,
1424 5358 1541 5428 ipsa
1572 5372 1790 5429 quoque
1837 5374 1968 5429 quae
1987 5358 2086 5413 tibi

486 5432 781 5489 commissa
806 5439 894 5488 est
919 5428 1136 5485 Domini
1168 5427 1247 5482 tui
1275 5427 1472 5498 sponsa
1498 5427 1738 5484 mutetur
1779 5427 1834 5482 in
1857 5427 2082 5494 melius,

483 5508 542 5559 et
567 5501 682 5574 jam
700 5513 1052 5574 nequaquam
1074 5498 1252 5574 Sarai,
1277 5500 1377 5574 sed
1397 5498 1543 5574 Sara
1556 5500 1640 5574 Ade
1667 5508 1867 5574 cgetero
1911 5499 2086 5574 nomi-

485 5569 667 5628 netur.
693 5569 938 5642 Intellige
954 5585 1077 5642 qua}
1105 5569 1245 5624 dico.
1277 5569 1437 5642 Dabit
1481 5570 1627 5626 enim
1677 5570 1775 5642 tibi
1825 5569 2087 5642 Dominus

486 5642 845 5712 intellectum.
872 5638 933 5699 Si
957 5638 1166 5698 amicus
1189 5638 1373 5712 sponsi
1391 5656 1478 5712 es,
1507 5657 1575 5697 ne
1601 5641 1805 5712 dixeris
1832 5640 2085 5712 dilectam

485 5711 607 5784 ejus
629 5714 931 5786 principem
960 5710 1300 5786 Ameam,_s’ed
1320 5711 1642 5786 principem,
1664 5711 1799 5768 nihil
1829 5721 1998 5786 _tuum
2030 5710 2084 5765 in

488 5782 553 5840 ea
575 5782 892 5850 vindicans,
917 5784 1022 5840 nisi
1057 5782 1203 5856 quod
1248 5782 1350 5855 pro
1377 5798 1463 5856 ea,
1490 5782 1534 5839 si
1566 5783 1890 5856 oportuerit,
1917 5785 2083 5856 etiam

487 5857 732 5922 animam
758 5856 889 5920 dare
918 5853 1104 5923 debes.
1131 5876 1155 5917 ι
1190 5853 1266 5919 ln‘
1277 5855 1507 5920 concilio
1529 5864 1713 5921 tamen
1734 5853 2084 5931 Lugdunensi

2191 4573 2478 4639 Ecclesiae;
2512 4575 2566 4629 in
2598 4590 2719 4645 cap.
2749 4573 2849 4628 Ubi
2872 4573 3184 4645 periculum.
3214 4574 3292 4629 De
3324 4573 3494 4629 Elect.
3518 4573 3791 4631 in’Sexlo.

2263 4658 2290 4687 α
2332 4644 2777 4717 Patriarchajum
2803 4644 3122 4717 progeniem.
3153 4645 3289 4703 Vide
3312 4661 3433 4717 quae
3454 4645 3693 4703 diximus
3721 4645 3795 4704 ad

2190 4716 2393 4773 librum
2422 4715 2497 4771 De
2524 4714 2814 4772 lnsolentia
2841 4714 3174 4771 Judaaorum.

2261 4788 2291 4827 ι)
2328 4785 2651 4859 Sanguinem
2677 4786 2741 4840 de
2770 4788 2964 4859 nostris
3012 4787 3274 4842 manibus.
3318 4786 3507 4859 Timet
3541 4786 3795 4859 Agobar-

2190 4859 2310 4931 dus,
2339 4871 2407 4931 ne
2434 4856 2478 4913 si
2508 4856 2813 4912 animarum
2859 4857 2962 4913 sibi
3000 4859 3415 4931 commissarum
3439 4856 3684 4931 “vigiliam
3723 4875 3794 4931 ac

2190 4928 2481 4986 sollicitam
2521 4943 2709 4984 curam
2751 4944 2860 4984 non
2896 4937 3069 5001 gerat,
3109 4929 3155 4985 si
3198 4931 3269 4986 ob
3304 4928 3565 5001 desidiam
3612 4929 3792 5001 negli-

2190 5001 2533 5074 gentiamque
2561 5014 2717 5074 suam
2768 5000 3036 5074 pereant,
3065 5014 3269 5074 earum
3304 5000 3795 5074 perditionem’de

2190 5070 2354 5128 manu
2380 5071 2497 5142 ejus
2522 5071 2767 5143 requirat
2802 5071 2947 5143 Deus
2971 5072 3026 5143 in
3056 5071 3262 5143 judicio
3286 5071 3491 5128 divino.
3521 5070 3658 5127 Vide
3692 5086 3796 5128 uo-

2188 5152 2275 5198 tas
2304 5143 2373 5198 ad
2395 5141 2678 5214 epistolam
2704 5141 2773 5197 79
2799 5141 2937 5269 Lagi
2964 5141 3352 5200 Ferrariensis.

2264 5225 2287 5254 ο
2324 5212 2629 5269 Evrardus.‘
2647 5213 2848 5269 missus
2909 5215 3197 5269 ominicus.
3243 5213 3352 5269 Vidl

2264 5225 2287 5254 ο
2324 5212 2629 5278 Evrizrdus,‘
2647 5213 2848 5269 missus
2873 5212 3197 5271 dominicus.
3243 5213 3379 5270 Vide
3422 5222 3582 5270 notas
3618 5212 3689 5269 ad
3731 5212 3797 5269 li-

2188 5284 2362 5357 brum,
2379 5284 2445 5357 de
2472 5284 2745 5355 baptismo
2772 5283 3133 5357 Iudaicarum
3150 5284 3568 5357 mancipiorum.

2262 5357 2290 5397 «ι
2328 5356 2591 5410 Adversus
2616 5372 2753 5422 eam,
2796 5356 2850 5411 id
2879 5367 2981 5424 est,
3014 5356 3343 5424 Ecclesium,
3390 5373 3458 5412 ex
3514 5357 3792 5412 sententia

2187 5426 2477 5498 Agobardi,
2510 5426 2603 5498 qui
2626 5427 2721 5498 sic;
2739 5428 3127 5498 interpretatur
3148 5428 3327 5484 locum
3351 5428 3500 5484 illum
3518 5444 3587 5482 ex
3610 5427 3795 5498 Evan—

2189 5444 2477 5551 Agonarct,
2510 5444 2603 5497 qut
2626 5444 2708 5482 suc
2739 5444 3127 5498 interpretatur
3149 5444 3327 5484 locum
3351 5444 3500 5484 tuum
3518 5444 3587 5482 ex
3610 5444 3795 5482 lavan—

2189 5513 2255 5570 ge
2278 5499 2329 5553 io
2373 5497 2611 5553 Matthxi
2639 5515 2651 5551 :
2685 5495 3023 5570 Superbam:
3067 5508 3273 5570 petram
3301 5498 3575 5570 aediﬁcabo
3596 5495 3795 5570 Eccle-

2187 5567 2325 5623 sium
2356 5585 2547 5641 meum,
2579 5578 2630 5623 et
2662 5567 2827 5641 porta
2852 5569 3011 5641 inferi
3034 5567 3137 5625 non
3154 5567 3508 5641 prwvalebunt
3534 5567 3794 5641 adverst

2187 5655 2326 5694 eam.
2359 5639 2520 5711 Varie
2562 5638 2743 5695 autem
2794 5638 3035 5711 jactatus
3062 5638 3272 5698 est'hic
3299 5641 3488 5705 locus;
3534 5639 3664 5695 dum
3694 5638 3792 5693 alii

2189 5724 2313 5765 eum
2343 5708 2584 5781 referunt
2604 5712 2671 5765 ad
2698 5708 2929 5781 petram,
2958 5713 3013 5767 id
3040 5721 3144 5779 est,
3193 5712 3418 5769 Petrum
3466 5719 3522 5770 et
3563 5725 3790 5781 succes-g

2189 5796 2343 5837 seres
2364 5779 2480 5855 ejus
2508 5779 2782 5855 Romanos
2801 5782 3123 5855 pontiﬁces;
3156 5783 3249 5839 alii
3304 5782 3374 5855 ad
3418 5792 3628 5855 petram
3655 5820 3672 5848 ,
3732 5779 3794 5855 id

2188 5860 2295 5928 est,
2327 5848 2405 5913 ad'
2418 5848 2820 5917 confessionem
2865 5854 3036 5921 Petri.
3072 5854 3249 5922 Fuere
3279 5854 3374 5931 qui
3406 5848 3681 5919 referrent
3716 5848 3794 5912 ad
