4088 6344
318 390 423 472 iis

1315 414 1449 473 un.
1488 413 1860 474 anvaasus
1897 392 2138 475 LEGEM
2168 392 2592 480 cauponam.

3493 431 3601 488 ιιι

310 549 458 596 esse,
495 536 553 586 et
579 530 796 587 indutos
817 530 1222 594 maledictione,
1247 529 1390 586 sicut
1407 532 1754 598 vestimento,
1785 547 1907 602 qua:
1933 539 1986 598 Α
2011 544 2066 591 et
2100 539 2169 593 ad
2195 538 2407 596 vicinos
2435 541 2784 613 coepiscopos
2822 557 2888 600 ac
2921 542 3116 600 fratres
3160 545 3601 606 cohortationum

309 629 542 708 intravit
563 629 705 684 sicut
727 643 866 698 aqua
889 629 944 684 in
972 629 1231 684 interiora
1250 641 1462 691 eorum,
1486 634 1542 682 et
1567 627 1709 680 sicut
1728 625 1908 681 oleum

310 723 369 778 in
397 737 526 777 ossa
547 737 756 790 eorum,
787 708 1106 778 maledictos
1123 737 1338 794 quoque
1361 722 1416 776 in
1441 720 1687 784 civitate,
1715 728 1771 775 et
1793 735 1910 774 ma-

308 813 543 869 ledictos
574 815 628 868 in
652 830 806 886 agro,
838 814 1156 871 maledictos
1200 815 1253 869 in
1297 814 1567 886 ingressu,
1604 821 1661 868 et
1684 811 1908 868 maledi-

309 913 432 960 ctos
455 906 511 960 in
537 921 780 976 egressu,
805 906 1149 963 maledictum
1179 906 1417 962 fructum
1441 904 1649 961 ventris
1671 913 1726 961 et
1749 913 1908 961 term

305 1005 366 1052 et
392 1012 651 1067 pecorum
695 1014 905 1063 eorum,
954 999 1238 1055 maledicta
1267 1013 1456 1054 eorum
1495 997 1742 1062 cellaria,
1778 997 1907 1052 hor-

307 1104 431 1155 rea,
461 1090 774 1160 apothecas,
806 1091 957 1145 cibos
981 1098 1039 1145 et
1079 1091 1319 1161 ipsorum
1354 1090 1600 1145 ciborum
1627 1087 1902 1158 reliquias,

308 1195 417 1235 nec
464 1196 626 1252 posse
673 1183 984 1253 quempiam
1037 1197 1226 1237 eorum
1263 1183 1330 1237 ab
1370 1183 1475 1238 hoc
1528 1189 1640 1236 tam
1680 1181 1904 1237 immani

310 1280 539 1343 tamque
564 1274 810 1329 horribili
851 1274 1136 1330 maledicto
1161 1275 1297 1346 legis
1324 1276 1483 1346 eripi,
1514 1275 1619 1330 nisi
1648 1291 1748 1346 per
1779 1290 1903 1331 eum

308 1368 404 1438 qui
430 1383 529 1437 pro
553 1369 708 1424 nobis
738 1367 914 1423 factus
934 1377 1020 1425 est
1043 1369 1414 1425 maledictum.
1447 1368 1638 1424 Sciens
1658 1369 1824 1424 etiam
1846 1369 1902 1424 in

307 1473 407 1514 «ξοδ
434 1459 525 1528 qui
549 1460 993 1528 praedicationem
1039 1462 1389 1532 apostolicam
1412 1461 1607 1517 nolunt
1635 1461 1900 1531 recipere,

309 1565 418 1604 non
461 1551 633 1605 solum
684 1551 830 1606 nullo
859 1567 1048 1607 eorum
1099 1555 1379 1619 utendum,
1422 1554 1516 1608 sed
1541 1562 1596 1609 et
1622 1553 1900 1623 pulverem

307 1641 548 1698 civitatis
578 1645 771 1700 domus
797 1660 986 1700 eorum
1014 1647 1081 1701 de
1110 1649 1340 1718 pedibus
1377 1648 1781 1712 excutiendum,
1815 1663 1902 1704 re-

312 1735 643 1806 missiusque
669 1736 724 1790 in
745 1737 832 1794 die
846 1736 1041 1806 judicii
1064 1738 1314 1795 Sodomae
1328 1748 1385 1795 et
1411 1739 1732 1796 Gomorrhte
1756 1738 1903 1794 futu-

306 1846 434 1886 rum
462 1849 624 1903 quam
647 1834 775 1901 illis,
801 1851 1060 1906 permane
1087 1847 1144 1893 et
1164 1846 1222 1893 tu
1252 1839 1304 1893 in
1332 1839 1530 1894 divinae
1557 1838 1690 1911 legis
1709 1838 1898 1895 obser-

2014 641 2231 688 tuarum
2255 635 2590 690 munimenta
2613 637 2946 703 transmitte,
2974 646 3037 692 ut
3053 638 3172 707 pari
3198 639 3440 694 omnium
3469 656 3606 697 con-

2010 742 2171 783 sensu
2219 737 2276 782 et
2326 728 2512 783 labore
2565 729 2844 784 communi
2899 737 3110 784 tantum
3155 730 3260 786 hoc
3292 730 3496 785 malum
3531 731 3604 789 de

2009 821 2211 878 Christi
2260 820 2519 877 Ecclesiis
2559 819 2859 876 auferatur.
2901 821 3229 892 lmpleamus
3257 819 3444 876 Matris
3491 819 3602 878 Ec-

2007 912 2188 968 clesiae
2215 913 2489 983 gaudium,
2535 928 2702 968 unum
2732 927 2924 968 omnes
2961 911 3206 968 dicentes
3231 953 3247 978 ,
3295 927 3463 967 unum
3511 927 3602 969 sa-

2007 1007 2244 1080 pientes,
2298 1023 2465 1062 unum
2498 1008 2814 1073 sentientes,
2867 1007 2921 1063 id
2949 1016 3053 1073 est,
3087 1015 3364 1063 certamen
3391 1006 3603 1064 baben-

2010 1106 2094 1155 tes
2119 1139 2132 1164 ,
2171 1098 2297 1168 quia
2351 1105 2404 1152 et
2449 1097 2553 1153 hoc
2608 1097 2981 1170 benignissimi
3014 1097 3394 1169 Redemptoris
3423 1095 3602 1153 nostri

2007 1190 2338 1247 desiderium
2379 1205 2502 1246 esse
2538 1191 2914 1262 cognoscimus
2942 1207 2957 1257 ;
2999 1188 3296 1246 secundum
3325 1189 3469 1260 quod
3495 1204 3599 1260 pro

2006 1287 2164 1342 nobis
2198 1285 2416 1340 Patrem
2466 1284 2584 1354 ipse
2614 1293 2890 1355 precatur,
2947 1283 3134 1340 dicens
3185 1300 3198 1336 :
3240 1281 3366 1336 Non
3393 1298 3489 1352 pro
3516 1280 3602 1336 Itis

2002 1389 2180 1435 autem
2211 1395 2332 1449 rogo
2384 1387 2608 1443 tantum,
2657 1377 2746 1432 sed
2793 1385 2841 1431 et
2881 1392 2976 1447 pro
3019 1375 3263 1431 omnibus
3297 1374 3386 1445 qui
3415 1371 3596 1428 credi-

2004 1471 2113 1525 turi
2135 1479 2254 1524 sunt
2275 1485 2368 1540 per
2395 1468 2604 1523 verbum
2643 1484 2826 1523 eorum
2877 1468 2934 1521 in
2975 1482 3058 1522 me
3085 1506 3100 1532 ,
3139 1474 3196 1518 ut
3225 1480 3402 1520 omnes
3435 1479 3602 1518 unum

2003 1561 2145 1626 sint,
2193 1561 2328 1614 sicut
2375 1569 2433 1613 tu
2480 1556 2644 1613 Pater
2672 1558 2726 1613 in
2757 1575 2865 1623 me,
2895 1568 2944 1612 et
2975 1574 3067 1629 ego
3103 1557 3158 1611 in
3203 1564 3251 1610 te
3276 1596 3292 1621 ,
3335 1565 3390 1609 ut
3425 1565 3472 1608 et
3499 1553 3602 1625 ipsi

2001 1652 2060 1705 in
2080 1649 2227 1705 nobis
2263 1665 2424 1703 unum
2455 1649 2579 1704 sint.
2631 1647 2804 1702 Tanta
2848 1661 2979 1702 vero
3007 1647 3162 1702 nobis
3199 1654 3283 1701 est
3335 1645 3402 1700 de
3442 1651 3602 1715 parte

2001 1751 2188 1798 vestra
2213 1741 2433 1807 ﬁducia,
2465 1749 2525 1796 ut
2553 1742 2840 1797 credamus
2861 1755 2996 1812 opus
3032 1740 3137 1796 hoc
3159 1739 3244 1794 vel
3278 1746 3476 1794 conatu
3507 1751 3603 1792 ve-

2001 1844 2119 1892 stro
2146 1842 2434 1900 staturum,
2465 1833 2554 1889 vel
2581 1842 2763 1889 vestra
2784 1874 2799 1898 ,
2843 1833 2988 1903 quod
3035 1831 3182 1887 absit
3207 1873 3222 1897 ,
3277 1829 3602 1886 remissione

302 1926 514 1992 vantia,
550 1927 779 1998 persiste
829 1929 884 1982 in
923 1929 1200 1985 canonicis
1237 1930 1532 1996 institutis,
1595 1940 1720 1987 tene
1765 1947 1902 2001 quos
1930 1941 1978 2002 Β
2006 1928 2306 2001 lapsurum.
2367 1927 2511 1983 Deus
2573 1934 2754 1982 autem
2813 1923 3088 1996 patientiae
3145 1931 3201 1979 et
3261 1922 3442 1979 solatii
3503 1920 3608 1978 det.

296 2027 481 2089 potes,
513 2029 660 2076 terre
682 2026 820 2091 qtios
837 2030 1013 2092 potes,
1030 2023 1141 2078 noli
1161 2022 1363 2088 dicere,
1385 2039 1484 2079 nec
1501 2023 1695 2079 sinatis
1711 2039 1900 2094 quem-

298 2125 470 2181 quam
491 2110 730 2167 ﬁdelium
751 2113 919 2170 tantis
940 2114 1415 2170 maledictionibus
1439 2124 1656 2187 tamque
1680 2117 1902 2171 horren-

299 2199 385 2256 dis
413 2201 854 2260 damnationibus
886 2219 984 2275 per
1009 2206 1420 2262 maledictorum
1469 2215 1525 2262 et
1571 2207 1901 2264 condemna-

300 2302 482 2350 torum
523 2295 752 2366 profana
779 2301 1050 2355 consortia
1077 2301 1502 2358 communicare.
1534 2303 1674 2369 Quin
1713 2303 1898 2372 potius

2002 2022 2159 2078 nobis
2197 2021 2433 2092 idipsum
2491 2035 2684 2090 sapere
2739 2019 2796 2075 in
2849 2019 3172 2074 alterutrum
3214 2057 3229 2083 ,
3297 2015 3598 2073 secundum

2000 2115 2188 2171 Jesum
2237 2113 2515 2170 Christum
2547 2154 2563 2178 ,
2643 2120 2705 2167 ut
2755 2101 3042 2166 unanimes
3099 2124 3209 2164 uno
3269 2123 3365 2164 ore
3425 2108 3598 2162 hono-

1998 2208 2280 2263 riﬁcemus
2309 2205 2481 2262 Deum
2503 2215 2560 2261 et
2584 2205 2806 2260 Patrem
2837 2202 3052 2259 Domini
3081 2201 3256 2258 nostri
3284 2199 3414 2257 Jesu
3440 2198 3598 2256 Chri—

2002 2302 2096 2357 sti.
2124 2300 2316 2356 Amen.

1665 2416 1800 2471 BAL
1810 2415 1944 2473 UZII
1983 2414 2218 2471 NOTAE.

293 2505 623 2581 ﬁeclesiam,
660 2524 821 2578 quam
850 2507 1099 2565 Christus
1149 2510 1393 2565 fundavit
1437 2526 1602 2581 super
1653 2519 1888 2581 petram,

294 2577 345 2632 id
371 2587 477 2640 est,
509 2577 754 2648 super'se
775 2581 968 2648 ipsum.
1001 2581 1158 2637 Petra
1202 2583 1344 2636 enim
1367 2577 1792 2645 erat’Cbri'stus,
1834 2589 1892 2634 ut

292 2649 368 2723 a_it_
391 2649 552 2702 divus
575 2649 772 2723 Paulus
799 2667 863 2723 ni
881 2667 1000 2722 cap.
1029 2670 1056 2706 χ
1082 2653 1334 2723 Epistolae
1374 2653 1562 2723 prima:
1587 2653 1653 2706 ad
1701 2650 1892 2723 Corin-

295 2720 454 2793 t_hio_s.
482 2721 592 2793 Sed
619 2720 1069 2790 Agabartlusnon
1097 2720 1391 2778 dubitabat
1424 2723 1553 2793 quin
1602 2721 1892 2792 promissio

293 2788 492 2844 Christi
522 2788 817 2860 respiceret
845 2793 1162 2859 Ecclesiam,
1214 2788 1477 2848 adversus
1511 2788 1674 2864 quam
1720 2800 1891 2863 portae

1993 2507 2153 2572 inferi
2182 2523 2288 2562 non
2309 2504 2698 2578 praevalebunt.
2725 2500 3442 2578 Quam__interpretationem
3477 2513 3598 2578 am:

2032 2568 2184 2634 lexus
2204 2568 2418 2647 quoque
2447 2568 2790 2647 estJoannes
2819 2575 2940 2630 XXI
2959 2575 3012 2628 in
3035 2568 3262 2647 epistola
3297 2571 3499 2640 scripta
3525 2568 3596 2647 ad

2027 2631 2252 2704 acobum
2283 2631 2462 2717 regem
2503 2646 2901 2714 Majoricarum,
2923 2631 3112 2717 ψιωά
3142 2643 3297 2717 n_obis
3331 2631 3472 2717 anno
3498 2631 3594 2694 sh-

1995 2721 2211 2794 periore
2239 2711 2385 2775 edita
2405 2727 2486 2774 est
2502 2711 2626 2788 post
2643 2724 2799 2772 notas
2821 2717 2891 2771 ad
2919 2711 3129 2788 L’upum
3152 2711 3586 2768 Ferrariensem.

299 2896 3572 2934 W—M

612 3027 918 3153 LIBER
1001 3028 1450 3156 EIUSDEM
1535 3027 1670 3155 ΑΙ)
1757 3027 1889 3154 ΡΒ

1995 3026 2348 3154 FATUM
2433 3021 3188 3152 lMPEBATilllEM
3232 3105 3256 3164 ς

291 3257 710 3320 ADVERSUS
762 3259 1037 3322 LEGEM
1079 3257 1552 3321 GUNDOBADI
1577 3302 1594 3319 .
1626 3257 1730 3317 ET
1763 3254 1993 3318 IMPIA
2022 3254 2494 3320 CERTAMINA
2525 3255 2710 3330 QUIE
2739 3256 2891 3319 PER
2920 3253 3095 3316 EAM
3126 3253 3586 3318 GERUNTUR.

364 3487 407 3544 l.
463 3486 698 3544 Obsecro
741 3483 1240 3557 imperturbabilem
1282 3486 1749 3543 mansuetudinem
1793 3502 1887 3542 vo-

289 3591 488 3645 stram,
518 3589 574 3635 et
603 3579 1104 3651 tranquillissimam
1135 3579 1501 3650 prudentiam,
1533 3580 1750 3636 domine
1779 3580 1882 3635 im-

1991 3487 2122 3542 nino
2143 3500 2211 3542 ex
2239 3486 2472 3542 diversis
2500 3485 2771 3559 gentibus,
2801 3484 3032 3542 diversis
3053 3483 3474 3552 conditionibus,
3501 3484 3591 3542 di-

1991 3595 2149 3636 verso
2190 3595 2346 3646 sexu,
2380 3579 2685 3644 nobilitate,
2718 3579 3024 3645 honestate,
3055 3578 3317 3636 servitute
3345 3579 3588 3647 diversa,

285 3687 513 3750 perator
541 3674 963 3747 benignissime,
993 3682 1054 3728 ut
1090 3674 1190 3729 has
1225 3689 1360 3745 quas
1396 3673 1567 3730 offero
1606 3673 1889 3746 paginulas
1917 3671 1960 3733 C
1992 3673 2153 3729 simul
2178 3674 2362 3729 dicant
2383 3673 2476 3728 uni
2501 3673 2618 3729 Deo
2638 3683 2694 3730 et
2722 3673 2873 3729 Patri
2894 3673 3137 3729 omnium
3164 3691 3178 3728 :
3201 3671 3366 3728 Pater
3387 3682 3584 3742 noster,

287 3769 706 3841 infatigabiliter
752 3767 931 3837 legere
970 3782 1076 3820 non
1115 3766 1510 3838 dedignemini,
1557 3766 1612 3820 in
1645 3774 1888 3821 contem-

286 3861 585 3934 plationem
614 3875 840 3915 summa;
863 3847 918 3913 et
944 3857 1402 3914 incommutabilis
1428 3857 1572 3914 illius
1603 3858 1886 3924 Veritatis,

286 3967 406 4021 qua:
440 3958 528 4005 est
559 3949 812 4004 Christus
847 3949 1107 4004 Dominus
1130 3957 1345 4014 noster;
1375 3949 1441 4004 de
1467 3948 1620 4018 cujus
1642 3951 1802 4006 dictis
1831 3958 1888 4005 et

285 4042 498 4113 legibus
526 4042 644 4096 hate
674 4049 886 4111 sumpta
917 4049 1075 4106 sunt;
1117 4040 1316 4110 quique
1360 4048 1607 4095 amanter
1650 4048 1704 4095 et
1746 4039 1887 4111 vigi-

286 4132 464 4188 lanter
488 4141 736 4188 vestrum
779 4132 1014 4203 protegit
1057 4141 1113 4186 et
1150 4129 1306 4200 juvat
1350 4131 1655 4202 imperium.
1697 4130 1883 4202 Neque

284 4223 684 4294 prmdicandam
712 4222 1162 4294 tranquillitatem
1188 4231 1427 4276 vestram
1453 4221 1712 4288 oll'endat,
1737 4221 1882 4292 quod

285 4318 548 4372 minimus
594 4317 839 4372 omnium
899 4314 1271 4371 excellentiori
1317 4314 1598 4369 hominum
1647 4316 1760 4371 haec
1803 4315 1881 4370 le-

282 4413 456 4483 genda
487 4419 800 4483 prmsentat.
831 4409 1017 4480 Neque
1038 4409 1184 4465 enim
1203 4417 1288 4464 est
1313 4407 1456 4463 aliud
1484 4408 1589 4462 nisi
1613 4407 1757 4479 quod
1784 4423 1882 4464 vos

281 4506 488 4576 optime
523 4512 579 4558 et
607 4503 890 4560 sublimius
916 4504 1107 4559 nostis.

1988 3765 2079 3836 qui
2099 3781 2153 3819 es
2178 3765 2233 3819 in
2259 3763 2422 3831 talis,
2443 3765 2802 3835 sanctiﬁcetur
2827 3783 3015 3822 nomen
3035 3776 3222 3832 tuum;
3253 3767 3393 3822 sicut
3415 3782 3587 3825 unum

1990 3855 2209 3912 Patrem
2240 3857 2586 3922 invocantes,
2623 3858 2699 3913 ita
2723 3874 2889 3916 unam
2919 3857 3406 3914 sanctiﬁcationem
3435 3873 3586 3928 quae-

1988 3957 2193 4012 rentes,
2222 3963 2389 4003 unum
2418 3963 2644 4019 regnum
2669 3949 3032 4019 postulantes,
3056 3965 3221 4004 unam
3241 3948 3584 4020 adimpletio-

1989 4055 2112 4095 nem
2153 4039 2449 4095 voluntatis
2496 4039 2641 4109 ejus,
2689 4041 2829 4096 sicut
2876 4041 2937 4096 ﬁt
2973 4042 3030 4096 in
3071 4041 3243 4106 caalo,
3286 4049 3580 4111 optantes;

1988 4146 2154 4185 unum
2192 4130 2296 4186 sibi
2335 4147 2531 4202 panem
2577 4133 2952 4202 quotidianum
2999 4133 3116 4188 dari
3155 4141 3476 4204 precantes,
3526 4141 3585 4192 et

1987 4224 2238 4280 omnibus
2267 4224 2467 4279 dimitti
2496 4224 2697 4280 debita.
2729 4224 2914 4295 Neque
2939 4224 3086 4279 enim
3124 4239 3452 4294 quemquam
3478 4223 3581 4279 do-

1989 4330 2114 4371 cere
2144 4324 2436 4387 potuerunt
2462 4316 2706 4388 magistri
2751 4316 2972 4382 mundi,
3013 4315 3104 4370 lux
3147 4315 3368 4380 mundi,
3400 4313 3584 4370 sancti

1987 4409 2250 4479 apostoli,
2278 4409 2492 4464 Dimitte
2531 4409 2660 4464 mihi
2692 4409 2864 4464 debita
2891 4426 3004 4464 mea
3025 4450 3038 4474 ,
3073 4417 3187 4475 aut,
3220 4418 3272 4462 et
3299 4424 3362 4462 ne
3384 4424 3466 4462 me
3494 4409 3583 4462 in-

1987 4502 2152 4556 ducas
2199 4504 2257 4557 in
2303 4505 2674 4570 tentationem,
2716 4504 2807 4558 sed
2847 4503 3010 4558 libera
3058 4520 3140 4558 me
3183 4520 3216 4556 a
3258 4501 3435 4566 malo;
3479 4501 3581 4559 sed

351 4595 416 4650 ll.
464 4595 638 4661 Deus,
677 4594 773 4650 Dei
811 4594 1012 4662 Filius,
1054 4595 1219 4650 homo
1263 4602 1486 4664 propter
1511 4594 1760 4650 homines
1799 4593 1879 4650 fa-
1904 4590 1958 4651 D
1984 4610 2149 4648 unum
2175 4609 2275 4664 pro
2299 4594 2575 4661 omnibus,
2606 4603 2663 4651 et
2686 4611 2877 4651 omnes
2913 4611 3012 4666 pro
3048 4594 3278 4666 singulis
3312 4593 3572 4655 clamare.

281 4695 426 4752 ctus,
459 4687 603 4741 viam
636 4687 828 4742 salutis
854 4687 1254 4753 demonstrans,
1285 4697 1339 4742 et
1375 4687 1563 4742 electis
1601 4687 1879 4760 discipulis

282 4778 661 4849 magisterium
689 4777 812 4833 vitm
842 4779 1262 4845 commendans,
1299 4793 1629 4835 ascensurus
1667 4781 1734 4834 ad
1773 4794 1878 4836 cm-

279 4869 381 4935 los,
414 4871 495 4924 ait
525 4869 631 4926 illis
665 4889 678 4926 :
710 4869 910 4925 Euntes
938 4871 993 4926 in
1030 4871 1283 4926 mundum
1316 4873 1646 4940 universum,
1685 4873 1880 4945 prwdi-

278 4970 391 5015 cate
435 4960 780 5032 Evangelium
823 4963 966 5016 omni
1021 4972 1296 5018 creatum.
1347 4962 1451 5030 Qui
1491 4964 1771 5019 crediderit
1828 4974 1876 5019 et

279 5053 580 5124 baptizatus
609 5053 792 5123 fuerit,
824 5051 1000 5108 salvus
1030 5055 1147 5108 erit.
1185 5053 1252 5108 Et
1282 5055 1480 5110 iterum
1510 5072 1523 5108 :
1556 5055 1668 5120 Ite,
1700 5056 1878 5111 docete

183 5167 188 5172 ·
277 5163 459 5200 omnes
482 5156 692 5217 gentes,
734 5147 1056 5218 baptizantes
1092 5165 1178 5202 eos
1216 5148 1272 5202 in
1313 5150 1520 5202 nomine
1573 5147 1753 5204 Patris
1780 5191 1794 5215 ,
1826 5158 1877 5204 et

278 5235 433 5302 Filii,
468 5247 517 5290 et
552 5235 784 5308 Spiritus
813 5240 1014 5304 sancti,
1059 5239 1299 5294 docentes
1338 5257 1425 5295 eos
1463 5258 1669 5296 servare
1698 5244 1874 5298 omnia

276 5349 605 5403 qutrcunque
630 5333 877 5387 mandavi
907 5333 1069 5388 vobis.
1098 5334 1189 5388 Illi
1219 5344 1392 5389 autem
1420 5335 1660 5405 profecti,
1683 5336 1876 5406 pra'di-

277 5435 530 5480 caverunt
565 5425 754 5496 ubique
789 5425 1018 5482 Domino
1059 5438 1406 5498 cooperante;
1446 5429 1874 5500 annuntiataque

277 5526 362 5571 est
387 5518 458 5572 ab
487 5518 570 5572 eis
601 5518 751 5572 omni
786 5527 1052 5574 creatura:
1074 5560 1088 5585 ,
1127 5520 1180 5574 id
1213 5527 1298 5574 est
1322 5521 1532 5575 cunctis
1560 5522 1872 5578 nationibus

278 5599 487 5678 mundi,
527 5630 636 5669 una
667 5613 798 5670 ﬁdes
824 5615 995 5671 indita
1025 5632 1122 5687 per
1155 5616 1323 5672 Deum
1344 5657 1358 5681 ,
1386 5632 1492 5671 una
1519 5633 1643 5688 spes
1678 5615 1871 5674 diﬁ‘usa

276 5721 373 5778 per
401 5705 673 5778 Spiritum
712 5717 958 5764 sanctum
991 5709 1044 5764 in
1074 5708 1327 5766 cordibus
1368 5710 1725 5777 credentium,
1763 5727 1870 5767 una

277 5799 524 5856 charitas
551 5807 681 5855 nata
724 5801 780 5856 in
824 5802 1109 5868 omnibus,
1145 5819 1252 5858 una
1278 5802 1548 5869 voluntas,
1578 5819 1869 5861 accensum

279 5904 448 5947 unum
475 5891 829 5961 desiderium,
859 5894 1060 5951 tradita
1081 5910 1192 5951 una
1218 5896 1425 5962 oratio;
1453 5903 1516 5950 ut
1538 5910 1728 5958 omnes
1755 5914 1870 5958 om-

1981 4685 2026 4742 O
2065 4685 2302 4742 caelestis
2342 4684 2657 4744 fraternitas
2680 4729 2695 4754 ,
2735 4703 2768 4743 ο
2805 4689 3132 4759 sempiterna
3171 4686 3496 4753 concordia,
3539 4702 3577 4743 o

1980 4777 2293 4834 insecabilis
2320 4779 2524 4845 unitas,
2547 4781 2616 4835 ab
2641 4794 2748 4834 uno
2770 4791 2992 4836 auctore
3019 4777 3285 4844 derivata,
3313 4777 3382 4834 ad
3405 4795 3575 4837 unum

1981 4883 2164 4923 rerum
2193 4869 2437 4924 omnium
2468 4870 2657 4939 relata,
2692 4887 2790 4942 per
2816 4887 2980 4942 quam
3016 4870 3272 4926 laetantur
3296 4871 3444 4938 caeli,
3475 4890 3576 4930 ex-

1979 4961 2148 5017 sultat
2173 4971 2340 5028 terra,
2372 4973 2623 5020 movetur
2647 4979 2830 5029 mare,
2861 4971 2916 5019 et
2951 4962 3230 5033 plenitudo
3256 4963 3407 5034 ejus,
3436 4981 3575 5038 gau-

1979 5056 2109 5112 dent
2135 5057 2331 5128 campi,
2361 5067 2416 5113 et
2454 5059 2636 5114 omnia
2672 5073 2792 5129 qua:
2828 5057 2883 5112 in
2923 5057 3005 5113 eis
3041 5064 3188 5124 sunt,
3219 5073 3410 5115 omnes
3438 5073 3574 5130 gen-

1977 5156 2060 5204 tes
2077 5149 2342 5220 plaudunt
2366 5150 2637 5217 manibus,
2667 5148 2905 5220 jubilant
2941 5149 3054 5207 Deo
3088 5151 3142 5207 in
3169 5165 3302 5208 voce
3329 5153 3574 5211 exsulta-

1977 5242 2167 5297 tionis!

2044 5334 2130 5390 ΙΙΙ.
2183 5335 2253 5390 Et
2297 5352 2461 5407 quam
2507 5336 2781 5400 decenter,
2829 5337 3086 5408 quoniam
3131 5353 3322 5395 omnes
3366 5336 3568 5396 fratres

1973 5430 2172 5497 eﬂ‘ecti,
2205 5448 2374 5488 unum
2409 5432 2628 5487 Patrem
2663 5431 2833 5487 Deum
2860 5433 3135 5498 invocant,
3169 5449 3360 5490 servus
3386 5442 3439 5490 et
3463 5434 3565 5491 do-

1973 5526 2154 5581 minus
2175 5566 2189 5591 ,
2221 5540 2428 5596 pauper
2455 5531 2509 5579 et
2536 5522 2706 5592 dives,
2737 5525 2986 5583 indoctus
3025 5539 3080 5582 et
3107 5526 3372 5593 eruditus,
3402 5525 3558 5583 inﬁr-

1973 5630 2094 5672 mus
2124 5626 2179 5672 et
2213 5615 2398 5681 fortis,
2429 5615 2651 5672 humilis
2680 5627 2934 5690 operator
2960 5625 3016 5673 et
3043 5616 3290 5672 sublimis
3325 5616 3562 5686 impera-

1973 5720 2078 5766 tor.
2109 5707 2231 5764 Jam
2272 5724 2433 5765 nemo
2474 5710 2642 5768 alium
2680 5713 3018 5786 dedignatur,
3054 5725 3211 5765 nemo
3239 5709 3342 5766 sub
3363 5710 3472 5766 alio
3501 5723 3565 5768 se

1973 5803 2224 5876 deSpicit,
2252 5819 2416 5862 nemo
2442 5821 2606 5878 super
2623 5805 2788 5864 alium
2807 5804 3103 5862 extollitur.
3131 5802 3398 5872 Quoniam
3417 5817 3564 5860 unus

1971 5898 2147 5968 panis,
2186 5914 2354 5958 unum
2392 5915 2589 5973 corpus
2615 5899 2851 5967 Christi,
2881 5899 2991 5958 imo
3027 5912 3170 5956 unus
3193 5895 3444 5959 Chrisms
3471 5908 3562 5960 so-
