4088 6344
275 375 398 467 ιιῆ

1287 373 1420 458 iis.
1460 397 1830 457 ADVERSUS
1861 372 2099 454 LEGEM
2133 397 2551 457 GUNDOBADI.

3443 389 3545 488 ll§

269 521 426 602 mas
451 498 663 598 p‘leb'e-sf
689 495 837 608 ﬁam
861 499 1054 575 chius
1089 493 1196 573 hei
1231 491 1469 573 ὼηῖίῇθί
1500 516 1752 610 populum
1783 511 1874 610 θεέ
1897 517 1944 576 Α
2043 533 2175 592 Vill.
2214 533 2466 591 Doctrina
2494 533 2696 594 Christi
2727 537 2883 594 docet
2915 553 2931 592 :
2960 533 3065 604 Qui
3082 535 3191 593 vult
3214 545 3383 592 tecum

269 609 626 688 quisitionis,
645 605 842 668 civitas
861 609 1058 666 diaboli
1077 610 1334 682 populum
1355 609 1695 680 perditionis.
1719 605 1874 674 Quod

267 707 340 764 ῖεί
375 695 691 762 b’oiniuibus
709 703 1052 774 impossibile
1089 695 1174 758 est
1210 689 1410 757 omnes
1432 701 1739 776 discernere
1782 697 1874 768 qui

273 800 404 855 :sint
433 797 500 852 de
525 797 748 852 civitate
770 797 888 862 Dei,
921 796 1014 866 qui
1041 811 1170 850 vero
1190 795 1256 848 de
1284 781 1500 848 civitate
1527 791 1746 855 diaboli,
1774 791 1878 846 sal-

269 898 408 946 stem
431 903 572 960 quos
591 885 995 944 evidenu'ssime
1015 883 1380 952 ett-tractibus
1416 882 1652 953 propriis
1679 895 1879 952 cogno-

273 987 494 1046 scunt,
521 987 584 1036 et
613 979 808 1034 littera;
835 977 1198 1049 apostolime'a
1223 991 1452 1047 corpore
1485 976 1688 1038 Christi
1711 991 1880 1046 sepa-

273 1081 450 1130 ratas
485 1071 716 1140 docent,
765 1070 1014 1140 rejiciant
1049 1072 1117 1126 de
1137 1071 1474 1130 testimonio.
1517 1069 1665 1136 Quos
1701 1077 1880 1126 autem

277 1181 406 1222 una
437 1164 682 1236 conparis
725 1163 930 1222 Christi
965 1176 1228 1236 compago
1245 1171 1450 1229 tenet,
1473 1171 1532 1236 et
1567 1163 1882 1233 plerumque

287 1275 406 1316 non
439 1259 620 1332 solum
658 1260 818 1316 unius
845 1260 1092 1330 corporis
1129 1260 1456 1326 membrum,
1485 1264 1676 1314 verum
1717 1259 1884 1314 etiam

289 1352 462 1428 unius
486 1353 718 1410 membri
743 1361 872 1410 sunt
895 1353 1162 1418 membra,
1193 1369 1294 1410 cur
1315 1353 1384 1424 de
1405 1359 1595 1408 mutuo
1615 1351 1886 1422 repellun-

293 1451 390 1518 tur
411 1445 764 1502 testimonio?
799 1444 929 1512 Quae
955 1445 1164 1500 utilitas
1189 1453 1293 1510 est,
1326 1451 1388 1500 ut
1411 1452 1638 1514 propter
1655 1455 1683 1484 ο
1713 1444 1886 1515 legem

277 1549 466 1604 quam
501 1535 694 1592 dicunt
727 1534 1154 1600 Gundobadam,
1223 1535 1380 1606 cujus
1437 1537 1630 1600 auctor
1673 1533 1887 1589 exstitit
1951 1563 1954 1567 -

295 1627 329 1668 1³
347 1629 522 1684 homo
547 1625 858 1692 haereticus,
883 1633 936 1682 et
955 1625 1078 1682 iidei
1107 1625 1390 1682 catholica“.
1413 1627 1763 1682 vehementer
1785 1623 1888 1680 iui-

289 1723 480 1780 unicus
519 1720 714 1795 (cujus
753 1721 890 1794 legis
927 1722 1174 1778 homines
1201 1733 1226 1762 ο
1265 1729 1396 1778 sunt
1419 1715 1748 1792 perpauci),
1779 1735 1888 1774 non

285 1817 478 1886 possit
501 1831 668 1886 super
689 1815 844 1870 illum
871 1815 1152 1870 testiﬁcari
1185 1815 1324 1870 alter
1339 1814 1510 1868 etiam
1536 1811 1708 1868 bonus
1723 1811 1890 1868 Chri-

291 1908 554 1964 stianus?
593 1907 674 1964 Ex
715 1923 822 1978 qua
861 1922 924 1962 re
947 1907 1126 1962 oritur
1147 1921 1244 1962 res
1271 1906 1430 1961 valde
1459 1905 1694 1972 absurda
1711 1945 1726 1967 ,
1757 1911 1820 1958 ut
1843 1905 1888 1958 si
1916 1887 1965 1950 B

295 1999 506 2070 aliquis
533 2015 722 2056 eorum
751 1999 806 2054 in
841 2007 988 2055 cmtu
1025 1997 1210 2068 populi
1243 2007 1338 2052 aut
1361 1999 1526 2053 etiam
1543 1997 1624 2051 ‘in
1651 2007 1892 2052 mercato

293 2093 526 2164 publico
566 2093 902 2150 commiserit
945 2093 1178 2163 aliquam
1213 2092 1568 2163 pravitatem,
1587 2095 1706 2146 inon
1727 2087 1896 2146 coar-

293 2192 508 2255 guatur
549 2185 814 2250 testibus,
855 2183 950 2239 sed
983 2183 1018 2224 ’ά
1058 2185 1265 2239 sinatur
1290 2183 1600 2276 periurare,
1633 2191 1892 2276 tanquam

295 2291 416 2332 non
461 2274 670 2332 fuerint
711 2291 808 2346 per
855 2291 994 2346 quos
1034 2276 1238 2332 veritas
1279 2277 1462 2346 possiet
1483 2271 1746 2347 'a'gnosci?
1795 2271 1895 2330 ille

295 2363 596 2422 manifeste
623 2373 846 2436 apparet
859 2368 1176 2422 damnosam
1189 2380 1314 2422 esse
1327 2363 1891 2436 dammbilemlegem.

379 2455 492 2511 ﬂl.
537 2453 595 2510 Si
625 2464 808 2514 autem
851 2456 1094 2527 placeret
1132 2458 1350 2512 domino
1385 2457 1572 2511 nostro
1611 2459 1896 2526 sapientis-

299 2549 452 2604 simo
477 2547 814 2617 imperatori,
835 2557 900 2602 ut
925 2563 1019 2606 eos
1044 2548 1362 2604 transferret
1383 2550 1450 2604 ad
1470 2549 1640 2620 legem
1667 2541 1898 2604 Franco-

301 2655 470 2705 rum;
497 2646 557 2694 et
597 2639 702 2708 ipsi
739 2639 1033 2696 nobiliores
1059 2638 1418 2704 edicerentur,
1449 2649 1506 2694 et
1535 2651 1560 2680 ο
1599 2641 1716 2696 hinc
1749 2641 1898 2711 regio

297 2731 376 2786 ab
405 2731 754 2802 squalori-bus
775 2731 1117 2790 miseriarum
1143 2733 1678 2803 quantulumcunque
1713 2727 1896 2788 suble-

301 2838 550 2884 vlaretur.
603 2827 812 2884 Horum
851 2828 998 2884 enim
1039 2843 1202 2884 causa
1241 2829 1442 2884 accidit
1480 2837 1542 2884 ut
1586 2827 1900 2900 fretjueuter

301 2937 418 2977 non
451 2919 630 2978 solum
653 2919 896 2976 valentes
919 2919 1160 2986 viribus,
1186 2919 1280 2976 sed
1305 2921 1472 2976 etiam
1499 2920 1700 2976 inﬁmi
1731 2930 1786 2976 et
1813 2931 1899 2980 se-

309 3030 410 3070 nes
433 3012 454 3051 ¹
479 3013 821 3068 lacessantur
849 3013 916 3068 ad
945 3023 1222 3070 certamen
1255 3021 1312 3070 et
1330 3029 1585 3086 pugnam,
1616 3016 1780 3070 etiam
1801 3031 1900 3086 pro

309 3106 595 3162 vilissimis
621 3107 783 3162 rebus
813 3124 826 3159 :
857 3106 1052 3176 quibus
1078 3105 1332 3164 feralibus
1359 3109 1746 3166 certaminibus
1772 3125 1901 3168 con-

311 3199 526 3270 tingunt
572 3197 864 3254 homicidia
912 3197 1146 3267 iniusta,
1188 3205 1242 3254 et
1276 3199 1520 3256 crudeles
1559 3217 1622 3256 ac
1657 3203 1897 3272 perversi

312 3297 548 3344 eventus
569 3288 916 3358 iudiciorum,
948 3305 1053 3345 non
1085 3289 1200 3346 sine
1229 3291 1518 3348 amissione
1537 3291 1662 3348 ﬁdei
1689 3301 1745 3350 et
1771 3295 1900 3352 cha-

311 3377 528 3442 ritatis,
557 3394 620 3433 ac
645 3379 882 3450 pietatis,
911 3381 1037 3436 dum
1065 3388 1258 3452 putant
1280 3379 1451 3436 Deum
1489 3381 1564 3436 illi
1593 3383 1782 3438 adesse
1811 3386 1903 3454 qui

309 3469 563 3542 potuerit
604 3469 822 3528 fratrem
871 3488 1027 3530 suum
1069 3487 1356 3544 superare,
1393 3481 1448 3528 et
1484 3471 1538 3527 in
1577 3471 1902 3544 profundum

309 3563 661 3619 miseriarum
689 3563 941 3635 dejicere.
973 3565 1071 3620 Hic
1091 3575 1174 3621 est
1197 3565 1464 3636 pessimus
1490 3582 1665 3632 error,
1696 3575 1750 3621 et
1770 3563 1903 3624 ordo

309 3653 596 3722 confusus,
629 3663 690 3710 ut
714 3671 816 3729 pro
845 3657 1042 3713 talibus
1067 3657 1514 3730 perversitatibus
1538 3669 1592 3713 et
1624 3655 1902 3730 Scriptura

309 3747 566 3802 veritatis
613 3755 1010 3816 contemnatur,
1053 3758 1107 3804 et
1134 3751 1422 3806 concordia
1465 3749 1772 3806 Christiana
1795 3751 1906 3807 dis-

309 3847 526 3908 pereat,
587 3849 642 3896 et
667 3841 733 3896 de
763 3841 904 3910 Deo,
937 3843 1030 3914 qui
1057 3853 1249 3900 natura
1281 3845 1455 3900 bonus
1487 3855 1598 3912 cst,
1631 3854 1738 3900 tam
1769 3847 1908 3902 indi—

309 3941 419 3996 gna
445 3930 734 3998 sentiatur,
755 3941 818 3998 ut
840 3931 1018 3990 faveat
1044 3934 1354 4004 rapacibus,
1383 3943 1440 3990 et
1459 3936 1774 3992 adversetur
1803 3937 1906 3992 mi-

311 4033 480 4080 seris.

1975 626 2109 680 cium
2137 627 2464 694 contendere,
2492 637 2541 683 et
2566 629 2796 684 tunicam
2813 640 2966 708 tuam
2989 627 3192 697 tollere,
3215 631 3416 708 remitte
3431 631 3482 684 ei
3502 639 3551 686 et

1971 715 2214 794 pallium.
2259 721 2328 778 Et
2364 723 2560 780 iterum
2597 743 2610 779 :
2651 725 2775 780 1am
2813 707 3028 798 cuidem
3059 725 3269 782 omnino
3307 707 3556 780 delictum

1975 824 2072 878 est,
2097 815 2240 886 {quod
2267 815 2476 886 judicia
2505 811 2723 872 habetis.
2754 815 2930 884 Quare
2965 833 3068 872 non
3105 817 3270 888 magis
3301 815 3558 888 injuriam

1979 904 2254 976 accipitis?
2281 903 2595 974 Quare'non
2623 903 2790 980 magis
2819 907 3058 980 fraudem
3093 908 3372 980 patimini?
3405 907 3498 964 Isti
3529 924 3560 964 θ

1979 998 2251 1054 contrario
2277 998 2461 1054 dicunt
2488 1013 2502 1053 :
2533 999 2716 1072 Pugna
2739 1017 2992 1068 securus;
3019 1001 3144 1070 quia
3171 999 3320 1058 illum
3344 1002 3438 1072 qui
3466 1009 3562 1056 tua

1981 1091 2208 1160 repetit,
2236 1099 2328 1145 aut
2366 1095 2674 1159 contendit,
2703 1095 2906 1164 absque
2949 1093 3112 1148 dubio
3157 1093 3439 1164 superabis
3469 1112 3482 1148 :
3507 1103 3564 1148 et

1983 1179 2222 1237 divinum
2250 1182 2330 1238 eis
2357 1184 2677 1254 promittunt
2700 1175 3056 1254 adjutorium,
3085 1185 3177 1254 qui
3201 1192 3311 1240 tam
3339 1191 3562 1240 contra-

1985 1275 2049 1329 rii
2078 1274 2315 1330 existunt
2333 1275 2658 1344 evangelicae
2679 1277 2886 1347 pietati.
2913 1261 3051 1333 Hinc
3063 1277 3178 1348 jam
3201 1275 3266 1332 ad
3288 1284 3566 1332 certamen

1987 1367 2264 1422 audaciter
2290 1369 2632 1440 proceditur;
2675 1369 2766 1426 ubi
2809 1371 2914 1425 duo
2938 1370 3181 1426 cominus
3217 1369 3440 1426 veniunt
3471 1384 3568 1440 pa-

1986 1459 2110 1522 rati,
2143 1468 2203 1514 ut
2224 1475 2280 1514 se
2307 1461 2534 1515 invicem
2556 1461 2764 1518 crebris
2791 1461 2988 1517 ictibus
3014 1461 3224 1518 caedant
3243 1477 3343 1532 pro
3368 1461 3568 1516 talibus

1987 1551 2172 1617 rebus,
2205 1567 2340 1621 quas
2363 1551 2532 1608 multo
2561 1551 2741 1608 minus
2766 1568 2949 1622 amare
2978 1553 3292 1620 debuerant,
3322 1568 3481 1624 quam
3510 1567 3570 1606 se

1989 1645 2134 1716 ipsos
2163 1645 2484 1701 adinvicem.
2513 1643 2650 1700 Nam
2675 1661 2798 1700 eum
2822 1662 2980 1715 quem
3014 1645 3260 1701 occidere
3291 1653 3382 1699 aut
3412 1658 3572 1714 supe-

1991 1752 2112 1791 rare
2141 1737 2303 1806 cupit,
2327 1735 2512 1805 jussus
2539 1745 2622 1794 est
2651 1746 2710 1793 ut
2735 1733 2922 1808 diligat
2945 1737 3085 1792 sicut
3111 1753 3166 1792 se
3187 1735 3382 1808 ipsum,
3411 1739 3436 1777 ε
3461 1735 3570 1791 rei-

1991 1829 2140 1884 culas
2183 1829 2304 1884 illas
2335 1845 2432 1900 pro
2465 1829 2661 1900 quibus
2696 1829 3002 1896 contendit,
3042 1827 3293 1884 arbitrari
3337 1834 3398 1882 ut
3437 1833 3574 1882 ster-

1992 1935 2142 1984 cora,
2165 1927 2224 1973 ut
2251 1917 2525 1976 Christum
2543 1915 2906 1974 lucrifaceret.
2937 1915 3040 1976 Ubi
3063 1926 3192 1973 tunc
3211 1927 3294 1974 est
3315 1917 3571 1982 Charitas,

1995 2011 2111 2066 sine
2136 2025 2242 2081 qua
2270 2009 2538 2082 perfectus
2571 2009 2840 2080 interpres
2876 2009 3114 2066 onmium
3147 2009 3452 2082 linguarum
3479 2025 3576 2062 an-

1995 2102 2236 2174 gelorum
2273 2111 2327 2158 et
2369 2101 2646 2157 hominum
2687 2099 2913 2157 efﬁcitur
2941 2101 3088 2156 velut
3133 2118 3209 2158 aes
3255 2117 3452 2158 sonans
3482 2107 3576 2155 aut

1994 2193 2301 2267 cymbalum
2329 2193 2602 2260 'tinniens;
2633 2193 2750 2248 sine
2780 2209 2886 2264 qua
2914 2193 3186 2264 perfectus
3215 2193 3495 2266 propheta,
3524 2202 3581 2248 et

1996 2285 2394 2342 eruditissimus
2417 2285 2623 2350 doctor,
2655 2293 2709 2340 et
2734 2301 2802 2340 ex
2828 2283 2932 2340 ﬁde
2963 2281 3240 2341 miraculis
3261 2301 3576 2352 coruscans,

1995 2377 2130 2433 nihil
2163 2385 2265 2444 est,
2297 2379 2413 2434 sine
2443 2395 2548 2448 qua
2575 2377 2804 2450 largitas
2831 2369 3311 2451 eleemosynarum,
3351 2385 3405 2433 et
3431 2393 3583 2433 acer-

1993 2468 2136 2524 bitas
2155 2469 2400 2540 martyrii
2425 2465 2558 2524 nihil
2578 2467 2836 2539 prodest?
2857 2467 3054 2524 Milites
3081 2465 3304 2536 Christi,
3329 2469 3422 2542 qui
3443 2469 3584 2524 hanc

1995 2557 2266 2616 veraciter
2307 2557 2645 2626 habuerunt,
2694 2557 3048 2615 subdiderunt
3092 2559 3144 2615 in
3187 2560 3291 2616 ilde
3323 2559 3585 2616 mundum

1987 2647 2236 2716 :Christo,
2267 2651 2362 2704 sed
2389 2647 2690 2719 moriendo,
2723 2651 2829 2704 non
2854 2649 3168 2706 occidendo.

1981 2812 1988 2818 -
2019 2793 2024 2800 ‘
2065 2781 2160 2838 IX.
2193 2780 2418 2848 Quando
2441 2790 2562 2838 erat
2583 2781 2802 2853 publica
2839 2782 3118 2838 contentio
3142 2783 3210 2839 de
3235 2784 3467 2840 veritate
3491 2797 3582 2839 re—

1983 2885 2232 2958 rligionis,
2255 2899 2379 2940 cum
2405 2883 2496 2938 alii
2522 2891 2777 2954 putarent
2805 2885 3088 2941 colendam
3115 2899 3215 2957 pro
3238 2884 3351 2941 Deo
3371 2895 3590 2941 creatu-

1997 2975 2116 3044 ram
2161 2983 2476 3058 quamlibet,
2515 2985 2608 3040 alii
2653 2973 2909 3042 docerent
2938 2987 3112 3042 solum
3141 2986 3454 3044 Creatorem
3499 3005 3590 3044 co-

1987 3067 2253 3168 lendum;
2298 3085 2376 3142 illi
2417 3086 2636 3142 fuerunt
2679 3087 2915 3143 victores
2950 3087 3044 3157 qui
3085 3087 3251 3144 occisi
3288 3096 3433 3156 sunt,
3477 3105 3591 3146 non

1986 3187 2092 3266 qui
2119 3191 2474 3260 ceciderunt;
2505 3190 2711 3247 veritas
2737 3191 3016 3247 moriendo
3047 3191 3316 3246 declarata
3346 3201 3448 3258 est,
3483 3209 3592 3247 non

2003 3285 2297 3356 occidendo
2321 3301 2334 3350 ;
2385 3291 2550 3339 testes
2577 3283 2822 3338 veritatis
2859 3281 3141 3338 moriendo
3170 3291 3480 3350 creverunt,
3507 3299 3591 3339 as-

2001 3381 2240 3440 set-teres
2265 3385 2442 3434 autem
2479 3375 2777 3446 iniquitatis
2808 3375 3104 3432 occidendo
3124 3375 3424 3445 perierunt.
3451 3375 3590 3431 Nam

2004 3481 2050 3537 si
2077 3475 2134 3538 in
2156 3475 2262 3536 hac
2295 3479 2407 3536 vita
2454 3494 2668 3548 semper
2701 3475 3016 3534 innocentes
3043 3473 3226 3532 essent
3251 3479 3507 3544 victores,
3540 3485 3593 3532 et

2005 3577 2151 3632 noxii
2173 3575 2541 3644 vincerentur,
2571 3589 2678 3629 non
2705 3569 2915 3629 Pharao
2937 3567 3223 3630 occidisset
3251 3567 3474 3638 Josiam,
3500 3561 3592 3626 sed

2005 3661 2180 3722 Josias
2208 3666 2545 3730 Pharaonem
2579 3681 2592 3731 ;
2641 3680 2748 3719 non
2785 3661 3048 3718 Joannem
3077 3645 3336 3728 Herodes,
3366 3661 3462 3717 sed
3489 3659 3594 3717 ile-

2008 3757 2194 3814 rodcm
2224 3753 2477 3820 JOannes.
2529 3749 2642 3810 Nec
2668 3763 2858 3810 sancta
2897 3753 2987 3810 illa
3025 3753 3220 3810 civitas
3259 3751 3593 3809 Hierusalem

2008 3850 2339 3920 temporibus
2385 3843 2608 3920 gratiae,
2664 3845 3152 3901 innumerabilibus
3189 3845 3363 3900 turbis
3409 3859 3594 3898 mona-

2011 3939 2258 4006 chorum,
2296 3937 2617 3994 clericorum
2650 3945 2705 3991 et
2741 3944 3060 4016 caeterorum
3086 3933 3324 3991 fidelium
3349 3931 3592 4000 illustris,

2012 4031 2042 4072 ιι
2065 4029 2353 4088 Saracenis
2401 4029 2777 4102 subjiceretur,
2831 4023 2974 4086 sicut
3011 4035 3066 4084 et
3107 4023 3227 4084 alia;
3256 4025 3500 4084 civitates
3542 4034 3596 4082 et

1675 4205 1950 4266 BALUZII
1981 4197 2210 4266 NOTAE.

391 4352 420 4381 ι
457 4337 646 4413 Legem
675 4339 1076 4406 Gundobadam,
1107 4341 1262 4413 cujus
1311 4347 1500 4413 auctor
1523 4335 1904 4413 “Gundobadus

317 4409 764 4486 Burgundionum
819 4413 874 4468 in
919 4413 1092 4486 Callia
1126 4409 1454 4486 rexLMagni
1506 4411 1772 4486 Clodovaei
1811 4430 1904 4470 co-

320 4479 490 4554 azvu's.
519 4479 618 4536 Hic
646 4483 812 4548 enim,
837 4491 894 4554 ut
915 4483 1205 4554 Gregorius
1231 4479 1558 4554 Turonensis
1581 4493 1663 4539 est
1692 4495 1900 4554 auctor,

2011 4355 2130 4416 cap.
2173 4344 2278 4410 22;
2333 4351 2388 4400 et
2435 4351 2466 4398 ε
2513 4341 2778 4400 Gratiano
2817 4341 2912 4410 ΞΩ,
3071 4343 3130 4412 5,
3183 4358 3304 4416 cap.
3351 4343 3592 4404 Parvuli.

2014 4483 2050 4498 ﬂ
2087 4428 2109 4456 ο
2150 4413 2466 4498 βεδε-τιθῶ,
2501 4413 2890 4498 hygdu'nensis.
2929 4497 2932 4498 ν
2985 4431 3074 4498 am
3093 4415 3594 4498 ea_utebatur_lege

2010 4483 2524 4556 Gundobada,‘quod
2545 4483 2864 4556 Lugdunum
2894 4497 3038 4542 esset
3059 4485 3250 4542 civitas
3281 4485 3430 4556 regni
3449 4483 3590 4540 Bur-

325 4567 348 4601 t
381 4551 856 4636 Burgundionibus
881 4551 1296 4644 leﬁcs'mitiores
1322 4553 1577 4644 instituit,
1612 4553 1906 4644 nenﬁqma-
1929 4583 1984 4644 Β
2010 4555 2243 4644 giindjci.

315 4637 424 4694 nos
462 4624 847 4694 opprimerent.
880 4645 898 4676 ι
930 4623 1128 4679 Verum
1177 4639 1296 4694 quae
1322 4631 1434 4678 tum
1483 4623 1730 4686 fortassis
1766 4628 1905 4681 bona

321 4693 438 4748 visa
467 4691 646 4748 fuerat
685 4693 772 4748 lex
792 4693 1122 4750 Gundobada
1142 4735 1158 4762 ,
1198 4691 1484 4752 nonnullis
1515 4697 1619 4766 piis
1645 4697 1776 4752 viris
1808 4698 1907 4752 aevi

321 4761 654 4817 Ariobardici
679 4765 795 4817 visa
825 4773 906 4817 cst
936 4763 1136 4817 iniqua.

373 4773 654 4833 genardici
679 4773 795 4818 visa
825 4773 906 4819 est
936 4773 1136 4836 iniqua.

395 4834 424 4874 ιι
465 4831 640 4888 Homo
683 4835 976 4890 hwreticus.
1034 4835 1396 4892 Gundebadus
1423 4839 1564 4892 enim
1595 4845 1714 4892 erat
1758 4837 1911 4892 Aria-

478 4901 590 4978 Sgd
621 4911 800 4960 tamen
831 4908 1060 4977 pupugit
1089 4908 1238 4962 illum
1267 4905 1554 4978 aliquando
1583 4909 1780 4978 cupido
1809 4911 1906 4963 ab-

321 4974 542 5029 dicandi
570 4991 816 5030 errorem
833 4974 1030 5042 "suum;
1060 4980 1194 5032 adeo
1227 4985 1285 5031 ut
1337 4974 1404 5032 ab
1430 4977 1589 5035 Avito
1617 4974 1909 5034 Viennensi

319 5046 583 5118 episcopo
611 5061 902 5118 persuasus
923 5049 1143 5118 impiam
1169 5064 1286 5118 esse
1311 5048 1634 5118 Arianorum
1684 5059 1905 5112 sectam,

321 5063 354 5099 e
396 5063 583 5115 tscopo
647 5063 1143 5118 ersuasusrmpiam
1169 5064 1286 5103 esse
1311 5063 1634 5116 artanorum
1684 5063 1905 5112 sectam,

321 5063 554 5194 clamet
579 5063 972 5194 chrismaretur
999 5117 1301 5194 expetierlt.
1341 5109 1480 5194 Vicit
1511 5125 1688 5194 tamen
1714 5129 1911 5194 metus

313 5185 533 5270 populi.
565 5187 766 5270 itaque
796 5207 813 5238 ‹
834 5204 1021 5270 _usque
1051 5185 1353 5270 ad_e_xitum
1397 5192 1520 5270 vita;
1571 5189 1774 5270 'Stncjn
1809 5185 1912 5270 hac

321 5203 533 5270 populi.
581 5203 766 5312 itaque
796 5204 1021 5270 «usque
1051 5203 1114 5244 au
1151 5203 1353 5244 ctutum
1397 5203 1520 5245 vrtre
1571 5203 1680 5248 sine
1711 5203 1761 5263 in
1811 5203 1912 5246 hac

321 5271 540 5340 insania
562 5267 662 5340 per
699 5263 891 5340 erant,
925 5261 1258 5340 necp‘nblic'e
1279 5257 1658 5340 tequalitatcm
1683 5261 1912 5340 ςῐῆῃίιξι-

321 5328 398 5402 tis
429 5326 878 5402 volui_t_coni_iteri
905 5347 950 5393 ι,
983 5326 1378 5402 αι’(ὶινεςοιτίυέ
1398 5331 1726 5388 Turonensis
1753 5333 1825 5388 ait
1857 5333 1912 5388 in

323 5399 540 5474 libro_n
571 5398 708 5454 Hist.
739 5400 1023 5474 Francorq
1056 5398 1295 5474 capfl’yl.

389 5479 414 5506 ο
645 5471 915 5544 perpauci.
945 5465 1089 5544 Ergo
1115 5465 1610 5544 nondumprorsus
1648 5475 1912 5530 exstincta

243 5583 264 5598 ι
327 5545 446 5614 erat
469 5539 527 5614 in
550 5539 658 5597 illis
684 5539 994 5614 regionibus
1024 5539 1257 5614 perﬁdia
1283 5539 1605 5602 Arianorum
1631 5585 1646 5611 ,
1699 5546 1912 5602 tametsi

259 5615 264 5620 '
329 5609 625 5682 admodum
653 5609 810 5682 pauci
842 5609 1042 5670 essent

398 5677 434 5759 ξ
469 5677 698 5737 Sinatur
726 5681 1019 5759 perfurere.
1049 5682 1216 5759 Libro
1250 5699 1265 5740 ι
1306 5683 1625 5759 Capitular.,
1658 5695 1776 5759 cap.
1802 5681 1870 5744 65
1897 5707 1908 5743 :

335 5767 352 5798 ι
393 5750 460 5804 Et
489 5760 552 5806 ut
579 5749 829 5825 parvuli;
842 5756 932 5825 qui
975 5755 1092 5825 sine
1121 5749 1427 5812 rationabili
1457 5749 1621 5814 (etate
1639 5749 1782 5824 sunt,
1805 5767 1911 5814 non

325 5823 610 5902 cogantur
636 5823 1014 5902 jurare,‘sicut
1041 5823 1411 5902 Cunebodigni
1450 5827 1684 5896 iaciunt;
1721 5851 1740 5882 ›
1771 5823 1914 5902 quia

325 5903 458 5980 pars
522 5894 682 5966 hujus
731 5897 924 5976 capitis
973 5897 1208 5955 refertur
1257 5894 1530 5956 ab'lvone
1593 5894 1748 5984 parte
1795 5894 1908 5972 in”,

2085 4627 2105 4666 ί
2136 4626 2490 4680 Lacessantur
2505 4626 2576 4680 ad
2589 4631 2867 4681 certamen.
2887 4627 3116 4682 Damnat
3135 4625 3588 4695 monomachiam,

2010 4698 2066 4752 id
2089 4707 2192 4762 est,
2213 4697 2444 4767 duellum
2481 4698 2774 4767 privatum,
2790 4699 2856 4754 ad
2877 4698 3209 4754 deﬁniendus
3233 4697 3354 4752 lites
3377 4699 3594 4754 institu-

2011 4778 2124 4824 tum
2153 4786 2182 4836 a
2213 4765 2559 4836 Gundobado.
3073 4831 3076 4834 _

2083 4841 2111 4880 ε
2151 4827 2396 4906 Reicula's
2423 4833 2563 4892 illas.
2596 4827 2714 4892 3am
2761 4847 2918 4894 antea
2949 4839 3000 4908 in
3028 4831 3436 4908 prtcl'atione‘ad
3485 4839 3592 4894 Lu-

2045 4925 2136 4963 um
2166 4909 2474 4964 monuimus
2502 4919 2810 4979 corruptam
2857 4911 2956 4964 hoc
2981 4907 3102 4962 loco
3139 4921 3261 4965 esse
3299 4907 3590 4966 editionem

2039 4981 2264 5046 iassoni,
2293 4996 2412 5049 quae
2444 4995 2542 5049 pro
2571 4980 2794 5034 reiculos
2849 4981 3007 5032 habet
3057 4981 3317 5046 recusias;
3364 4997 3485 5036 cum
3517 4991 3592 5036 ta-

2011 5067 2133 5108 men
2165 5051 2216 5104 in
2247 5051 2431 5105 codice
2455 5052 2698 5122 antiquo,
2719 5065 2825 5122 quo
2873 5049 3148 5104 Massonus
3177 5052 3429 5106 utebatur
3448 5092 3464 5118 ,
3516 5053 3592 5108 di-

2013 5131 2156 5178 serte
2196 5122 2454 5190 scriptum
2489 5123 2558 5176 sit
2589 5121 2833 5184 reiculas,
2857 5128 2914 5173 ut
2963 5123 3085 5174 ante
3127 5135 3212 5176 me
3262 5123 3472 5178 monuit
3509 5121 3592 5178 vir

2013 5189 2686 5276 (“nl-arissimttsfranciscus
2716 5189 2931 5276 Juretus
2955 5191 3008 5246 in
3039 5193 3179 5247 notis
3211 5193 3589 5276 aii-epistolam

2014 5264 2074 5318 9|
2133 5264 2307 5318 lvonis
2347 5262 2714 5318 Carnotensis.
2755 5262 2914 5318 Varie
2967 5275 3145 5318 autem
3193 5262 3448 5318 scribitur
3477 5263 3594 5318 haec

2013 5349 2112 5388 vox
2143 5335 2194 5388 in
2222 5333 2376 5388 libris
2403 5333 2655 5404 antiquis.
2693 5331 2823 5386 Nam
2857 5333 2942 5388 hic
2971 5333 3110 5404 apud
3137 5333 3497 5404 Agobardum,
3536 5335 3591 5388 in

2013 5405 2138 5462 Vita
2167 5407 2338 5461 sancti
2358 5404 2558 5476 Licinii
2582 5403 3266 5476 Andegavorumjepiscopl
3295 5421 3323 5476 a
3357 5405 3595 5476 Duchesf

2015 5477 2106 5546 nio
2155 5477 2316 5540 edita,
2353 5475 2590 5543 itemque
2633 5471 2796 5546 alibi,
2848 5471 3105 5546 scribitur
3146 5471 3405 5546 reiculas;
3455 5475 3593 5546 apud

2015 5543 2329 5604 Salvianum
2359 5559 2489 5600 vero
2514 5551 2570 5600 et
2604 5545 2737 5602 alios
2766 5557 2873 5602 non
2899 5559 3008 5602 uno
3035 5545 3155 5601 loco
3203 5545 3466 5613 resculas;
3485 5543 3590 5602 'de-

2016 5633 2163 5672 mum
2203 5615 2330 5672 alibi
2358 5613 2581 5670 reculas.
2611 5615 2764 5682 Vide,
2795 5617 2841 5672 si
2863 5615 3029 5684 lubet,
3059 5614 3303 5674 Juretum
3357 5615 3426 5674 ad
3471 5627 3594 5672 eam

2014 5687 2434 5760 qupm_diximqs
2461 5685 2742 5760 epistolam
2760 5685 2957 5746 lvonis.

2087 5749 2112 5798 ὶι
2155 5755 2435 5830 Saracenis
2493 5749 2870 5830 subjiceretur,
2925 5755 3180 5830 nimirum
3228 5753 3590 5830 lliemsalem.

2017 5825 2326 5898 Contigerat
2354 5835 2534 5884 autem
2567 5825 2708 5885 istud
2755 5825 3182 5898 anteiduccntos
3221 5827 3392 5898 ferme
3423 5839 3593 5898 annos

2017 5893 2339 5978 quam‘liber
2367 5899 2470 5956 iste
2493 5901 2840 5958 scriberetur.
2874 5897 3128 5956 Omareui
3169 5901 3310 5956 enim
3361 5893 3590 5954 Sat-acel—
