4088 6344
502 366 609 426 119

1481 369 1542 428 S.
1581 363 1936 426 AGOBARDI
1974 355 2286 420 EPISCOPI
2322 354 2812 417 LUGDUNENSIS

497 445 792 560 regiones;
828 498 936 544 nec
973 497 1002 529 ι
1027 484 1203 542 Roma
1227 481 1422 541 Gothis
1438 523 1454 549 ,
1491 483 1522 525 ι’
1549 481 1779 556 paganis
1803 487 1859 536 et
1877 476 2096 536 haereti-
2120 476 2175 539 Α
2196 471 2537 546 quoadusque
2562 475 2733 530 veniat
2777 469 3068 541 Dominus,
3093 471 3188 545 qui
3213 479 3263 531 et
3306 469 3628 532 illuminabit
3655 477 3788 535 abs-

502 561 585 637 cis
613 579 812 646 simul;
842 593 943 635 nec
969 590 990 620 ο
1014 577 1166 633 Italia
1188 575 1558 648 Langobardis
1585 593 1599 630 :
1630 582 1685 630 et
1710 571 1878 627 multa
1903 569 2090 642 hujus-

501 670 672 730 modi.
725 669 845 727 Non
890 671 1010 726 haec
1040 668 1244 725 idcirco
1292 668 1528 724 dicimus
1571 673 1630 721 ut
1664 678 1926 736 negemus
1965 676 2092 733 pro-

501 764 798 822 videntiam
824 762 922 818 Dei
962 762 1251 833 aliquando
1291 759 1572 817 absolvere
1612 758 1988 820 innocentem,
2035 761 2093 812 et

501 856 765 912 damnare
790 855 1023 920 noxios;
1075 853 1171 910 sed
1212 853 1338 924 quia
1367 852 1677 910 nullatenus
1706 856 1968 905 statutum
2005 853 2092 904 est

501 963 535 1003 a
568 947 680 1004 Deo
706 957 767 1003 ut
787 949 905 1003 haec
933 946 989 1002 in
1021 945 1273 1002 omnibus
1309 945 1437 1010 ﬁat,
1467 942 1574 999 nisi
1599 950 1843 998 extremo
1863 939 2086 1010 judicio.

500 1039 571 1096 Et
598 1040 724 1109 quia
768 1039 896 1093 talia
938 1037 1240 1094 certamina
1277 1037 1629 1092 vehementer
1654 1033 1926 1089 contraria
1966 1037 2094 1086 sunt

500 1130 842 1202 simplicitati
865 1137 918 1186 et
952 1129 1139 1202 pietati
1165 1127 1514 1193 Christianae,
1557 1133 1615 1182 et
1647 1124 1906 1180 doctrinae
1929 1137 2094 1178 evan-

501 1225 689 1296 gelicae
735 1223 900 1279 nimis
940 1223 1188 1286 adversa,
1226 1219 1366 1274 absit
1396 1234 1428 1274 a
1475 1225 1656 1274 mente
1682 1215 1990 1272 Christiana
2033 1221 2096 1268 ut

501 1318 732 1373 adversa
756 1314 917 1385 hujus
943 1315 1129 1371 mundi
1154 1312 1494 1369 conﬂictibus
1527 1318 1736 1383 quaerat
1762 1310 2011 1374 evadere,
2038 1315 2095 1364 et

503 1411 699 1482 gaudia
738 1408 855 1478 ejus
878 1407 1268 1464 certaminibus
1293 1406 1542 1477 adipisci.
1592 1404 1727 1461 Cum
1759 1419 1791 1458 e
1819 1401 2094 1458 contrario

497 1505 646 1559 intra
671 1517 827 1557 sacra
869 1500 1156 1557 missarum
1200 1497 1464 1554 solemnia
1490 1496 1804 1566 frequenter
1843 1495 2098 1565 deprece-

498 1611 626 1651 mur
653 1595 939 1650 Dominum
985 1599 1045 1647 ut
1071 1591 1274 1646 tribuat
1309 1590 1469 1645 nobis
1502 1604 1602 1660 pro
1629 1601 1811 1644 amore
1851 1601 1951 1643 suo
1973 1601 2099 1656 pro-

498 1704 661 1759 spera
693 1687 878 1743 mundi
901 1685 1204 1757 despicere,
1245 1691 1301 1740 et
1324 1683 1467 1738 nulla
1505 1682 1625 1752 ejus
1647 1681 1874 1736 adversa
1903 1679 2096 1736 fomi-

499 1782 666 1846 dare,
706 1780 864 1836 decet
911 1778 1132 1833 omnino
1178 1782 1416 1831 mentem
1451 1772 1821 1829 Christianam
1855 1786 1979 1828 cum
2027 1772 2098 1828 ti-

2189 564 2401 619 condita
2429 564 2780 630 tenebrarum,
2829 573 2880 619 et
2898 564 3254 634 manifestabit
3272 564 3494 620 consilia
3517 568 3788 628 sordium.

2187 655 2448 712 Concedit
2474 663 2655 712 tamen
2675 655 2925 726 judicare
2951 656 3096 712 inter
3119 653 3320 714 fratres
3337 695 3354 724 ,
3395 665 3457 714 ut
3480 659 3790 718 contentio-

2189 761 2288 804 nes
2315 746 2619 819 sopiantur.

2258 881 2328 938 Χ.
2355 879 2464 939 Sed
2497 879 2706 938 utilitas
2724 881 3055 955 judiciorum
3096 889 3312 939 constat
3351 882 3409 940 in
3448 882 3792 944 discussione

2190 989 2477 1031 causarum
2499 982 2555 1031 et
2577 974 2876 1038 subtilitate
2898 975 3415 1049 investigationum,;
3427 975 3588 1033 sicuti
3613 985 3672 1032 et
3683 975 3790 1033 Sa-

2190 1063 2371 1122 lomon
2413 1065 2607 1122 fecisse
2643 1065 2842 1139 legitur
2874 1067 2930 1122 in
2956 1068 3302 1124 contentione
3344 1068 3578 1125 duarum
3609 1083 3789 1127 mere-

2191 1157 2430 1212 tricum:
2465 1157 2620 1226 cujus
2655 1166 2711 1214 et
2733 1158 2926 1228 petitio
2945 1168 3232 1231 propterea
3254 1160 3456 1231 placuit
3492 1161 3625 1228 Deo,
3657 1160 3791 1233 quia

2193 1264 2301 1306 non
2329 1249 2522 1319 petivit
2545 1249 2762 1306 divitias
2788 1259 2883 1305 aut
2914 1250 3030 1307 dies
3068 1251 3291 1318 multos,
3340 1254 3433 1309 sed
3459 1255 3791 1325 sapientiam

2193 1340 2262 1396 ad
2282 1340 2697 1396 discernendum
2717 1342 3002 1414 judicium.
3033 1341 3126 1398 Sic
3143 1351 3200 1398 et
3217 1343 3409 1400 Daniel
3437 1347 3613 1403 adhuc
3631 1362 3792 1418 puer,

2195 1432 2488 1488 suscitante
2516 1431 2627 1488 Deo
2650 1433 2902 1504 spiritum
2932 1433 3068 1504 ejus,
3108 1429 3374 1502 judicavit
3410 1434 3546 1493 duos
3570 1437 3794 1510 iniquos

2191 1520 2399 1593 iudices
2425 1521 2679 1593 prudenti
2709 1522 3028 1589 subtilitate,
3057 1538 3155 1594 per
3175 1538 3339 1594 quam
3369 1524 3595 1581 liberata
3617 1534 3702 1583 est
3733 1535 3795 1584 et

2195 1616 2353 1673 beata
2380 1615 2628 1672 Susanna
2658 1615 2724 1669 de
2765 1613 2962 1684 injusta
3007 1615 3372 1671 damnatione.
3419 1615 3555 1671 Nam
3586 1617 3635 1672 si
3674 1618 3794 1675 haec

2199 1707 2304 1763 duo
2347 1705 2553 1777 judicia
2599 1705 2932 1777 temporibus
2981 1707 3186 1763 nostris
3230 1709 3616 1778 pervenirent,
3661 1709 3794 1780 quid

2191 1796 2402 1868 judices
2447 1797 2692 1854 dicerent
2715 1837 2731 1865 ,
2779 1796 2938 1854 facile
2973 1807 3058 1854 est
3103 1798 3388 1856 advertere
3413 1841 3430 1866 ,
3479 1809 3605 1857 ante
3653 1815 3794 1873 quos

502 1887 655 1927 more
689 1879 745 1926 et
769 1878 1022 1964 tremore,
1071 1865 1731 1964 secundumAApostolum,
1769 1880 1922 1920 suam
1951 1864 2094 1921 salu-
2121 1849 2170 1910 Β
2191 1849 2432 1946 ςηωίξῐξθ
2453 1849 2830 1962 ’θάξ
2842 1849 3076 1946 ὦηῶ
3103 1849 3460 1947 ’ξὲῦιξε

498 1971 611 2018 tem
653 1960 892 2032 operari,
931 1967 988 2014 et
1030 1967 1213 2014 mente
1257 1959 1326 2015 ad
1361 1956 1543 2012 futura
1592 1957 1848 2022 transire,
1897 1970 1999 2010 nec
2037 1955 2095 2010 in

499 2055 860 2127 praesentibus
898 2054 1064 2110 rebus
1106 2067 1327 2110 sensum
1369 2050 1573 2122 ﬁgere;
1628 2051 1884 2122 quoniam
1915 2048 2095 2106 occul-

503 2150 711 2205 tissima
760 2148 857 2204 Dei
904 2147 1306 2219 dispensatione
1359 2144 1497 2200 varii
1554 2152 1682 2200 sunt
1725 2145 1782 2200 in
1839 2142 2095 2215 prazsenti

501 2249 747 2312 tempore
774 2255 958 2295 rerum
983 2246 1230 2302 eventus,
1259 2237 1399 2293 sicut
1426 2242 1481 2291 et
1509 2250 1664 2291 sacra
1701 2234 1980 2305 Scriptura
2016 2242 2097 2290 te-

501 2342 716 2389 statur:
768 2331 905 2388 Sunt
936 2331 1068 2402 justi
1102 2329 1290 2402 quibus
1348 2327 1515 2382 multa
1551 2329 1894 2400 proveniunt,
1943 2326 2096 2399 quasi

501 2445 661 2499 opera
691 2427 887 2497 egerint
925 2424 1243 2495 impiorum;
1281 2431 1328 2476 et
1357 2431 1478 2477 sunt
1516 2421 1664 2492 impii
1701 2420 1792 2493 qui
1827 2420 1902 2474 ita
1925 2420 2096 2474 securi

501 2527 627 2574 sunt
652 2517 804 2590 quasi
840 2517 1108 2588 justorum
1151 2513 1293 2584 facta
1334 2513 1595 2567 habeant.
1628 2510 1697 2565 Et
1733 2511 1968 2565 iterum:
2000 2509 2098 2564 Et—

502 2612 642 2666 enim
667 2611 791 2683 quia
818 2625 921 2665 non
945 2606 1210 2679 profertur
1251 2605 1353 2658 cito
1382 2611 1565 2658 contra
1607 2600 1776 2657 malos
1821 2599 2095 2665 sententia,

501 2706 699 2776 absque
726 2700 836 2757 ullo
861 2700 1046 2754 timore
1063 2697 1164 2767 ﬁlii
1194 2696 1464 2750 hominum
1493 2702 1791 2766 perpetrant
1818 2691 1981 2746 mala.
2029 2691 2099 2747 Et

503 2794 744 2849 iterum:
779 2791 914 2847 Sunt
937 2789 1072 2860 justi
1093 2797 1247 2860 atque
1268 2787 1548 2858 sapientes,
1584 2795 1633 2840 et
1658 2801 1815 2855 opera
1833 2799 2014 2839 eorum
2041 2783 2099 2838 in

502 2903 670 2942 manu
695 2884 835 2940 Dei:
871 2892 920 2940 et
962 2891 1136 2938 tamen
1180 2880 1341 2936 nescit
1370 2880 1554 2943 homo,
1602 2885 1778 2930 utrum
1821 2889 1999 2929 amore
2027 2891 2099 2929 an

507 2977 631 3032 odio
670 2976 859 3047 dignus
894 2975 999 3039 sit;
1041 2972 1130 3028 sed
1170 2971 1347 3027 omnia
1391 2970 1449 3024 in
1491 2968 1670 3038 futuro
1715 2972 1989 3020 servantur
2015 2963 2100 3018 in-

505 3078 672 3132 rerta,
700 3084 759 3122 eo
784 3066 924 3139 quod
957 3067 1198 3120 universa
1237 3079 1383 3133 orque
1416 3059 1623 3116 veniant
1663 3058 1814 3130 justo
1841 3066 1890 3112 et
1916 3055 2095 3127 impio,

2196 1981 2410 2050 Quanta
2439 1988 2619 2036 autem
2661 1982 2971 2036 necessaria
3014 1981 3086 2037 sit
3133 1981 3418 2054 integritas
3458 1982 3794 2054 judiciorum

2197 2071 2379 2144 regnis
2427 2080 2484 2128 et
2534 2071 2824 2144 gentibus,
2880 2071 3161 2143 Scriptura
3217 2079 3491 2138 testatur,
3560 2074 3790 2131 dicens:

2197 2163 2436 2265 Reqzum
2475 2175 2694 2265 agente
2726 2167 2783 2222 in
2809 2175 3012 2238 gentem
3052 2166 3376 2238 transfertur
3408 2177 3621 2240 propter
3645 2169 3795 2240 inju-

2195 2256 2384 2322 stitia's,
2431 2265 2479 2311 et
2511 2257 2762 2328 injurias,
2801 2265 2851 2312 et
2875 2257 3254 2319 contumelias.
3301 2267 3350 2314 et
3379 2258 3610 2315 diuersos
3642 2260 3794 2317 dolos

2199 2346 2386 2419 (Eccli.
2421 2364 2476 2414 ι,
2511 2348 2589 2422 8).
2622 2347 2753 2417 Qua:
2775 2349 2958 2404 omnia
2984 2349 3106 2421 plus
3143 2365 3308 2420 quam
3333 2351 3390 2405 in
3413 2351 3629 2407 caeteris
3661 2367 3796 2422 gen-

2197 2437 2344 2493 tibus
2389 2437 2667 2494 abundant
2704 2439 2848 2495 inter
2888 2451 2912 2480 ο
2943 2439 3328 2508 Gundobados,
3369 2445 3510 2514 apud
3557 2459 3794 2515 quorum

2197 2528 2372 2602 legem
2393 2545 2501 2585 non
2536 2530 2667 2586 licet
2688 2531 3026 2589 discussione
3061 2541 3155 2588 aut
3177 2534 3453 2590 veracium
3482 2536 3795 2592 testimonio

2197 2635 2394 2678 causas
2424 2621 2760 2689 terminare;
2813 2639 2879 2679 eo
2907 2625 3052 2695 quod
3078 2625 3321 2690 libuerit.
3359 2627 3530 2682 armis
3567 2627 3799 2684 commi-

2197 2714 2319 2770 nari
2349 2713 2534 2780 liceat,
2571 2729 2640 2770 ne
2681 2713 2950 2771 inﬁrmior
2978 2731 3076 2771 sua
3100 2717 3340 2773 retinere
3382 2727 3479 2773 aut
3509 2733 3798 2790 reposcere

2197 2811 2414 2878 audeat,
2469 2819 2727 2882 tanquam
2755 2811 2960 2866 veritas
2988 2813 3156 2867 armis
3201 2812 3537 2868 manifestari
3587 2821 3794 2886 egeat:

2197 2903 2342 2975 quod
2378 2902 2528 2958 nulla
2556 2903 2872 2970 auctoritas,
2905 2903 3050 2959 nulla
3078 2904 3218 2960 ratio
3239 2905 3463 2961 credere
3491 2904 3640 2961 sinit.

2266 3036 2357 3093 XI.
2385 3037 2540 3094 Valet
2579 3038 2745 3093 etiam
2789 3039 2859 3094 ad
2898 3038 3040 3094 hanc
3086 3055 3203 3096 rem
3244 3040 3516 3096 subtiliter
3549 3041 3804 3100 conside-

507 3129 722 3216 bono'et
762 3129 926 3224 male,
970 3155 1167 3211 mundo
1205 3163 1254 3209 et
1289 3129 1580 3217 immundo,
1617 3129 1915 3205 immolanti
1946 3148 2096 3203 uicti-
2133 3207 2172 3224 η
2199 3129 2426 3224 “ﬁdam
2455 3130 2600 3224 illi“!
2625 3131 2771 3224 (ᾓυοξί
2801 3131 2863 3224 in
2903 3131 3045 3186 libro
3083 3131 3335 3224 iudiciiin
3365 3132 3622 3189 Υθῖθηιπ·
3659 3133 3801 3192 Cum
3831 3199 3834 3202 .

506 3272 621 3310 mas
653 3263 701 3309 et
744 3251 1007 3321 sacriﬁcia
1032 3246 1396 3304 contemnenti.
1433 3243 1578 3300 Sicut
1605 3243 1788 3307 bonus,
1816 3241 1892 3296 sic
1915 3249 1964 3295 et
1985 3256 2102 3311 pec-

2205 3223 2350 3279 enim
2377 3222 2597 3293 quidam
2638 3222 2694 3277 in
2719 3221 2904 3278 Gabaa
2931 3223 3168 3288 civitate,
3218 3223 3286 3279 de
3314 3224 3460 3279 tribu
3490 3222 3802 3294 Benjamin,

505 3357 658 3402 cator
680 3363 699 3412 ;
739 3354 796 3399 ut
823 3344 1092 3416 perjurus,
1131 3343 1207 3396 ita
1230 3348 1280 3394 et
1299 3337 1388 3393 ille
1417 3337 1507 3408 qui
1534 3351 1710 3391 verum
1732 3334 1956 3405 dejerat.
1988 3329 2103 3386 Hoc

506 3448 583 3494 est
618 3437 900 3511 pessimum
947 3435 1084 3489 inter
1126 3432 1304 3488 omnia
1353 3446 1471 3502 qua:
1508 3428 1604 3483 sub
1637 3426 1745 3482 sole
1771 3426 1929 3497 ﬁunt,
1977 3424 2105 3496 quia

509 3531 693 3587 eadem
722 3531 923 3586 cunctis
945 3528 1206 3584 eueniunt.
1240 3523 1392 3580 Unde
1419 3531 1467 3578 et
1489 3521 1651 3577 corda
1676 3520 1908 3590 ﬁliorum
1936 3519 2106 3573 homi-

511 3641 637 3679 num
666 3622 949 3695 implentur
990 3617 1198 3674 malitia
1230 3625 1279 3671 et
1313 3621 1606 3686 contemptu
1653 3613 1709 3667 in
1743 3611 1849 3667 uita
1887 3627 2009 3677 sua,
2055 3618 2104 3666 et

510 3724 623 3777 post
651 3715 765 3768 Iure
791 3711 860 3768 ad
901 3710 1100 3782 inferos
1141 3707 1472 3762 deducuntur
1516 3701 1716 3779 (Eccle.
1747 3718 1826 3768 ιι,
1874 3700 2006 3772 1-5).
2037 3699 2107 3756 Et

512 3808 709 3862 iterum
734 3821 747 3859 :
789 3801 935 3857 Verti
961 3815 1044 3854 me
1064 3799 1134 3852 ad
1163 3795 1332 3863 aliud,
1365 3795 1571 3867 vidique
1598 3811 1690 3849 nec
1716 3792 1967 3848 velocium
1995 3807 2106 3846 esse

510 3915 745 3965 cursum,
777 3912 871 3950 nec
899 3893 1120 3965 fortium
1161 3890 1371 3956 bellum,
1413 3906 1505 3944 nec
1536 3887 1851 3960 sapientium
1894 3899 2102 3956 panem,

512 4009 606 4046 nec
634 3989 907 4044 doctorum
933 3984 1168 4049 divitias,
1199 3999 1292 4038 nec
1314 3981 1578 4051 artiﬁcum
1597 3979 1843 4050 gratiam,
1872 3975 1963 4032 sed
1983 3984 2109 4030 tem-

513 4097 611 4152 pus
641 4093 917 4148 casumque
939 4077 995 4130 in
1026 4073 1286 4130 omnibus.
1334 4071 1518 4128 Nescit
1545 4070 1699 4125 homo
1740 4068 1900 4138 ﬁnem
1927 4081 2102 4120 suum.

516 4173 625 4231 Sed
655 4173 790 4229 sicut
820 4173 986 4243 pisces
1014 4168 1294 4242 capiuntur
1329 4167 1509 4225 hamo,
1552 4172 1602 4218 et
1636 4163 1771 4217 sicut
1801 4176 1920 4214 aves
1961 4173 2105 4212 com-

513 4263 909 4337 prehenduntur
933 4261 1117 4335 laqueo
1143 4277 1163 4327 ;
1202 4259 1278 4314 sic
1304 4257 1584 4328 capiuntur
1623 4251 1856 4306 homines
1879 4257 2108 4318 tempore

517 4355 660 4410 malo
684 4397 700 4422 ,
740 4369 859 4410 cum
889 4353 963 4407 eis
1002 4347 1257 4420 extmplo
1303 4342 1659 4416 supervenerit
1708 4338 1895 4410 (Ibid.,
1934 4356 1982 4394 υ.
2018 4337 2104 4402 Η,

517 4448 630 4521 12).
658 4446 772 4503 Non
796 4445 940 4502 enim
968 4451 1054 4499 est
1072 4443 1129 4498 in
1153 4435 1411 4512 praesenti
1445 4432 1762 4489 meritorum
1794 4429 2105 4495 retributio,

517 4541 613 4598 sed
639 4539 694 4595 in
721 4539 922 4594 futuro.
949 4534 1066 4592 Non
1091 4537 1306 4604 oportet
1329 4534 1569 4584 mentem
1598 4524 1812 4581 ﬁdelem
1840 4523 2106 4594 suspicari

519 4631 667 4703 quod
693 4629 1038 4700 omnipotens
1065 4625 1203 4680 Deus
1227 4617 1440 4676 occulta
1463 4615 1748 4672 hominum
1769 4615 1824 4670 in
1850 4615 2108 4686 praesenti

517 4724 630 4779 vita
655 4737 752 4794 per
775 4721 803 4763 ἀ
837 4734 1034 4792 aquam
1069 4714 1298 4773 calidam
1328 4717 1421 4767 aut
1446 4709 1650 4766 ferrum
1678 4707 1908 4765 revelari
1936 4706 2065 4762 velit
2091 4724 2104 4760 :

521 4822 724 4887 quanto
751 4815 931 4868 minus
958 4823 1056 4880 per
1081 4804 1321 4862 crudelia
1351 4801 1692 4858 certamina?
1710 4799 1938 4870 Propter
1964 4799 2111 4871 quod

519 4907 808 4980 Apostolus
829 4901 1076 4976 praecipit
1090 4900 1156 4956 de
1175 4895 1405 4954 occultis
1423 4895 1586 4952 rebus
1605 4908 1714 4950 non
1732 4890 2107 4964 iudicandum,

2206 3313 2605 3370 commisissent
2642 3312 2877 3368 immane
2896 3311 3158 3384 ﬂagitium
3183 3329 3348 3385 super
3371 3315 3598 3372 muliere
3622 3313 3805 3384 cujus-

2206 3411 2330 3466 dam
2347 3407 2545 3472 levitis,
2572 3415 2628 3462 et
2653 3417 3110 3479 congregarentur
3140 3408 3405 3465 universae
3433 3411 3606 3465 tribus
3631 3407 3802 3467 Israel

2207 3508 2276 3563 ad
2317 3507 2421 3561 hoc
2455 3504 2667 3560 facinus
2709 3503 3074 3575 puniendum,
3112 3505 3337 3562 collecta
3368 3513 3454 3562 est
3491 3505 3655 3562 etiam
3685 3512 3804 3562 tota

2206 3597 2381 3652 tribus
2424 3592 2705 3663 Benjamin
2753 3594 2809 3650 in
2843 3582 3102 3665 praedicta
3138 3595 3361 3651 ciVitate
3403 3595 3588 3652 Gabaa
3615 3596 3682 3650 ad
3707 3595 3806 3654 de-

2206 3686 2530 3744 fendendum
2557 3693 2841 3756 peccatum
2871 3685 3105 3742 illorum.
3155 3687 3275 3742 Filii
3304 3703 3434 3760 ergo
3464 3687 3629 3744 Israel
3670 3703 3806 3744 con-

2207 3778 2488 3834 suluerunt
2517 3777 2570 3832 in
2595 3778 2786 3848 primis
2815 3777 3102 3834 Dominum
3131 3779 3185 3834 in
3229 3779 3365 3846 Silo,
3408 3788 3467 3836 et
3504 3780 3811 3851 interroga-

2205 3878 2402 3925 verunt
2431 3869 2552 3940 quis
2581 3883 2702 3924 esse
2743 3869 2967 3926 deberet
3007 3869 3263 3941 princeps
3301 3870 3635 3927 certaminis.
3675 3870 3814 3940 Qui-

2205 3964 2309 4020 bus
2337 3962 2617 4034 respondit
2641 3962 2944 4018 Dominus:
2996 3961 3170 4017 Judas
3206 3963 3272 4018 sit
3299 3963 3409 4018 dua:
3457 3972 3640 4019 vester.
3685 3963 3815 4023 Sta-

2211 4056 2417 4126 timque
2446 4063 2504 4109 ut
2533 4063 2820 4124 coeperunt
2861 4054 3053 4110 urbem
3095 4069 3432 4126 expugnare,
3473 4056 3656 4112 occisa
3679 4063 3813 4111 sunt

2209 4166 2276 4207 ex
2302 4150 2383 4206 eis
2410 4149 2601 4220 viginti
2641 4138 2748 4204 duo
2781 4147 2951 4203 millia
2994 4148 3257 4203 virorum.
3305 4146 3512 4204 Deinde
3539 4146 3812 4204 fleverunt

2209 4256 2392 4297 coram
2431 4239 2662 4294 Domino
2700 4253 2874 4308 usque
2919 4239 2989 4295 ad
3031 4247 3286 4304 noctem;
3341 4246 3399 4294 et
3439 4239 3813 4310 interrogave-

2209 4339 2340 4387 runt
2359 4347 2482 4388 eum
2518 4337 2701 4385 utrum
2730 4330 2992 4386 deberent
3019 4331 3314 4400 procedere
3344 4329 3410 4384 ad
3441 4330 3812 4388 dimicandum

2210 4431 2400 4481 contra
2440 4422 2580 4478 ﬁlios
2609 4420 2925 4489 Benjamin,
2975 4436 3041 4476 an
3084 4421 3236 4476 non?
3281 4419 3487 4488 Quibus
3527 4421 3816 4492 respondit

2213 4514 2509 4572 Dominus:
2549 4511 2826 4567 Ascendite
2855 4510 2925 4564 ad
2963 4527 3073 4577 eos,
3110 4520 3159 4564 et
3196 4509 3324 4566 inite
3351 4518 3634 4566 certamen.
3690 4509 3816 4577 Quo

2132 4575 2187 4636 Β
2213 4612 2366 4677 inito,
2404 4615 2678 4680 prostrata
2710 4622 2778 4662 ex
2813 4606 2894 4661 eis
2916 4575 3105 4662 decem
3130 4606 3203 4660 'et
3229 4614 3354 4662 octo
3377 4604 3566 4661 millia.
3609 4575 3817 4671 Quam-

2214 4708 2403 4763 obrem
2438 4708 2710 4758 venerunt
2756 4701 2956 4756 iterum
2981 4700 3038 4756 in
3063 4699 3286 4756 domum
3311 4699 3428 4765 Dei,
3469 4707 3527 4754 et
3554 4698 3818 4756 sedentes

2212 4797 2416 4854 ﬂebant
2462 4807 2648 4850 coram
2693 4791 2942 4859 Domino,
2986 4789 3479 4864 jejunaveruntque
3523 4807 3698 4863 usque
3744 4792 3815 4848 ad

2214 4901 2519 4960 vesperam,
2549 4891 2607 4942 et
2630 4883 2944 4941 obtulerunt
2963 4883 3272 4952 sacriﬁcia;
3306 4892 3365 4941 et
3396 4883 3595 4941 iterum
3625 4899 3820 4955 proce-

1887 4981 2164 5039 BALUZII
2201 4978 2431 5040 NOTIE.

521 5112 714 5154 norum
744 5095 933 5151 ducem
974 5087 1184 5158 cepisse
1233 5079 1798 5158 sanctam__civitatem
1837 5091 1979 5158 anno
2009 5076 2112 5158 6§6

522 5147 945 5234 Ei'iiiééliiiane
998 5147 1225 5234 aliisque
1274 5153 1456 5212 docuit
1494 5150 1769 5208 illustriss.
1820 5147 2113 5206 cardinalis

520 5227 810 5298 Baronius,
833 5245 993 5304 quem
1009 5227 1254 5304 consule.

599 5291 1080 5366 eiRoma'Gothis,
1129 5307 1286 5366 capta
1312 5294 1566 5351 nimirum
1609 5296 1676 5351 ab
1725 5291 1942 5348 Alarico
1989 5303 2116 5366 rege

599 5321 625 5348 ι
668 5305 837 5360 Roma
867 5304 1080 5366 Gothis,
1129 5315 1190 5355 ca
1235 5307 1286 5352 ta
1312 5304 1566 5351 nimirum
1609 5304 1676 5351 ab
1725 5304 1942 5348 Alarico
1989 5304 2116 5414 rege

526 5378 848 5446 Gothorum,
871 5373 962 5442 qui
982 5372 1158 5446 victor
1186 5315 1386 5426 llrbem
1434 5367 1817 5446 ingressusnest
1845 5376 1986 5446 anno
2011 5359 2044 5414 4
2082 5359 2116 5414 0

529 5449 600 5510 1x!
623 5445 740 5502 Kal.
777 5435 1131 5512 Sépiembris,
1181 5448 1241 5512 ut
1263 5435 1669 5512 ostendit'idem
1698 5435 1987 5512 Baronius.

599 5500 634 5557 δ’
669 5500 904 5586 Ραςανὶἱε
938 5522 988 5568 et
1012 5500 1291 5586 ngreticis.
1320 5507 1586 5580 Loquitur
1624 5508 1690 5564 de
1734 5505 1946 5562 Gothis.
1978 5500 2113 5586 Nam

533 5588 660 5660 quia
686 5582 1022 5660 Badagaisus
1041 5582 1339 5660 Gothorum
1366 5589 1632 5660 rex_,__erat
1655 5591 1916 5660 paganus,
1943 5585 2118 5660 eoque

535 5645 1108 5728 iiiterfectofreliquia‘,
1137 5652 1410 5728 exercitus
1439 5650 1608 5728 illius,
1646 5645 1905 5728 qui'haud
1945 5645 2119 5728 _dubi.e

531 5713 613 5786 Si
626 5713 854 5802 paganis
878 5713 1179 5802 constabat,
1212 5725 1278 5779 ad
1306 5713 1900 5802 Διεηοίςιιιλιιιςῑιοξιπλείω-(ἶι
1923 5713 2121 5802 "homi-

531 5785 654 5857 ita;
685 5785 901 5874 quidem
921 5785 1287 5874 Christianum
1314 5833 1328 5874 ρ
1378 5791 1718 5874 Ξθᾴᾉτίειιω
1745 5785 2121 5874 ,ΡθῗθβῘξῬ-,ἓὲζ

531 5855 800 5938 itemitem
820 5855 1215 5940 {manifestum
1246 5855 1330 5923 est
1374 5861 1580 5922 Gothos
1601 5901 1619 5927 ,
1667 5855 1788 5949 qui'
1812 5873 1921 5914 non
1949 5855 2121 5925 multo

2213 5072 2902 5158 post‘Romamicepemnt,
2931 5067 3135 5142 partim
3178 5083 3418 5142 paganos
3464 5069 3652 5136 fuisse,
3685 5084 3818 5143 par-

2216 5145 2317 5202 tim
2340 5145 2650 5200 hmreticos.

2292 5227 2315 5256 ο
2357 5214 2521 5270 Italia
2569 5209 2951 5283 Langobardis.
2973 5209 3291 5283 _Contigisse
3328 5210 3384 5267 id
3421 5210 3816 5283 annoChristi

2219 5287 2333 5370 568.
2353 5286 2489 5342 duce
2530 5280 2760 5339 Alboino
2787 5280 3266 5354 Langobardorum
3297 5296 3425 5353 rege
3479 5282 3673 5354 probat
3710 5282 3816 5338 Ba-

2217 5373 2833 5514 .mi'lr‘sissmnes’ﬁsm-
2857 5423 3162 5514 υερρρίείο
3189 5421 3560 5514 θςυίξρθιίάαῖ
3581 5431 3637 5478 ει
3673 5421 3815 5514 ﬂeui

2218 5498 2373 5573 igniti
2400 5493 2523 5552 vide
2548 5495 2896 5552 Franciscum
2927 5493 3200 5552 Pithtnum
3228 5493 3280 5549 in
3313 5493 3592 5550 Glossario
3636 5494 3705 5548 ad
3755 5493 3818 5547 li-

2219 5572 2375 5650 bros_
2389 5565 2809 5650 papitularium,
2837 5565 3185 5650 .Iuretummin
3230 5563 3702 5650 observationibus
3744 5563 3814 5650 ad

2221 5655 2308 5768 Ep.
2343 5639 2410 5722 7:4
2440 5633 2617 5721 Ivonis
2655 5637 3040 5721 Carpotensis,
3084 5635 3430 5722 Sirmondum
3472 5634 3528 5688 in
3554 5634 3698 5688 notis
3742 5633 3814 5690 ad

2269 5708 2518 5768 offndum
2550 5707 3026 5768 deocmensem.
3062 5709 3154 5764 llb.
3192 5723 3276 5768 III,
3306 5723 3390 5768 ep.
3421 5706 3511 5762 '58.

2299 5723 2518 5765 mnuum
2558 5723 3026 5774 vmuocmensem,
3062 5723 3154 5764 nn.
3192 5723 3276 5774 III,
3306 5723 3390 5778 ep.
3421 5723 3511 5762 οδ.

2299 5792 2321 5822 ο
2343 5778 2718 5845 Gundobados,
2744 5779 2798 5835 id
2818 5787 2922 5851 est,
2946 5778 3353 5851 Burgundiones
3403 5786 3464 5833 ut
3496 5775 3701 5834 dictum
3725 5781 3814 5838 est

2225 5851 2291 5910 ad
2312 5859 2473 5940 caput
2504 5856 2757 5922 quartum
2788 5848 2952 5920 hujus
2985 5848 3126 5906 libri.
