4088 6344
2829 299 2933 314 ,ι’-ν.

240 365 345 424 121
1243 361 1372 425 ιω.
1409 365 1784 431 ADVERSUS
1821 368 1854 430 ἰ

1908 371 2058 432 GEM
2096 372 2518 435 GUNDOBADI.
3411 391 3522 452 ης

238 483 436 538 dentes
482 477 552 536 ad
596 484 903 546 certamen,
945 479 1332 538 interfecerunt
1368 498 1585 540 omnem
1632 486 1834 542 tribum
1865 501 1908 556 Α
1939 488 2008 543 ab
2054 490 2161 546 illis
2212 493 2516 565 excogitata
2575 503 2661 551 est
2711 497 2803 568 qui
2851 513 2960 559 non
3009 504 3184 564 solum
3242 523 3352 568 non
3393 527 3522 570 ora-

237 574 546 672 lienjamin,
589 583 786 672 prater
807 573 943 672 illos‘
964 583 1249 672 sexcentos
1270 575 1438 672 viros.
1481 575 1613 644 Quis
1653 579 1707 632 in
1737 578 1829 635 tali
1933 586 2083 651 bant,
2119 588 2212 642 sed
2256 589 2422 644 etiam
2463 590 2491 631 ι)
2533 591 2989 662 blasphemabam
3029 602 3356 672 sapientiam
3398 607 3520 664 Dei.

236 667 388 721 facto
429 667 946 764 non‘obstupescat?
987 667 1118 736 Quis
1144 682 1252 723 non
1275 668 1627 764 vehementer
1666 685 1830 742 expa-
2003 677 2116 732 XII.
2162 678 2278 736 Huc
2319 684 2529 740 accedit
2570 685 2714 742 aliud
2761 692 2904 759 quod
2949 693 3037 764 pia
3084 667 3523 760 eonsideratione

234 759 714 861 fefcatimjicipm
739 757 1175 861 Dej__f_re_quen_t9r
1203 761 1506 861 oceanum:
1553 777 1829 861 nunquam
1934 769 2154 841 dignum
2175 773 2402 839 videtur,
2448 785 2471 815 c
2523 778 2590 834 de
2631 757 2928 840 canonibus
2949 757 3164 843 scilicet
3205 757 3521 861 Gallicanis;

234 851 546 954 injustam?
594 852 753 954 Certe
798 851 893 954 filii
937 853 1103 954 Israel
1128 853 1625 954 'mandatumulegis
1665 857 1830 914 habe-
1933 863 2024 934 qui
2047 864 2201 933 quasi
2224 866 2476 937 superﬂui
2501 879 2595 926 aut
2623 871 3238 947 inutilesaquibusdam
3264 851 3525 954 respuun:

236 951 391 1015 bant,
437 958 498 1004 ut
524 948 731 1005 scelera
765 949 1043 1020 punirent,
1070 949 1313 1006 facinora
1339 951 1721 1019 vindicarent;
1775 961 1830 1009 et
1934 964 2060 1021 tur;
2107 973 2172 1013 eo
2198 961 2341 1029 quod
2375 959 2401 1000 ἀ
2429 965 2689 1021 neoterici
2716 965 2948 1024 Romani
2992 986 3086 1027 eos
3115 988 3220 1029 non
3247 948 3526 1033 commen-

235 1041 771 1136 non_solo-mandato
809 1040 944 1112 legis
970 1040 1158 1098 confisi
1193 1050 1339 1108 sunt,
1363 1043 1457 1100 sed
1482 1044 1647 1100 etiam
1674 1060 1832 1101 oran-
1933 1049 2212 1117 daverint,
2260 1067 2382 1108 cum
2423 1056 2632 1127 antiqui
2677 1059 2929 1132 religiose
2965 1077 3059 1120 eos
3097 1071 3338 1122 venerati
3369 1069 3520 1136 sint;

234 1141 318 1186 tes
350 1132 640 1187 Dominum
662 1133 1732 1209 interrogaverunt;eteoprmcipiente,
1761 1139 1829 1195 ad
1932 1145 2188 1214 quoniam
2241 1148 2533 1203 venerandi
2583 1158 2640 1204 et
2686 1153 2858 1208 sancti
2903 1155 3006 1210 viri
3065 1171 3160 1213 eos
3209 1132 3520 1226 ediderunt,

233 1235 518 1281 certamen
571 1233 992 1296 processerunt:
1033 1235 1088 1282 et
1118 1235 1297 1283 tamen
1336 1229 1505 1285 multo
1548 1230 1732 1300 plures
1761 1246 1828 1288 ex
1930 1252 2161 1307 quorum
2187 1239 2351 1295 vitam
2375 1249 2431 1296 et
2457 1244 2801 1302 sanctitatem
2843 1248 3035 1304 crebra
3079 1252 3342 1307 miracula
3374 1269 3523 1309 com-

233 1317 316 1369 eis
345 1316 515 1412 occisi
553 1324 703 1412 sunt‘
725 1325 883 1412 antea
903 1359 917 1380 ,
967 1325 1022 1372 et
1048 1327 1236 1388 postea
1273 1320 1563 1390 punierunt
1600 1321 1831 1394 ﬂagitio—
1931 1331 2271 1388 mendarunt.
2313 1333 2482 1390 Nemo
2507 1351 2743 1406 unquam
2782 1339 2883 1396 fuit
2906 1343 2998 1412 qui
3028 1352 3177 1399 tanta
3204 1355 3521 1402 sanctorum

233 1422 362 1511 ius;
401 1408 448 1511 si
483 1408 789 1511 tamen
820 1410 960 1511 inter
987 1418 1270 1511 sexcentos
1294 1428 1402 1468 non
1434 1426 1824 1511 remanserunt.
1928 1439 2026 1495 per
2047 1424 2248 1482 Gallias
2278 1429 2654 1499 episcoporum
2679 1435 2868 1491 audire
2891 1408 3150 1507 potuerit,
3193 1449 3394 1510 quanta
3425 1454 3526 1511 per

232 1499 374 1600 Cum
401 1500 519 1600 haee
539 1501 720 1600 omnia
745 1501 817 1556 ita
838 1503 984 1568 sint,
1022 1504 1145 1574 quis
1171 1513 1255 1560 est
1286 1514 1397 1562 tam
1426 1509 1744 1565 temerarius
1771 1517 1830 1565 ut
1929 1515 2139 1587 singula
2167 1517 2283 1574 loca
2312 1519 2511 1576 litteris
2536 1523 2789 1580 mandata
2833 1499 3092 1584 et-relatu
3121 1499 3357 1600 posteris
3395 1499 3523 1586 reli-

232 1595 452 1659 credat,
477 1593 520 1647 si
555 1593 661 1650 duo
689 1607 714 1634 ι
745 1610 842 1666 pro
870 1611 978 1651 uno
999 1597 1153 1655 asino
1193 1599 1412 1667 molino,
1445 1610 1538 1657 aut
1569 1604 1828 1674 quidquid
1928 1614 2015 1662 cta
2041 1615 2254 1677 reperta
2283 1618 2428 1664 sunt.
2459 1611 2526 1666 Et
2559 1628 2770 1680 revera,
2803 1617 2848 1672 si
2871 1593 3166 1676 secundum
3193 1621 3394 1677 dictum
3421 1621 3524 1676 Do-

232 1687 314 1741 sit
337 1687 498 1741 etiam
520 1687 699 1753 vilius,
730 1689 1079 1755 contendant,
1109 1707 1218 1749 non
1247 1695 1417 1764 possit
1449 1695 1588 1751 alter
1607 1698 1824 1764 cadere,
1929 1699 2207 1765 minicum,
2254 1703 2346 1758 ubi
2380 1704 2484 1759 duo
2507 1705 2592 1761 vel
2621 1715 2732 1763 tres
2755 1714 3066 1784 congregati
3097 1713 3302 1770 fuerint
3343 1716 3398 1770 in
3429 1731 3528 1770 no—

232 1779 402 1850 cujus
430 1779 555 1878 illud
581 1795 702 1878 esse
735 1781 929 1837 debere
953 1791 1196 1854 putatur,
1217 1801 1338 1842 cum
1370 1785 1508 1844 forte
1544 1798 1640 1844 aut
1659 1790 1824 1846 multa
1854 1870 1895 1878 _
1927 1789 2073 1845 mine
2093 1789 2229 1860 ejus,
2256 1793 2326 1848 ibi
2366 1804 2449 1850 est
2472 1795 2734 1853 Dominus
2763 1799 2819 1855 in
2846 1779 3024 1858 medio
3050 1820 3238 1860 eorum
3265 1823 3278 1871 ;
3315 1815 3522 1878 quanto

232 1881 347 1969 aut.
361 1871 567 1941 majora
592 1873 828 1969 existant
846 1884 1076 1969 peceata
1106 1876 1222 1969 ejus
1246 1893 1409 1948 quam
1436 1879 1680 1948 alterius,
1726 1898 1824 1952 pro
1853 1870 1900 1930 Β
1929 1884 2100 1953 magis
2127 1885 2218 1940 ubi
2241 1886 2455 1958 viginti,
2485 1897 2581 1944 aut
2608 1891 2829 1962 triginta
2856 1895 3024 1951 multo
3049 1898 3281 1969 amplius
3300 1870 3526 1969 congre-

231 1963 436 2032 quibus
484 1964 787 2058 puniendus
814 1965 929 2019 sit?
971 1965 1110 2022 Vere
1149 1967 1252 2024 hoc
1296 1984 1403 2025 non
1447 1979 1530 2026 est
1573 1971 1680 2039 lex,
1729 1974 1823 2029 sed
1928 1976 2036 2045 gati
2061 1974 2281 2044 fuerint,
2319 1996 2426 2036 non
2455 1982 2628 2038 solum
2668 1984 2723 2039 in
2749 1988 2968 2044 nomine
2991 1963 3224 2058 Domi-ni,
3253 1994 3346 2048 sed
3376 1963 3525 2049 insu-

231 2071 342 2110 nex
369 2074 382 2111 :
414 2072 535 2128 quae
561 2057 793 2115 maxime
817 2067 1078 2131 praeterea
1113 2064 1509 2121 contemnenda
1535 2072 1649 2132 est,
1697 2066 1824 2137 quia
1928 2083 2026 2140 per
2055 2071 2219 2127 etiam
2247 2072 2348 2130 fide
2378 2076 2612 2147 praediti,
2640 2079 2907 2150 sapientia
2936 2080 3190 2151 illustres,
3212 2057 3335 2140 vita
3361 2085 3520 2150 clari,

1620 2198 1897 2280 BAIJJZII
1935 2202 2146 2261 nom:

306 2331 336 2359 ι
379 2315 488 2372 Pro
502 2333 615 2394 imo
645 2317 796 2394 adeo
826 2316 1048 2394 "mimo,
1075 2315 1252 2394 idest,
1274 2317 1369 2394 qui
1397 2317 1608 2394 laborat
1626 2318 1693 2394 a_d
1717 2333 1831 2394 mo-
1932 2319 2155 2394 piscopo
2177 2344 2232 2376 ει
2268 2321 2473 2392 synodo
2495 2322 2780 2378 Valentina
2802 2323 3084 2382 evidenter
3119 2327 3455 2394 agnoscitur.
3494 2349 3518 2383 ι

233 2389 458 2466 lam._u_t
482 2388 626 2443 dicet
649 2389 702 2443 in
739 2388 845 2443 fine
869 2387 990 2443 libri
1013 2388 1091 2444 De
1128 2387 1612 2460 Modo'Regiminis
1639 2389 1827 2445 Eccle-
1931 2387 2273 2466 Manifestum
2296 2387 2382 2448 est
2410 2394 2565 2466 enim
2587 2394 2686 2449 'hic
2711 2395 2797 2466 agi
2827 2397 2892 2450 de
2915 2396 3122 2466 synodo
3155 2387 3427 2453 'Toletana
3451 2417 3483 2454 x
3501 2440 3523 2466 ,

236 2460 469 2538 siastigi.
544 2531 556 2538 _
699 2531 710 2538 _
887 2530 900 2538 _
922 2530 937 2538 _
1161 2530 1174 2538 _
1372 2531 1386 2538 _
1587 2530 1599 2538 Δ
1785 2531 1797 2538 _
1930 2462 1986 2538 in
2023 2477 2130 2531 qua
2159 2463 2401 2538 dejectus
2425 2473 2510 2518 est
2534 2460 3118 2538 Potaminsepiscopus
3147 2460 3519 2526 Bracarensis.

311 2533 340 2572 δ
368 2529 840 2607 Blaephemabgnt,
887 2530 1074 2607 id_est,
1109 2530 1829 2607 _vituperabant.uAugu_sti_-
1930 2529 2067 2586 Nam
2098 2529 2243 2602 quod
2271 2535 2338 2589 de
2379 2529 2907 2607 synodouValentin'a
2953 2529 3049 2602 aii,
3089 2538 3308 2607 respicit
3337 2541 3405 2594 ad
3432 2557 3524 2596 ca-

234 2618 342 2657 nus
366 2601 419 2654 in
444 2599 588 2674 libro
625 2601 700 2674 De
721 2602 894 2671 Opere
917 2599 1324 2674 Monachoruni,
1356 2616 1477 2671 cap.
1511 2600 1580 2655 28
1611 2619 1624 2653 :
1665 2599 1824 2674 irSub
1928 2599 2129 2657 nonem
2150 2599 2620 2674 quartum'synodi
2650 2605 2948 2662 Valentinzr
2968 2599 3090 2674 qua:
3118 2599 3261 2662 an'no
3291 2609 3396 2664 574
3429 2613 3526 2665 ha-

272 2671 475 2727 enerali
508 2672 725 2727 nomine
771 2673 1182 2738 monachorum,
1217 2681 1456 2728 vestrum
1488 2673 1823 2741 propositum
1927 2674 2041 2728 bita
2082 2671 2181 2728 est
2208 2674 2261 2728 in
2311 2671 2586 2742 provincia
2635 2674 2947 2730 Viennensi.
2985 2671 3188 2732 Iisdem
3220 2680 3522 2735 canonibus

279 2743 671 2817 laspbematnr.
700 2763 718 2795 ι
754 2743 1049 2817 Gregorius
1088 2743 1442 2817 Turonegsis,
1475 2743 1571 2798 lib.
1595 2759 1672 2807 vt,
1697 2757 1820 2812 cap.
1926 2743 2219 2799 Gallicanis
2245 2760 2395 2817 usam
2423 2745 2555 2817 olim
2593 2759 2713 2799 esse
2751 2745 3026 2814 Angliam,
3053 2756 3114 2801 ut
3143 2763 3264 2817 qua:
3308 2749 3362 2802 in
3391 2750 3525 2804 vici-

234 2814 328 2877 46,
363 2813 584 2892 loquens
605 2815 672 2892 de
709 2829 836 2884 rege
871 2813 1175 2892 Chilperico
1200 2833 1234 2892 ε⁸
1259 2813 1504 2892 «Causas
1524 2827 1822 2892 pauperum
1927 2830 2016 2892 no_
2037 2825 2204 2892 esset,
2259 2814 2665 2892 colligi_potes_t_
2695 2830 2763 2870 ex
2808 2813 3012 2886 synodo
3069 2813 3518 2892 Herodfordiensi

233 2899 436 2958 exosas
468 2885 718 2958 habebat,
745 2883 1056 2958 sacerdotes
1085 2885 1534 2958 Dominiassidue
1564 2883 1822 2958 blasphe-
1928 2885 2112 2958 habita
2137 2901 2280 2958 anno
2301 2883 2420 2958 672'.
2449 2883 2582 2958 Nam
2613 2885 2808 2958 librum
2837 2883 3104 2942 canonum
3136 2887 3191 2942 in
3215 2904 3279 2942 ea
3307 2890 3518 2958 synodo

235 2956 454 3028 mabat:
475 2974 492 3006 ι
531 2955 650 3028 Vita
699 2955 871 3028 sancti
898 2955 1216 3028 Legdegarii
1253 2956 1397 3010 edita
1422 2955 1820 3028 agDuchesnio,
1927 2956 2390 3028 prolatumtha’ud
2416 2957 2579 3010 alium
2607 2956 2772 3028 fuisse
2786 2972 2951 3026 quam
2977 2957 3220 3013 codicem
3249 2955 3521 3015 canonum

237 2972 442 3011 manat.
475 2974 492 3006 ι
538 2972 650 3009 vita
699 2972 871 3011 sancti
898 2972 1216 3028 Leonegarn
1253 2972 1397 3010 emta
1422 2972 1453 3009 a
1495 2972 1820 3021 uucnesnio,
1965 2972 2216 3020 rotatum,
2248 2972 2390 3011 naua
2416 2972 2579 3010 anum
2607 2972 2772 3012 ruisse
2786 2972 2951 3026 quam
2977 2972 3220 3013 coaicem
3249 2973 3520 3015 canonum

237 3042 364 3096 cap.
395 3024 463 3080 12
488 3039 502 3078 :
543 3044 561 3075 ‹
597 3025 806 3081 Etenim
831 3042 955 3081 cum
979 3026 1248 3082 Ebroinus
1276 3026 1511 3082 crudelis
1534 3025 1602 3080 de
1631 3041 1824 3096 supra-
1927 2972 2183 3082 Ecclesia“:
2211 3026 2500 3082 Gallicanae
2526 3027 2743 3096 probari
2780 3042 2938 3096 posse
2990 3029 3152 3083 certis
3189 3029 3520 3087 testimoniis

237 3097 403 3152 dictis
428 3096 590 3151 rebus
619 3112 774 3152 suum
805 3097 1053 3153 satiasset
1105 3097 1363 3158 furorem.
1415 3111 1633 3152 rursum
1659 3111 1820 3168 occa-
1928 3097 2104 3154 habeo
2172 3113 2512 3168 persuasum,
2558 3106 2617 3152 ut
2681 3097 2814 3153 alias
2842 3098 3076 3154 fortasse
3129 3099 3376 3168 pluribus
3432 3115 3525 3157 os-

233 3169 421 3223 siones
444 3168 607 3239 coepit
635 3168 921 3236 exquirere
942 3177 1003 3222 ut
1026 3169 1414 3239 blasphemiam
1440 3183 1552 3223 suae
1587 3167 1822 3239 crudeli-
1851 3208 1894 3239 η
1928 3170 2165 3224 tendam.

1587 3208 1824 3313 ἶ
1851 3208 1895 3272 C
1929 3208 2315 3313 Ϊιᾶυέἓῖτεήεξ
2343 3237 2589 3313 Romani.
2607 3237 3183 3313 Suggillatir‘ridetque
3195 3240 3520 3313 Agobardus

233 3309 530 3380 Dagoberti
551 3307 956 3380 1,7Francorum
982 3312 1146 3379 regis,
1171 3326 1292 3380 cap.
1323 3309 1413 3374 46,
1439 3309 1529 3365 ubi
1553 3309 1828 3380 agitando
1929 3309 2205 3380 Romanos
2235 3309 2317 3364 sui
2351 3310 2628 3379 temporis,
2678 3307 2879 3366 veteris
2925 3307 3181 3367 Ecclesiae
3226 3307 3411 3368 mores
3444 3313 3519 3370 ad

233 3326 530 3380 uagooeru
553 3326 596 3373 ι,
625 3326 956 3365 rrancorum
982 3326 1146 3379 regis,
1171 3326 1232 3365 ca
1279 3349 1292 3363 .
1323 3326 1413 3374 ao,
1439 3326 1529 3365 uni
1553 3326 1732 3379 agitur
1761 3326 1828 3364 ae
1931 3326 2205 3366 nomanos
2235 3326 2317 3364 sui
2351 3326 2628 3379 temporis,
2678 3326 2879 3366 veteris
2925 3326 3181 3367 nccresnae
3226 3327 3411 3368 mores
3444 3326 3519 3370 aa

231 3379 772 3460 ingentibusEganis
800 3381 1092 3460 virtutibus
1113 3400 1134 3460 :_
1159 3399 1176 3431 ι
1214 3326 1610 3460 'Ipantummodo
1637 3378 1827 3460 a._plu-
1930 3396 2058 3436 suos
2099 3379 2423 3460 detorquere
2459 3380 2773 3460 cupientes,
2822 3390 2984 3452 atque
3029 3383 3100 3438 ob
3147 3397 3266 3460 eam
3296 3398 3523 3440 causam

230 3449 1134 3522 rimisblaspbemabatur,eoquod
1149 3459 1291 3506 esset
1305 3449 1820 3506 avaritiaededitus.»
1929 3449 2338 3522 contemnentes
2377 3451 2685 3506 Gallicanos
2735 3449 2990 3519 canones,
3026 3453 3182 3522 quod
3211 3467 3306 3509 eos
3330 3463 3522 3510 neote-

231 3521 409 3576 Libro
439 3536 470 3573 v
495 3519 906 3591 Capitularium,
927 3519 1069 3593 cap.
1101 3522 1206 3577 170
1234 3540 1246 3576 :
1278 3541 1297 3573 ‹
1330 3522 1624 3593 Episcopos
1664 3529 1719 3575 et
1739 3536 1826 3576 sa-
1930 3523 2027 3577 rici
2058 3521 2290 3578 Romani
2313 3538 2419 3577 non
2456 3523 2976 3593 commendaverint.
3007 3519 3106 3578 Cui
3151 3524 3522 3581 criminationi

231 3593 508 3655 cerdotes,
560 3593 758 3661 quibus
791 3592 969 3664 omnis
1016 3592 1166 3649 terra
1214 3602 1378 3664 caput
1431 3592 1674 3655 inclinat,
1726 3606 1827 3661 per
1928 3593 2008 3648 sic
2045 3593 2335 3664 respondet
2369 3593 2688 3664 Agobardus
2726 3593 2890 3649 aliam
2915 3592 3082 3650 fuisse
3108 3603 3344 3649 mentem
3373 3604 3522 3652 vete-

234 3678 380 3736 quos
405 3673 459 3718 et
491 3670 733 3736 nostrum
760 3663 925 3732 pollet
976 3663 1294 3735 imperium,
1317 3664 1606 3736 admodum
1657 3663 1825 3736 bono-
1928 3679 2050 3736 rum
2081 3663 2472 3736 Romanorum,
2521 3664 2879 3736 quigcanones
2911 3665 3032 3736 illos
3074 3664 3323 3736 religiose
3356 3681 3520 3722 vene-

235 3734 348 3788 rari
378 3743 436 3807 et
466 3735 734 3807 venerari
757 3749 946 3807 omnes
971 3733 1280 3798 monemus;
1309 3750 1408 3790 nec
1442 3749 1535 3790 eos
1569 3733 1820 3807 lacerari,
1927 3735 2032 3790 rati
2059 3744 2204 3807 sunt.
2254 3733 2551 3807 Potuisset;
2568 3734 2734 3805 igitur
2757 3737 2962 3807 optimo
2983 3735 3120 3807 jure
3137 3733 3398 3792 adversus
3421 3751 3519 3792 eos

231 3814 330 3876 ant
376 3805 760 3873 blasphemari,
789 3805 870 3876 vel
895 3804 1107 3860 detrahi
1136 3821 1166 3860 a
1196 3821 1467 3876 quoquam
1499 3804 1764 3876 volumus.
1797 3825 1816 3856 ι
1927 3807 2006 3860 uti
2029 3805 2219 3876 eodem
2251 3805 2379 3865 telo.
2405 3804 2546 3875 quod
2584 3804 2772 3876 postea
2794 3804 3063 3876 adverSus
3090 3805 3308 3862 Grzecos
3335 3807 3520 3861 vibra-

230 3875 401 3931 Lihro
429 3891 525 3939 vn,
561 3891 682 3947 cap.
714 3875 817 3930 142
848 3893 859 3928 :
902 3894 919 3927 ‹
954 3877 1003 3932 ls
1031 3878 1125 3947 qui
1166 3873 1229 3932 in'
1264 3873 1653 3946 blasphemiam
1689 3873 1825 3931 alte-
1927 3877 2004 3931 vit
2055 3875 2385 3947 Ratramnus
2424 3873 2738 3931 monachus
2793 3875 3140 3947 Corbciensis
3193 3877 3248 3932 in
3286 3876 3425 3930 libro
3465 3891 3521 3931 IV

231 3948 350 4002 rius
371 3948 582 4002 cantica
605 3945 988 4016 composuerit,
1011 3945 1097 4002 vel
1118 3947 1210 4017 qui
1232 3945 1534 4002 cantavcrit
1556 3962 1643 4010 ea,
1665 3953 1822 4000 extra
1926 3945 2460 4017 adversusGratcos,
2485 3961 2603 4016 cap.
2629 3947 2682 4002 5.
2719 3964 2738 3997 ι
2759 3945 2929 4017 Unde
2951 3947 3278 4017 mirandum,
3317 3947 3515 4015 inquit,

231 4017 501 4096 gedinem.
522 4015 850 4096 vindicetur.
883 4038 902 4070 ι
937 4015 1190 4096 Annales
1220 4017 1493 4096 Metenses
1515 4018 1821 4096 ad_annum
1925 4033 2047 4096 quae
2077 4017 2149 4071 sit
2198 4016 2302 4072 ista
2340 4015 2495 4096 novis
2541 4015 2875 4096 sapientibus
2921 4015 3378 4096 prudentia,_no_n
3422 4031 3520 4072 ac-

228 4088 339 4142 865
371 4106 383 4140 :
423 4107 442 4138 ‹
475 4087 802 4156 Adjecerunt
837 4089 1058 4160 insuper
1080 4089 1251 4144 multa
1293 4087 1822 4160 alia,gblaspl_ieman-
1924 4085 2376 4160 quiescerequod
2401 4085 2831 4160 sui__pr0bantu[
2844 4085 3077 4155 majores
3102 4087 3458 4158 acquievisse.
3491 4106 3513 4140 ι

233 4168 317 4214 tes
365 4160 616 4214 eumdem
667 4174 880 4229 papam.
925 4156 1136 4214 {Hinc
1181 4174 1285 4214 vox
1345 4156 1575 4214 Gallica
1601 4156 1819 4223 bldmer,
1923 4156 2110 4229 Itaque
2133 4159 2224 4229 qui
2251 4157 2424 4214 sancti
2440 4156 2758 4229 golimerant
2798 4156 3168 4229 Romanorum
3187 4156 3394 4225 'mores,
3429 4174 3520 4214 re-

181 4271 190 4279 .
229 4245 356 4300 qua:
400 4230 711 4300 vituperare
741 4228 1054 4301 significat:
1105 4245 1228 4300 qua:
1269 4230 1391 4285 dein
1439 4239 1504 4301 et
1523 4230 1821 4301 ipsayersa
1924 4228 2336 4301 verentiamque
2361 4228 2598 4301 universi
2640 4228 2790 4284 orbis
2815 4229 2944 4285 huic
2969 4228 3167 4301 populo
3190 4231 3518 4301 conciliave-

228 4298 395 4355 estin
420 4298 811 4356 con—tumeliam
841 4301 956 4356 Dei.
987 4298 1235 4357 Vidimus
1279 4303 1423 4356 enim
1460 4298 1588 4356 olim
1619 4299 1821 4355 Tutelae
1925 4309 2068 4367 rant,
2113 4298 2226 4369 jam
2249 4298 2551 4356 verterant
2579 4300 2632 4354 in
2679 4307 3069 4370 contemptum.
3103 4298 3194 4355 Sic
3224 4300 3290 4354 de
3316 4299 3520 4370 saeculo

231 4380 511 4426 vetustum
551 4373 792 4428 codicem
841 4387 942 4427 ms.
988 4373 1202 4442 inquo
1245 4372 1664 4442 continebantur
1699 4379 1821 4426 acta
1925 4387 2024 4428 suo
2073 4372 2428 4442 conqueritur
2478 4369 2644 4426 etiam
2696 4369 2994 4442 Ger-bertus
3051 4370 3105 4424 in
3135 4369 3367 4442 epistola
3395 4369 3514 4423 40:

230 4442 345 4498 litis
368 4459 491 4512 qua:
527 4447 594 4499 de
619 4443 876 4498 cathedra
922 4440 1195 4499 Tutelensi
1223 4451 1344 4498 erat
1381 4443 1524 4496 inter
1553 4441 1821 4512 Guichar-
1931 4461 1950 4494 ‹
1983 4440 2354 4498 Romanorum
2384 4457 2564 4496 mores
2593 4441 2827 4497 mundus
2859 4440 3248 4512 perhorrescit.
3290 4460 3308 4491 ›
3341 4440 3520 4512 Atque

232 4515 364 4568 dum
386 4510 462 4568 de
488 4513 812 4569 Combornio
837 4513 1092 4570 abbatem
1120 4514 1472 4570 Usercensem
1503 4521 1559 4568 et
1592 4511 1822 4566 Ludovi-
1849 4577 1888 4582 _
1927 4513 1982 4568 id
2007 4528 2076 4567 ex
2094 4526 2160 4567 eo
2177 4512 2380 4570 factum
2398 4520 2502 4577 est,
2520 4512 2735 4582 opinor,
2758 4510 3036 4582 quodqui
3062 4513 3113 4566 in
3133 4510 3514 4582 observatione

230 4600 360 4640 cum
381 4585 447 4638 de
471 4585 768 4655 Albuconio
801 4585 1034 4655 priorem
1058 4585 1124 4640 de
1148 4583 1457 4655 Mortagnia
1479 4598 1622 4655 anno
1643 4582 1817 4655 Δ1457.
1849 4577 1903 4638 D
1926 4599 2194 4640 canonum
2238 4582 2451 4644 cmteris
2511 4577 2608 4655 per
2652 4577 2851 4655 orbem
2904 4577 3226 4655 Christianis
3270 4579 3518 4655 exemplo

232 4655 373 4710 Nam
399 4654 626 4710 Carolus
646 4650 852 4710 Petitus
873 4657 1117 4711 serviens
1138 4650 1498 4726 regius'aithin
1538 4651 1689 4726 Actis
1712 4669 1821 4726 ase
1923 4670 2045 4710 esse
2075 4655 2360 4717 debebant,
2394 4650 2639 4710 omnium
2671 4653 3136 4726 impudentissime
3163 4667 3258 4726 eos
3297 4650 3517 4726 conqui-

233 4739 348 4780 tum
380 4725 666 4790 confectis,
699 4725 884 4782 fratris
911 4725 1079 4780 ﬁlium
1118 4721 1361 4794 ejusdem
1399 4723 1692 4796 Guichardi
1718 4725 1822 4796 sibi
1923 4726 2143 4780 cabant.
2186 4726 2371 4796 Neque
2419 4740 2550 4781 vero
2588 4740 2689 4795 ego
2716 4721 2770 4779 id
2797 4723 2937 4796 dico,
2968 4723 3061 4796 sed
3092 4721 3386 4796 Ratherius
3413 4723 3518 4778 Ve-

232 4799 466 4851 mnltnm
513 4799 788 4854 obstitisse
830 4813 898 4853 ne
934 4791 1207 4866 quoddam
1245 4804 1463 4851 senatus
1493 4795 1821 4867 Parisiensis
1924 4797 2172 4852 ronensis
2194 4791 2479 4867 episc0pus
2519 4797 2572 4850 in
2602 4791 2754 4866 parte
2789 4811 2828 4867 n
2877 4795 2949 4850 De
2990 4791 3313 4867 Contempla
3343 4792 3518 4849 Cano-

231 4869 725 4949 arrestumhlatum
763 4863 1022 4949 adversus
1064 4867 1432 4949 G‘u_icha_rdum
1466 4865 1686 4949 ‘faceget
1728 4881 1824 4949 pa-
1923 4883 2053 4949 num
2093 4863 2300 4949 tomoll
2327 4863 2818 4949 spicilegii'domni
2867 4867 3026 4920 Luca:
3061 4863 3342 4949 Declicrii,
3371 4880 3511 4949 pag.

231 4938 365 5003 lam,
416 4938 755 4994 minitantem
803 4939 968 4994 etiam
1002 4937 1568 5007 acblasphemantem
1599 4933 1824 4992 Creato-
1924 4938 2028 4994 188
2060 4956 2072 4991 :
2109 4959 2126 4990 ι
2164 4933 2385 5005 Qumrat
2406 4948 2460 4993 et
2489 4933 2704 5006 aliquis,
2747 4951 2845 4990 cur
2871 4950 2983 5006 pra:
3023 4933 3236 5007 caeteris
3260 4933 3515 5003 gentibus

231 5025 373 5073 rem,
397 5009 577 5064 Caroli
616 5009 1030 5080 adjutorumque
1053 5006 1168 5076 ejus
1199 5004 1408 5080 facinus
1435 5007 1662 5062 inultum
1712 5023 1823 5080 non
1921 5004 2200 5080 baptismo
2214 5009 2436 5080 renatis,
2467 5004 3173 5080 cont—emptoresicanonicge
3197 5004 3329 5076 legis
3357 5017 3412 5080 et
3433 5006 3514 5080 vi-

229 5080 374 5144 fore,
411 5075 708 5151 eorumque
747 5082 892 5136 unde
939 5075 1286 5151 expiandum.
1311 5149 1318 5151 _
1343 5077 1469 5151 Haec
1504 5079 1822 5151 suntverba
1923 5075 2224 5151 lipensores
2249 5077 2570 5134 clericorum
2612 5075 2721 5133 sirit
2750 5077 2920 5151 magis
2964 5075 3176 5151 Italici?
3222 5075 3332 5151 iet
3368 5075 3513 5151 infra

228 5151 412 5206 Caroli
441 5169 454 5205 :
482 5145 668 5205 Dieant
692 5150 818 5206 [edit
841 5145 1240 5220 neveud‘iceluy
1265 5149 1416 5221 ebibe,
1439 5165 1503 5204 en
1523 5148 1665 5203 habit
1688 5147 1824 5221 d‘es-
1920 5145 2046 5221 pag.
2069 5149 2183 5221 A190
2215 5165 2229 5204 :
2261 5168 2280 5201 ι
2320 5151 2587 5218 Quorsum
2618 5157 2799 5221 tamen
2831 5145 2968 5221 ⁸ὶῃιξίι
3007 5145 3323 5221 detrahendi
3355 5148 3511 5221 avida

228 5239 414 5290 curaer,
445 5222 706 5276 blasmant
754 5233 932 5276 nosne
954 5217 1226 5285 Createur,
1253 5219 1381 5291 qu‘il
1402 5237 1434 5290 ν
1463 5237 1528 5274 en
1557 5219 1730 5273 auroit
1758 5221 1824 5275 de
1921 5217 2242 5276 minulorum
2281 5222 2327 5276 si
2348 5217 2590 5290 requirat
2614 5217 2850 5291 invidia?
2881 5218 3147 5291 Nimirum
3173 5229 3232 5270 ut
3263 5219 3405 5288 quod
3430 5219 3512 5272 in-

225 5289 376 5348 mm
399 5304 447 5348 et
478 5294 542 5347 de
579 5297 694 5348 me:
719 5310 813 5348 sur
836 5293 909 5364 les
935 5289 1274 5364 carreaux:_'
1406 5289 1415 5290 ί
1806 5362 1819 5364 _
1922 5299 2208 5364 notescere
2236 5289 2610 5364 nequiverunt
2654 5289 2960 5364 praemissa,
3001 5289 3374 5364 demonstrent
3400 5297 3512 5364 ter-

304 5379 325 5404 ε
364 5364 444 5419 De
496 5365 782 5419 canonibus
842 5361 1152 5418 Gallicanis.
1196 5361 1385 5434 Magna
1427 5375 1641 5434 semper
1681 5362 1823 5431 apud
1922 5363 2072 5434 mino
2090 5360 2359 5434 proxima?
2397 5361 2598 5434 Nempe
2625 5369 2685 5414 ut
2729 5360 3013 5434 pateﬁeret
3047 5360 3332 5431 quaerenti,
3365 5360 3511 5414 unde

229 5437 474 5508 majores
505 5444 722 5491 nostros
752 5435 854 5490 fuit
886 5434 1189 5508 reveeentia
1211 5431 1481 5508 canonum
1509 5431 1820 5508 Gallicano-
1923 5432 2026 5490 iste
2045 5475 2060 5501 ,
2092 5431 2157 5489 id
2185 5441 2271 5490 est
2322 5433 2636 5508 hodiernus,
2662 5432 3009 5501 praevaluerit
3038 5446 3308 5508 canonum
3351 5445 3511 5485 sanc-

232 5501 388 5572 rum;
415 5515 473 5562 et
505 5523 611 5562 non
635 5508 808 5563 solum
832 5505 973 5575 apud
1011 5504 1217 5571 Gallos,
1254 5504 1349 5559 sed
1377 5512 1434 5559 et
1461 5504 1601 5574 apud
1627 5503 1823 5574 Hispa-
1922 5512 2104 5561 torum
2133 5514 2243 5560 tam
2285 5501 3010 5575 universaliscontemptus.
3034 5501 3126 5575 _Ad
3162 5503 3264 5557 hoc
3287 5515 3513 5571 perven-

199 5595 334 5633 -nos
355 5594 596 5649 quoque,
625 5587 686 5632 ut
708 5572 1057 5649 observatum
1085 5585 1170 5631 est
1190 5591 1220 5630 a
1249 5572 1818 5649 viriseruditissimis.
1923 5584 2038 5630 tum
2054 5583 2256 5649 nostra
2281 5582 2364 5649 est
2397 5572 2744 5649 inquisitione
2769 5572 2931 5645 atque
2958 5572 3292 5649 indagatum,
3320 5586 3507 5649 eorum

231 5641 395 5704 Certe
456 5641 741 5704 Canonum
795 5645 1198 5702 Gallicanorum
1257 5644 1474 5716 nomine
1533 5647 1820 5702 veniebant
1921 5647 2217 5716 contigisse
2254 5715 2261 5716 ί
2276 5645 2399 5716 sine
2444 5641 2610 5699 dubio
2637 5641 2860 5716 culpa;
2886 5645 2978 5714 qui
3008 5641 3275 5716 curh___e_os
3327 5641 3511 5712 legant

231 5723 397 5776 etiam
431 5720 674 5790 Hispani,
712 5727 771 5774 ut
798 5726 948 5788 patet
968 5732 1037 5790 εξ
1056 5716 1347 5790 Hincmaro
1368 5715 1422 5769 in
1443 5732 1576 5790 cap;
1591 5715 1660 5790 56
1698 5732 1822 5790 pos-
1922 5711 2566 5790 atque'intelliganttpro
2597 5711 3024 5790 nihilo'_ducunt.
3055 5733 3078 5790 ρ
3119 5711 3254 5790 Vid_e
3290 5711 3510 5790 rursum

235 5794 457 5848 terioris
479 5782 669 5862 operis
703 5782 1411 5862 adv’ersus_Gothesc_alcum
1441 5805 1454 5840 :
1493 5782 1651 5843 (Sed
1677 5782 1821 5862 etin
1921 5782 2078 5862 notas
2100 5782 2365 5862 ad.cap'ut
2402 5782 2484 5842 20'
2501 5785 2625 5845 libri
2653 5785 2730 5844 De
2768 5783 3178 5858 Dispensatione
3205 5782 3507 5845 Ecclesias-

203 5893 208 5896 -
231 5855 532 5940 Gallicanis
551 5862 850 5924 canonibus
869 5859 937 5916 de
957 5857 1204 5916 Potamio
1220 5857 1586 5916 Braccarense
1607 5859 1819 5918 archie-
1921 5859 2152 5917 ticarum
2179 5855 2404 5920 Rerum.
