4088 6344
563 333 674 400 127

1545 325 1604 384 S.
1644 319 1994 386 AGOBARDI
2033 315 2341 380 EPISCOPI
2378 314 2865 378 LUGDUNENSIS

3739 315 3849 383 128

1717 441 1743 468 ὁ
2859 459 3324 468 ______._-

1128 597 1319 709 AD
1404 583 2282 704 BERNARDUM
2368 578 3240 741 EPISCOPUM,

1012 826 1233 913 -DE
1295 815 2010 909 PRIVILEGIO
2072 815 2226 900 ET
2272 801 2588 901 JURE
2647 811 3405 901 SACERDOTII.

636 1083 681 1140 '...
708 1077 1014 1138 Venerabili
1039 1076 1092 1132 in
1115 1072 1333 1132 Christo
1365 1069 1520 1126 fratri
1553 1075 1608 1123 et
1640 1065 2006 1138 coepiscopob
2025 1065 2154 1122 Ber-
2180 1071 2233 1132 Α
2259 1065 2408 1122 ribus
2425 1073 2480 1121 et
2504 1065 2749 1136 postibus
2769 1064 3052 1121 domorum
3076 1078 3700 1138 aspersus,'vastatorem
3723 1088 3855 1145 pro-

565 1177 740 1237 nardo
783 1171 1101 1247 Agobardus
1144 1169 1198 1223 in
1238 1166 1468 1221 Domino
1521 1169 1839 1233 perpetuam
1901 1159 2152 1214 salutem.

568 1268 753 1337 Nuper
773 1267 899 1320 dum
944 1264 1000 1318 in
1029 1274 1197 1316 unum
1227 1256 1390 1329 positi
1441 1253 1892 1322 eolloqueremur,
1919 1248 2158 1302 maxime

570 1361 638 1416 de
703 1355 976 1429 pressuris
1003 1394 1018 1418 ,
1089 1350 1228 1406 odiis
1286 1356 1342 1402 et
1393 1343 1736 1413 despectione
1787 1339 2156 1394 Ecclesiarum

573 1462 597 1492 ο
641 1459 804 1521 atque
834 1447 1175 1507 clericorum,
1220 1455 1342 1512 quae
1383 1449 1528 1492 nunc
1569 1433 1933 1490 infervescere
1978 1445 2159 1503 coepe-

568 1550 701 1600 runt
723 1540 934 1598 saeculis
961 1536 1203 1593 inaudito
1229 1541 1286 1588 et
1329 1529 1588 1585 inusitato
1642 1525 1802 1581 modo
1820 1566 1834 1590 ,
1863 1524 2160 1594 praecipere

571 1635 707 1691 mihi
742 1633 959 1704 dignata
989 1638 1072 1684 est
1095 1625 1356 1684 sanctitas
1380 1629 1584 1684 vestra,
1616 1626 1676 1672 ut
1697 1617 1875 1686 aliqua
1915 1615 1982 1670 de
2011 1612 2159 1669 Scri-

569 1733 747 1804 pturis
789 1730 992 1791 sacris,
1029 1725 1114 1780 vel
1157 1729 1471 1778 sanctorum
1508 1715 1732 1769 Patrum
1774 1711 1936 1804 dictis
1970 1723 2160 1804 excer-

569 1801 777 1894 perem,
809 1836 927 1890 quae
973 1816 1256 1872 materiem
1310 1810 1468 1866 nobis
1509 1807 1821 1878 prmberent
1869 1803 1939 1857 ad
1975 1801 2159 1894 inqui-

571 1893 770 1978 renda,
819 1906 1212 1967 consideranda
1259 1911 1313 1958 et
1359 1896 1685 1970 deplorando
1722 1894 1863 1949 mala
1900 1893 2160 1963 temporis

569 2004 784 2069 nostri,
833 2018 951 2072 qua:
1010 2000 1395 2068 ignoraverunt
1441 1997 1817 2066 antecessores
1863 1992 1918 2039 et
1974 1992 2160 2054 patres

568 2101 777 2165 nostri;
809 2099 935 2153 licet
964 2095 1199 2167 Spiritus
1244 2099 1468 2148 sanctus
1509 2087 1734 2157 loquens
1779 2086 1832 2139 in
1882 2084 2161 2155 prophetis

573 2203 682 2244 non
708 2187 972 2250 tacuerit,
1003 2184 1094 2254 qui
1122 2182 1257 2238 dixit
1287 2198 1300 2234 :
1329 2179 1399 2233 Et
1427 2178 1525 2232 erit
1561 2177 1697 2231 sicut
1738 2173 1984 2246 populus,
2013 2175 2088 2228 sic
2112 2182 2159 2227 et

570 2279 818 2334 sacerdos
846 2292 865 2330 :
897 2285 952 2332 et
989 2275 1157 2331 multa
1201 2270 1526 2343 hujusmodi.
1558 2269 1744 2324 Visum
1795 2267 1975 2336 itaque
2029 2265 2161 2320 mihi

568 2382 654 2428 est
681 2372 925 2442 parituro
953 2375 1152 2425 sanctas
1179 2362 1452 2422 devOtioni
1501 2373 1604 2418 tute
1643 2370 1726 2427 ut,
1769 2361 2158 2432 przctermissis

2260 1161 2435 1217 hibuit
2456 1160 2664 1232 ingredi
2691 1159 2881 1215 domos
2908 1161 3301 1218 celebrantium
3328 1164 3525 1232 Phase,
3555 1182 3666 1222 non
3691 1166 3856 1237 jube-

2258 1261 2349 1309 tur
2379 1270 2409 1308 a
2437 1254 2814 1309 sacerdotibus
2849 1255 3012 1320 sumi,
3045 1256 3128 1310 vel
3156 1273 3184 1311 a
3216 1259 3417 1329 populo
3445 1263 3850 1331 sacerdotibus,

2259 1353 2354 1398 aut
2383 1361 2413 1398 a
2437 1345 2808 1400 sacerdotibus
2828 1345 2939 1400 Deo
2959 1345 3164 1412 offerri,
3195 1351 3290 1405 sed
3314 1351 3382 1405 ab
3418 1352 3677 1408 universo
3706 1363 3856 1411 cmtu

2261 1437 2494 1491 ﬁliorum
2521 1435 2684 1492 Israel
2708 1436 2819 1490 tolli
2847 1452 2945 1507 per
2972 1437 3204 1494 familias
3225 1449 3282 1496 et
3312 1441 3522 1508 domos,
3543 1441 3705 1512 juxta
3755 1461 3860 1500 nu-

2259 1545 2473 1585 merum
2519 1529 2823 1584 animarum
2877 1545 2997 1600 quae
3045 1530 3290 1588 sutllcere
3336 1542 3562 1604 possent
3596 1536 3664 1590 ad
3696 1551 3859 1592 esum

2261 1620 2400 1690 ejus.
2427 1619 2537 1676 Nec
2566 1621 2910 1690 excipiuntur
2938 1623 3164 1692 quilibet
3193 1635 3217 1664 ο
3247 1625 3453 1697 indigni
3485 1633 3540 1681 et
3562 1625 3858 1696 immundi,

2261 1714 2356 1768 sed
2375 1714 2628 1768 omnibus
2647 1715 2750 1769 hoc
2777 1715 2831 1768 in
2853 1730 3138 1770 commune
3166 1717 3513 1788 prazcipitur;
3557 1718 3692 1773 solis
3719 1718 3860 1774 dun-

2262 1814 2412 1862 taxat
2448 1806 2764 1878 alienigenis
2793 1807 3076 1877 sejunctis,
3108 1809 3332 1864 advenis
3380 1824 3512 1864 vero
3544 1820 3600 1864 et
3649 1825 3863 1866 merce-

2262 1900 2434 1954 nariis
2461 1900 2782 1971 conjunctis.
2812 1900 3056 1971 Denique
3106 1908 3161 1956 et
3206 1901 3320 1972 ipse
3358 1918 3548 1974 agnus,
3583 1901 3710 1957 licet
3738 1903 3862 1958 sine

2263 1993 2475 2048 macula
2511 2008 2630 2048 esse
2663 1993 2942 2063 jubeatur,
2973 1993 3041 2048 ab
3089 1994 3280 2048 ovibus
3331 2003 3512 2048 tamen
3563 2002 3620 2048 et
3673 1995 3862 2064 capris

2265 2086 2560 2142 secundum
2587 2086 2866 2156 antiquam
2891 2085 3300 2142 translationem
3323 2087 3612 2142 mandatur
3625 2087 3856 2152 assumi,

2266 2187 2319 2232 et
2346 2194 2468 2232 cum
2499 2179 2861 2233 amaritudine
2890 2179 3120 2234 comedi.

2335 2269 2419 2324 111.
2451 2269 2522 2325 Ut
2545 2269 2710 2341 igitur
2741 2270 2946 2340 liquido
2974 2279 3161 2342 pateat
3182 2271 3476 2326 eminentia
3506 2271 3594 2327 vel
3619 2272 3863 2344 dignitas

2266 2362 2322 2416 in
2371 2377 2656 2416 commune
2705 2363 3016 2428 sacerdotii,
3062 2363 3473 2419 consideremus
3511 2380 3541 2418 a
3590 2365 3865 2437 principio

573 2463 764 2518 dextra
793 2462 1034 2531 laevaque
1075 2460 1160 2514 his
1183 2474 1304 2528 quae
1331 2457 1396 2512 de
1422 2455 1864 2511 remuneratione
1887 2455 2154 2508 bonorum
2187 2453 2235 2512 B
2263 2454 2450 2509 mundi
2472 2454 2670 2525 gradus
2694 2453 2830 2524 ejus.
2859 2454 3237 2523 Primogeniti,
3261 2454 3306 2509 si
3333 2463 3510 2510 tamen
3537 2455 3642 2510 dici
3672 2455 3862 2522 liceat,

571 2562 627 2608 et
661 2553 1010 2608 damnatione
1040 2551 1303 2606 malorum
1336 2548 1695 2609 sacerdotum,
1728 2561 1757 2599 a
1783 2545 2036 2599 Patrihus
2063 2545 2164 2600 sol-

547 2644 720 2700 -licite
747 2659 811 2698 ac
850 2639 1224 2711 multipliciter
1253 2639 1454 2707 scripta
1483 2645 1642 2701 sunt,
1677 2636 1880 2706 aliquid
1924 2637 2162 2690 medium

571 2737 716 2808 quod
742 2735 1025 2804 utriusque
1051 2747 1338 2788 commune
1382 2740 1486 2795 est,
1521 2733 1587 2784 de
1632 2729 1918 2798 privilegio
1958 2729 2166 2784 scilicet

571 2835 629 2885 et
649 2827 776 2898 jure
805 2826 1121 2891 sacerdotii,
1142 2838 1380 2880 conarer.
1412 2821 1701 2876 scribendo
1731 2836 1836 2875 non
1868 2821 2160 2892 explicare,

572 2917 670 2974 sed
699 2916 1092 2973 considerando
1123 2915 1437 2986 diligentius
1464 2913 1695 2968 strictim
1726 2913 2009 2982 attingere.

645 3007 712 3063 11.
743 3008 1186 3063 Prtemittendum
1228 3020 1358 3060 sane
1394 3004 1608 3058 videtur
1659 3003 1978 3058 brevissime
2021 3003 2166 3072 quod

577 3091 768 3157 omnes
798 3114 924 3154 vere
960 3098 1148 3154 ﬁdeles
1191 3097 1436 3152 membra
1486 3095 1683 3149 summi
1729 3095 2046 3160 sacerdotis,
2071 3094 2165 3150 Dei

577 3193 825 3250 videlicet
851 3208 915 3248 ac
939 3191 1154 3246 Domini
1201 3190 1370 3246 nostri
1411 3187 1537 3242 Jesu
1584 3187 1820 3254 Christi,
1847 3187 2166 3243 mediatoris

578 3286 672 3340 Dei
701 3295 758 3340 et
785 3285 1086 3348 hominum,
1113 3281 1240 3338 facti
1273 3289 1399 3337 sunt
1423 3280 1492 3335 ab
1535 3296 1600 3335 eo
1645 3280 1793 3336 Patri
1837 3298 2061 3353 regnum
2112 3289 2169 3338 et

572 3375 904 3440 sacerdotes,
938 3374 1302 3442 dicunturque
1345 3387 1515 3443 genus
1557 3371 1810 3438 electum,
1844 3375 2023 3446 regale
2073 3389 2165 3429 sa-

575 3464 902 3530 cerdotium,
933 3471 986 3518 et
1013 3471 1138 3518 sunt
1167 3464 1266 3518 sub
1300 3465 1478 3533 capite
1505 3481 1717 3522 summo
1739 3463 1765 3503 δ
1798 3480 1938 3518 unus
1983 3479 2166 3520 sacer-

574 3554 694 3608 dos.
724 3552 953 3622 Propter
978 3553 1121 3624 quod
1157 3563 1213 3609 et
1239 3554 1371 3609 vitia
1395 3555 1486 3611 illa
1520 3556 1736 3628 legalia,
1766 3571 1885 3624 qutc
1913 3556 2166 3611 sacerdo-

575 3653 685 3700 tem
707 3659 827 3700 esse
852 3645 1116 3709 inhibent,
1148 3661 1178 3700 a
1203 3661 1431 3716 corpore
1468 3657 1522 3702 et
1550 3664 1716 3719 regno
1745 3648 1940 3702 summi
1974 3646 2168 3701 Sacer-

577 3734 717 3790 dotis
745 3735 1065 3802 excludunt,
1093 3735 1233 3791 sicut
1253 3739 1616 3806 probabilium
1648 3738 1874 3793 Patrum
1900 3738 2168 3809 expositio

2265 2546 2428 2617 primi
2457 2546 2710 2609 hominis,
2735 2547 2895 2617 primi
2938 2547 3191 2618 leguntur
3231 2547 3566 2603 sacerdotale
3611 2547 3867 2603 ministe-

2265 2637 2408 2692 rium
2455 2638 2758 2708 peregisse,
2785 2637 2916 2692 Cain
2958 2637 3210 2694 videlicet
3255 2647 3310 2694 et
3349 2638 3593 2703 Abel,id
3612 2644 3718 2701 est,
3750 2637 3866 2696 Deo

2269 2729 2474 2787 hostias
2505 2730 2766 2786 obtulisse
2799 2749 2812 2784 :
2845 2746 3076 2800 quorum
3103 2748 3245 2787 unus
3295 2731 3632 2803 improbatus
3665 2739 3778 2796 est,
3804 2739 3863 2786 et

2269 2822 2537 2878 sacriﬁcia
2569 2821 2686 2892 ejus
2707 2838 2814 2876 non
2839 2831 2963 2877 sunt
2988 2832 3257 2892 respecta.
3281 2823 3348 2877 Et
3374 2825 3475 2878 hoc
3505 2823 3712 2878 idcirco
3744 2821 3868 2878 ﬁeri

2269 2913 2466 2984 potuit,
2495 2913 2622 2983 quia
2677 2928 2783 2968 non
2829 2913 3152 2985 populi,sed
3198 2913 3418 2985 propria
3463 2922 3586 2967 vota
3625 2912 3865 2980 obtulit;

2270 3006 2396 3061 licet
2424 3021 2586 3060 causa
2617 3006 3015 3075 reprobationis
3037 3005 3143 3060 alia
3169 3006 3459 3061 exstiterit.
3489 3003 3623 3060 Nam
3655 3004 3711 3059 in
3734 3020 3870 3062 con-

2271 3099 2622 3167 sequentibus
2664 3112 2942 3168 nunquam
2995 3097 3236 3153 invenies
3263 3105 3323 3151 ut
3371 3097 3552 3151 oblata
3600 3111 3702 3166 pro
3744 3095 3869 3153 aliis

2272 3188 2560 3258 reprobata
2587 3188 2715 3252 sint,
2739 3187 2954 3242 etiamsi
2984 3187 3029 3242 is
3052 3187 3144 3257 qui
3173 3187 3370 3242 obtulit
3402 3187 3655 3258 indignus
3677 3186 3867 3256 fuerit,

2271 3280 2316 3334 si
2342 3288 2522 3334 tamen
2551 3278 2656 3333 ﬁde
2672 3280 2736 3334 de
2753 3280 2912 3334 domo
2933 3277 3053 3343 fuit,
3071 3287 3166 3334 aut
3189 3279 3242 3334 in
3269 3279 3432 3333 domo
3449 3278 3665 3345 obtulit,
3686 3279 3740 3334 in
3757 3294 3870 3352 qua

2270 3381 2444 3442 agnus
2472 3370 2776 3426 vescendus
2823 3377 2906 3426 est
2925 3412 2939 3436 ,
2963 3369 3105 3426 sicut
3134 3371 3222 3426 lex
3253 3371 3498 3442 praecipit
3529 3371 3718 3426 dicens
3749 3389 3762 3426 :
3796 3369 3872 3428 In

2270 3479 2379 3516 una
2409 3462 2565 3516 domo
2608 3462 2926 3525 comedetur,
2955 3479 3047 3516 nec
3081 3462 3305 3532 e/feretis
3343 3461 3407 3516 de
3443 3463 3688 3516 carnibus
3716 3459 3868 3517 illius

2270 3553 2437 3623 foras.
2472 3551 2579 3607 Sed
2616 3554 2787 3624 magis
2815 3569 3004 3609 eorum
3049 3554 3214 3609 corda
3260 3562 3590 3622 pensantur,
3619 3553 3716 3623 qui
3759 3566 3866 3622 per

2272 3644 2614 3709 sacerdotes,
2655 3644 3058 3715 qualescunque
3102 3645 3178 3700 illi
3228 3631 3360 3710 siin,
3408 3643 3672 3710 offerunt,
3717 3644 3870 3700 sicut

2274 3735 2460 3790 multis
2481 3737 2691 3791 ostendi
2713 3745 2911 3806 potest.
2944 3737 3096 3793 Unde
3123 3746 3178 3792 et
3207 3739 3271 3793 de
3300 3737 3458 3793 bonis
3485 3735 3871 3793 sacerdotibus

574 3832 788 3902 probat.
824 3831 978 3887 Unde
1002 3849 1127 3888 cum
1160 3848 1315 3889 sacra
1354 3833 1437 3888 lex
1481 3850 1579 3904 per
1628 3834 1847 3906 Moysen
1900 3835 2167 3904 inciperet
2193 3841 2238 3902 ο
2270 3828 2532 3884 Dominus
2557 3830 2670 3884 ait:
2701 3827 2758 3884 Si
2799 3833 3031 3886 steterint
3082 3831 3288 3902 Moyses
3324 3840 3372 3886 et
3422 3828 3642 3886 Samuel
3681 3845 3871 3884 coram

575 3924 714 3989 dari,
741 3940 899 3981 sacer
932 3925 1022 3980 ille
1055 3941 1244 3998 agnus,
1275 3926 1430 3996 cujus
1455 3928 1674 3998 sanguis
1701 3928 1755 3982 in
1780 3926 2164 3997 superlimina-

2274 3939 2376 3987 me,
2404 3939 2508 3977 non
2531 3933 2607 3978 est
2637 3924 2816 3977 anima
2840 3941 2955 3978 mea
2972 3925 3040 3978 ad
3055 3923 3306 3996 papulum
3329 3924 3509 3979 istum.
3540 3922 3608 3977 Et
3629 3923 3867 3978 iterum:

1944 4017 2223 4074 BALUZII
2261 4015 2495 4073 NOTAE.

650 4124 676 4152 ει
689 4110 792 4166 llic
805 4119 888 4167 est
899 4111 1122 4166 omnino
1141 4111 1264 4166 libri
1288 4112 1447 4166 istius
1471 4111 1658 4166 titulus
1681 4113 1735 4165 in
1767 4111 1951 4164 codice
1966 4109 2170 4179 Papirii

576 4182 835 4246 Massoni,
867 4190 922 4237 et
951 4181 1006 4235 in
1029 4190 1284 4236 contextu
1308 4181 1455 4234 libri.
1487 4181 1544 4234 ln
1573 4182 1746 4236 veteri
1775 4189 1954 4234 tamen
1987 4181 2172 4236 codice

573 4269 677 4309 ms.
706 4253 918 4320 clariss.
938 4252 1043 4306 viri
1064 4251 1211 4305 Petri
1235 4251 1502 4305 Marnzesii
1523 4251 1797 4306 senatoris
1818 4250 2174 4320 Gratianopo-

579 4325 736 4404 litani
761 4324 1018 4404 hic-liber
1046 4322 1126 4376 sic
1149 4321 1444 4404 inscriptus
1474 4330 1612 4404 est}.
1637 4320 1877 4404 Epistoln
1907 4322 2174 4404 Agobgrdi

576 4395 806 4467 episcopi
839 4393 1205 4467 Lugdunensis
1235 4392 1299 4446 de
1329 4392 1612 4467 sacerdotii
1639 4391 2011 4467 dignitate,_dd
2038 4391 2176 4467 B_ar-

580 4461 807 4521 nardunt
865 4461 1203 4519 Viennensem
1251 4461 1753 4534 archiepiscopum:
1795 4463 1939 4532 quod
1982 4463 2175 4519 eodem

580 4537 798 4592 recidit.

654 4609 680 4647 δ
712 4606 1008 4661 Bernardo.
1033 4605 1217 4661 Codex
1239 4603 1534 4668 Marnmsii,
1552 4603 1852 4658 Barnardo.
1881 4604 1947 4658 Et
1969 4604 2178 4659 monuit

581 4693 670 4732 me
699 4679 785 4731 vir
820 4677 1222 4733 eruditissimus
1273 4674 1470 4730 Petrus
1514 4675 1838 4730 Franciscus
1876 4674 2178 4729 Chiﬂletius

581 4749 870 4819 presbyter
896 4764 926 4804 e
952 4746 1228 4819 Societate
1257 4745 1421 4819 Jesu,
1459 4746 1787 4819 sicquoque
1825 4745 2085 4819 scriptum
2109 4761 2179 4819 pse

583 4817 786 4872 vidisse
811 4818 916 4873 hoc
942 4833 1142 4874 nomen
1175 4818 1226 4870 in
1251 4817 1436 4871 multis
1463 4817 1744 4872 codicibus
1769 4817 2174 4886 manuscriptis.

2277 4125 2449 4173 reses,
2475 4116 2580 4180 aut,
2596 4118 2721 4163 nata
2745 4109 3061 4174 schismata,
3086 4125 3249 4180 quam
3274 4110 3396 4166 inde
3413 4109 3558 4180 quod
3591 4109 3870 4166 sacerdoti

2278 4181 2373 4235 Dei
2402 4196 2507 4234 non
2535 4179 2966 4249 obtemperatur,
3000 4179 3267 4236 nec’unus
3292 4183 3344 4235 in
3368 4179 3611 4236 ECclesia
3634 4180 3700 4235 ad
3730 4189 3873 4236 tem-

2278 4267 2380 4322 pus
2409 4252 2666 4324 sacerdos
2687 4263 2741 4305 et
2770 4252 2836 4305 ad
2863 4261 3076 4324 tempus
3091 4250 3408 4324 judexvice
3429 4251 3632 4324 Christi
3659 4252 3871 4324 cogita-

2281 4321 2387 4394 tur.
2420 4342 2437 4374 ›
2476 4321 2610 4394 Nam
2637 4323 2740 4394 hoc
2770 4321 2987 4394 tantum
3002 4323 3104 4394 sibi
3134 4322 3248 4377 vult
3265 4323 3369 4378 hoc
3396 4323 3515 4378 loco
3539 4321 3872 4394 Cyprianus,

2273 4391 2428 4466 juxta
2469 4392 2908 4466 observationem
2940 4392 3179 4466 Rigaltii,
3217 4391 3644 4466 uniuscujusque
3679 4393 3877 4451 Eccle-

2281 4411 2428 4462 juxta
2469 4411 2908 4448 onservauonem
2940 4411 3179 4518 nugatur,
3217 4411 3644 4466 uniuscujusque
3679 4411 3874 4451 necte-

2281 4463 2408 4527 siaa,
2453 4479 2573 4534 quas
2618 4464 2943 4520 universalis
2993 4465 3135 4519 ilius
3176 4465 3356 4534 portio
3405 4475 3521 4530 est,
3553 4480 3720 4519 unum
3745 4479 3874 4521 esse

2277 4535 2477 4590 debere
2502 4535 2816 4606 episc0pum
2842 4537 3180 4591 sacerdotem
3199 4577 3212 4601 ,
3247 4536 3340 4606 qui
3357 4537 3443 4591 sit
3468 4535 3728 4606 Ecclesiae
3757 4551 3876 4592 sua;

2277 4604 2623 4677 sacerdos’ad
2645 4604 2876 4676 tempus,
2901 4617 2956 4661 et
2975 4608 3041 4660 ad
3066 4604 3280 4677 tempus
3298 4607 3466 4676 judex
3496 4607 3612 4662 vice
3641 4604 3871 4662 Christi.

2285 4694 2303 4727 ι
2340 4675 2471 4748 lltec
2495 4677 2640 4731 enim
2669 4675 2818 4741 sunt,
2867 4677 3042 4746 inquit
3071 4675 3374 4748 Cyprianus
3424 4680 3476 4734 in
3508 4677 3739 4747 epistola
3776 4677 3876 4744 65,

2278 4746 2432 4818 initia
2461 4747 2864 4815 hrcreticorum,
2903 4756 2957 4803 et
2980 4746 3133 4803 ortus
3150 4746 3322 4818 atque
3345 4746 3576 4804 conatus
3606 4748 3878 4804 schisma-

2279 4817 2512 4891 ticorum
2537 4818 2675 4891 male
2704 4819 3080 4889 cogitantium,
3112 4829 3172 4891 ut
3207 4817 3310 4874 sibi
3337 4820 3609 4890 placeant,
3641 4826 3704 4872 ut
3731 4835 3878 4891 pm-

584 4889 787 4974 V'erum
844 4889 1141 4944 discrimen
1191 4887 1322 4942 illud
1371 4896 1455 4942 est
1491 4888 1692 4942 nullius
1731 4895 1825 4941 aut
1863 4887 2016 4957 parvi
2057 4903 2175 4942 mo-
2200 4911 2253 4970 Ι)
2278 4888 2521 4974 positum
2569 4887 2794 4974 (id‘cs't‘,
2842 4890 3178 4974 episcopum)
3228 4887 3466 4974 supeth
3489 4899 3714 4974 tumore
3734 4887 3876 4974 cog-

583 4960 772 5014 menti.

661 5043 682 5069 c
727 5031 896 5101 Atque
922 5029 1252 5101 clericorum.
1282 5029 1517 5101 ldipsum
1551 5031 1796 5100 sequenti
1825 5027 2024 5084 szeculo
2050 5020 2199 5099 gra-'

582 5101 724 5156 viter
763 5099 1065 5184 deploravit
1115 5099 1406 5184 Ratheritis
1435 5099 1721 5184 episcopus
1762 5101 2173 5184 Veronensis-in

581 5182 738 5255 parte
771 5189 808 5227 ιι
834 5169 1257 5298 “(1ῗ8(ἳέοιιιθιιιριιι
1277 5169 1560 5228 Canonitm
1581 5212 1594 5238 ,
1620 5169 1677 5226 in
1703 5181 1848 5226 tomo
1878 5170 1918 5224 ll
1949 5169 2176 5241 Spicile-

584 5259 656 5298 ιιι
677 5285 690 5298 .
723 5258 848 5298 nas.
993 5283 1007 5296 .

623 5260 690 5307 ιι,
723 5259 848 5307 pag.
886 5259 1007 5298 ιδδ.

623 5260 656 5297 ιι
763 5259 791 5296 a
836 5284 848 5296 .
886 5258 908 5296 ι
993 5283 1007 5296 .

584 5259 617 5314 8
653 5285 690 5352 δ’
711 5258 860 5368 Bnigts
874 5258 1137 5368 Mardos.
1165 5313 1393 5370 Unicum
1422 5315 1475 5370 in
1501 5313 1740 5368 Ecclesia
1765 5313 1971 5368 Christi
1995 5327 2177 5368 sacer-

585 5384 791 5439 dotium
820 5400 942 5442 esse
977 5386 1256 5441 contendit
1291 5385 1644 5456 Agobardus,
1674 5383 1943 5453 hujusqne
1991 5397 2176 5439 sacer-

586 5456 717 5512 dotii
748 5465 911 5528 caput
931 5471 1204 5528 summum
1227 5454 1669 5520 esse—Christum,
1693 5456 1785 5525 qui
1812 5470 2055 5528 summus
2085 5471 2175 5510 sa-

585 5529 776 5584 cerdos
804 5526 906 5584 est.
949 5526 1015 5581 Et
1043 5527 1229 5581 fideles
1257 5542 1447 5582 omnes
1475 5542 1593 5581 esse
1639 5544 1803 5580 unum
1833 5527 2170 5581 sacerdotem

585 5599 684 5653 sub
706 5617 810 5655 uno
837 5598 1015 5668 capite
1044 5598 1264 5656 Christo
1287 5599 1412 5668 ,_ob
1447 5598 1590 5650 illum
1625 5599 1804 5652 locum
1835 5614 1901 5650 ex
1939 5597 2170 5665 epistola

582 5672 758 5739 prima
781 5665 924 5726 beati
947 5667 1117 5739 Petri,
1140 5665 1444 5739 ubiiﬁdejes
1461 5679 1725 5722 vocantur
1743 5685 1904 5739 genus
1922 5668 2172 5734 electum,

583 5736 1155 5814 regaleisacerdotinm.
1190 5736 1309 5792 Alia
1339 5736 1612 5814 Cypriane
1629 5736 1783 5814 mens
1810 5739 1943 5806 fuit,
1971 5755 2094 5814 cum
2119 5740 2174 5794 in

589 5809 820 5877 epistola
840 5812 912 5870 55
941 5810 1209 5866 scriberet
1239 5827 1258 5862 ι
1292 5825 1401 5866 non
1429 5809 1649 5868 aliunde
1671 5813 1895 5869 obortas
1918 5826 2038 5867 esse
2064 5812 2176 5867 bae-

2280 4966 2544 5033 temnant.
2578 4981 2595 5010 ι
2641 4960 2712 5014 At
2737 4959 3001 5017 Barohius
3019 4959 3088 5015 ad
3114 4959 3315 5016 annum
3339 4960 3542 5033 Christi
3565 4961 3660 5026 54,
3689 4959 3718 5033 §
3741 4961 3875 5028 205,

2279 5030 2751 5104 contenditunum
2789 5033 2939 5088 illum
2967 5033 3310 5104 sacerdotem
3337 5033 3480 5102 apud
3505 5030 3874 5104 Cyprianum,

2280 5116 2405 5180 esse
2430 5101 2576 5156 Petri
2600 5119 2970 5180 successorem
2990 5103 3298 5180 ﬁomanum
3333 5101 3696 5180 pontificem,
3721 5111 3781 5180 et
3805 5104 3878 5160 iis

2280 5173 2496 5243 quidem
2532 5175 2731 5238 verbis,
2767 5185 2825 5230 ut
2859 5174 3145 5231 manifeste
3189 5175 3259 5230 ab
3305 5189 3372 5230 eo
3403 5175 3524 5231 loco
3575 5173 3878 5231 excludere

2278 5245 2540 5317 videatur
2561 5244 2816 5317 reliquos
2845 5247 3149 5317 episcopos,
3177 5247 3420 5317 adeoque
3443 5245 3754 5317 Romanum
3783 5261 3876 5301 so-

2277 5315 2388 5370 lum
2436 5317 2489 5388 in
2531 5315 2772 5388 EccleSia
2801 5315 3093 5388 prmsidere
3123 5317 3253 5372 velit
3282 5315 3400 5371 vice
3426 5316 3651 5388 Christi.
3685 5317 3753 5371 Et
3782 5326 3868 5370 ta-

2278 5402 2403 5442 men
2435 5387 2676 5458 singulos
2703 5387 2986 5459 episcopos
3009 5405 3131 5444 esse
3172 5388 3410 5443 vicarios
3436 5387 3640 5443 Christi
3665 5403 3734 5443 ex
3766 5388 3875 5444 hoc

2279 5405 2403 5442 men
2435 5405 2676 5458 Singulos
2703 5405 2986 5512 episcopos
3009 5405 3131 5444 esse
3172 5405 3194 5441 ι

2279 5459 2639 5582 quoqueloeo
2667 5475 2732 5542 co
2759 5461 2887 5529 legit
2908 5460 3194 5542 Rigaltius.

2356 5540 2378 5567 ο
2429 5529 2609 5582 ndtam
2630 5541 2678 5582 et
2699 5532 2977 5582 Immundi.
3005 5532 3194 5582 Videtn

2356 5540 2378 5567 ο
2395 5528 2610 5599 Indigm'
2630 5541 2678 5584 et
2699 5528 3229 5588 immundifVidetur
3249 5531 3538 5587 admittere
3551 5528 3718 5585 etiam
3739 5529 3878 5586 istos

2280 5600 2347 5674 ad
2375 5603 2764 5674 comestionem
2791 5603 2934 5673 agni.
2965 5602 3032 5657 Et
3061 5619 3192 5658 sane
3236 5603 3358 5658 illos
3384 5617 3599 5674 quoque
3628 5601 3878 5674 admittit

2278 5670 2534 5798 Ριιιιιιιεέἰ
2555 5673 2648 5799 δῗά
2676 5670 3079 5730 damnationem
3110 5675 3215 5731 sibi
3242 5670 3578 5731 manducare
3601 5681 3658 5730 et
3683 5673 3877 5732 bibere

2278 5756 2491 5799 Dronun
2538 5757 2568 5798 a
2597 5780 2614 5797 .

2277 5756 2614 5812 pronunuat.
