  <div class='ocr_page' id='page_1' title='image "/cluster/home/n/w/nwhite01/storage/ocr_20150623/104/hvd.32044015466824/072.png"; bbox 0 0 4088 6344; ppageno 0'>
   <div class='ocr_carea' id='block_1_1' title="bbox 251 333 373 397">
    <p class='ocr_par' dir='ltr' id='par_1_1' title="bbox 251 333 373 397">
     <span class='ocr_line' id='line_1_1' title="bbox 251 333 373 397; baseline 0.016 -2"><span class='ocrx_word' id='word_1_1' title='bbox 251 333 373 397; x_wconf 70' lang='grc'><strong>133</strong></span> 
     </span>
    </p>
   </div>
   <div class='ocr_carea' id='block_1_2' title="bbox 1300 328 2501 401">
    <p class='ocr_par' dir='ltr' id='par_1_2' title="bbox 1300 328 2501 401">
     <span class='ocr_line' id='line_1_2' title="bbox 1300 328 2501 401; baseline 0.003 -5"><span class='ocrx_word' id='word_1_2' title='bbox 1300 328 1393 396; x_wconf 82' lang='lat' dir='ltr'><strong>DE</strong></span> <span class='ocrx_word' id='word_1_3' title='bbox 1430 333 1681 395; x_wconf 73' lang='lat' dir='ltr'><strong>PRIVIL.</strong></span> <span class='ocrx_word' id='word_1_4' title='bbox 1721 336 1814 396; x_wconf 88' lang='lat' dir='ltr'><strong>ET</strong></span> <span class='ocrx_word' id='word_1_5' title='bbox 1852 338 2029 396; x_wconf 82' lang='lat' dir='ltr'><strong>JURE</strong></span> <span class='ocrx_word' id='word_1_6' title='bbox 2071 335 2501 401; x_wconf 82' lang='lat' dir='ltr'><strong>SACERDOTII.</strong></span> 
     </span>
    </p>
   </div>
   <div class='ocr_carea' id='block_1_3' title="bbox 3431 356 3536 421">
    <p class='ocr_par' dir='ltr' id='par_1_3' title="bbox 3431 356 3536 421">
     <span class='ocr_line' id='line_1_3' title="bbox 3431 356 3536 421; baseline 0.029 -3"><span class='ocrx_word' id='word_1_7' title='bbox 3431 356 3536 421; x_wconf 73' lang='grc'><strong>134</strong></span> 
     </span>
    </p>
   </div>
   <div class='ocr_carea' id='block_1_4' title="bbox 248 450 3537 561">
    <p class='ocr_par' dir='ltr' id='par_1_4' title="bbox 248 450 3537 561">
     <span class='ocr_line' id='line_1_4' title="bbox 248 450 3537 561; baseline 0.004 -53"><span class='ocrx_word' id='word_1_8' title='bbox 248 454 385 528; x_wconf 81' lang='lat' dir='ltr'><strong>quia</strong></span> <span class='ocrx_word' id='word_1_9' title='bbox 417 464 524 507; x_wconf 90' lang='lat' dir='ltr'><strong>non</strong></span> <span class='ocrx_word' id='word_1_10' title='bbox 550 450 836 508; x_wconf 69' lang='lat' dir='ltr'><strong>exaudiam</strong></span> <span class='ocrx_word' id='word_1_11' title='bbox 862 460 928 508; x_wconf 91' lang='lat' dir='ltr'><strong>te.</strong></span> <span class='ocrx_word' id='word_1_12' title='bbox 956 451 1224 510; x_wconf 64' lang='lat' dir='ltr'><strong>Caeterum</strong></span> <span class='ocrx_word' id='word_1_13' title='bbox 1249 454 1395 526; x_wconf 91' lang='lat' dir='ltr'><strong>quod</strong></span> <span class='ocrx_word' id='word_1_14' title='bbox 1425 471 1589 526; x_wconf 85' lang='lat' dir='ltr'><strong>supra</strong></span> <span class='ocrx_word' id='word_1_15' title='bbox 1613 452 1849 510; x_wconf 84' lang='lat' dir='ltr'><strong>diximus</strong></span> <span class='ocrx_word' id='word_1_16' title='bbox 1873 470 1928 530; x_wconf 76' lang='grc' dir='ltr'><strong>Α</strong></span> <span class='ocrx_word' id='word_1_17' title='bbox 1949 458 2067 561; x_wconf 57' lang='lat' dir='ltr'><strong>tum</strong></span> <span class='ocrx_word' id='word_1_18' title='bbox 2090 455 2419 561; x_wconf 69' lang='lat' dir='ltr'><strong>sequestrati</strong></span> <span class='ocrx_word' id='word_1_19' title='bbox 2467 462 2594 561; x_wconf 76' lang='lat' dir='ltr'><strong>sunt</strong></span> <span class='ocrx_word' id='word_1_20' title='bbox 2632 463 2688 513; x_wconf 89' lang='lat' dir='ltr'><strong>et</strong></span> <span class='ocrx_word' id='word_1_21' title='bbox 2725 456 2933 561; x_wconf 71' lang='lat' dir='ltr'><strong>praelati</strong></span> <span class='ocrx_word' id='word_1_22' title='bbox 2981 463 3197 561; x_wconf 58' lang='lat' dir='ltr'><strong>populo,</strong></span> <span class='ocrx_word' id='word_1_23' title='bbox 3247 476 3308 525; x_wconf 80' lang='lat' dir='ltr'><strong>ut</strong></span> <span class='ocrx_word' id='word_1_24' title='bbox 3344 470 3537 543; x_wconf 62' lang='lat' dir='ltr'><strong>jubeat</strong></span> 
     </span>
    </p>
   </div>
   <div class='ocr_carea' id='block_1_5' title="bbox 251 542 3537 625">
    <p class='ocr_par' dir='ltr' id='par_1_5' title="bbox 251 542 3537 625">
     <span class='ocr_line' id='line_1_5' title="bbox 251 542 3537 625; baseline 0.006 -22"><span class='ocrx_word' id='word_1_25' title='bbox 251 546 325 603; x_wconf 85' lang='lat' dir='ltr'><strong>de</strong></span> <span class='ocrx_word' id='word_1_26' title='bbox 347 545 514 616; x_wconf 75' lang='lat' dir='ltr'><strong>Gain;</strong></span> <span class='ocrx_word' id='word_1_27' title='bbox 547 546 594 601; x_wconf 85' lang='lat' dir='ltr'><strong>si</strong></span> <span class='ocrx_word' id='word_1_28' title='bbox 618 560 719 619; x_wconf 84' lang='lat' dir='ltr'><strong>pro</strong></span> <span class='ocrx_word' id='word_1_29' title='bbox 740 547 860 603; x_wconf 84' lang='lat' dir='ltr'><strong>aliis</strong></span> <span class='ocrx_word' id='word_1_30' title='bbox 880 547 1210 605; x_wconf 80' lang='lat' dir='ltr'><strong>sacriﬁcium</strong></span> <span class='ocrx_word' id='word_1_31' title='bbox 1239 549 1703 624; x_wconf 85' lang='lat' dir='ltr'><strong>obtulisset,un</strong></span> <span class='ocrx_word' id='word_1_32' title='bbox 1729 551 1851 609; x_wconf 88' lang='lat' dir='ltr'><strong>sine</strong></span> <span class='ocrx_word' id='word_1_33' title='bbox 1948 542 2211 602; x_wconf 74' lang='lat' dir='ltr'><strong>DOminus</strong></span> <span class='ocrx_word' id='word_1_34' title='bbox 2238 545 2454 620; x_wconf 77' lang='lat' dir='ltr'><strong>Moysen</strong></span> <span class='ocrx_word' id='word_1_35' title='bbox 2496 548 2679 607; x_wconf 78' lang='lat' dir='ltr'><strong>dicere</strong></span> <span class='ocrx_word' id='word_1_36' title='bbox 2719 553 2820 619; x_wconf 82' lang='lat' dir='ltr'><strong>eis,</strong></span> <span class='ocrx_word' id='word_1_37' title='bbox 2852 552 3033 611; x_wconf 78' lang='lat' dir='ltr'><strong>Aaron</strong></span> <span class='ocrx_word' id='word_1_38' title='bbox 3056 550 3272 615; x_wconf 69' lang='lat' dir='ltr'><strong>scilicet</strong></span> <span class='ocrx_word' id='word_1_39' title='bbox 3312 542 3370 619; x_wconf 83' lang='lat' dir='ltr'><strong>et</strong></span> <span class='ocrx_word' id='word_1_40' title='bbox 3402 562 3537 625; x_wconf 70' lang='lat' dir='ltr'><strong>ﬁliis</strong></span> 
     </span>
    </p>
   </div>
   <div class='ocr_carea' id='block_1_6' title="bbox 250 632 3537 721">
    <p class='ocr_par' dir='ltr' id='par_1_6' title="bbox 250 632 3537 721">
     <span class='ocr_line' id='line_1_6' title="bbox 250 632 3537 721; baseline 0.005 -24"><span class='ocrx_word' id='word_1_41' title='bbox 250 641 528 697; x_wconf 83' lang='lat' dir='ltr'><strong>cbaritate</strong></span> <span class='ocrx_word' id='word_1_42' title='bbox 555 638 673 696; x_wconf 75' lang='lat' dir='ltr'><strong>ﬁeri</strong></span> <span class='ocrx_word' id='word_1_43' title='bbox 718 656 825 697; x_wconf 91' lang='lat' dir='ltr'><strong>non</strong></span> <span class='ocrx_word' id='word_1_44' title='bbox 870 649 1052 714; x_wconf 88' lang='lat' dir='ltr'><strong>potest</strong></span> <span class='ocrx_word' id='word_1_45' title='bbox 1070 684 1085 711; x_wconf 90' lang='lat'><strong>,</strong></span> <span class='ocrx_word' id='word_1_46' title='bbox 1112 643 1419 700; x_wconf 80' lang='lat' dir='ltr'><strong>nullatenus</strong></span> <span class='ocrx_word' id='word_1_47' title='bbox 1460 644 1752 711; x_wconf 76' lang='lat' dir='ltr'><strong>diceretur,</strong></span> <span class='ocrx_word' id='word_1_48' title='bbox 1779 644 1850 699; x_wconf 88' lang='lat' dir='ltr'><strong>ad</strong></span> <span class='ocrx_word' id='word_1_49' title='bbox 1948 632 2067 704; x_wconf 64' lang='lat' dir='ltr'><strong>eius</strong></span> <span class='ocrx_word' id='word_1_50' title='bbox 2099 653 2112 689; x_wconf 74' lang='grc' dir='ltr'><strong>ε</strong></span> <span class='ocrx_word' id='word_1_51' title='bbox 2144 634 2233 691; x_wconf 72' lang='grc' dir='ltr'><strong>δίο</strong></span> <span class='ocrx_word' id='word_1_52' title='bbox 2258 635 2567 695; x_wconf 46' lang='lat' dir='ltr'><strong>benedice!“</strong></span> <span class='ocrx_word' id='word_1_53' title='bbox 2592 641 2723 711; x_wconf 65' lang='grc' dir='ltr'><strong>βίῖῦ</strong></span> <span class='ocrx_word' id='word_1_54' title='bbox 2748 641 2941 701; x_wconf 61' lang='grc' dir='ltr'><strong>Πενθεῖ.</strong></span> <span class='ocrx_word' id='word_1_55' title='bbox 2965 646 3032 702; x_wconf 68' lang='grc' dir='ltr'><strong>Εἰ</strong></span> <span class='ocrx_word' id='word_1_56' title='bbox 3051 659 3176 721; x_wconf 83' lang='lat' dir='ltr'><strong>post</strong></span> <span class='ocrx_word' id='word_1_57' title='bbox 3200 650 3537 714; x_wconf 80' lang='lat' dir='ltr'><strong>benedictio-</strong></span> 
     </span>
    </p>
   </div>
   <div class='ocr_carea' id='block_1_7' title="bbox 248 722 1847 809">
    <p class='ocr_par' dir='ltr' id='par_1_7' title="bbox 248 722 1847 809">
     <span class='ocr_line' id='line_1_7' title="bbox 248 722 1847 809; baseline 0.002 -19"><span class='ocrx_word' id='word_1_58' title='bbox 248 733 390 790; x_wconf 86' lang='lat' dir='ltr'><strong>Cain</strong></span> <span class='ocrx_word' id='word_1_59' title='bbox 418 740 477 788; x_wconf 88' lang='lat' dir='ltr'><strong>et</strong></span> <span class='ocrx_word' id='word_1_60' title='bbox 500 722 570 788; x_wconf 78' lang='lat' dir='ltr'><strong>ad</strong></span> <span class='ocrx_word' id='word_1_61' title='bbox 590 746 816 790; x_wconf 86' lang='lat' dir='ltr'><strong>munera</strong></span> <span class='ocrx_word' id='word_1_62' title='bbox 850 732 971 806; x_wconf 82' lang='lat' dir='ltr'><strong>ejus</strong></span> <span class='ocrx_word' id='word_1_63' title='bbox 996 751 1106 803; x_wconf 89' lang='lat' dir='ltr'><strong>non</strong></span> <span class='ocrx_word' id='word_1_64' title='bbox 1134 738 1441 809; x_wconf 82' lang='lat' dir='ltr'><strong>respexisse</strong></span> <span class='ocrx_word' id='word_1_65' title='bbox 1464 737 1772 805; x_wconf 91' lang='lat' dir='ltr'><strong>Dominum,</strong></span> <span class='ocrx_word' id='word_1_66' title='bbox 1788 738 1847 793; x_wconf 87' lang='lat' dir='ltr'><strong>in</strong></span> 
     </span>
    </p>
   </div>
   <div class='ocr_carea' id='block_1_8' title="bbox 247 826 1847 898">
    <p class='ocr_par' dir='ltr' id='par_1_8' title="bbox 247 826 1847 898">
     <span class='ocr_line' id='line_1_8' title="bbox 247 826 1847 898; baseline 0.003 -15"><span class='ocrx_word' id='word_1_67' title='bbox 247 826 717 897; x_wconf 74' lang='lat' dir='ltr'><strong>consequentibus</strong></span> <span class='ocrx_word' id='word_1_68' title='bbox 774 827 969 884; x_wconf 88' lang='lat' dir='ltr'><strong>melius</strong></span> <span class='ocrx_word' id='word_1_69' title='bbox 1014 828 1505 898; x_wconf 85' lang='lat' dir='ltr'><strong>demonstrabitur,</strong></span> <span class='ocrx_word' id='word_1_70' title='bbox 1560 831 1607 888; x_wconf 83' lang='lat' dir='ltr'><strong>si</strong></span> <span class='ocrx_word' id='word_1_71' title='bbox 1666 840 1847 888; x_wconf 85' lang='lat' dir='ltr'><strong>tamen</strong></span> 
     </span>
    </p>
   </div>
   <div class='ocr_carea' id='block_1_9' title="bbox 246 912 1846 1007">
    <p class='ocr_par' dir='ltr' id='par_1_9' title="bbox 246 912 1846 1007">
     <span class='ocr_line' id='line_1_9' title="bbox 246 912 1846 1007; baseline 0.004 -33"><span class='ocrx_word' id='word_1_72' title='bbox 246 918 385 976; x_wconf 87' lang='lat' dir='ltr'><strong>dare</strong></span> <span class='ocrx_word' id='word_1_73' title='bbox 403 919 661 991; x_wconf 79' lang='lat' dir='ltr'><strong>dignatus</strong></span> <span class='ocrx_word' id='word_1_74' title='bbox 680 912 845 979; x_wconf 76' lang='lat' dir='ltr'><strong>fuerit</strong></span> <span class='ocrx_word' id='word_1_75' title='bbox 858 921 1145 979; x_wconf 82' lang='lat' dir='ltr'><strong>Dominus.</strong></span> <span class='ocrx_word' id='word_1_76' title='bbox 1174 922 1399 980; x_wconf 75' lang='lat' dir='ltr'><strong>interim</strong></span> <span class='ocrx_word' id='word_1_77' title='bbox 1424 924 1491 980; x_wconf 89' lang='lat' dir='ltr'><strong>de</strong></span> <span class='ocrx_word' id='word_1_78' title='bbox 1521 923 1846 1007; x_wconf 84' lang='lat' dir='ltr'><strong>excellentia</strong></span> 
     </span>
    </p>
   </div>
   <div class='ocr_carea' id='block_1_10' title="bbox 245 1010 1846 1094">
    <p class='ocr_par' dir='ltr' id='par_1_10' title="bbox 245 1010 1846 1094">
     <span class='ocr_line' id='line_1_10' title="bbox 245 1010 1846 1094; baseline 0.006 -25"><span class='ocrx_word' id='word_1_79' title='bbox 245 1021 306 1069; x_wconf 88' lang='lat' dir='ltr'><strong>et</strong></span> <span class='ocrx_word' id='word_1_80' title='bbox 335 1012 602 1086; x_wconf 79' lang='lat' dir='ltr'><strong>dignitate</strong></span> <span class='ocrx_word' id='word_1_81' title='bbox 628 1010 921 1087; x_wconf 84' lang='lat' dir='ltr'><strong>sacerdotii</strong></span> <span class='ocrx_word' id='word_1_82' title='bbox 942 1017 1029 1074; x_wconf 90' lang='lat' dir='ltr'><strong>vel</strong></span> <span class='ocrx_word' id='word_1_83' title='bbox 1058 1020 1401 1076; x_wconf 84' lang='lat' dir='ltr'><strong>sacerdotum</strong></span> <span class='ocrx_word' id='word_1_84' title='bbox 1438 1029 1619 1094; x_wconf 67' lang='lat' dir='ltr'><strong>coepta</strong></span> <span class='ocrx_word' id='word_1_85' title='bbox 1660 1036 1846 1094; x_wconf 87' lang='lat' dir='ltr'><strong>perse-</strong></span> 
     </span>
    </p>
   </div>
   <div class='ocr_carea' id='block_1_11' title="bbox 243 1120 511 1179">
    <p class='ocr_par' dir='ltr' id='par_1_11' title="bbox 243 1120 511 1179">
     <span class='ocr_line' id='line_1_11' title="bbox 243 1120 511 1179; baseline 0.011 -21"><span class='ocrx_word' id='word_1_86' title='bbox 243 1120 511 1179; x_wconf 87' lang='lat' dir='ltr'><strong>qnamur.</strong></span> 
     </span>
    </p>
   </div>
   <div class='ocr_carea' id='block_1_12' title="bbox 320 1196 1838 1279">
    <p class='ocr_par' dir='ltr' id='par_1_12' title="bbox 320 1196 1838 1279">
     <span class='ocr_line' id='line_1_12' title="bbox 320 1196 1838 1279; baseline 0.009 -24"><span class='ocrx_word' id='word_1_87' title='bbox 320 1197 411 1255; x_wconf 74' lang='lat' dir='ltr'><strong>Vl.</strong></span> <span class='ocrx_word' id='word_1_88' title='bbox 438 1196 578 1266; x_wconf 77' lang='lat' dir='ltr'><strong>Noe,</strong></span> <span class='ocrx_word' id='word_1_89' title='bbox 597 1212 700 1271; x_wconf 89' lang='lat' dir='ltr'><strong>per</strong></span> <span class='ocrx_word' id='word_1_90' title='bbox 713 1215 876 1272; x_wconf 87' lang='lat' dir='ltr'><strong>quem</strong></span> <span class='ocrx_word' id='word_1_91' title='bbox 897 1202 1209 1267; x_wconf 85' lang='lat' dir='ltr'><strong>restitutum</strong></span> <span class='ocrx_word' id='word_1_92' title='bbox 1223 1211 1307 1262; x_wconf 90' lang='lat' dir='ltr'><strong>est</strong></span> <span class='ocrx_word' id='word_1_93' title='bbox 1330 1222 1501 1278; x_wconf 87' lang='lat' dir='ltr'><strong>genus</strong></span> <span class='ocrx_word' id='word_1_94' title='bbox 1520 1207 1838 1279; x_wconf 89' lang='lat' dir='ltr'><strong>humanum,</strong></span> 
     </span>
    </p>
   </div>
   <div class='ocr_carea' id='block_1_13' title="bbox 240 1288 1843 1373">
    <p class='ocr_par' dir='ltr' id='par_1_13' title="bbox 240 1288 1843 1373">
     <span class='ocr_line' id='line_1_13' title="bbox 240 1288 1843 1373; baseline 0.009 -28"><span class='ocrx_word' id='word_1_95' title='bbox 240 1297 376 1373; x_wconf 83' lang='lat' dir='ltr'><strong>post</strong></span> <span class='ocrx_word' id='word_1_96' title='bbox 405 1288 667 1359; x_wconf 75' lang='lat' dir='ltr'><strong>diluvium</strong></span> <span class='ocrx_word' id='word_1_97' title='bbox 717 1293 1006 1353; x_wconf 71' lang='lat' dir='ltr'><strong>aediﬁcavit</strong></span> <span class='ocrx_word' id='word_1_98' title='bbox 1056 1297 1227 1354; x_wconf 90' lang='lat' dir='ltr'><strong>altare</strong></span> <span class='ocrx_word' id='word_1_99' title='bbox 1274 1299 1524 1370; x_wconf 89' lang='lat' dir='ltr'><strong>Domino,</strong></span> <span class='ocrx_word' id='word_1_100' title='bbox 1559 1312 1616 1359; x_wconf 91' lang='lat' dir='ltr'><strong>et</strong></span> <span class='ocrx_word' id='word_1_101' title='bbox 1649 1304 1843 1361; x_wconf 86' lang='lat' dir='ltr'><strong>obtulit</strong></span> 
     </span>
    </p>
   </div>
   <div class='ocr_carea' id='block_1_14' title="bbox 238 1380 1836 1459">
    <p class='ocr_par' dir='ltr' id='par_1_14' title="bbox 238 1380 1836 1459">
     <span class='ocr_line' id='line_1_14' title="bbox 238 1380 1836 1459; baseline 0.011 -21"><span class='ocrx_word' id='word_1_102' title='bbox 238 1380 597 1451; x_wconf 83' lang='lat' dir='ltr'><strong>holocausta;</strong></span> <span class='ocrx_word' id='word_1_103' title='bbox 647 1384 1014 1459; x_wconf 86' lang='lat' dir='ltr'><strong>odoratusque</strong></span> <span class='ocrx_word' id='word_1_104' title='bbox 1051 1399 1137 1446; x_wconf 90' lang='lat' dir='ltr'><strong>est</strong></span> <span class='ocrx_word' id='word_1_105' title='bbox 1157 1390 1420 1450; x_wconf 87' lang='lat' dir='ltr'><strong>Dominus</strong></span> <span class='ocrx_word' id='word_1_106' title='bbox 1446 1396 1672 1452; x_wconf 90' lang='lat' dir='ltr'><strong>odorem</strong></span> <span class='ocrx_word' id='word_1_107' title='bbox 1710 1413 1836 1455; x_wconf 84' lang='lat' dir='ltr'><strong>sua-</strong></span> 
     </span>
    </p>
   </div>
   <div class='ocr_carea' id='block_1_15' title="bbox 240 1472 1838 1556">
    <p class='ocr_par' dir='ltr' id='par_1_15' title="bbox 240 1472 1838 1556">
     <span class='ocr_line' id='line_1_15' title="bbox 240 1472 1838 1556; baseline 0.01 -28"><span class='ocrx_word' id='word_1_108' title='bbox 240 1472 456 1540; x_wconf 81' lang='lat' dir='ltr'><strong>vitatis,</strong></span> <span class='ocrx_word' id='word_1_109' title='bbox 485 1482 541 1531; x_wconf 86' lang='lat' dir='ltr'><strong>et</strong></span> <span class='ocrx_word' id='word_1_110' title='bbox 566 1474 647 1530; x_wconf 86' lang='lat' dir='ltr'><strong>ait</strong></span> <span class='ocrx_word' id='word_1_111' title='bbox 668 1477 735 1532; x_wconf 83' lang='lat' dir='ltr'><strong>ad</strong></span> <span class='ocrx_word' id='word_1_112' title='bbox 765 1492 888 1533; x_wconf 89' lang='lat' dir='ltr'><strong>eum</strong></span> <span class='ocrx_word' id='word_1_113' title='bbox 918 1497 931 1533; x_wconf 92' lang='lat'><strong>:</strong></span> <span class='ocrx_word' id='word_1_114' title='bbox 964 1479 1312 1556; x_wconf 82' lang='lat' dir='ltr'><strong>Nequaquam</strong></span> <span class='ocrx_word' id='word_1_115' title='bbox 1346 1484 1489 1540; x_wconf 89' lang='lat' dir='ltr'><strong>ultra</strong></span> <span class='ocrx_word' id='word_1_116' title='bbox 1524 1486 1838 1543; x_wconf 79' lang='lat' dir='ltr'><strong>maledicam</strong></span> 
     </span>
    </p>
   </div>
   <div class='ocr_carea' id='block_1_16' title="bbox 240 1569 1838 1644">
    <p class='ocr_par' dir='ltr' id='par_1_16' title="bbox 240 1569 1838 1644">
     <span class='ocr_line' id='line_1_16' title="bbox 240 1569 1838 1644; baseline 0.01 -24"><span class='ocrx_word' id='word_1_117' title='bbox 240 1573 402 1621; x_wconf 64' lang='lat' dir='ltr'><strong>terra?</strong></span> <span class='ocrx_word' id='word_1_118' title='bbox 420 1576 634 1639; x_wconf 75' lang='lat' dir='ltr'><strong>propter</strong></span> <span class='ocrx_word' id='word_1_119' title='bbox 658 1569 913 1626; x_wconf 73' lang='lat' dir='ltr'><strong>homines.</strong></span> <span class='ocrx_word' id='word_1_120' title='bbox 938 1570 1294 1631; x_wconf 84' lang='lat' dir='ltr'><strong>Melchisedec</strong></span> <span class='ocrx_word' id='word_1_121' title='bbox 1316 1592 1409 1631; x_wconf 80' lang='lat' dir='ltr'><strong>rex</strong></span> <span class='ocrx_word' id='word_1_122' title='bbox 1438 1577 1636 1644; x_wconf 88' lang='lat' dir='ltr'><strong>Salem,</strong></span> <span class='ocrx_word' id='word_1_123' title='bbox 1656 1596 1838 1635; x_wconf 87' lang='lat' dir='ltr'><strong>sacer-</strong></span> 
     </span>
    </p>
   </div>
   <div class='ocr_carea' id='block_1_17' title="bbox 242 1654 1831 1740">
    <p class='ocr_par' dir='ltr' id='par_1_17' title="bbox 242 1654 1831 1740">
     <span class='ocr_line' id='line_1_17' title="bbox 242 1654 1831 1740; baseline 0.006 -25"><span class='ocrx_word' id='word_1_124' title='bbox 242 1654 348 1715; x_wconf 79' lang='lat' dir='ltr'><strong>dos</strong></span> <span class='ocrx_word' id='word_1_125' title='bbox 364 1656 464 1711; x_wconf 86' lang='lat' dir='ltr'><strong>Dei</strong></span> <span class='ocrx_word' id='word_1_126' title='bbox 490 1657 692 1713; x_wconf 77' lang='lat' dir='ltr'><strong>excelsi</strong></span> <span class='ocrx_word' id='word_1_127' title='bbox 720 1658 887 1717; x_wconf 83' lang='lat' dir='ltr'><strong>fuisse</strong></span> <span class='ocrx_word' id='word_1_128' title='bbox 910 1663 1197 1732; x_wconf 85' lang='lat' dir='ltr'><strong>scribitur;</strong></span> <span class='ocrx_word' id='word_1_129' title='bbox 1238 1666 1305 1721; x_wconf 91' lang='lat' dir='ltr'><strong>de</strong></span> <span class='ocrx_word' id='word_1_130' title='bbox 1334 1682 1442 1737; x_wconf 91' lang='lat' dir='ltr'><strong>quo</strong></span> <span class='ocrx_word' id='word_1_131' title='bbox 1489 1668 1784 1740; x_wconf 85' lang='lat' dir='ltr'><strong>Apostolus</strong></span> <span class='ocrx_word' id='word_1_132' title='bbox 1818 1688 1831 1724; x_wconf 93' lang='lat'>:</span> 
     </span>
    </p>
   </div>
   <div class='ocr_carea' id='block_1_18' title="bbox 240 1744 1834 1826">
    <p class='ocr_par' dir='ltr' id='par_1_18' title="bbox 240 1744 1834 1826">
     <span class='ocr_line' id='line_1_18' title="bbox 240 1744 1834 1826; baseline 0.011 -26"><span class='ocrx_word' id='word_1_133' title='bbox 240 1744 559 1816; x_wconf 75' lang='lat' dir='ltr'><strong>Intuemini,</strong></span> <span class='ocrx_word' id='word_1_134' title='bbox 591 1750 688 1818; x_wconf 87' lang='lat' dir='ltr'><strong>ait,</strong></span> <span class='ocrx_word' id='word_1_135' title='bbox 713 1763 942 1826; x_wconf 83' lang='lat' dir='ltr'><strong>quantus</strong></span> <span class='ocrx_word' id='word_1_136' title='bbox 973 1755 1040 1809; x_wconf 86' lang='lat' dir='ltr'><strong>sit</strong></span> <span class='ocrx_word' id='word_1_137' title='bbox 1067 1757 1178 1822; x_wconf 81' lang='lat' dir='ltr'><strong>hic,</strong></span> <span class='ocrx_word' id='word_1_138' title='bbox 1204 1759 1289 1813; x_wconf 87' lang='lat' dir='ltr'><strong>cui</strong></span> <span class='ocrx_word' id='word_1_139' title='bbox 1315 1769 1362 1813; x_wconf 89' lang='lat' dir='ltr'><strong>et</strong></span> <span class='ocrx_word' id='word_1_140' title='bbox 1409 1759 1639 1817; x_wconf 75' lang='lat' dir='ltr'><strong>decimas</strong></span> <span class='ocrx_word' id='word_1_141' title='bbox 1691 1762 1834 1819; x_wconf 88' lang='lat' dir='ltr'><strong>dedit</strong></span> 
     </span>
    </p>
   </div>
   <div class='ocr_carea' id='block_1_19' title="bbox 1942 726 3531 817">
    <p class='ocr_par' dir='ltr' id='par_1_19' title="bbox 1942 726 3531 817">
     <span class='ocr_line' id='line_1_19' title="bbox 1942 726 3531 817; baseline 0.017 -39"><span class='ocrx_word' id='word_1_142' title='bbox 1942 739 2095 793; x_wconf 77' lang='lat' dir='ltr'><strong>nem,</strong></span> <span class='ocrx_word' id='word_1_143' title='bbox 2121 726 2462 797; x_wconf 80' lang='lat' dir='ltr'><strong>Inuocabunt,</strong></span> <span class='ocrx_word' id='word_1_144' title='bbox 2479 732 2577 801; x_wconf 80' lang='lat' dir='ltr'><strong>ait,</strong></span> <span class='ocrx_word' id='word_1_145' title='bbox 2597 750 2975 795; x_wconf 78' lang='lat' dir='ltr'><strong>nomennteum</strong></span> <span class='ocrx_word' id='word_1_146' title='bbox 2996 758 3156 813; x_wconf 84' lang='lat' dir='ltr'><strong>super</strong></span> <span class='ocrx_word' id='word_1_147' title='bbox 3174 742 3317 815; x_wconf 79' lang='lat' dir='ltr'><strong>ﬁlios</strong></span> <span class='ocrx_word' id='word_1_148' title='bbox 3342 747 3531 817; x_wconf 78' lang='lat' dir='ltr'><strong>Israel,</strong></span> 
     </span>
    </p>
   </div>
   <div class='ocr_carea' id='block_1_20' title="bbox 1947 817 3530 913">
    <p class='ocr_par' dir='ltr' id='par_1_20' title="bbox 1947 817 3530 913">
     <span class='ocr_line' id='line_1_20' title="bbox 1947 817 3530 913; baseline 0.017 -44"><span class='ocrx_word' id='word_1_149' title='bbox 1947 825 2001 913; x_wconf 74' lang='lat' dir='ltr'><strong>et</strong></span> <span class='ocrx_word' id='word_1_150' title='bbox 2029 832 2121 888; x_wconf 84' lang='lat' dir='ltr'><strong>ego</strong></span> <span class='ocrx_word' id='word_1_151' title='bbox 2150 817 2451 877; x_wconf 77' lang='lat' dir='ltr'><strong>benedicam</strong></span> <span class='ocrx_word' id='word_1_152' title='bbox 2477 825 2574 880; x_wconf 87' lang='lat' dir='ltr'><strong>eis.</strong></span> <span class='ocrx_word' id='word_1_153' title='bbox 2619 825 2739 884; x_wconf 87' lang='lat' dir='ltr'><strong>Non</strong></span> <span class='ocrx_word' id='word_1_154' title='bbox 2778 828 2857 886; x_wconf 83' lang='lat' dir='ltr'><strong>illi</strong></span> <span class='ocrx_word' id='word_1_155' title='bbox 2901 832 3251 904; x_wconf 84' lang='lat' dir='ltr'><strong>benedicent,</strong></span> <span class='ocrx_word' id='word_1_156' title='bbox 3277 841 3373 895; x_wconf 82' lang='lat' dir='ltr'><strong>sed</strong></span> <span class='ocrx_word' id='word_1_157' title='bbox 3398 856 3530 913; x_wconf 88' lang='lat' dir='ltr'><strong>ego;</strong></span> 
     </span>
    </p>
   </div>
   <div class='ocr_carea' id='block_1_21' title="bbox 1945 906 3537 1004">
    <p class='ocr_par' dir='ltr' id='par_1_21' title="bbox 1945 906 3537 1004">
     <span class='ocr_line' id='line_1_21' title="bbox 1945 906 3537 1004; baseline 0.018 -43"><span class='ocrx_word' id='word_1_158' title='bbox 1945 906 2162 964; x_wconf 72' lang='lat' dir='ltr'><strong>illorum</strong></span> <span class='ocrx_word' id='word_1_159' title='bbox 2187 919 2273 965; x_wconf 86' lang='lat' dir='ltr'><strong>est</strong></span> <span class='ocrx_word' id='word_1_160' title='bbox 2295 913 2571 984; x_wconf 79' lang='lat' dir='ltr'><strong>invocare,</strong></span> <span class='ocrx_word' id='word_1_161' title='bbox 2602 934 2784 977; x_wconf 86' lang='lat' dir='ltr'><strong>meum</strong></span> <span class='ocrx_word' id='word_1_162' title='bbox 2810 931 2902 979; x_wconf 83' lang='lat' dir='ltr'><strong>est</strong></span> <span class='ocrx_word' id='word_1_163' title='bbox 2938 922 3285 986; x_wconf 80' lang='lat' dir='ltr'><strong>benedicere.</strong></span> <span class='ocrx_word' id='word_1_164' title='bbox 3317 930 3375 987; x_wconf 87' lang='lat' dir='ltr'><strong>in</strong></span> <span class='ocrx_word' id='word_1_165' title='bbox 3416 906 3537 1004; x_wconf 47' lang='lat' dir='ltr'><strong>qui;</strong></span> 
     </span>
    </p>
   </div>
   <div class='ocr_carea' id='block_1_22' title="bbox 1944 999 3532 1083">
    <p class='ocr_par' dir='ltr' id='par_1_22' title="bbox 1944 999 3532 1083">
     <span class='ocr_line' id='line_1_22' title="bbox 1944 999 3532 1083; baseline 0.018 -28"><span class='ocrx_word' id='word_1_166' title='bbox 1944 999 2048 1056; x_wconf 86' lang='lat' dir='ltr'><strong>bus</strong></span> <span class='ocrx_word' id='word_1_167' title='bbox 2071 1003 2254 1058; x_wconf 83' lang='lat' dir='ltr'><strong>verbis</strong></span> <span class='ocrx_word' id='word_1_168' title='bbox 2284 1020 2394 1061; x_wconf 90' lang='lat' dir='ltr'><strong>non</strong></span> <span class='ocrx_word' id='word_1_169' title='bbox 2433 1010 2636 1082; x_wconf 85' lang='lat' dir='ltr'><strong>excipit</strong></span> <span class='ocrx_word' id='word_1_170' title='bbox 2678 1014 2873 1083; x_wconf 85' lang='lat' dir='ltr'><strong>malos,</strong></span> <span class='ocrx_word' id='word_1_171' title='bbox 2925 1019 3021 1075; x_wconf 85' lang='lat' dir='ltr'><strong>sed</strong></span> <span class='ocrx_word' id='word_1_172' title='bbox 3068 1020 3136 1076; x_wconf 90' lang='lat' dir='ltr'><strong>de</strong></span> <span class='ocrx_word' id='word_1_173' title='bbox 3185 999 3450 1081; x_wconf 73' lang='lat' dir='ltr'><strong>omnibus</strong></span> <span class='ocrx_word' id='word_1_174' title='bbox 3475 1028 3532 1083; x_wconf 90' lang='lat' dir='ltr'><strong>in</strong></span> 
     </span>
    </p>
   </div>
   <div class='ocr_carea' id='block_1_23' title="bbox 1944 1095 3535 1176">
    <p class='ocr_par' dir='ltr' id='par_1_23' title="bbox 1944 1095 3535 1176">
     <span class='ocr_line' id='line_1_23' title="bbox 1944 1095 3535 1176; baseline 0.018 -30"><span class='ocrx_word' id='word_1_175' title='bbox 1944 1107 2232 1150; x_wconf 87' lang='lat' dir='ltr'><strong>commune</strong></span> <span class='ocrx_word' id='word_1_176' title='bbox 2272 1095 2533 1168; x_wconf 83' lang='lat' dir='ltr'><strong>loquitur,</strong></span> <span class='ocrx_word' id='word_1_177' title='bbox 2558 1102 2713 1159; x_wconf 80' lang='lat' dir='ltr'><strong>bonis</strong></span> <span class='ocrx_word' id='word_1_178' title='bbox 2750 1105 3003 1164; x_wconf 87' lang='lat' dir='ltr'><strong>videlicet</strong></span> <span class='ocrx_word' id='word_1_179' title='bbox 3045 1119 3102 1167; x_wconf 92' lang='lat' dir='ltr'><strong>et</strong></span> <span class='ocrx_word' id='word_1_180' title='bbox 3138 1113 3317 1171; x_wconf 85' lang='lat' dir='ltr'><strong>malis.</strong></span> <span class='ocrx_word' id='word_1_181' title='bbox 3365 1116 3535 1176; x_wconf 79' lang='lat' dir='ltr'><strong>Malos</strong></span> 
     </span>
    </p>
   </div>
   <div class='ocr_carea' id='block_1_24' title="bbox 1941 1183 3533 1279">
    <p class='ocr_par' dir='ltr' id='par_1_24' title="bbox 1941 1183 3533 1279">
     <span class='ocr_line' id='line_1_24' title="bbox 1941 1183 3533 1279; baseline 0.019 -42"><span class='ocrx_word' id='word_1_182' title='bbox 1941 1183 2193 1253; x_wconf 73' lang='lat' dir='ltr'><strong>dicimus,</strong></span> <span class='ocrx_word' id='word_1_183' title='bbox 2221 1187 2364 1244; x_wconf 86' lang='lat' dir='ltr'><strong>sicut</strong></span> <span class='ocrx_word' id='word_1_184' title='bbox 2400 1189 2619 1249; x_wconf 78' lang='lat' dir='ltr'><strong>fuerunt</strong></span> <span class='ocrx_word' id='word_1_185' title='bbox 2662 1194 2859 1267; x_wconf 85' lang='lat' dir='ltr'><strong>Opimi,</strong></span> <span class='ocrx_word' id='word_1_186' title='bbox 2903 1209 2961 1255; x_wconf 87' lang='lat' dir='ltr'><strong>et</strong></span> <span class='ocrx_word' id='word_1_187' title='bbox 3004 1202 3258 1274; x_wconf 85' lang='lat' dir='ltr'><strong>Phinees,</strong></span> <span class='ocrx_word' id='word_1_188' title='bbox 3305 1207 3533 1279; x_wconf 82' lang='lat' dir='ltr'><strong>Somua,</strong></span> 
     </span>
    </p>
   </div>
   <div class='ocr_carea' id='block_1_25' title="bbox 1936 1274 3533 1373">
    <p class='ocr_par' dir='ltr' id='par_1_25' title="bbox 1936 1274 3533 1373">
     <span class='ocr_line' id='line_1_25' title="bbox 1936 1274 3533 1373; baseline 0.021 -46"><span class='ocrx_word' id='word_1_189' title='bbox 1936 1282 1998 1328; x_wconf 73' lang='lat' dir='ltr'><strong>et</strong></span> <span class='ocrx_word' id='word_1_190' title='bbox 2022 1274 2351 1348; x_wconf 82' lang='lat' dir='ltr'><strong>Pbadassur,</strong></span> <span class='ocrx_word' id='word_1_191' title='bbox 2375 1290 2431 1336; x_wconf 87' lang='lat' dir='ltr'><strong>et</strong></span> <span class='ocrx_word' id='word_1_192' title='bbox 2473 1286 2660 1341; x_wconf 61' lang='lat' dir='ltr'><strong>caeteri</strong></span> <span class='ocrx_word' id='word_1_193' title='bbox 2691 1288 2848 1357; x_wconf 85' lang='lat' dir='ltr'><strong>tales,</strong></span> <span class='ocrx_word' id='word_1_194' title='bbox 2877 1291 3006 1349; x_wconf 88' lang='lat' dir='ltr'><strong>licet</strong></span> <span class='ocrx_word' id='word_1_195' title='bbox 3047 1296 3140 1352; x_wconf 88' lang='lat' dir='ltr'><strong>isti</strong></span> <span class='ocrx_word' id='word_1_196' title='bbox 3182 1298 3240 1354; x_wconf 86' lang='lat' dir='ltr'><strong>in</strong></span> <span class='ocrx_word' id='word_1_197' title='bbox 3274 1274 3533 1373; x_wconf 73' lang='lat' dir='ltr'><strong>praesenti</strong></span> 
     </span>
    </p>
   </div>
   <div class='ocr_carea' id='block_1_26' title="bbox 1939 1365 3532 1452">
    <p class='ocr_par' dir='ltr' id='par_1_26' title="bbox 1939 1365 3532 1452">
     <span class='ocr_line' id='line_1_26' title="bbox 1939 1365 3532 1452; baseline 0.022 -34"><span class='ocrx_word' id='word_1_198' title='bbox 1939 1365 2048 1420; x_wconf 83' lang='lat' dir='ltr'><strong>vita</strong></span> <span class='ocrx_word' id='word_1_199' title='bbox 2057 1371 2366 1439; x_wconf 81' lang='lat' dir='ltr'><strong>receperint</strong></span> <span class='ocrx_word' id='word_1_200' title='bbox 2380 1373 2693 1433; x_wconf 79' lang='lat' dir='ltr'><strong>vindictam.</strong></span> <span class='ocrx_word' id='word_1_201' title='bbox 2711 1380 2823 1438; x_wconf 80' lang='lat' dir='ltr'><strong>Nec</strong></span> <span class='ocrx_word' id='word_1_202' title='bbox 2837 1383 3173 1445; x_wconf 80' lang='lat' dir='ltr'><strong>solummodo</strong></span> <span class='ocrx_word' id='word_1_203' title='bbox 3188 1365 3532 1452; x_wconf 71' lang='lat' dir='ltr'><strong>sacerdotum</strong></span> 
     </span>
    </p>
   </div>
   <div class='ocr_carea' id='block_1_27' title="bbox 1936 1453 3530 1556">
    <p class='ocr_par' dir='ltr' id='par_1_27' title="bbox 1936 1453 3530 1556">
     <span class='ocr_line' id='line_1_27' title="bbox 1936 1453 3530 1556; baseline 0.021 -47"><span class='ocrx_word' id='word_1_204' title='bbox 1936 1453 2042 1556; x_wconf 67' lang='lat' dir='ltr'><strong>iuit</strong></span> <span class='ocrx_word' id='word_1_205' title='bbox 2074 1470 2232 1545; x_wconf 74' lang='lat' dir='ltr'><strong>orare</strong></span> <span class='ocrx_word' id='word_1_206' title='bbox 2257 1472 2358 1531; x_wconf 80' lang='lat' dir='ltr'><strong>pro</strong></span> <span class='ocrx_word' id='word_1_207' title='bbox 2384 1467 2615 1537; x_wconf 82' lang='lat' dir='ltr'><strong>populo,</strong></span> <span class='ocrx_word' id='word_1_208' title='bbox 2645 1472 2743 1527; x_wconf 87' lang='lat' dir='ltr'><strong>sed</strong></span> <span class='ocrx_word' id='word_1_209' title='bbox 2784 1482 2840 1529; x_wconf 88' lang='lat' dir='ltr'><strong>et</strong></span> <span class='ocrx_word' id='word_1_210' title='bbox 2886 1478 3132 1535; x_wconf 79' lang='lat' dir='ltr'><strong>omnium</strong></span> <span class='ocrx_word' id='word_1_211' title='bbox 3180 1481 3530 1556; x_wconf 84' lang='lat' dir='ltr'><strong>Levitarum,</strong></span> 
     </span>
    </p>
   </div>
   <div class='ocr_carea' id='block_1_28' title="bbox 1938 1542 3532 1645">
    <p class='ocr_par' dir='ltr' id='par_1_28' title="bbox 1938 1542 3532 1645">
     <span class='ocr_line' id='line_1_28' title="bbox 1938 1542 3532 1645; baseline 0.021 -43"><span class='ocrx_word' id='word_1_212' title='bbox 1938 1548 2081 1605; x_wconf 76' lang='lat' dir='ltr'><strong>sicut</strong></span> <span class='ocrx_word' id='word_1_213' title='bbox 2104 1542 2223 1623; x_wconf 83' lang='lat' dir='ltr'><strong>ipse</strong></span> <span class='ocrx_word' id='word_1_214' title='bbox 2251 1555 2516 1615; x_wconf 82' lang='lat' dir='ltr'><strong>Dominus</strong></span> <span class='ocrx_word' id='word_1_215' title='bbox 2544 1559 2678 1617; x_wconf 86' lang='lat' dir='ltr'><strong>dicit</strong></span> <span class='ocrx_word' id='word_1_216' title='bbox 2706 1581 2719 1618; x_wconf 89' lang='lat'><strong>:</strong></span> <span class='ocrx_word' id='word_1_217' title='bbox 2754 1564 2876 1619; x_wconf 74' lang='lat' dir='ltr'><strong>Tuli</strong></span> <span class='ocrx_word' id='word_1_218' title='bbox 2927 1568 3136 1626; x_wconf 81' lang='lat' dir='ltr'><strong>Levites</strong></span> <span class='ocrx_word' id='word_1_219' title='bbox 3183 1590 3278 1645; x_wconf 88' lang='lat' dir='ltr'><strong>pro</strong></span> <span class='ocrx_word' id='word_1_220' title='bbox 3330 1542 3532 1635; x_wconf 59' lang='lat' dir='ltr'><strong>cuncti;</strong></span> 
     </span>
    </p>
   </div>
   <div class='ocr_carea' id='block_1_29' title="bbox 1926 1640 3529 1733">
    <p class='ocr_par' dir='ltr' id='par_1_29' title="bbox 1926 1640 3529 1733">
     <span class='ocr_line' id='line_1_29' title="bbox 1926 1640 3529 1733; baseline 0.021 -41"><span class='ocrx_word' id='word_1_221' title='bbox 1926 1640 2296 1713; x_wconf 82' lang='lat' dir='ltr'><strong>primogenitis</strong></span> <span class='ocrx_word' id='word_1_222' title='bbox 2320 1647 2556 1715; x_wconf 80' lang='lat' dir='ltr'><strong>ﬁliorum</strong></span> <span class='ocrx_word' id='word_1_223' title='bbox 2582 1652 2776 1721; x_wconf 82' lang='lat' dir='ltr'><strong>Israel,</strong></span> <span class='ocrx_word' id='word_1_224' title='bbox 2804 1658 3102 1733; x_wconf 80' lang='lat' dir='ltr'><strong>tradidique</strong></span> <span class='ocrx_word' id='word_1_225' title='bbox 3131 1640 3218 1719; x_wconf 81' lang='lat' dir='ltr'><strong>eos</strong></span> <span class='ocrx_word' id='word_1_226' title='bbox 3245 1666 3382 1722; x_wconf 88' lang='lat' dir='ltr'><strong>dono</strong></span> <span class='ocrx_word' id='word_1_227' title='bbox 3418 1669 3529 1724; x_wconf 73' lang='lat' dir='ltr'><strong>Aa-</strong></span> 
     </span>
    </p>
   </div>
   <div class='ocr_carea' id='block_1_30' title="bbox 1928 1740 3530 1823">
    <p class='ocr_par' dir='ltr' id='par_1_30' title="bbox 1928 1740 3530 1823">
     <span class='ocr_line' id='line_1_30' title="bbox 1928 1740 3530 1823; baseline 0.018 -34"><span class='ocrx_word' id='word_1_228' title='bbox 1928 1751 2034 1790; x_wconf 74' lang='lat' dir='ltr'><strong>ron</strong></span> <span class='ocrx_word' id='word_1_229' title='bbox 2056 1747 2105 1792; x_wconf 88' lang='lat' dir='ltr'><strong>et</strong></span> <span class='ocrx_word' id='word_1_230' title='bbox 2140 1740 2269 1807; x_wconf 76' lang='lat' dir='ltr'><strong>ﬁliis</strong></span> <span class='ocrx_word' id='word_1_231' title='bbox 2298 1744 2415 1813; x_wconf 83' lang='lat' dir='ltr'><strong>ejus</strong></span> <span class='ocrx_word' id='word_1_232' title='bbox 2464 1745 2530 1800; x_wconf 87' lang='lat' dir='ltr'><strong>de</strong></span> <span class='ocrx_word' id='word_1_233' title='bbox 2574 1750 2745 1804; x_wconf 85' lang='lat' dir='ltr'><strong>medio</strong></span> <span class='ocrx_word' id='word_1_234' title='bbox 2780 1753 2980 1823; x_wconf 80' lang='lat' dir='ltr'><strong>populi,</strong></span> <span class='ocrx_word' id='word_1_235' title='bbox 3010 1764 3069 1810; x_wconf 76' lang='lat' dir='ltr'><strong>ut</strong></span> <span class='ocrx_word' id='word_1_236' title='bbox 3120 1759 3348 1815; x_wconf 72' lang='lat' dir='ltr'><strong>serviant</strong></span> <span class='ocrx_word' id='word_1_237' title='bbox 3397 1762 3530 1817; x_wconf 77' lang='lat' dir='ltr'><strong>mihi</strong></span> 
     </span>
    </p>
   </div>
   <div class='ocr_carea' id='block_1_31' title="bbox 237 1829 1826 1922">
    <p class='ocr_par' dir='ltr' id='par_1_31' title="bbox 237 1841 1826 1922">
     <span class='ocr_line' id='line_1_31' title="bbox 237 1841 1826 1922; baseline 0.01 -28"><span class='ocrx_word' id='word_1_238' title='bbox 237 1841 309 1895; x_wconf 81' lang='lat' dir='ltr'><strong>de</strong></span> <span class='ocrx_word' id='word_1_239' title='bbox 363 1844 647 1917; x_wconf 63' lang='lat' dir='ltr'><strong>pracipuis</strong></span> <span class='ocrx_word' id='word_1_240' title='bbox 695 1845 963 1903; x_wconf 83' lang='lat' dir='ltr'><strong>Abraham</strong></span> <span class='ocrx_word' id='word_1_241' title='bbox 1015 1850 1343 1919; x_wconf 79' lang='lat' dir='ltr'><strong>patriarcha.</strong></span> <span class='ocrx_word' id='word_1_242' title='bbox 1398 1850 1592 1909; x_wconf 81' lang='lat' dir='ltr'><strong>Patres</strong></span> <span class='ocrx_word' id='word_1_243' title='bbox 1646 1852 1826 1922; x_wconf 88' lang='lat' dir='ltr'><strong>electi,</strong></span> 
     </span>
    </p>
   </div>
   <div class='ocr_carea' id='block_1_32' title="bbox 1923 1829 3526 1922">
    <p class='ocr_par' dir='ltr' id='par_1_32' title="bbox 1933 1829 3526 1921">
     <span class='ocr_line' id='line_1_32' title="bbox 1933 1829 3526 1921; baseline 0.019 -40"><span class='ocrx_word' id='word_1_244' title='bbox 1933 1843 2028 1897; x_wconf 88' lang='lat' dir='ltr'><strong>pro</strong></span> <span class='ocrx_word' id='word_1_245' title='bbox 2058 1829 2229 1886; x_wconf 79' lang='lat' dir='ltr'><strong>Israel</strong></span> <span class='ocrx_word' id='word_1_246' title='bbox 2254 1833 2310 1888; x_wconf 88' lang='lat' dir='ltr'><strong>in</strong></span> <span class='ocrx_word' id='word_1_247' title='bbox 2339 1836 2680 1894; x_wconf 86' lang='lat' dir='ltr'><strong>tabernaculo</strong></span> <span class='ocrx_word' id='word_1_248' title='bbox 2704 1840 2939 1910; x_wconf 73' lang='lat' dir='ltr'><strong>fwderis,</strong></span> <span class='ocrx_word' id='word_1_249' title='bbox 2971 1857 3017 1900; x_wconf 86' lang='lat' dir='ltr'><strong>et</strong></span> <span class='ocrx_word' id='word_1_250' title='bbox 3041 1858 3191 1906; x_wconf 86' lang='lat' dir='ltr'><strong>orent</strong></span> <span class='ocrx_word' id='word_1_251' title='bbox 3216 1867 3311 1921; x_wconf 89' lang='lat' dir='ltr'><strong>pro</strong></span> <span class='ocrx_word' id='word_1_252' title='bbox 3336 1854 3431 1920; x_wconf 81' lang='lat' dir='ltr'><strong>eis,</strong></span> <span class='ocrx_word' id='word_1_253' title='bbox 3461 1869 3526 1909; x_wconf 79' lang='lat' dir='ltr'><strong>ne</strong></span> 
     </span>
    </p>
   </div>
   <div class='ocr_carea' id='block_1_33' title="bbox 236 1933 1838 2017">
    <p class='ocr_par' dir='ltr' id='par_1_33' title="bbox 236 1933 1838 2017">
     <span class='ocr_line' id='line_1_33' title="bbox 236 1933 1838 2017; baseline 0.007 -27"><span class='ocrx_word' id='word_1_254' title='bbox 236 1933 516 2017; x_wconf 68' lang='lat' dir='ltr'><strong>Abraham</strong></span> <span class='ocrx_word' id='word_1_255' title='bbox 547 1936 777 2015; x_wconf 85' lang='lat' dir='ltr'><strong>scilicet,</strong></span> <span class='ocrx_word' id='word_1_256' title='bbox 818 1938 972 1995; x_wconf 87' lang='lat' dir='ltr'><strong>Isaac</strong></span> <span class='ocrx_word' id='word_1_257' title='bbox 1006 1949 1060 1998; x_wconf 93' lang='lat' dir='ltr'><strong>et</strong></span> <span class='ocrx_word' id='word_1_258' title='bbox 1091 1939 1257 1998; x_wconf 73' lang='lat' dir='ltr'><strong>Iacob</strong></span> <span class='ocrx_word' id='word_1_259' title='bbox 1297 1941 1405 2017; x_wconf 89' lang='lat' dir='ltr'><strong>(de</strong></span> <span class='ocrx_word' id='word_1_260' title='bbox 1434 1945 1630 2017; x_wconf 89' lang='lat' dir='ltr'><strong>quibus</strong></span> <span class='ocrx_word' id='word_1_261' title='bbox 1655 1944 1838 2004; x_wconf 76' lang='lat' dir='ltr'><strong>Domi-</strong></span> 
     </span>
    </p>
   </div>
   <div class='ocr_carea' id='block_1_34' title="bbox 233 2010 1837 2100">
    <p class='ocr_par' dir='ltr' id='par_1_34' title="bbox 233 2010 1837 2100">
     <span class='ocr_line' id='line_1_34' title="bbox 233 2010 1837 2100; baseline 0.008 -19"><span class='ocrx_word' id='word_1_262' title='bbox 233 2038 345 2082; x_wconf 85' lang='lat' dir='ltr'><strong>nus</strong></span> <span class='ocrx_word' id='word_1_263' title='bbox 368 2014 438 2080; x_wconf 80' lang='lat' dir='ltr'><strong>ad</strong></span> <span class='ocrx_word' id='word_1_264' title='bbox 466 2027 640 2082; x_wconf 89' lang='lat' dir='ltr'><strong>David</strong></span> <span class='ocrx_word' id='word_1_265' title='bbox 664 2010 902 2100; x_wconf 86' lang='lat' dir='ltr'><strong>loquitur</strong></span> <span class='ocrx_word' id='word_1_266' title='bbox 926 2045 941 2084; x_wconf 89' lang='lat'><strong>:</strong></span> <span class='ocrx_word' id='word_1_267' title='bbox 974 2028 1105 2085; x_wconf 82' lang='lat' dir='ltr'><strong>Feci</strong></span> <span class='ocrx_word' id='word_1_268' title='bbox 1128 2010 1316 2088; x_wconf 81' lang='lat' dir='ltr'><strong>nomen</strong></span> <span class='ocrx_word' id='word_1_269' title='bbox 1340 2045 1489 2090; x_wconf 86' lang='lat' dir='ltr'><strong>tuum</strong></span> <span class='ocrx_word' id='word_1_270' title='bbox 1515 2036 1648 2092; x_wconf 80' lang='lat' dir='ltr'><strong>sicut</strong></span> <span class='ocrx_word' id='word_1_271' title='bbox 1677 2038 1837 2094; x_wconf 85' lang='lat' dir='ltr'><strong>unius</strong></span> 
     </span>
    </p>
   </div>
   <div class='ocr_carea' id='block_1_35' title="bbox 231 2110 1837 2203">
    <p class='ocr_par' dir='ltr' id='par_1_35' title="bbox 231 2110 1837 2203">
     <span class='ocr_line' id='line_1_35' title="bbox 231 2110 1837 2203; baseline 0.007 -28"><span class='ocrx_word' id='word_1_272' title='bbox 231 2110 553 2189; x_wconf 60' lang='lat' dir='ltr'><strong>Mgnorum</strong></span> <span class='ocrx_word' id='word_1_273' title='bbox 572 2120 662 2192; x_wconf 87' lang='lat' dir='ltr'><strong>qui</strong></span> <span class='ocrx_word' id='word_1_274' title='bbox 681 2120 1014 2177; x_wconf 80' lang='lat' dir='ltr'><strong>celebrantur</strong></span> <span class='ocrx_word' id='word_1_275' title='bbox 1034 2124 1091 2177; x_wconf 87' lang='lat' dir='ltr'><strong>in</strong></span> <span class='ocrx_word' id='word_1_276' title='bbox 1119 2124 1310 2197; x_wconf 89' lang='lat' dir='ltr'><strong>terra),</strong></span> <span class='ocrx_word' id='word_1_277' title='bbox 1327 2125 1626 2184; x_wconf 67' lang='lat' dir='ltr'><strong>aediﬁcasse</strong></span> <span class='ocrx_word' id='word_1_278' title='bbox 1647 2127 1837 2203; x_wconf 77' lang='lat' dir='ltr'><strong>legun-</strong></span> 
     </span>
    </p>
   </div>
   <div class='ocr_carea' id='block_1_36' title="bbox 232 2202 1836 2292">
    <p class='ocr_par' dir='ltr' id='par_1_36' title="bbox 232 2202 1836 2292">
     <span class='ocr_line' id='line_1_36' title="bbox 232 2202 1836 2292; baseline 0.011 -31"><span class='ocrx_word' id='word_1_279' title='bbox 232 2202 329 2263; x_wconf 64' lang='lat' dir='ltr'><strong>tur</strong></span> <span class='ocrx_word' id='word_1_280' title='bbox 356 2207 568 2263; x_wconf 85' lang='lat' dir='ltr'><strong>altaria.</strong></span> <span class='ocrx_word' id='word_1_281' title='bbox 607 2209 805 2267; x_wconf 80' lang='lat' dir='ltr'><strong>Beatus</strong></span> <span class='ocrx_word' id='word_1_282' title='bbox 842 2229 1056 2285; x_wconf 85' lang='lat' dir='ltr'><strong>quoque</strong></span> <span class='ocrx_word' id='word_1_283' title='bbox 1081 2213 1183 2271; x_wconf 83' lang='lat' dir='ltr'><strong>Job</strong></span> <span class='ocrx_word' id='word_1_284' title='bbox 1231 2216 1546 2275; x_wconf 88' lang='lat' dir='ltr'><strong>holocausta</strong></span> <span class='ocrx_word' id='word_1_285' title='bbox 1584 2238 1683 2292; x_wconf 89' lang='lat' dir='ltr'><strong>per</strong></span> <span class='ocrx_word' id='word_1_286' title='bbox 1708 2202 1836 2280; x_wconf 17' lang='lat' dir='ltr'><strong>isiu-</strong></span> 
     </span>
    </p>
   </div>
   <div class='ocr_carea' id='block_1_37' title="bbox 234 2299 1835 2392">
    <p class='ocr_par' dir='ltr' id='par_1_37' title="bbox 234 2299 1835 2392">
     <span class='ocr_line' id='line_1_37' title="bbox 234 2299 1835 2392; baseline 0.014 -40"><span class='ocrx_word' id='word_1_287' title='bbox 234 2299 393 2385; x_wconf 70' lang='lat' dir='ltr'><strong>gulos</strong></span> <span class='ocrx_word' id='word_1_288' title='bbox 415 2301 534 2358; x_wconf 89' lang='lat' dir='ltr'><strong>dies</strong></span> <span class='ocrx_word' id='word_1_289' title='bbox 553 2303 810 2359; x_wconf 87' lang='lat' dir='ltr'><strong>scribitur</strong></span> <span class='ocrx_word' id='word_1_290' title='bbox 830 2304 1122 2376; x_wconf 87' lang='lat' dir='ltr'><strong>obtulisse;</strong></span> <span class='ocrx_word' id='word_1_291' title='bbox 1164 2316 1240 2376; x_wconf 90' lang='lat' dir='ltr'><strong>et,</strong></span> <span class='ocrx_word' id='word_1_292' title='bbox 1270 2322 1331 2365; x_wconf 87' lang='lat' dir='ltr'><strong>ut</strong></span> <span class='ocrx_word' id='word_1_293' title='bbox 1358 2310 1550 2370; x_wconf 88' lang='lat' dir='ltr'><strong>beatus</strong></span> <span class='ocrx_word' id='word_1_294' title='bbox 1572 2314 1835 2392; x_wconf 85' lang='lat' dir='ltr'><strong>Hierony-</strong></span> 
     </span>
    </p>
   </div>
   <div class='ocr_carea' id='block_1_38' title="bbox 231 2378 1833 2480">
    <p class='ocr_par' dir='ltr' id='par_1_38' title="bbox 231 2378 1833 2480">
     <span class='ocr_line' id='line_1_38' title="bbox 231 2378 1833 2480; baseline 0.012 -32"><span class='ocrx_word' id='word_1_295' title='bbox 231 2378 360 2463; x_wconf 68' lang='lat' dir='ltr'><strong>mus</strong></span> <span class='ocrx_word' id='word_1_296' title='bbox 379 2395 481 2463; x_wconf 87' lang='lat' dir='ltr'><strong>ait,</strong></span> <span class='ocrx_word' id='word_1_297' title='bbox 513 2416 533 2449; x_wconf 71' lang='grc' dir='ltr'><strong>ε</strong></span> <span class='ocrx_word' id='word_1_298' title='bbox 565 2394 806 2468; x_wconf 73' lang='lat' dir='ltr'><strong>Antiqua</strong></span> <span class='ocrx_word' id='word_1_299' title='bbox 835 2397 1145 2457; x_wconf 60' lang='lat' dir='ltr'><strong>Iudaeorum</strong></span> <span class='ocrx_word' id='word_1_300' title='bbox 1169 2404 1388 2462; x_wconf 86' lang='lat' dir='ltr'><strong>traditio</strong></span> <span class='ocrx_word' id='word_1_301' title='bbox 1417 2415 1519 2474; x_wconf 90' lang='lat' dir='ltr'><strong>est,</strong></span> <span class='ocrx_word' id='word_1_302' title='bbox 1538 2410 1682 2480; x_wconf 85' lang='lat' dir='ltr'><strong>quod</strong></span> <span class='ocrx_word' id='word_1_303' title='bbox 1707 2378 1833 2468; x_wconf 63' lang='lat' dir='ltr'><strong>anle</strong></span> 
     </span>
    </p>
   </div>
   <div class='ocr_carea' id='block_1_39' title="bbox 228 2478 1830 2570">
    <p class='ocr_par' dir='ltr' id='par_1_39' title="bbox 228 2478 1830 2570">
     <span class='ocr_line' id='line_1_39' title="bbox 228 2478 1830 2570; baseline 0.01 -23"><span class='ocrx_word' id='word_1_304' title='bbox 228 2478 411 2562; x_wconf 79' lang='lat' dir='ltr'><strong>legem</strong></span> <span class='ocrx_word' id='word_1_305' title='bbox 441 2508 633 2550; x_wconf 90' lang='lat' dir='ltr'><strong>omnes</strong></span> <span class='ocrx_word' id='word_1_306' title='bbox 658 2495 1003 2568; x_wconf 85' lang='lat' dir='ltr'><strong>primogeniti</strong></span> <span class='ocrx_word' id='word_1_307' title='bbox 1032 2496 1235 2555; x_wconf 81' lang='lat' dir='ltr'><strong>fuerint</strong></span> <span class='ocrx_word' id='word_1_308' title='bbox 1263 2478 1601 2570; x_wconf 79' lang='lat' dir='ltr'><strong>sacerdotes,</strong></span> <span class='ocrx_word' id='word_1_309' title='bbox 1623 2514 1679 2562; x_wconf 89' lang='lat' dir='ltr'><strong>et</strong></span> <span class='ocrx_word' id='word_1_310' title='bbox 1719 2508 1830 2563; x_wconf 88' lang='lat' dir='ltr'><strong>Deo</strong></span> 
     </span>
    </p>
   </div>
   <div class='ocr_carea' id='block_1_40' title="bbox 232 2584 1831 2661">
    <p class='ocr_par' dir='ltr' id='par_1_40' title="bbox 232 2584 1831 2661">
     <span class='ocr_line' id='line_1_40' title="bbox 232 2584 1831 2661; baseline 0.002 -23"><span class='ocrx_word' id='word_1_311' title='bbox 232 2584 490 2649; x_wconf 85' lang='lat' dir='ltr'><strong>victimas</strong></span> <span class='ocrx_word' id='word_1_312' title='bbox 518 2585 871 2642; x_wconf 87' lang='lat' dir='ltr'><strong>immolarint.</strong></span> <span class='ocrx_word' id='word_1_313' title='bbox 905 2608 922 2641; x_wconf 77' lang='grc' dir='ltr'><strong><em>ι</em></strong></span> <span class='ocrx_word' id='word_1_314' title='bbox 949 2589 1006 2644; x_wconf 92' lang='lat' dir='ltr'><strong>ln</strong></span> <span class='ocrx_word' id='word_1_315' title='bbox 1032 2588 1149 2661; x_wconf 85' lang='lat' dir='ltr'><strong>lege</strong></span> <span class='ocrx_word' id='word_1_316' title='bbox 1175 2602 1357 2651; x_wconf 89' lang='lat' dir='ltr'><strong>autem</strong></span> <span class='ocrx_word' id='word_1_317' title='bbox 1393 2596 1689 2653; x_wconf 90' lang='lat' dir='ltr'><strong>assumitur</strong></span> <span class='ocrx_word' id='word_1_318' title='bbox 1728 2599 1831 2655; x_wconf 88' lang='lat' dir='ltr'><strong>tri-</strong></span> 
     </span>
    </p>
   </div>
   <div class='ocr_carea' id='block_1_41' title="bbox 231 2670 1829 2756">
    <p class='ocr_par' dir='ltr' id='par_1_41' title="bbox 231 2670 1829 2756">
     <span class='ocr_line' id='line_1_41' title="bbox 231 2670 1829 2756; baseline 0.009 -27"><span class='ocrx_word' id='word_1_319' title='bbox 231 2670 339 2729; x_wconf 87' lang='lat' dir='ltr'><strong>bus</strong></span> <span class='ocrx_word' id='word_1_320' title='bbox 368 2671 501 2728; x_wconf 87' lang='lat' dir='ltr'><strong>Levi</strong></span> <span class='ocrx_word' id='word_1_321' title='bbox 529 2690 629 2751; x_wconf 88' lang='lat' dir='ltr'><strong>pro</strong></span> <span class='ocrx_word' id='word_1_322' title='bbox 651 2677 798 2747; x_wconf 86' lang='lat' dir='ltr'><strong>omni</strong></span> <span class='ocrx_word' id='word_1_323' title='bbox 819 2678 1182 2751; x_wconf 80' lang='lat' dir='ltr'><strong>primogenita</strong></span> <span class='ocrx_word' id='word_1_324' title='bbox 1207 2684 1297 2754; x_wconf 90' lang='lat' dir='ltr'><strong>qui</strong></span> <span class='ocrx_word' id='word_1_325' title='bbox 1325 2687 1500 2756; x_wconf 87' lang='lat' dir='ltr'><strong>aperit</strong></span> <span class='ocrx_word' id='word_1_326' title='bbox 1531 2687 1741 2753; x_wconf 83' lang='lat' dir='ltr'><strong>vulvam</strong></span> <span class='ocrx_word' id='word_1_327' title='bbox 1774 2690 1829 2745; x_wconf 91' lang='lat' dir='ltr'><strong>in</strong></span> 
     </span>
    </p>
   </div>
   <div class='ocr_carea' id='block_1_42' title="bbox 234 2763 1825 2852">
    <p class='ocr_par' dir='ltr' id='par_1_42' title="bbox 234 2763 1825 2852">
     <span class='ocr_line' id='line_1_42' title="bbox 234 2763 1825 2852; baseline 0.01 -33"><span class='ocrx_word' id='word_1_328' title='bbox 234 2763 363 2831; x_wconf 76' lang='lat' dir='ltr'><strong>ﬁliis</strong></span> <span class='ocrx_word' id='word_1_329' title='bbox 382 2764 571 2834; x_wconf 86' lang='lat' dir='ltr'><strong>Israel,</strong></span> <span class='ocrx_word' id='word_1_330' title='bbox 603 2768 849 2839; x_wconf 83' lang='lat' dir='ltr'><strong>ﬁuntque</strong></span> <span class='ocrx_word' id='word_1_331' title='bbox 873 2769 1075 2828; x_wconf 63' lang='lat' dir='ltr'><strong>Levita:</strong></span> <span class='ocrx_word' id='word_1_332' title='bbox 1100 2773 1216 2839; x_wconf 89' lang='lat' dir='ltr'><strong>Dei,</strong></span> <span class='ocrx_word' id='word_1_333' title='bbox 1246 2766 1555 2847; x_wconf 87' lang='lat' dir='ltr'><strong>diciturque</strong></span> <span class='ocrx_word' id='word_1_334' title='bbox 1580 2781 1646 2835; x_wconf 89' lang='lat' dir='ltr'><strong>ad</strong></span> <span class='ocrx_word' id='word_1_335' title='bbox 1675 2779 1825 2852; x_wconf 81' lang='lat' dir='ltr'><strong>Moy-</strong></span> 
     </span>
    </p>
   </div>
   <div class='ocr_carea' id='block_1_43' title="bbox 232 2855 1824 2947">
    <p class='ocr_par' dir='ltr' id='par_1_43' title="bbox 232 2855 1824 2947">
     <span class='ocr_line' id='line_1_43' title="bbox 232 2855 1824 2947; baseline 0.01 -37"><span class='ocrx_word' id='word_1_336' title='bbox 232 2868 374 2911; x_wconf 83' lang='lat' dir='ltr'><strong>seu:</strong></span> <span class='ocrx_word' id='word_1_337' title='bbox 408 2855 552 2912; x_wconf 89' lang='lat' dir='ltr'><strong>Tolle</strong></span> <span class='ocrx_word' id='word_1_338' title='bbox 576 2856 784 2935; x_wconf 76' lang='lat' dir='ltr'><strong>Letvitas</strong></span> <span class='ocrx_word' id='word_1_339' title='bbox 809 2878 903 2932; x_wconf 87' lang='lat' dir='ltr'><strong>pro</strong></span> <span class='ocrx_word' id='word_1_340' title='bbox 937 2864 1300 2947; x_wconf 82' lang='lat' dir='ltr'><strong>primogenitis</strong></span> <span class='ocrx_word' id='word_1_341' title='bbox 1347 2868 1582 2939; x_wconf 76' lang='lat' dir='ltr'><strong>ﬁliorum</strong></span> <span class='ocrx_word' id='word_1_342' title='bbox 1631 2870 1824 2937; x_wconf 83' lang='lat' dir='ltr'><strong>Israel,</strong></span> 
     </span>
    </p>
   </div>
   <div class='ocr_carea' id='block_1_44' title="bbox 232 2946 1825 3039">
    <p class='ocr_par' dir='ltr' id='par_1_44' title="bbox 232 2946 1825 3039">
     <span class='ocr_line' id='line_1_44' title="bbox 232 2946 1825 3039; baseline 0.013 -39"><span class='ocrx_word' id='word_1_343' title='bbox 232 2953 281 3000; x_wconf 79' lang='lat' dir='ltr'><strong>et</strong></span> <span class='ocrx_word' id='word_1_344' title='bbox 310 2962 501 3021; x_wconf 77' lang='lat' dir='ltr'><strong>pecora</strong></span> <span class='ocrx_word' id='word_1_345' title='bbox 539 2946 843 3005; x_wconf 84' lang='lat' dir='ltr'><strong>Levitarum</strong></span> <span class='ocrx_word' id='word_1_346' title='bbox 868 2969 964 3025; x_wconf 92' lang='lat' dir='ltr'><strong>pro</strong></span> <span class='ocrx_word' id='word_1_347' title='bbox 1007 2957 1280 3025; x_wconf 77' lang='lat' dir='ltr'><strong>pecoribus</strong></span> <span class='ocrx_word' id='word_1_348' title='bbox 1335 2976 1538 3030; x_wconf 89' lang='lat' dir='ltr'><strong>eorum,</strong></span> <span class='ocrx_word' id='word_1_349' title='bbox 1567 2974 1825 3039; x_wconf 79' lang='lat' dir='ltr'><strong>eruntque</strong></span> 
     </span>
    </p>
   </div>
   <div class='ocr_carea' id='block_1_45' title="bbox 229 3031 1827 3124">
    <p class='ocr_par' dir='ltr' id='par_1_45' title="bbox 229 3031 1827 3124">
     <span class='ocr_line' id='line_1_45' title="bbox 229 3031 1827 3124; baseline 0.013 -35"><span class='ocrx_word' id='word_1_350' title='bbox 229 3031 430 3091; x_wconf 72' lang='lat' dir='ltr'><strong>Levita:</strong></span> <span class='ocrx_word' id='word_1_351' title='bbox 449 3038 571 3092; x_wconf 85' lang='lat' dir='ltr'><strong>mei.</strong></span> <span class='ocrx_word' id='word_1_352' title='bbox 602 3038 719 3110; x_wconf 85' lang='lat' dir='ltr'><strong>Ego</strong></span> <span class='ocrx_word' id='word_1_353' title='bbox 747 3057 863 3096; x_wconf 84' lang='lat' dir='ltr'><strong>sum</strong></span> <span class='ocrx_word' id='word_1_354' title='bbox 887 3042 1164 3101; x_wconf 86' lang='lat' dir='ltr'><strong>Dominus.</strong></span> <span class='ocrx_word' id='word_1_355' title='bbox 1196 3046 1463 3105; x_wconf 72' lang='lat' dir='ltr'><strong>Externus</strong></span> <span class='ocrx_word' id='word_1_356' title='bbox 1500 3053 1591 3124; x_wconf 88' lang='lat' dir='ltr'><strong>qui</strong></span> <span class='ocrx_word' id='word_1_357' title='bbox 1627 3055 1697 3119; x_wconf 80' lang='lat' dir='ltr'><strong>ad</strong></span> <span class='ocrx_word' id='word_1_358' title='bbox 1732 3031 1827 3116; x_wconf 70' lang='lat' dir='ltr'><strong>ini-</strong></span> 
     </span>
    </p>
   </div>
   <div class='ocr_carea' id='block_1_46' title="bbox 227 3128 1826 3210">
    <p class='ocr_par' dir='ltr' id='par_1_46' title="bbox 227 3128 1826 3210">
     <span class='ocr_line' id='line_1_46' title="bbox 227 3128 1826 3210; baseline 0.014 -30"><span class='ocrx_word' id='word_1_359' title='bbox 227 3128 567 3184; x_wconf 74' lang='lat' dir='ltr'><strong>nistrandum</strong></span> <span class='ocrx_word' id='word_1_360' title='bbox 594 3133 903 3200; x_wconf 85' lang='lat' dir='ltr'><strong>accesserit,</strong></span> <span class='ocrx_word' id='word_1_361' title='bbox 932 3137 1203 3193; x_wconf 82' lang='lat' dir='ltr'><strong>morietur.</strong></span> <span class='ocrx_word' id='word_1_362' title='bbox 1230 3138 1298 3193; x_wconf 87' lang='lat' dir='ltr'><strong>Et</strong></span> <span class='ocrx_word' id='word_1_363' title='bbox 1326 3156 1413 3196; x_wconf 90' lang='lat' dir='ltr'><strong>res</strong></span> <span class='ocrx_word' id='word_1_364' title='bbox 1442 3143 1581 3209; x_wconf 81' lang='lat' dir='ltr'><strong>mira</strong></span> <span class='ocrx_word' id='word_1_365' title='bbox 1601 3185 1617 3210; x_wconf 95' lang='lat'><strong>,</strong></span> <span class='ocrx_word' id='word_1_366' title='bbox 1640 3153 1696 3200; x_wconf 91' lang='lat' dir='ltr'><strong>et</strong></span> <span class='ocrx_word' id='word_1_367' title='bbox 1732 3160 1826 3202; x_wconf 88' lang='lat' dir='ltr'><strong>ve—</strong></span> 
     </span>
    </p>
   </div>
   <div class='ocr_carea' id='block_1_47' title="bbox 225 3222 1826 3311">
    <p class='ocr_par' dir='ltr' id='par_1_47' title="bbox 225 3222 1826 3311">
     <span class='ocr_line' id='line_1_47' title="bbox 225 3222 1826 3311; baseline 0.012 -33"><span class='ocrx_word' id='word_1_368' title='bbox 225 3222 517 3278; x_wconf 79' lang='lat' dir='ltr'><strong>hementer</strong></span> <span class='ocrx_word' id='word_1_369' title='bbox 547 3225 841 3301; x_wconf 83' lang='lat' dir='ltr'><strong>stupenda!</strong></span> <span class='ocrx_word' id='word_1_370' title='bbox 872 3224 1074 3285; x_wconf 89' lang='lat' dir='ltr'><strong>Omnes</strong></span> <span class='ocrx_word' id='word_1_371' title='bbox 1098 3229 1299 3289; x_wconf 70' lang='lat' dir='ltr'><strong>Levita:</strong></span> <span class='ocrx_word' id='word_1_372' title='bbox 1324 3251 1460 3306; x_wconf 88' lang='lat' dir='ltr'><strong>quos</strong></span> <span class='ocrx_word' id='word_1_373' title='bbox 1501 3252 1826 3311; x_wconf 85' lang='lat' dir='ltr'><strong>numerave-</strong></span> 
     </span>
    </p>
   </div>
   <div class='ocr_carea' id='block_1_48' title="bbox 224 3312 1826 3403">
    <p class='ocr_par' dir='ltr' id='par_1_48' title="bbox 224 3312 1826 3403">
     <span class='ocr_line' id='line_1_48' title="bbox 224 3312 1826 3403; baseline 0.012 -36"><span class='ocrx_word' id='word_1_374' title='bbox 224 3323 362 3369; x_wconf 86' lang='lat' dir='ltr'><strong>runt</strong></span> <span class='ocrx_word' id='word_1_375' title='bbox 386 3312 599 3386; x_wconf 73' lang='lat' dir='ltr'><strong>Moyses</strong></span> <span class='ocrx_word' id='word_1_376' title='bbox 630 3326 684 3371; x_wconf 90' lang='lat' dir='ltr'><strong>et</strong></span> <span class='ocrx_word' id='word_1_377' title='bbox 718 3315 899 3374; x_wconf 82' lang='lat' dir='ltr'><strong>Aaron</strong></span> <span class='ocrx_word' id='word_1_378' title='bbox 931 3320 1085 3389; x_wconf 83' lang='lat' dir='ltr'><strong>juxta</strong></span> <span class='ocrx_word' id='word_1_379' title='bbox 1131 3334 1461 3395; x_wconf 64' lang='lat' dir='ltr'><strong>praeceptum</strong></span> <span class='ocrx_word' id='word_1_380' title='bbox 1490 3326 1702 3383; x_wconf 83' lang='lat' dir='ltr'><strong>Domini</strong></span> <span class='ocrx_word' id='word_1_381' title='bbox 1726 3347 1826 3403; x_wconf 90' lang='lat' dir='ltr'><strong>per</strong></span> 
     </span>
    </p>
   </div>
   <div class='ocr_carea' id='block_1_49' title="bbox 224 3403 1825 3480">
    <p class='ocr_par' dir='ltr' id='par_1_49' title="bbox 224 3403 1825 3480">
     <span class='ocr_line' id='line_1_49' title="bbox 224 3403 1825 3480; baseline 0.011 -22"><span class='ocrx_word' id='word_1_382' title='bbox 224 3403 476 3459; x_wconf 79' lang='lat' dir='ltr'><strong>familias</strong></span> <span class='ocrx_word' id='word_1_383' title='bbox 502 3420 629 3461; x_wconf 90' lang='lat' dir='ltr'><strong>suas</strong></span> <span class='ocrx_word' id='word_1_384' title='bbox 656 3408 707 3462; x_wconf 92' lang='lat' dir='ltr'><strong>in</strong></span> <span class='ocrx_word' id='word_1_385' title='bbox 748 3425 948 3480; x_wconf 80' lang='lat' dir='ltr'><strong>genere</strong></span> <span class='ocrx_word' id='word_1_386' title='bbox 991 3413 1292 3469; x_wconf 86' lang='lat' dir='ltr'><strong>masculino</strong></span> <span class='ocrx_word' id='word_1_387' title='bbox 1319 3432 1351 3470; x_wconf 88' lang='lat' dir='ltr'><strong>a</strong></span> <span class='ocrx_word' id='word_1_388' title='bbox 1382 3431 1570 3474; x_wconf 88' lang='lat' dir='ltr'><strong>mense</strong></span> <span class='ocrx_word' id='word_1_389' title='bbox 1610 3408 1733 3475; x_wconf 27' lang='lat' dir='ltr'><strong>uno.</strong></span> <span class='ocrx_word' id='word_1_390' title='bbox 1767 3430 1825 3478; x_wconf 89' lang='lat' dir='ltr'><strong>et</strong></span> 
     </span>
    </p>
   </div>
   <div class='ocr_carea' id='block_1_50' title="bbox 220 3493 1823 3580">
    <p class='ocr_par' dir='ltr' id='par_1_50' title="bbox 220 3493 1823 3580">
     <span class='ocr_line' id='line_1_50' title="bbox 220 3493 1823 3580; baseline 0.011 -29"><span class='ocrx_word' id='word_1_391' title='bbox 220 3510 424 3566; x_wconf 75' lang='lat' dir='ltr'><strong>supra,</strong></span> <span class='ocrx_word' id='word_1_392' title='bbox 452 3493 671 3553; x_wconf 71' lang='lat' dir='ltr'><strong>fuerunt</strong></span> <span class='ocrx_word' id='word_1_393' title='bbox 705 3499 893 3573; x_wconf 81' lang='lat' dir='ltr'><strong>viginti</strong></span> <span class='ocrx_word' id='word_1_394' title='bbox 931 3502 1036 3558; x_wconf 89' lang='lat' dir='ltr'><strong>duo</strong></span> <span class='ocrx_word' id='word_1_395' title='bbox 1072 3503 1242 3559; x_wconf 86' lang='lat' dir='ltr'><strong>millia</strong></span> <span class='ocrx_word' id='word_1_396' title='bbox 1264 3547 1279 3572; x_wconf 88' lang='lat'><strong>,</strong></span> <span class='ocrx_word' id='word_1_397' title='bbox 1301 3506 1443 3563; x_wconf 86' lang='lat' dir='ltr'><strong>sicut</strong></span> <span class='ocrx_word' id='word_1_398' title='bbox 1474 3500 1668 3580; x_wconf 76' lang='lat' dir='ltr'><strong>viginti</strong></span> <span class='ocrx_word' id='word_1_399' title='bbox 1704 3511 1823 3569; x_wconf 65' lang='lat' dir='ltr'><strong>duae</strong></span> 
     </span>
    </p>
   </div>
   <div class='ocr_carea' id='block_1_51' title="bbox 1899 1921 3528 2005">
    <p class='ocr_par' dir='ltr' id='par_1_51' title="bbox 1899 1921 3528 2005">
     <span class='ocr_line' id='line_1_51' title="bbox 1899 1921 3528 2005; baseline 0.017 -32"><span class='ocrx_word' id='word_1_400' title='bbox 1899 1954 1901 1958; x_wconf 58' lang='grc' dir='ltr'><em>ι</em></span> <span class='ocrx_word' id='word_1_401' title='bbox 1938 1921 2007 1975; x_wconf 84' lang='lat' dir='ltr'><strong>sit</strong></span> <span class='ocrx_word' id='word_1_402' title='bbox 2041 1922 2097 1976; x_wconf 85' lang='lat' dir='ltr'><strong>in</strong></span> <span class='ocrx_word' id='word_1_403' title='bbox 2121 1926 2317 1996; x_wconf 74' lang='lat' dir='ltr'><strong>populo</strong></span> <span class='ocrx_word' id='word_1_404' title='bbox 2345 1929 2522 2001; x_wconf 81' lang='lat' dir='ltr'><strong>plaga,</strong></span> <span class='ocrx_word' id='word_1_405' title='bbox 2545 1932 2592 1986; x_wconf 88' lang='lat' dir='ltr'><strong>si</strong></span> <span class='ocrx_word' id='word_1_406' title='bbox 2618 1935 2738 1987; x_wconf 84' lang='lat' dir='ltr'><strong>ausi</strong></span> <span class='ocrx_word' id='word_1_407' title='bbox 2766 1934 2964 2005; x_wconf 80' lang='lat' dir='ltr'><strong>fuerint</strong></span> <span class='ocrx_word' id='word_1_408' title='bbox 3010 1940 3255 1997; x_wconf 78' lang='lat' dir='ltr'><strong>accedere</strong></span> <span class='ocrx_word' id='word_1_409' title='bbox 3290 1944 3362 1998; x_wconf 86' lang='lat' dir='ltr'><strong>ad</strong></span> <span class='ocrx_word' id='word_1_410' title='bbox 3403 1961 3528 1999; x_wconf 60' lang='lat' dir='ltr'><strong>sano</strong></span> 
     </span>
    </p>
   </div>
   <div class='ocr_carea' id='block_1_52' title="bbox 1932 2015 3525 2100">
    <p class='ocr_par' dir='ltr' id='par_1_52' title="bbox 1932 2015 3525 2100">
     <span class='ocr_line' id='line_1_52' title="bbox 1932 2015 3525 2100; baseline 0.018 -35"><span class='ocrx_word' id='word_1_411' title='bbox 1932 2015 2222 2070; x_wconf 73' lang='lat' dir='ltr'><strong>stuariam.</strong></span> <span class='ocrx_word' id='word_1_412' title='bbox 2255 2017 2359 2073; x_wconf 85' lang='lat' dir='ltr'><strong>Ubi</strong></span> <span class='ocrx_word' id='word_1_413' title='bbox 2399 2023 2697 2079; x_wconf 85' lang='lat' dir='ltr'><strong>notandum</strong></span> <span class='ocrx_word' id='word_1_414' title='bbox 2736 2026 2954 2082; x_wconf 90' lang='lat' dir='ltr'><strong>videtur</strong></span> <span class='ocrx_word' id='word_1_415' title='bbox 2980 2030 3106 2100; x_wconf 86' lang='lat' dir='ltr'><strong>quia</strong></span> <span class='ocrx_word' id='word_1_416' title='bbox 3151 2033 3296 2092; x_wconf 80' lang='lat' dir='ltr'><strong>sicut</strong></span> <span class='ocrx_word' id='word_1_417' title='bbox 3335 2050 3525 2093; x_wconf 88' lang='lat' dir='ltr'><strong>omnes</strong></span> 
     </span>
    </p>
   </div>
   <div class='ocr_carea' id='block_1_53' title="bbox 1932 2109 3528 2201">
    <p class='ocr_par' dir='ltr' id='par_1_53' title="bbox 1932 2109 3528 2201">
     <span class='ocr_line' id='line_1_53' title="bbox 1932 2109 3528 2201; baseline 0.018 -41"><span class='ocrx_word' id='word_1_418' title='bbox 1932 2109 2251 2166; x_wconf 74' lang='lat' dir='ltr'><strong>sacerdotes</strong></span> <span class='ocrx_word' id='word_1_419' title='bbox 2275 2120 2330 2167; x_wconf 89' lang='lat' dir='ltr'><strong>et</strong></span> <span class='ocrx_word' id='word_1_420' title='bbox 2352 2111 2557 2170; x_wconf 53' lang='lat' dir='ltr'><strong>[levitas</strong></span> <span class='ocrx_word' id='word_1_421' title='bbox 2582 2120 2757 2175; x_wconf 80' lang='lat' dir='ltr'><strong>sancti</strong></span> <span class='ocrx_word' id='word_1_422' title='bbox 2785 2127 2843 2176; x_wconf 89' lang='lat' dir='ltr'><strong>et</strong></span> <span class='ocrx_word' id='word_1_423' title='bbox 2856 2120 2989 2191; x_wconf 83' lang='lat' dir='ltr'><strong>justi</strong></span> <span class='ocrx_word' id='word_1_424' title='bbox 3030 2139 3151 2182; x_wconf 90' lang='lat' dir='ltr'><strong>esse</strong></span> <span class='ocrx_word' id='word_1_425' title='bbox 3186 2143 3298 2184; x_wconf 90' lang='lat' dir='ltr'><strong>non</strong></span> <span class='ocrx_word' id='word_1_426' title='bbox 3335 2125 3528 2201; x_wconf 81' lang='lat' dir='ltr'><strong>potue-</strong></span> 
     </span>
    </p>
   </div>
   <div class='ocr_carea' id='block_1_54' title="bbox 1932 2204 3526 2296">
    <p class='ocr_par' dir='ltr' id='par_1_54' title="bbox 1932 2204 3526 2296">
     <span class='ocr_line' id='line_1_54' title="bbox 1932 2204 3526 2296; baseline 0.017 -39"><span class='ocrx_word' id='word_1_427' title='bbox 1932 2214 2084 2271; x_wconf 86' lang='lat' dir='ltr'><strong>runt,</strong></span> <span class='ocrx_word' id='word_1_428' title='bbox 2108 2204 2187 2260; x_wconf 86' lang='lat' dir='ltr'><strong>ita</strong></span> <span class='ocrx_word' id='word_1_429' title='bbox 2210 2220 2313 2264; x_wconf 90' lang='lat' dir='ltr'><strong>nec</strong></span> <span class='ocrx_word' id='word_1_430' title='bbox 2340 2223 2531 2268; x_wconf 90' lang='lat' dir='ltr'><strong>omnes</strong></span> <span class='ocrx_word' id='word_1_431' title='bbox 2556 2210 2740 2270; x_wconf 71' lang='lat' dir='ltr'><strong>caueri</strong></span> <span class='ocrx_word' id='word_1_432' title='bbox 2771 2214 3031 2274; x_wconf 73' lang='lat' dir='ltr'><strong>Israelita:</strong></span> <span class='ocrx_word' id='word_1_433' title='bbox 3057 2219 3230 2291; x_wconf 87' lang='lat' dir='ltr'><strong>iniqui</strong></span> <span class='ocrx_word' id='word_1_434' title='bbox 3255 2233 3309 2279; x_wconf 86' lang='lat' dir='ltr'><strong>et</strong></span> <span class='ocrx_word' id='word_1_435' title='bbox 3330 2239 3526 2296; x_wconf 87' lang='lat' dir='ltr'><strong>pecca-</strong></span> 
     </span>
    </p>
   </div>
   <div class='ocr_carea' id='block_1_55' title="bbox 1933 2301 3528 2376">
    <p class='ocr_par' dir='ltr' id='par_1_55' title="bbox 1933 2301 3528 2376">
     <span class='ocr_line' id='line_1_55' title="bbox 1933 2301 3528 2376; baseline 0.016 -25"><span class='ocrx_word' id='word_1_436' title='bbox 1933 2304 2082 2353; x_wconf 82' lang='lat' dir='ltr'><strong>tores</strong></span> <span class='ocrx_word' id='word_1_437' title='bbox 2103 2319 2114 2351; x_wconf 78' lang='grc' dir='ltr'><strong>ε</strong></span> <span class='ocrx_word' id='word_1_438' title='bbox 2133 2301 2228 2356; x_wconf 89' lang='lat' dir='ltr'><strong>sed</strong></span> <span class='ocrx_word' id='word_1_439' title='bbox 2254 2309 2435 2358; x_wconf 86' lang='lat' dir='ltr'><strong>tamen</strong></span> <span class='ocrx_word' id='word_1_440' title='bbox 2458 2318 2559 2374; x_wconf 88' lang='lat' dir='ltr'><strong>per</strong></span> <span class='ocrx_word' id='word_1_441' title='bbox 2579 2319 2896 2376; x_wconf 88' lang='lat' dir='ltr'><strong>peccatores</strong></span> <span class='ocrx_word' id='word_1_442' title='bbox 2912 2302 3221 2372; x_wconf 82' lang='lat' dir='ltr'><strong>sacerdOtes</strong></span> <span class='ocrx_word' id='word_1_443' title='bbox 3234 2323 3290 2373; x_wconf 91' lang='lat' dir='ltr'><strong>et</strong></span> <span class='ocrx_word' id='word_1_444' title='bbox 3308 2316 3528 2376; x_wconf 85' lang='lat' dir='ltr'><strong>Levitas</strong></span> 
     </span>
    </p>
   </div>
   <div class='ocr_carea' id='block_1_56' title="bbox 1933 2388 3526 2484">
    <p class='ocr_par' dir='ltr' id='par_1_56' title="bbox 1933 2388 3526 2484">
     <span class='ocr_line' id='line_1_56' title="bbox 1933 2388 3526 2484; baseline 0.015 -39"><span class='ocrx_word' id='word_1_445' title='bbox 1933 2393 2200 2463; x_wconf 85' lang='lat' dir='ltr'><strong>completa</strong></span> <span class='ocrx_word' id='word_1_446' title='bbox 2229 2406 2355 2450; x_wconf 86' lang='lat' dir='ltr'><strong>sunt</strong></span> <span class='ocrx_word' id='word_1_447' title='bbox 2380 2388 2639 2455; x_wconf 79' lang='lat' dir='ltr'><strong>salutaria</strong></span> <span class='ocrx_word' id='word_1_448' title='bbox 2664 2403 2868 2473; x_wconf 88' lang='lat' dir='ltr'><strong>populi,</strong></span> <span class='ocrx_word' id='word_1_449' title='bbox 2884 2421 3005 2477; x_wconf 65' lang='lat' dir='ltr'><strong>qua:</strong></span> <span class='ocrx_word' id='word_1_450' title='bbox 3025 2422 3125 2478; x_wconf 90' lang='lat' dir='ltr'><strong>per</strong></span> <span class='ocrx_word' id='word_1_451' title='bbox 3143 2408 3323 2483; x_wconf 85' lang='lat' dir='ltr'><strong>justos</strong></span> <span class='ocrx_word' id='word_1_452' title='bbox 3339 2410 3526 2484; x_wconf 90' lang='lat' dir='ltr'><strong>populi</strong></span> 
     </span>
    </p>
   </div>
   <div class='ocr_carea' id='block_1_57' title="bbox 1926 2484 3525 2571">
    <p class='ocr_par' dir='ltr' id='par_1_57' title="bbox 1926 2484 3525 2571">
     <span class='ocr_line' id='line_1_57' title="bbox 1926 2484 3525 2571; baseline 0.016 -33"><span class='ocrx_word' id='word_1_453' title='bbox 1926 2484 2146 2556; x_wconf 87' lang='lat' dir='ltr'><strong>impleri</strong></span> <span class='ocrx_word' id='word_1_454' title='bbox 2180 2505 2288 2559; x_wconf 83' lang='lat' dir='ltr'><strong>non</strong></span> <span class='ocrx_word' id='word_1_455' title='bbox 2317 2500 2634 2561; x_wconf 85' lang='lat' dir='ltr'><strong>potuerunt.</strong></span> <span class='ocrx_word' id='word_1_456' title='bbox 2684 2496 2751 2551; x_wconf 87' lang='lat' dir='ltr'><strong>Et</strong></span> <span class='ocrx_word' id='word_1_457' title='bbox 2796 2514 3107 2571; x_wconf 87' lang='lat' dir='ltr'><strong>quanquam</strong></span> <span class='ocrx_word' id='word_1_458' title='bbox 3151 2511 3355 2560; x_wconf 67' lang='lat' dir='ltr'><strong>aeterna</strong></span> <span class='ocrx_word' id='word_1_459' title='bbox 3413 2507 3525 2563; x_wconf 89' lang='lat' dir='ltr'><strong>vita</strong></span> 
     </span>
    </p>
   </div>
   <div class='ocr_carea' id='block_1_58' title="bbox 1928 2576 3528 2667">
    <p class='ocr_par' dir='ltr' id='par_1_58' title="bbox 1928 2576 3528 2667">
     <span class='ocr_line' id='line_1_58' title="bbox 1928 2576 3528 2667; baseline 0.016 -37"><span class='ocrx_word' id='word_1_460' title='bbox 1928 2576 2052 2647; x_wconf 89' lang='lat' dir='ltr'><strong>plus</strong></span> <span class='ocrx_word' id='word_1_461' title='bbox 2078 2579 2224 2651; x_wconf 85' lang='lat' dir='ltr'><strong>digni</strong></span> <span class='ocrx_word' id='word_1_462' title='bbox 2255 2591 2381 2637; x_wconf 90' lang='lat' dir='ltr'><strong>sunt</strong></span> <span class='ocrx_word' id='word_1_463' title='bbox 2401 2583 2534 2652; x_wconf 88' lang='lat' dir='ltr'><strong>justi</strong></span> <span class='ocrx_word' id='word_1_464' title='bbox 2571 2588 2860 2658; x_wconf 84' lang='lat' dir='ltr'><strong>populares</strong></span> <span class='ocrx_word' id='word_1_465' title='bbox 2894 2607 3056 2662; x_wconf 89' lang='lat' dir='ltr'><strong>quam</strong></span> <span class='ocrx_word' id='word_1_466' title='bbox 3106 2594 3295 2667; x_wconf 87' lang='lat' dir='ltr'><strong>injusti</strong></span> <span class='ocrx_word' id='word_1_467' title='bbox 3340 2613 3528 2655; x_wconf 87' lang='lat' dir='ltr'><strong>sacer-</strong></span> 
     </span>
    </p>
   </div>
   <div class='ocr_carea' id='block_1_59' title="bbox 1930 2669 3521 2758">
    <p class='ocr_par' dir='ltr' id='par_1_59' title="bbox 1930 2669 3521 2758">
     <span class='ocr_line' id='line_1_59' title="bbox 1930 2669 3521 2758; baseline 0.014 -34"><span class='ocrx_word' id='word_1_468' title='bbox 1930 2669 2106 2737; x_wconf 91' lang='lat' dir='ltr'><strong>dotes,</strong></span> <span class='ocrx_word' id='word_1_469' title='bbox 2122 2680 2309 2729; x_wconf 87' lang='lat' dir='ltr'><strong>tamen</strong></span> <span class='ocrx_word' id='word_1_470' title='bbox 2332 2687 2674 2733; x_wconf 88' lang='lat' dir='ltr'><strong>sacramenta</strong></span> <span class='ocrx_word' id='word_1_471' title='bbox 2693 2680 2748 2734; x_wconf 90' lang='lat' dir='ltr'><strong>in</strong></span> <span class='ocrx_word' id='word_1_472' title='bbox 2770 2682 2966 2750; x_wconf 92' lang='lat' dir='ltr'><strong>quibus</strong></span> <span class='ocrx_word' id='word_1_473' title='bbox 2996 2684 3142 2740; x_wconf 88' lang='lat' dir='ltr'><strong>salus</strong></span> <span class='ocrx_word' id='word_1_474' title='bbox 3169 2688 3352 2758; x_wconf 90' lang='lat' dir='ltr'><strong>populi</strong></span> <span class='ocrx_word' id='word_1_475' title='bbox 3386 2705 3521 2746; x_wconf 90' lang='lat' dir='ltr'><strong>con-</strong></span> 
     </span>
    </p>
   </div>
   <div class='ocr_carea' id='block_1_60' title="bbox 1931 2764 3525 2853">
    <p class='ocr_par' dir='ltr' id='par_1_60' title="bbox 1931 2764 3525 2853">
     <span class='ocr_line' id='line_1_60' title="bbox 1931 2764 3525 2853; baseline 0.013 -35"><span class='ocrx_word' id='word_1_476' title='bbox 1931 2764 2078 2820; x_wconf 81' lang='lat' dir='ltr'><strong>sistit</strong></span> <span class='ocrx_word' id='word_1_477' title='bbox 2104 2781 2265 2836; x_wconf 74' lang='lat' dir='ltr'><strong>agere</strong></span> <span class='ocrx_word' id='word_1_478' title='bbox 2294 2779 2523 2838; x_wconf 88' lang='lat' dir='ltr'><strong>possunt</strong></span> <span class='ocrx_word' id='word_1_479' title='bbox 2538 2769 2723 2840; x_wconf 90' lang='lat' dir='ltr'><strong>injusti</strong></span> <span class='ocrx_word' id='word_1_480' title='bbox 2745 2774 3078 2844; x_wconf 84' lang='lat' dir='ltr'><strong>sacerdotes,</strong></span> <span class='ocrx_word' id='word_1_481' title='bbox 3095 2780 3243 2848; x_wconf 91' lang='lat' dir='ltr'><strong>quod</strong></span> <span class='ocrx_word' id='word_1_482' title='bbox 3265 2794 3372 2835; x_wconf 90' lang='lat' dir='ltr'><strong>non</strong></span> <span class='ocrx_word' id='word_1_483' title='bbox 3395 2796 3525 2853; x_wconf 89' lang='lat' dir='ltr'><strong>pos-</strong></span> 
     </span>
    </p>
   </div>
   <div class='ocr_carea' id='block_1_61' title="bbox 1928 2856 3523 2943">
    <p class='ocr_par' dir='ltr' id='par_1_61' title="bbox 1928 2856 3523 2943">
     <span class='ocr_line' id='line_1_61' title="bbox 1928 2856 3523 2943; baseline 0.013 -32"><span class='ocrx_word' id='word_1_484' title='bbox 1928 2864 2055 2911; x_wconf 83' lang='lat' dir='ltr'><strong>sunt</strong></span> <span class='ocrx_word' id='word_1_485' title='bbox 2076 2856 2206 2928; x_wconf 88' lang='lat' dir='ltr'><strong>justi</strong></span> <span class='ocrx_word' id='word_1_486' title='bbox 2232 2858 2521 2943; x_wconf 83' lang='lat' dir='ltr'><strong>populares</strong></span> <span class='ocrx_word' id='word_1_487' title='bbox 2545 2879 2558 2915; x_wconf 89' lang='lat'><strong>:</strong></span> <span class='ocrx_word' id='word_1_488' title='bbox 2585 2863 2795 2919; x_wconf 90' lang='lat' dir='ltr'><strong>scilicet</strong></span> <span class='ocrx_word' id='word_1_489' title='bbox 2815 2867 2940 2936; x_wconf 90' lang='lat' dir='ltr'><strong>quia</strong></span> <span class='ocrx_word' id='word_1_490' title='bbox 2963 2868 3107 2923; x_wconf 85' lang='lat' dir='ltr'><strong>valet</strong></span> <span class='ocrx_word' id='word_1_491' title='bbox 3136 2871 3191 2925; x_wconf 91' lang='lat' dir='ltr'><strong>in</strong></span> <span class='ocrx_word' id='word_1_492' title='bbox 3239 2873 3523 2943; x_wconf 86' lang='lat' dir='ltr'><strong>qualicun-</strong></span> 
     </span>
    </p>
   </div>
   <div class='ocr_carea' id='block_1_62' title="bbox 1930 2938 3527 3029">
    <p class='ocr_par' dir='ltr' id='par_1_62' title="bbox 1930 2938 3527 3029">
     <span class='ocr_line' id='line_1_62' title="bbox 1930 2938 3527 3029; baseline 0.015 -30"><span class='ocrx_word' id='word_1_493' title='bbox 1930 2960 2037 3017; x_wconf 91' lang='lat' dir='ltr'><strong>que</strong></span> <span class='ocrx_word' id='word_1_494' title='bbox 2068 2938 2320 3004; x_wconf 46' lang='lat' dir='ltr'><strong>minis&#39;tro</strong></span> <span class='ocrx_word' id='word_1_495' title='bbox 2368 2949 2497 3020; x_wconf 78' lang='lat' dir='ltr'><strong>ipsa</strong></span> <span class='ocrx_word' id='word_1_496' title='bbox 2540 2952 2624 3009; x_wconf 88' lang='lat' dir='ltr'><strong>vis</strong></span> <span class='ocrx_word' id='word_1_497' title='bbox 2672 2954 2984 3024; x_wconf 88' lang='lat' dir='ltr'><strong>ministerii,</strong></span> <span class='ocrx_word' id='word_1_498' title='bbox 3034 2962 3177 3029; x_wconf 90' lang='lat' dir='ltr'><strong>quod</strong></span> <span class='ocrx_word' id='word_1_499' title='bbox 3227 2979 3334 3019; x_wconf 91' lang='lat' dir='ltr'><strong>non</strong></span> <span class='ocrx_word' id='word_1_500' title='bbox 3382 2964 3527 3024; x_wconf 87' lang='lat' dir='ltr'><strong>valet</strong></span> 
     </span>
    </p>
   </div>
   <div class='ocr_carea' id='block_1_63' title="bbox 1922 3034 3519 3114">
    <p class='ocr_par' dir='ltr' id='par_1_63' title="bbox 1922 3034 3519 3114">
     <span class='ocr_line' id='line_1_63' title="bbox 1922 3034 3519 3114; baseline 0.014 -23"><span class='ocrx_word' id='word_1_501' title='bbox 1922 3034 2136 3106; x_wconf 79' lang='lat' dir='ltr'><strong>iustitia</strong></span> <span class='ocrx_word' id='word_1_502' title='bbox 2164 3039 2217 3092; x_wconf 90' lang='lat' dir='ltr'><strong>in</strong></span> <span class='ocrx_word' id='word_1_503' title='bbox 2243 3054 2309 3094; x_wconf 90' lang='lat' dir='ltr'><strong>eo</strong></span> <span class='ocrx_word' id='word_1_504' title='bbox 2340 3041 2425 3096; x_wconf 92' lang='lat' dir='ltr'><strong>cui</strong></span> <span class='ocrx_word' id='word_1_505' title='bbox 2458 3057 2566 3098; x_wconf 91' lang='lat' dir='ltr'><strong>non</strong></span> <span class='ocrx_word' id='word_1_506' title='bbox 2593 3047 2911 3102; x_wconf 89' lang='lat' dir='ltr'><strong>conceditur</strong></span> <span class='ocrx_word' id='word_1_507' title='bbox 2935 3047 3155 3107; x_wconf 89' lang='lat' dir='ltr'><strong>licentia</strong></span> <span class='ocrx_word' id='word_1_508' title='bbox 3199 3055 3519 3114; x_wconf 76' lang='lat' dir='ltr'><strong>ministran-</strong></span> 
     </span>
    </p>
   </div>
   <div class='ocr_carea' id='block_1_64' title="bbox 1929 3130 3519 3217">
    <p class='ocr_par' dir='ltr' id='par_1_64' title="bbox 1929 3130 3519 3217">
     <span class='ocr_line' id='line_1_64' title="bbox 1929 3130 3519 3217; baseline 0.012 -31"><span class='ocrx_word' id='word_1_509' title='bbox 1929 3130 2004 3186; x_wconf 89' lang='lat' dir='ltr'><strong>di.</strong></span> <span class='ocrx_word' id='word_1_510' title='bbox 2042 3131 2222 3202; x_wconf 82' lang='lat' dir='ltr'><strong>Atque</strong></span> <span class='ocrx_word' id='word_1_511' title='bbox 2249 3134 2357 3189; x_wconf 85' lang='lat' dir='ltr'><strong>hoc</strong></span> <span class='ocrx_word' id='word_1_512' title='bbox 2379 3136 2544 3190; x_wconf 86' lang='lat' dir='ltr'><strong>etiam</strong></span> <span class='ocrx_word' id='word_1_513' title='bbox 2584 3144 2747 3209; x_wconf 88' lang='lat' dir='ltr'><strong>atque</strong></span> <span class='ocrx_word' id='word_1_514' title='bbox 2783 3141 2949 3195; x_wconf 86' lang='lat' dir='ltr'><strong>etiam</strong></span> <span class='ocrx_word' id='word_1_515' title='bbox 2976 3141 3187 3216; x_wconf 80' lang='lat' dir='ltr'><strong>Moyses</strong></span> <span class='ocrx_word' id='word_1_516' title='bbox 3206 3147 3404 3217; x_wconf 90' lang='lat' dir='ltr'><strong>populo</strong></span> <span class='ocrx_word' id='word_1_517' title='bbox 3432 3149 3519 3205; x_wconf 85' lang='lat' dir='ltr'><strong>in-</strong></span> 
     </span>
    </p>
   </div>
   <div class='ocr_carea' id='block_1_65' title="bbox 1853 3202 3521 3308">
    <p class='ocr_par' dir='ltr' id='par_1_65' title="bbox 1853 3202 3521 3308">
     <span class='ocr_line' id='line_1_65' title="bbox 1853 3202 3521 3308; baseline 0.011 -29"><span class='ocrx_word' id='word_1_518' title='bbox 1853 3202 1898 3266; x_wconf 81' lang='lat' dir='ltr'>C</span> <span class='ocrx_word' id='word_1_519' title='bbox 1933 3225 2134 3292; x_wconf 89' lang='lat' dir='ltr'><strong>culcat,</strong></span> <span class='ocrx_word' id='word_1_520' title='bbox 2162 3226 2347 3284; x_wconf 87' lang='lat' dir='ltr'><strong>dicens</strong></span> <span class='ocrx_word' id='word_1_521' title='bbox 2377 3245 2389 3281; x_wconf 88' lang='lat'><strong>:</strong></span> <span class='ocrx_word' id='word_1_522' title='bbox 2431 3202 2708 3302; x_wconf 69' lang='lat' dir='ltr'><strong>Sepat&#39;avit</strong></span> <span class='ocrx_word' id='word_1_523' title='bbox 2747 3231 3006 3289; x_wconf 86' lang='lat' dir='ltr'><strong>Dominus</strong></span> <span class='ocrx_word' id='word_1_524' title='bbox 3054 3202 3248 3292; x_wconf 37' lang='lat' dir='ltr'><strong>turibum</strong></span> <span class='ocrx_word' id='word_1_525' title='bbox 3278 3202 3422 3308; x_wconf 41' lang='lat' dir='ltr'><strong>‘Leri,</strong></span> <span class='ocrx_word' id='word_1_526' title='bbox 3459 3251 3521 3297; x_wconf 87' lang='lat' dir='ltr'><strong>ut</strong></span> 
     </span>
    </p>
   </div>
   <div class='ocr_carea' id='block_1_66' title="bbox 1925 3318 3515 3392">
    <p class='ocr_par' dir='ltr' id='par_1_66' title="bbox 1925 3318 3515 3392">
     <span class='ocr_line' id='line_1_66' title="bbox 1925 3318 3515 3392; baseline 0.013 -22"><span class='ocrx_word' id='word_1_527' title='bbox 1925 3326 2159 3388; x_wconf 86' lang='lat' dir='ltr'><strong>portaret</strong></span> <span class='ocrx_word' id='word_1_528' title='bbox 2188 3336 2368 3375; x_wconf 86' lang='lat' dir='ltr'><strong>arcam</strong></span> <span class='ocrx_word' id='word_1_529' title='bbox 2388 3321 2601 3391; x_wconf 79' lang='lat' dir='ltr'><strong>fcederis</strong></span> <span class='ocrx_word' id='word_1_530' title='bbox 2631 3324 2864 3392; x_wconf 86' lang='lat' dir='ltr'><strong>Domini,</strong></span> <span class='ocrx_word' id='word_1_531' title='bbox 2895 3336 2945 3381; x_wconf 90' lang='lat' dir='ltr'><strong>et</strong></span> <span class='ocrx_word' id='word_1_532' title='bbox 2976 3338 3138 3384; x_wconf 84' lang='lat' dir='ltr'><strong>staret</strong></span> <span class='ocrx_word' id='word_1_533' title='bbox 3165 3320 3345 3388; x_wconf 83' lang='lat' dir='ltr'><strong>coram</strong></span> <span class='ocrx_word' id='word_1_534' title='bbox 3370 3318 3432 3390; x_wconf 82' lang='lat' dir='ltr'><strong>eo</strong></span> <span class='ocrx_word' id='word_1_535' title='bbox 3455 3318 3515 3392; x_wconf 86' lang='lat' dir='ltr'><strong>in</strong></span> 
     </span>
    </p>
   </div>
   <div class='ocr_carea' id='block_1_67' title="bbox 1921 3410 3181 3478">
    <p class='ocr_par' dir='ltr' id='par_1_67' title="bbox 1921 3410 3181 3478">
     <span class='ocr_line' id='line_1_67' title="bbox 1921 3410 3181 3478; baseline 0.012 -15"><span class='ocrx_word' id='word_1_536' title='bbox 1921 3410 2239 3478; x_wconf 80' lang='lat' dir='ltr'><strong>ministerio,</strong></span> <span class='ocrx_word' id='word_1_537' title='bbox 2264 3429 2326 3467; x_wconf 90' lang='lat' dir='ltr'><strong>ac</strong></span> <span class='ocrx_word' id='word_1_538' title='bbox 2354 3413 2675 3471; x_wconf 86' lang='lat' dir='ltr'><strong>benediceret</strong></span> <span class='ocrx_word' id='word_1_539' title='bbox 2702 3419 2763 3471; x_wconf 85' lang='lat' dir='ltr'><strong>in</strong></span> <span class='ocrx_word' id='word_1_540' title='bbox 2781 3419 2991 3476; x_wconf 86' lang='lat' dir='ltr'><strong>nomine</strong></span> <span class='ocrx_word' id='word_1_541' title='bbox 3014 3421 3181 3478; x_wconf 87' lang='lat' dir='ltr'><strong>illius.</strong></span> 
     </span>
    </p>
   </div>
   <div class='ocr_carea' id='block_1_68' title="bbox 1996 3500 3522 3577">
    <p class='ocr_par' dir='ltr' id='par_1_68' title="bbox 1996 3500 3522 3577">
     <span class='ocr_line' id='line_1_68' title="bbox 1996 3500 3522 3577; baseline 0.014 -22"><span class='ocrx_word' id='word_1_542' title='bbox 1996 3500 2130 3565; x_wconf 79' lang='lat' dir='ltr'><strong>Vill.</strong></span> <span class='ocrx_word' id='word_1_543' title='bbox 2180 3503 2240 3558; x_wconf 83' lang='lat' dir='ltr'><strong>in</strong></span> <span class='ocrx_word' id='word_1_544' title='bbox 2276 3512 2486 3561; x_wconf 84' lang='lat' dir='ltr'><strong>tantum</strong></span> <span class='ocrx_word' id='word_1_545' title='bbox 2528 3517 2708 3563; x_wconf 85' lang='lat' dir='ltr'><strong>autem</strong></span> <span class='ocrx_word' id='word_1_546' title='bbox 2752 3509 2822 3564; x_wconf 78' lang='lat' dir='ltr'><strong>ab</strong></span> <span class='ocrx_word' id='word_1_547' title='bbox 2866 3511 2992 3568; x_wconf 81' lang='lat' dir='ltr'><strong>aliis</strong></span> <span class='ocrx_word' id='word_1_548' title='bbox 3032 3512 3347 3573; x_wconf 74' lang='lat' dir='ltr'><strong>intentanda</strong></span> <span class='ocrx_word' id='word_1_549' title='bbox 3393 3527 3522 3577; x_wconf 83' lang='lat' dir='ltr'><strong>sunt</strong></span> 
     </span>
    </p>
   </div>
   <div class='ocr_carea' id='block_1_69' title="bbox 1925 3594 3518 3666">
    <p class='ocr_par' dir='ltr' id='par_1_69' title="bbox 1925 3594 3518 3666">
     <span class='ocr_line' id='line_1_69' title="bbox 1925 3594 3518 3666; baseline 0.012 -18"><span class='ocrx_word' id='word_1_550' title='bbox 1925 3603 2268 3650; x_wconf 88' lang='lat' dir='ltr'><strong>sacramenta</strong></span> <span class='ocrx_word' id='word_1_551' title='bbox 2291 3594 2498 3664; x_wconf 89' lang='lat' dir='ltr'><strong>altaris,</strong></span> <span class='ocrx_word' id='word_1_552' title='bbox 2518 3604 2578 3652; x_wconf 92' lang='lat' dir='ltr'><strong>ut</strong></span> <span class='ocrx_word' id='word_1_553' title='bbox 2597 3598 2742 3655; x_wconf 87' lang='lat' dir='ltr'><strong>dicat</strong></span> <span class='ocrx_word' id='word_1_554' title='bbox 2766 3600 3030 3660; x_wconf 89' lang='lat' dir='ltr'><strong>Dominus</strong></span> <span class='ocrx_word' id='word_1_555' title='bbox 3051 3604 3120 3661; x_wconf 89' lang='lat' dir='ltr'><strong>ad</strong></span> <span class='ocrx_word' id='word_1_556' title='bbox 3135 3603 3316 3663; x_wconf 83' lang='lat' dir='ltr'><strong>Aaron</strong></span> <span class='ocrx_word' id='word_1_557' title='bbox 3339 3606 3449 3664; x_wconf 69' lang='grc' dir='ltr'><strong>ιτα</strong></span> <span class='ocrx_word' id='word_1_558' title='bbox 3468 3620 3518 3666; x_wconf 90' lang='lat' dir='ltr'><strong>et</strong></span> 
     </span>
    </p>
   </div>
   <div class='ocr_carea' id='block_1_70' title="bbox 218 3580 1822 3669">
    <p class='ocr_par' dir='ltr' id='par_1_70' title="bbox 218 3580 1822 3669">
     <span class='ocr_line' id='line_1_70' title="bbox 218 3580 1822 3669; baseline 0.012 -30"><span class='ocrx_word' id='word_1_559' title='bbox 218 3580 432 3651; x_wconf 70' lang='lat' dir='ltr'><strong>litterae</strong></span> <span class='ocrx_word' id='word_1_560' title='bbox 448 3587 585 3669; x_wconf 84' lang='lat' dir='ltr'><strong>apud</strong></span> <span class='ocrx_word' id='word_1_561' title='bbox 620 3586 899 3659; x_wconf 66' lang='lat' dir='ltr'><strong>Hebraaos,</strong></span> <span class='ocrx_word' id='word_1_562' title='bbox 928 3600 986 3647; x_wconf 89' lang='lat' dir='ltr'><strong>et</strong></span> <span class='ocrx_word' id='word_1_563' title='bbox 1010 3593 1203 3665; x_wconf 87' lang='lat' dir='ltr'><strong>viginti</strong></span> <span class='ocrx_word' id='word_1_564' title='bbox 1231 3596 1336 3652; x_wconf 91' lang='lat' dir='ltr'><strong>duo</strong></span> <span class='ocrx_word' id='word_1_565' title='bbox 1362 3596 1486 3654; x_wconf 89' lang='lat' dir='ltr'><strong>libri</strong></span> <span class='ocrx_word' id='word_1_566' title='bbox 1508 3598 1702 3658; x_wconf 65' lang='lat' dir='ltr'><strong>divinae</strong></span> <span class='ocrx_word' id='word_1_567' title='bbox 1728 3618 1822 3659; x_wconf 89' lang='lat' dir='ltr'><strong>au-</strong></span> 
     </span>
    </p>
   </div>
   <div class='ocr_carea' id='block_1_71' title="bbox 213 3675 3518 3777">
    <p class='ocr_par' dir='ltr' id='par_1_71' title="bbox 213 3675 3518 3777">
     <span class='ocr_line' id='line_1_71' title="bbox 213 3675 3518 3777; baseline 0.009 -45"><span class='ocrx_word' id='word_1_568' title='bbox 213 3675 502 3741; x_wconf 77' lang='lat' dir='ltr'><strong>ctoritatis</strong></span> <span class='ocrx_word' id='word_1_569' title='bbox 520 3676 573 3733; x_wconf 90' lang='lat' dir='ltr'><strong>in</strong></span> <span class='ocrx_word' id='word_1_570' title='bbox 598 3675 780 3737; x_wconf 77' lang='lat' dir='ltr'><strong>Veteri</strong></span> <span class='ocrx_word' id='word_1_571' title='bbox 806 3680 1175 3741; x_wconf 84' lang='lat' dir='ltr'><strong>Testamento.</strong></span> <span class='ocrx_word' id='word_1_572' title='bbox 1207 3683 1277 3742; x_wconf 91' lang='lat' dir='ltr'><strong>Ut</strong></span> <span class='ocrx_word' id='word_1_573' title='bbox 1302 3685 1355 3741; x_wconf 89' lang='lat' dir='ltr'><strong>id</strong></span> <span class='ocrx_word' id='word_1_574' title='bbox 1389 3688 1563 3759; x_wconf 88' lang='lat' dir='ltr'><strong>ipsum</strong></span> <span class='ocrx_word' id='word_1_575' title='bbox 1585 3689 1660 3745; x_wconf 83' lang='lat' dir='ltr'><strong>sit</strong></span> <span class='ocrx_word' id='word_1_576' title='bbox 1678 3692 1822 3777; x_wconf 82' lang='lat' dir='ltr'><strong>quod</strong></span> <span class='ocrx_word' id='word_1_577' title='bbox 1920 3690 2024 3760; x_wconf 73' lang='lat' dir='ltr'><strong>ﬁlii</strong></span> <span class='ocrx_word' id='word_1_578' title='bbox 2052 3691 2131 3745; x_wconf 86' lang='lat' dir='ltr'><strong>tui</strong></span> <span class='ocrx_word' id='word_1_579' title='bbox 2155 3699 2206 3747; x_wconf 85' lang='lat' dir='ltr'><strong>et</strong></span> <span class='ocrx_word' id='word_1_580' title='bbox 2235 3690 2424 3755; x_wconf 85' lang='lat' dir='ltr'><strong>domus</strong></span> <span class='ocrx_word' id='word_1_581' title='bbox 2462 3694 2631 3763; x_wconf 80' lang='lat' dir='ltr'><strong>patris</strong></span> <span class='ocrx_word' id='word_1_582' title='bbox 2668 3696 2749 3755; x_wconf 86' lang='lat' dir='ltr'><strong>tui</strong></span> <span class='ocrx_word' id='word_1_583' title='bbox 2781 3706 2974 3765; x_wconf 80' lang='lat' dir='ltr'><strong>tecum,</strong></span> <span class='ocrx_word' id='word_1_584' title='bbox 3004 3701 3283 3772; x_wconf 71' lang='lat' dir='ltr'><strong>portabilis</strong></span> <span class='ocrx_word' id='word_1_585' title='bbox 3320 3705 3518 3777; x_wconf 61' lang='lat' dir='ltr'><strong>ntiqui-</strong></span> 
     </span>
    </p>
   </div>
   <div class='ocr_carea' id='block_1_72' title="bbox 216 3767 3517 3858">
    <p class='ocr_par' dir='ltr' id='par_1_72' title="bbox 216 3767 3517 3858">
     <span class='ocr_line' id='line_1_72' title="bbox 216 3767 3517 3858; baseline 0.008 -33"><span class='ocrx_word' id='word_1_586' title='bbox 216 3769 281 3825; x_wconf 85' lang='lat' dir='ltr'><strong>in</strong></span> <span class='ocrx_word' id='word_1_587' title='bbox 306 3767 729 3826; x_wconf 73' lang='lat' dir='ltr'><strong>Deutemnomio</strong></span> <span class='ocrx_word' id='word_1_588' title='bbox 749 3772 981 3828; x_wconf 85' lang='lat' dir='ltr'><strong>dicitur:</strong></span> <span class='ocrx_word' id='word_1_589' title='bbox 1009 3773 1236 3847; x_wconf 76' lang='lat' dir='ltr'><strong>Scripsit</strong></span> <span class='ocrx_word' id='word_1_590' title='bbox 1252 3778 1435 3851; x_wconf 80' lang='lat' dir='ltr'><strong>itaque</strong></span> <span class='ocrx_word' id='word_1_591' title='bbox 1458 3779 1666 3852; x_wconf 66' lang='lat' dir='ltr'><strong>Moyses</strong></span> <span class='ocrx_word' id='word_1_592' title='bbox 1681 3776 1818 3838; x_wconf 75' lang='lat' dir='ltr'><strong>hanc</strong></span> <span class='ocrx_word' id='word_1_593' title='bbox 1921 3790 2083 3837; x_wconf 81' lang='lat' dir='ltr'><strong>tatem</strong></span> <span class='ocrx_word' id='word_1_594' title='bbox 2108 3785 2426 3850; x_wconf 79' lang='lat' dir='ltr'><strong>sanctuarii,</strong></span> <span class='ocrx_word' id='word_1_595' title='bbox 2453 3796 2502 3840; x_wconf 83' lang='lat' dir='ltr'><strong>et</strong></span> <span class='ocrx_word' id='word_1_596' title='bbox 2532 3795 2589 3840; x_wconf 88' lang='lat' dir='ltr'><strong>tu</strong></span> <span class='ocrx_word' id='word_1_597' title='bbox 2627 3797 2677 3843; x_wconf 84' lang='lat' dir='ltr'><strong>et</strong></span> <span class='ocrx_word' id='word_1_598' title='bbox 2702 3788 2804 3858; x_wconf 75' lang='lat' dir='ltr'><strong>ﬁlii</strong></span> <span class='ocrx_word' id='word_1_599' title='bbox 2852 3792 2931 3845; x_wconf 78' lang='lat' dir='ltr'><strong>tui</strong></span> <span class='ocrx_word' id='word_1_600' title='bbox 2980 3767 3141 3853; x_wconf 68' lang='lat' dir='ltr'><strong>simul</strong></span> <span class='ocrx_word' id='word_1_601' title='bbox 3192 3767 3517 3856; x_wconf 63' lang='lat' dir='ltr'><strong>sustinebitis</strong></span> 
     </span>
    </p>
   </div>
   <div class='ocr_carea' id='block_1_73' title="bbox 216 3856 3514 3962">
    <p class='ocr_par' dir='ltr' id='par_1_73' title="bbox 216 3856 3514 3962">
     <span class='ocr_line' id='line_1_73' title="bbox 216 3856 3514 3962; baseline 0.011 -50"><span class='ocrx_word' id='word_1_602' title='bbox 216 3856 394 3933; x_wconf 69' lang='lat' dir='ltr'><strong>legem</strong></span> <span class='ocrx_word' id='word_1_603' title='bbox 443 3868 494 3914; x_wconf 90' lang='lat' dir='ltr'><strong>et</strong></span> <span class='ocrx_word' id='word_1_604' title='bbox 544 3861 767 3917; x_wconf 85' lang='lat' dir='ltr'><strong>tradidit</strong></span> <span class='ocrx_word' id='word_1_605' title='bbox 814 3880 929 3919; x_wconf 88' lang='lat' dir='ltr'><strong>eam</strong></span> <span class='ocrx_word' id='word_1_606' title='bbox 979 3868 1333 3926; x_wconf 79' lang='lat' dir='ltr'><strong>sacerdotibus</strong></span> <span class='ocrx_word' id='word_1_607' title='bbox 1373 3869 1501 3941; x_wconf 77' lang='lat' dir='ltr'><strong>ﬁliis</strong></span> <span class='ocrx_word' id='word_1_608' title='bbox 1548 3870 1699 3940; x_wconf 83' lang='lat' dir='ltr'><strong>Levi,</strong></span> <span class='ocrx_word' id='word_1_609' title='bbox 1729 3875 1821 3947; x_wconf 83' lang='lat' dir='ltr'><strong>qui</strong></span> <span class='ocrx_word' id='word_1_610' title='bbox 1918 3886 2134 3949; x_wconf 85' lang='lat' dir='ltr'><strong>peccata</strong></span> <span class='ocrx_word' id='word_1_611' title='bbox 2161 3878 2443 3935; x_wconf 83' lang='lat' dir='ltr'><strong>sacerdotii</strong></span> <span class='ocrx_word' id='word_1_612' title='bbox 2470 3883 2647 3935; x_wconf 83' lang='lat' dir='ltr'><strong>vestri.</strong></span> <span class='ocrx_word' id='word_1_613' title='bbox 2681 3856 2749 3937; x_wconf 71' lang='lat' dir='ltr'><strong>Et</strong></span> <span class='ocrx_word' id='word_1_614' title='bbox 2775 3893 2896 3957; x_wconf 88' lang='lat' dir='ltr'><strong>post</strong></span> <span class='ocrx_word' id='word_1_615' title='bbox 2921 3882 3103 3959; x_wconf 85' lang='lat' dir='ltr'><strong>aliqua</strong></span> <span class='ocrx_word' id='word_1_616' title='bbox 3133 3905 3145 3941; x_wconf 91' lang='lat'><strong>:</strong></span> <span class='ocrx_word' id='word_1_617' title='bbox 3178 3887 3240 3946; x_wconf 85' lang='lat' dir='ltr'><strong>Si</strong></span> <span class='ocrx_word' id='word_1_618' title='bbox 3278 3892 3393 3962; x_wconf 84' lang='lat' dir='ltr'><strong>quis</strong></span> <span class='ocrx_word' id='word_1_619' title='bbox 3420 3909 3514 3948; x_wconf 79' lang='lat' dir='ltr'><strong>ea:-</strong></span> 
     </span>
    </p>
   </div>
   <div class='ocr_carea' id='block_1_74' title="bbox 215 3951 3517 4058">
    <p class='ocr_par' dir='ltr' id='par_1_74' title="bbox 215 3951 3517 4058">
     <span class='ocr_line' id='line_1_74' title="bbox 215 3951 3517 4058; baseline 0.012 -53"><span class='ocrx_word' id='word_1_620' title='bbox 215 3951 506 4023; x_wconf 76' lang='lat' dir='ltr'><strong>portabant</strong></span> <span class='ocrx_word' id='word_1_621' title='bbox 530 3970 713 4019; x_wconf 84' lang='lat' dir='ltr'><strong>arcam</strong></span> <span class='ocrx_word' id='word_1_622' title='bbox 733 3955 943 4027; x_wconf 64' lang='lat' dir='ltr'><strong>(«ederit</strong></span> <span class='ocrx_word' id='word_1_623' title='bbox 969 3956 1272 4030; x_wconf 84' lang='lat' dir='ltr'><strong>Domini,et</strong></span> <span class='ocrx_word' id='word_1_624' title='bbox 1301 3964 1502 4032; x_wconf 73' lang='lat' dir='ltr'><strong>cunctis</strong></span> <span class='ocrx_word' id='word_1_625' title='bbox 1527 3966 1819 4033; x_wconf 76' lang='lat' dir='ltr'><strong>senioribus</strong></span> <span class='ocrx_word' id='word_1_626' title='bbox 1920 3978 2100 4025; x_wconf 78' lang='lat' dir='ltr'><strong>ternas</strong></span> <span class='ocrx_word' id='word_1_627' title='bbox 2131 3973 2425 4039; x_wconf 78' lang='lat' dir='ltr'><strong>accesserit,</strong></span> <span class='ocrx_word' id='word_1_628' title='bbox 2455 3974 2742 4030; x_wconf 85' lang='lat' dir='ltr'><strong>occidetur.</strong></span> <span class='ocrx_word' id='word_1_629' title='bbox 2778 3951 2942 4045; x_wconf 32' lang='lat' dir='ltr'><strong>‘Quod</strong></span> <span class='ocrx_word' id='word_1_630' title='bbox 2975 3951 3300 4040; x_wconf 44' lang='lat' dir='ltr'><strong>terribiliter.</strong></span> <span class='ocrx_word' id='word_1_631' title='bbox 3316 3984 3517 4058; x_wconf 78' lang='lat' dir='ltr'><strong>legitur</strong></span> 
     </span>
    </p>
   </div>
   <div class='ocr_carea' id='block_1_75' title="bbox 222 4038 3516 4135">
    <p class='ocr_par' dir='ltr' id='par_1_75' title="bbox 222 4038 3516 4135">
     <span class='ocr_line' id='line_1_75' title="bbox 222 4038 3516 4135; baseline 0.012 -39"><span class='ocrx_word' id='word_1_632' title='bbox 222 4038 473 4107; x_wconf 62' lang='lat' dir='ltr'><strong>Ianalis.</strong></span> <span class='ocrx_word' id='word_1_633' title='bbox 1916 4060 2271 4131; x_wconf 84' lang='lat' dir='ltr'><strong>adimpletum</strong></span> <span class='ocrx_word' id='word_1_634' title='bbox 2298 4063 2355 4118; x_wconf 87' lang='lat' dir='ltr'><strong>in</strong></span> <span class='ocrx_word' id='word_1_635' title='bbox 2376 4038 2507 4130; x_wconf 88' lang='lat' dir='ltr'><strong>Oza,</strong></span> <span class='ocrx_word' id='word_1_636' title='bbox 2531 4081 2655 4121; x_wconf 89' lang='lat' dir='ltr'><strong>cum</strong></span> <span class='ocrx_word' id='word_1_637' title='bbox 2683 4038 2979 4129; x_wconf 59' lang='lat' dir='ltr'><strong>adduceret</strong></span> <span class='ocrx_word' id='word_1_638' title='bbox 3004 4071 3173 4129; x_wconf 84' lang='lat' dir='ltr'><strong>David</strong></span> <span class='ocrx_word' id='word_1_639' title='bbox 3197 4038 3516 4135; x_wconf 53' lang='lat' dir='ltr'><strong>arcam-li;</strong></span> 
     </span>
    </p>
   </div>
   <div class='ocr_carea' id='block_1_76' title="bbox 298 4130 3514 4234">
    <p class='ocr_par' dir='ltr' id='par_1_76' title="bbox 298 4130 3514 4234">
     <span class='ocr_line' id='line_1_76' title="bbox 298 4130 3514 4234; baseline 0.012 -45"><span class='ocrx_word' id='word_1_640' title='bbox 298 4130 412 4189; x_wconf 71' lang='grc' dir='ltr'><strong><em>νη.</em></strong></span> <span class='ocrx_word' id='word_1_641' title='bbox 459 4132 568 4193; x_wconf 82' lang='lat' dir='ltr'><strong>Sed</strong></span> <span class='ocrx_word' id='word_1_642' title='bbox 592 4141 651 4192; x_wconf 85' lang='lat' dir='ltr'><strong>et</strong></span> <span class='ocrx_word' id='word_1_643' title='bbox 674 4137 812 4196; x_wconf 89' lang='lat' dir='ltr'><strong>illud</strong></span> <span class='ocrx_word' id='word_1_644' title='bbox 841 4143 989 4198; x_wconf 90' lang='lat' dir='ltr'><strong>omni</strong></span> <span class='ocrx_word' id='word_1_645' title='bbox 1039 4142 1402 4204; x_wconf 87' lang='lat' dir='ltr'><strong>admiratione</strong></span> <span class='ocrx_word' id='word_1_646' title='bbox 1450 4146 1677 4223; x_wconf 79' lang='lat' dir='ltr'><strong>dignum</strong></span> <span class='ocrx_word' id='word_1_647' title='bbox 1726 4158 1813 4208; x_wconf 87' lang='lat' dir='ltr'><strong>est</strong></span> <span class='ocrx_word' id='word_1_648' title='bbox 1914 4130 2145 4219; x_wconf 19' lang='lat' dir='ltr'><strong>miniide</strong></span> <span class='ocrx_word' id='word_1_649' title='bbox 2170 4153 2331 4210; x_wconf 91' lang='lat' dir='ltr'><strong>domo</strong></span> <span class='ocrx_word' id='word_1_650' title='bbox 2354 4155 2678 4226; x_wconf 84' lang='lat' dir='ltr'><strong>Aminadab,</strong></span> <span class='ocrx_word' id='word_1_651' title='bbox 2700 4159 2842 4215; x_wconf 88' lang='lat' dir='ltr'><strong>sicut</strong></span> <span class='ocrx_word' id='word_1_652' title='bbox 2869 4162 3131 4234; x_wconf 89' lang='lat' dir='ltr'><strong>scriptum</strong></span> <span class='ocrx_word' id='word_1_653' title='bbox 3160 4174 3245 4223; x_wconf 88' lang='lat' dir='ltr'><strong>est</strong></span> <span class='ocrx_word' id='word_1_654' title='bbox 3410 4130 3514 4226; x_wconf 66' lang='lat' dir='ltr'><strong>ini-</strong></span> 
     </span>
    </p>
   </div>
   <div class='ocr_carea' id='block_1_77' title="bbox 214 4224 3511 4327">
    <p class='ocr_par' dir='ltr' id='par_1_77' title="bbox 214 4224 3511 4327">
     <span class='ocr_line' id='line_1_77' title="bbox 214 4224 3511 4327; baseline 0.01 -45"><span class='ocrx_word' id='word_1_655' title='bbox 214 4224 370 4305; x_wconf 64' lang='grc' dir='ltr'><strong>ειυθᾲ</strong></span> <span class='ocrx_word' id='word_1_656' title='bbox 409 4228 756 4304; x_wconf 84' lang='lat' dir='ltr'><strong>primogeniti</strong></span> <span class='ocrx_word' id='word_1_657' title='bbox 808 4232 1043 4293; x_wconf 83' lang='lat' dir='ltr'><strong>ﬁliorum</strong></span> <span class='ocrx_word' id='word_1_658' title='bbox 1096 4234 1410 4311; x_wconf 83' lang='lat' dir='ltr'><strong>lsrael,.pro</strong></span> <span class='ocrx_word' id='word_1_659' title='bbox 1456 4240 1655 4312; x_wconf 90' lang='lat' dir='ltr'><strong>quibus</strong></span> <span class='ocrx_word' id='word_1_660' title='bbox 1706 4242 1815 4301; x_wconf 83' lang='lat' dir='ltr'><strong>dati</strong></span> <span class='ocrx_word' id='word_1_661' title='bbox 1912 4254 2203 4315; x_wconf 84' lang='lat' dir='ltr'><strong>posuerunt</strong></span> <span class='ocrx_word' id='word_1_662' title='bbox 2226 4264 2409 4302; x_wconf 86' lang='lat' dir='ltr'><strong>arcam</strong></span> <span class='ocrx_word' id='word_1_663' title='bbox 2430 4247 2646 4305; x_wconf 85' lang='lat' dir='ltr'><strong>Domini</strong></span> <span class='ocrx_word' id='word_1_664' title='bbox 2664 4224 2825 4324; x_wconf 77' lang='lat' dir='ltr'><strong>super</strong></span> <span class='ocrx_word' id='word_1_665' title='bbox 2849 4224 3147 4327; x_wconf 59' lang='lat' dir='ltr'><strong>plauitrum</strong></span> <span class='ocrx_word' id='word_1_666' title='bbox 3179 4275 3388 4327; x_wconf 78' lang='lat' dir='ltr'><strong>novum,</strong></span> <span class='ocrx_word' id='word_1_667' title='bbox 3422 4272 3511 4316; x_wconf 86' lang='lat' dir='ltr'><strong>tu-</strong></span> 
     </span>
    </p>
   </div>
   <div class='ocr_carea' id='block_1_78' title="bbox 210 4322 3511 4423">
    <p class='ocr_par' dir='ltr' id='par_1_78' title="bbox 210 4322 3511 4423">
     <span class='ocr_line' id='line_1_78' title="bbox 210 4322 3511 4423; baseline 0.01 -45"><span class='ocrx_word' id='word_1_668' title='bbox 210 4330 357 4379; x_wconf 64' lang='lat' dir='ltr'><strong>nnt</strong></span> <span class='ocrx_word' id='word_1_669' title='bbox 378 4322 482 4379; x_wconf 75' lang='lat' dir='ltr'><strong>ﬁlii</strong></span> <span class='ocrx_word' id='word_1_670' title='bbox 518 4322 924 4394; x_wconf 48' lang='lat' dir='ltr'><strong>Lesbium-unt</strong></span> <span class='ocrx_word' id='word_1_671' title='bbox 967 4332 1194 4388; x_wconf 84' lang='lat' dir='ltr'><strong>masculi</strong></span> <span class='ocrx_word' id='word_1_672' title='bbox 1235 4349 1334 4405; x_wconf 88' lang='lat' dir='ltr'><strong>per</strong></span> <span class='ocrx_word' id='word_1_673' title='bbox 1374 4337 1596 4391; x_wconf 79' lang='lat' dir='ltr'><strong>nomina</strong></span> <span class='ocrx_word' id='word_1_674' title='bbox 1640 4351 1738 4393; x_wconf 81' lang='lat' dir='ltr'><strong>sua</strong></span> <span class='ocrx_word' id='word_1_675' title='bbox 1782 4350 1816 4394; x_wconf 68' lang='grc' dir='ltr'>ι</span> <span class='ocrx_word' id='word_1_676' title='bbox 1914 4337 2191 4410; x_wconf 71' lang='lat' dir='ltr'><strong>(eruntque</strong></span> <span class='ocrx_word' id='word_1_677' title='bbox 2237 4357 2418 4396; x_wconf 83' lang='lat' dir='ltr'><strong>arcam</strong></span> <span class='ocrx_word' id='word_1_678' title='bbox 2469 4342 2533 4398; x_wconf 82' lang='lat' dir='ltr'><strong>de</strong></span> <span class='ocrx_word' id='word_1_679' title='bbox 2581 4322 2741 4401; x_wconf 81' lang='lat' dir='ltr'><strong>domo</strong></span> <span class='ocrx_word' id='word_1_680' title='bbox 2785 4322 3104 4417; x_wconf 73' lang='lat' dir='ltr'><strong>Antinadab,</strong></span> <span class='ocrx_word' id='word_1_681' title='bbox 3144 4354 3236 4423; x_wconf 83' lang='lat' dir='ltr'><strong>qui</strong></span> <span class='ocrx_word' id='word_1_682' title='bbox 3289 4322 3403 4409; x_wconf 76' lang='lat' dir='ltr'><strong>erat</strong></span> <span class='ocrx_word' id='word_1_683' title='bbox 3453 4355 3511 4413; x_wconf 87' lang='lat' dir='ltr'><strong>in</strong></span> 
     </span>
    </p>
   </div>
   <div class='ocr_carea' id='block_1_79' title="bbox 212 4423 3511 4502">
    <p class='ocr_par' dir='ltr' id='par_1_79' title="bbox 212 4423 3511 4502">
     <span class='ocr_line' id='line_1_79' title="bbox 212 4423 3511 4502; baseline 0.01 -33"><span class='ocrx_word' id='word_1_684' title='bbox 212 4428 414 4470; x_wconf 77' lang='lat' dir='ltr'><strong>mense</strong></span> <span class='ocrx_word' id='word_1_685' title='bbox 452 4430 562 4473; x_wconf 86' lang='lat' dir='ltr'><strong>uno</strong></span> <span class='ocrx_word' id='word_1_686' title='bbox 603 4427 661 4474; x_wconf 84' lang='lat' dir='ltr'><strong>et</strong></span> <span class='ocrx_word' id='word_1_687' title='bbox 702 4433 886 4493; x_wconf 85' lang='lat' dir='ltr'><strong>supra,</strong></span> <span class='ocrx_word' id='word_1_688' title='bbox 918 4423 1107 4497; x_wconf 85' lang='lat' dir='ltr'><strong>viginti</strong></span> <span class='ocrx_word' id='word_1_689' title='bbox 1136 4426 1244 4482; x_wconf 90' lang='lat' dir='ltr'><strong>duo</strong></span> <span class='ocrx_word' id='word_1_690' title='bbox 1270 4426 1457 4489; x_wconf 83' lang='lat' dir='ltr'><strong>millia,</strong></span> <span class='ocrx_word' id='word_1_691' title='bbox 1485 4428 1703 4484; x_wconf 87' lang='lat' dir='ltr'><strong>ducenti</strong></span> <span class='ocrx_word' id='word_1_692' title='bbox 1731 4445 1816 4486; x_wconf 86' lang='lat' dir='ltr'><strong>se—</strong></span> <span class='ocrx_word' id='word_1_693' title='bbox 1920 4426 2124 4491; x_wconf 85' lang='lat' dir='ltr'><strong>Gabaa.</strong></span> <span class='ocrx_word' id='word_1_694' title='bbox 2167 4431 2277 4489; x_wconf 83' lang='lat' dir='ltr'><strong>Oza</strong></span> <span class='ocrx_word' id='word_1_695' title='bbox 2308 4443 2490 4490; x_wconf 86' lang='lat' dir='ltr'><strong>autem</strong></span> <span class='ocrx_word' id='word_1_696' title='bbox 2519 4444 2576 4491; x_wconf 89' lang='lat' dir='ltr'><strong>et</strong></span> <span class='ocrx_word' id='word_1_697' title='bbox 2608 4436 2749 4494; x_wconf 79' lang='grc' dir='ltr'><strong>ΑΙ]ἰο</strong></span> <span class='ocrx_word' id='word_1_698' title='bbox 2775 4438 2872 4495; x_wconf 82' lang='lat' dir='ltr'><strong>lilii</strong></span> <span class='ocrx_word' id='word_1_699' title='bbox 2897 4440 3203 4498; x_wconf 81' lang='lat' dir='ltr'><strong>Aminadab</strong></span> <span class='ocrx_word' id='word_1_700' title='bbox 3232 4444 3511 4502; x_wconf 84' lang='lat' dir='ltr'><strong>minabant</strong></span> 
     </span>
    </p>
   </div>
   <div class='ocr_carea' id='block_1_80' title="bbox 210 4507 1816 4590">
    <p class='ocr_par' dir='ltr' id='par_1_80' title="bbox 210 4507 1816 4590">
     <span class='ocr_line' id='line_1_80' title="bbox 210 4507 1816 4590; baseline 0.009 -27"><span class='ocrx_word' id='word_1_701' title='bbox 210 4507 509 4590; x_wconf 78' lang='lat' dir='ltr'><strong>ptuaginta</strong></span> <span class='ocrx_word' id='word_1_702' title='bbox 541 4517 672 4567; x_wconf 89' lang='lat' dir='ltr'><strong>tres.</strong></span> <span class='ocrx_word' id='word_1_703' title='bbox 703 4510 841 4570; x_wconf 81' lang='lat' dir='ltr'><strong>Nam</strong></span> <span class='ocrx_word' id='word_1_704' title='bbox 866 4514 1059 4585; x_wconf 88' lang='lat' dir='ltr'><strong>viginti</strong></span> <span class='ocrx_word' id='word_1_705' title='bbox 1103 4515 1227 4582; x_wconf 87' lang='lat' dir='ltr'><strong>duo,</strong></span> <span class='ocrx_word' id='word_1_706' title='bbox 1261 4525 1321 4572; x_wconf 92' lang='lat' dir='ltr'><strong>ut</strong></span> <span class='ocrx_word' id='word_1_707' title='bbox 1350 4518 1553 4575; x_wconf 88' lang='lat' dir='ltr'><strong>dictum</strong></span> <span class='ocrx_word' id='word_1_708' title='bbox 1580 4527 1682 4587; x_wconf 87' lang='lat' dir='ltr'><strong>est,</strong></span> <span class='ocrx_word' id='word_1_709' title='bbox 1715 4538 1816 4577; x_wconf 84' lang='lat' dir='ltr'><strong>nu-</strong></span> 
     </span>
    </p>
   </div>
   <div class='ocr_carea' id='block_1_81' title="bbox 1912 4521 3508 4613">
    <p class='ocr_par' dir='ltr' id='par_1_81' title="bbox 1912 4521 3508 4613">
     <span class='ocr_line' id='line_1_81' title="bbox 1912 4521 3508 4613; baseline 0.011 -38"><span class='ocrx_word' id='word_1_710' title='bbox 1912 4521 2224 4593; x_wconf 87' lang='lat' dir='ltr'><strong>plaustrum</strong></span> <span class='ocrx_word' id='word_1_711' title='bbox 2251 4540 2472 4602; x_wconf 82' lang='lat' dir='ltr'><strong>novum.</strong></span> <span class='ocrx_word' id='word_1_712' title='bbox 2516 4526 2584 4582; x_wconf 89' lang='lat' dir='ltr'><strong>Et</strong></span> <span class='ocrx_word' id='word_1_713' title='bbox 2610 4538 2733 4600; x_wconf 79' lang='lat' dir='ltr'><strong>post</strong></span> <span class='ocrx_word' id='word_1_714' title='bbox 2759 4546 2971 4603; x_wconf 88' lang='lat' dir='ltr'><strong>pauca:</strong></span> <span class='ocrx_word' id='word_1_715' title='bbox 3004 4532 3293 4607; x_wconf 82' lang='lat' dir='ltr'><strong>Postquam</strong></span> <span class='ocrx_word' id='word_1_716' title='bbox 3333 4547 3508 4613; x_wconf 60' lang='lat' dir='ltr'><strong>autem</strong></span> 
     </span>
    </p>
   </div>
   <div class='ocr_carea' id='block_1_82' title="bbox 209 4593 3507 4689">
    <p class='ocr_par' dir='ltr' id='par_1_82' title="bbox 209 4593 3507 4689">
     <span class='ocr_line' id='line_1_82' title="bbox 209 4593 3507 4689; baseline 0.01 -32"><span class='ocrx_word' id='word_1_717' title='bbox 209 4612 376 4657; x_wconf 66' lang='lat' dir='ltr'><strong>mero</strong></span> <span class='ocrx_word' id='word_1_718' title='bbox 401 4597 708 4661; x_wconf 74' lang='lat' dir='ltr'><strong>litterarum</strong></span> <span class='ocrx_word' id='word_1_719' title='bbox 734 4603 969 4661; x_wconf 82' lang='lat' dir='ltr'><strong>concinit</strong></span> <span class='ocrx_word' id='word_1_720' title='bbox 1007 4612 1063 4662; x_wconf 88' lang='lat' dir='ltr'><strong>et</strong></span> <span class='ocrx_word' id='word_1_721' title='bbox 1102 4604 1386 4673; x_wconf 83' lang='lat' dir='ltr'><strong>librorum,</strong></span> <span class='ocrx_word' id='word_1_722' title='bbox 1417 4607 1620 4666; x_wconf 88' lang='lat' dir='ltr'><strong>habent</strong></span> <span class='ocrx_word' id='word_1_723' title='bbox 1649 4625 1812 4680; x_wconf 85' lang='lat' dir='ltr'><strong>supra</strong></span> <span class='ocrx_word' id='word_1_724' title='bbox 1838 4593 1892 4653; x_wconf 83' lang='grc' dir='ltr'><strong>Ῐ)</strong></span> <span class='ocrx_word' id='word_1_725' title='bbox 1916 4624 2167 4671; x_wconf 73' lang='lat' dir='ltr'><strong>uenerunt</strong></span> <span class='ocrx_word' id='word_1_726' title='bbox 2197 4618 2266 4673; x_wconf 88' lang='lat' dir='ltr'><strong>ad</strong></span> <span class='ocrx_word' id='word_1_727' title='bbox 2306 4593 2487 4673; x_wconf 79' lang='lat' dir='ltr'><strong>arcam</strong></span> <span class='ocrx_word' id='word_1_728' title='bbox 2513 4593 3020 4689; x_wconf 45' lang='lat' dir='ltr'><strong>Notitiam-extendit</strong></span> <span class='ocrx_word' id='word_1_729' title='bbox 3045 4593 3261 4689; x_wconf 69' lang='lat' dir='ltr'><strong>manum</strong></span> <span class='ocrx_word' id='word_1_730' title='bbox 3298 4593 3415 4687; x_wconf 64' lang='lat' dir='ltr'><strong>Oed</strong></span> <span class='ocrx_word' id='word_1_731' title='bbox 3435 4632 3507 4689; x_wconf 82' lang='lat' dir='ltr'><strong>ad</strong></span> 
     </span>
    </p>
   </div>
   <div class='ocr_carea' id='block_1_83' title="bbox 206 4690 1816 4781">
    <p class='ocr_par' dir='ltr' id='par_1_83' title="bbox 206 4690 1816 4770">
     <span class='ocr_line' id='line_1_83' title="bbox 206 4690 1816 4770; baseline 0.008 -25"><span class='ocrx_word' id='word_1_732' title='bbox 206 4690 493 4760; x_wconf 71' lang='lat' dir='ltr'><strong>duplicem</strong></span> <span class='ocrx_word' id='word_1_733' title='bbox 530 4693 910 4751; x_wconf 74' lang='lat' dir='ltr'><strong>centenarium</strong></span> <span class='ocrx_word' id='word_1_734' title='bbox 931 4735 948 4763; x_wconf 89' lang='lat'><strong>,</strong></span> <span class='ocrx_word' id='word_1_735' title='bbox 969 4698 1374 4770; x_wconf 85' lang='lat' dir='ltr'><strong>septemplicem</strong></span> <span class='ocrx_word' id='word_1_736' title='bbox 1403 4701 1689 4757; x_wconf 80' lang='lat' dir='ltr'><strong>denarium</strong></span> <span class='ocrx_word' id='word_1_737' title='bbox 1708 4742 1723 4768; x_wconf 94' lang='lat'><strong>,</strong></span> <span class='ocrx_word' id='word_1_738' title='bbox 1759 4712 1816 4759; x_wconf 92' lang='lat' dir='ltr'><strong>et</strong></span> 
     </span>
    </p>
   </div>
   <div class='ocr_carea' id='block_1_84' title="bbox 209 4781 1813 4857">
    <p class='ocr_par' dir='ltr' id='par_1_84' title="bbox 209 4781 1813 4857">
     <span class='ocr_line' id='line_1_84' title="bbox 209 4781 1813 4857; baseline 0.006 -16"><span class='ocrx_word' id='word_1_739' title='bbox 209 4781 524 4855; x_wconf 79' lang='lat' dir='ltr'><strong>simplicem</strong></span> <span class='ocrx_word' id='word_1_740' title='bbox 569 4788 892 4857; x_wconf 84' lang='lat' dir='ltr'><strong>ternarium,</strong></span> <span class='ocrx_word' id='word_1_741' title='bbox 930 4804 1190 4857; x_wconf 83' lang='lat' dir='ltr'><strong>numeros</strong></span> <span class='ocrx_word' id='word_1_742' title='bbox 1234 4792 1288 4848; x_wconf 91' lang='lat' dir='ltr'><strong>in</strong></span> <span class='ocrx_word' id='word_1_743' title='bbox 1320 4804 1346 4833; x_wconf 70' lang='grc' dir='ltr'>α</span> <span class='ocrx_word' id='word_1_744' title='bbox 1376 4793 1574 4849; x_wconf 84' lang='lat' dir='ltr'><strong>divinis</strong></span> <span class='ocrx_word' id='word_1_745' title='bbox 1616 4793 1813 4852; x_wconf 85' lang='lat' dir='ltr'><strong>litteris</strong></span> 
     </span>
    </p>
   </div>
   <div class='ocr_carea' id='block_1_85' title="bbox 206 4872 1813 4957">
    <p class='ocr_par' dir='ltr' id='par_1_85' title="bbox 206 4872 1813 4957">
     <span class='ocr_line' id='line_1_85' title="bbox 206 4872 1813 4957; baseline 0.009 -25"><span class='ocrx_word' id='word_1_746' title='bbox 206 4872 644 4943; x_wconf 69' lang='lat' dir='ltr'><strong>sacratissimos.</strong></span> <span class='ocrx_word' id='word_1_747' title='bbox 672 4879 754 4949; x_wconf 75' lang='lat' dir='ltr'><strong>Ex</strong></span> <span class='ocrx_word' id='word_1_748' title='bbox 774 4880 879 4939; x_wconf 86' lang='lat' dir='ltr'><strong>hoc</strong></span> <span class='ocrx_word' id='word_1_749' title='bbox 892 4881 1009 4952; x_wconf 77' lang='lat' dir='ltr'><strong>jam</strong></span> <span class='ocrx_word' id='word_1_750' title='bbox 1031 4892 1274 4955; x_wconf 83' lang='lat' dir='ltr'><strong>tempore</strong></span> <span class='ocrx_word' id='word_1_751' title='bbox 1300 4901 1406 4947; x_wconf 88' lang='lat' dir='ltr'><strong>non</strong></span> <span class='ocrx_word' id='word_1_752' title='bbox 1433 4888 1673 4957; x_wconf 84' lang='lat' dir='ltr'><strong>oportuit</strong></span> <span class='ocrx_word' id='word_1_753' title='bbox 1691 4904 1813 4946; x_wconf 85' lang='lat' dir='ltr'><strong>esse</strong></span> 
     </span>
    </p>
   </div>
   <div class='ocr_carea' id='block_1_86' title="bbox 203 4968 1810 5048">
    <p class='ocr_par' dir='ltr' id='par_1_86' title="bbox 203 4968 1810 5048">
     <span class='ocr_line' id='line_1_86' title="bbox 203 4968 1810 5048; baseline 0.006 -19"><span class='ocrx_word' id='word_1_754' title='bbox 203 4968 535 5033; x_wconf 58' lang='lat' dir='ltr'><strong>meadows</strong></span> <span class='ocrx_word' id='word_1_755' title='bbox 588 4986 941 5047; x_wconf 78' lang='lat' dir='ltr'><strong>quoscunque</strong></span> <span class='ocrx_word' id='word_1_756' title='bbox 988 4976 1394 5048; x_wconf 78' lang='lat' dir='ltr'><strong>primigenitos,</strong></span> <span class='ocrx_word' id='word_1_757' title='bbox 1442 4980 1536 5037; x_wconf 83' lang='lat' dir='ltr'><strong>sed</strong></span> <span class='ocrx_word' id='word_1_758' title='bbox 1599 4988 1810 5037; x_wconf 84' lang='lat' dir='ltr'><strong>tantum</strong></span> 
     </span>
    </p>
   </div>
   <div class='ocr_carea' id='block_1_87' title="bbox 204 5058 1803 5145">
    <p class='ocr_par' dir='ltr' id='par_1_87' title="bbox 204 5058 1803 5145">
     <span class='ocr_line' id='line_1_87' title="bbox 204 5058 1803 5145; baseline 0.009 -30"><span class='ocrx_word' id='word_1_759' title='bbox 204 5058 441 5145; x_wconf 60' lang='lat' dir='ltr'><strong>Ws</strong></span> <span class='ocrx_word' id='word_1_760' title='bbox 486 5059 629 5119; x_wconf 76' lang='lat' dir='ltr'><strong>illius</strong></span> <span class='ocrx_word' id='word_1_761' title='bbox 682 5062 888 5135; x_wconf 85' lang='lat' dir='ltr'><strong>Aaron,</strong></span> <span class='ocrx_word' id='word_1_762' title='bbox 931 5068 1025 5139; x_wconf 85' lang='lat' dir='ltr'><strong>qui</strong></span> <span class='ocrx_word' id='word_1_763' title='bbox 1072 5069 1306 5140; x_wconf 84' lang='lat' dir='ltr'><strong>separati</strong></span> <span class='ocrx_word' id='word_1_764' title='bbox 1341 5080 1469 5127; x_wconf 87' lang='lat' dir='ltr'><strong>sunt</strong></span> <span class='ocrx_word' id='word_1_765' title='bbox 1516 5086 1546 5126; x_wconf 89' lang='lat' dir='ltr'><strong>a</strong></span> <span class='ocrx_word' id='word_1_766' title='bbox 1585 5073 1803 5145; x_wconf 87' lang='lat' dir='ltr'><strong>populo,</strong></span> 
     </span>
    </p>
   </div>
   <div class='ocr_carea' id='block_1_88' title="bbox 202 5140 1809 5232">
    <p class='ocr_par' dir='ltr' id='par_1_88' title="bbox 202 5140 1809 5232">
     <span class='ocr_line' id='line_1_88' title="bbox 202 5140 1809 5232; baseline 0.008 -23"><span class='ocrx_word' id='word_1_767' title='bbox 394 5153 662 5228; x_wconf 76' lang='lat' dir='ltr'><strong>scriptum</strong></span> <span class='ocrx_word' id='word_1_768' title='bbox 683 5166 769 5223; x_wconf 81' lang='lat' dir='ltr'><strong>est</strong></span> <span class='ocrx_word' id='word_1_769' title='bbox 798 5176 817 5215; x_wconf 74' lang='grc' dir='ltr'>ς</span> <span class='ocrx_word' id='word_1_770' title='bbox 845 5157 1061 5216; x_wconf 85' lang='lat' dir='ltr'><strong>Tribum</strong></span> <span class='ocrx_word' id='word_1_771' title='bbox 1099 5159 1223 5221; x_wconf 81' lang='lat' dir='ltr'><strong>Levi</strong></span> <span class='ocrx_word' id='word_1_772' title='bbox 1259 5161 1367 5217; x_wconf 86' lang='lat' dir='ltr'><strong>noli</strong></span> <span class='ocrx_word' id='word_1_773' title='bbox 1397 5140 1695 5232; x_wconf 76' lang='lat' dir='ltr'><strong>numerare,</strong></span> <span class='ocrx_word' id='word_1_774' title='bbox 1719 5140 1809 5222; x_wconf 40' lang='lat' dir='ltr'><strong>ne;-</strong></span> 
     </span>
    </p>
   </div>
   <div class='ocr_carea' id='block_1_89' title="bbox 198 5253 1810 5324">
    <p class='ocr_par' dir='ltr' id='par_1_89' title="bbox 198 5253 1810 5324">
     <span class='ocr_line' id='line_1_89' title="bbox 198 5253 1810 5324; baseline 0.007 -20"><span class='ocrx_word' id='word_1_775' title='bbox 198 5264 313 5320; x_wconf 74' lang='lat' dir='ltr'><strong>qne</strong></span> <span class='ocrx_word' id='word_1_776' title='bbox 338 5262 514 5318; x_wconf 68' lang='lat' dir='ltr'><strong>polus</strong></span> <span class='ocrx_word' id='word_1_777' title='bbox 540 5264 807 5307; x_wconf 57' lang='lat' dir='ltr'><strong>ama</strong></span> <span class='ocrx_word' id='word_1_778' title='bbox 826 5268 1014 5311; x_wconf 56' lang='lat' dir='ltr'><strong>eorum</strong></span> <span class='ocrx_word' id='word_1_779' title='bbox 1042 5268 1166 5310; x_wconf 80' lang='lat' dir='ltr'><strong>cum</strong></span> <span class='ocrx_word' id='word_1_780' title='bbox 1188 5253 1315 5324; x_wconf 78' lang='lat' dir='ltr'><strong>ﬁliis</strong></span> <span class='ocrx_word' id='word_1_781' title='bbox 1348 5254 1553 5323; x_wconf 76' lang='lat' dir='ltr'><strong>Israel,</strong></span> <span class='ocrx_word' id='word_1_782' title='bbox 1577 5257 1668 5313; x_wconf 79' lang='lat' dir='ltr'><strong>sed</strong></span> <span class='ocrx_word' id='word_1_783' title='bbox 1687 5273 1810 5315; x_wconf 87' lang='lat' dir='ltr'><strong>con-</strong></span> 
     </span>
    </p>
   </div>
   <div class='ocr_carea' id='block_1_90' title="bbox 200 5337 1809 5423">
    <p class='ocr_par' dir='ltr' id='par_1_90' title="bbox 200 5337 1809 5423">
     <span class='ocr_line' id='line_1_90' title="bbox 200 5337 1809 5423; baseline 0.009 -32"><span class='ocrx_word' id='word_1_784' title='bbox 200 5337 403 5401; x_wconf 65' lang='lat' dir='ltr'><strong>stitues</strong></span> <span class='ocrx_word' id='word_1_785' title='bbox 447 5353 537 5393; x_wconf 81' lang='lat' dir='ltr'><strong>eos</strong></span> <span class='ocrx_word' id='word_1_786' title='bbox 586 5355 745 5413; x_wconf 75' lang='lat' dir='ltr'><strong>super</strong></span> <span class='ocrx_word' id='word_1_787' title='bbox 786 5340 1184 5399; x_wconf 80' lang='lat' dir='ltr'><strong>tabernaculum</strong></span> <span class='ocrx_word' id='word_1_788' title='bbox 1225 5347 1527 5402; x_wconf 84' lang='lat' dir='ltr'><strong>testimonii.</strong></span> <span class='ocrx_word' id='word_1_789' title='bbox 1579 5346 1648 5404; x_wconf 89' lang='lat' dir='ltr'><strong>Et</strong></span> <span class='ocrx_word' id='word_1_790' title='bbox 1680 5358 1809 5423; x_wconf 80' lang='lat' dir='ltr'><strong>post</strong></span> 
     </span>
    </p>
   </div>
   <div class='ocr_carea' id='block_1_91' title="bbox 200 5427 1809 5515">
    <p class='ocr_par' dir='ltr' id='par_1_91' title="bbox 200 5427 1809 5515">
     <span class='ocr_line' id='line_1_91' title="bbox 200 5427 1809 5515; baseline 0.011 -31"><span class='ocrx_word' id='word_1_791' title='bbox 200 5428 495 5504; x_wconf 75' lang='lat' dir='ltr'><strong>paululum</strong></span> <span class='ocrx_word' id='word_1_792' title='bbox 526 5450 538 5486; x_wconf 91' lang='lat'><strong>:</strong></span> <span class='ocrx_word' id='word_1_793' title='bbox 572 5427 706 5490; x_wconf 78' lang='lat' dir='ltr'><strong>Cum</strong></span> <span class='ocrx_word' id='word_1_794' title='bbox 734 5434 1174 5506; x_wconf 79' lang='lat' dir='ltr'><strong>proﬁciscendum</strong></span> <span class='ocrx_word' id='word_1_795' title='bbox 1205 5438 1399 5511; x_wconf 79' lang='lat' dir='ltr'><strong>fuerit,</strong></span> <span class='ocrx_word' id='word_1_796' title='bbox 1421 5442 1677 5515; x_wconf 86' lang='lat' dir='ltr'><strong>deponent</strong></span> <span class='ocrx_word' id='word_1_797' title='bbox 1711 5443 1809 5501; x_wconf 85' lang='lat' dir='ltr'><strong>Le-</strong></span> 
     </span>
    </p>
   </div>
   <div class='ocr_carea' id='block_1_92' title="bbox 203 5522 1801 5609">
    <p class='ocr_par' dir='ltr' id='par_1_92' title="bbox 203 5522 1801 5609">
     <span class='ocr_line' id='line_1_92' title="bbox 203 5522 1801 5609; baseline 0.012 -34"><span class='ocrx_word' id='word_1_798' title='bbox 203 5523 331 5587; x_wconf 72' lang='lat' dir='ltr'><strong>pitte</strong></span> <span class='ocrx_word' id='word_1_799' title='bbox 381 5522 815 5595; x_wconf 76' lang='lat' dir='ltr'><strong>tabernaculum;</strong></span> <span class='ocrx_word' id='word_1_800' title='bbox 864 5545 985 5584; x_wconf 82' lang='lat' dir='ltr'><strong>cum</strong></span> <span class='ocrx_word' id='word_1_801' title='bbox 1037 5534 1548 5609; x_wconf 78' lang='lat' dir='ltr'><strong>castrametandunt,</strong></span> <span class='ocrx_word' id='word_1_802' title='bbox 1584 5536 1801 5609; x_wconf 73' lang='lat' dir='ltr'><strong>erigant.</strong></span> 
     </span>
    </p>
   </div>
   <div class='ocr_carea' id='block_1_93' title="bbox 198 5613 1803 5695">
    <p class='ocr_par' dir='ltr' id='par_1_93' title="bbox 198 5613 1803 5695">
     <span class='ocr_line' id='line_1_93' title="bbox 198 5613 1803 5695; baseline 0.009 -22"><span class='ocrx_word' id='word_1_803' title='bbox 198 5613 472 5686; x_wconf 64' lang='lat' dir='ltr'><strong>Quisquis</strong></span> <span class='ocrx_word' id='word_1_804' title='bbox 488 5626 835 5695; x_wconf 62' lang='lat' dir='ltr'><strong>emanarunt</strong></span> <span class='ocrx_word' id='word_1_805' title='bbox 861 5623 1156 5692; x_wconf 66' lang='lat' dir='ltr'><strong>occuluit,</strong></span> <span class='ocrx_word' id='word_1_806' title='bbox 1186 5624 1475 5682; x_wconf 84' lang='lat' dir='ltr'><strong>occidetur.</strong></span> <span class='ocrx_word' id='word_1_807' title='bbox 1499 5627 1569 5684; x_wconf 88' lang='lat' dir='ltr'><strong>Et</strong></span> <span class='ocrx_word' id='word_1_808' title='bbox 1591 5630 1648 5685; x_wconf 92' lang='lat' dir='ltr'><strong>in</strong></span> <span class='ocrx_word' id='word_1_809' title='bbox 1684 5638 1803 5686; x_wconf 86' lang='lat' dir='ltr'><strong>tan-</strong></span> 
     </span>
    </p>
   </div>
   <div class='ocr_carea' id='block_1_94' title="bbox 1908 4705 3505 4787">
    <p class='ocr_par' dir='ltr' id='par_1_94' title="bbox 1908 4705 3505 4787">
     <span class='ocr_line' id='line_1_94' title="bbox 1908 4705 3505 4787; baseline 0.01 -27"><span class='ocrx_word' id='word_1_810' title='bbox 1908 4720 2097 4760; x_wconf 69' lang='lat' dir='ltr'><strong>arcam</strong></span> <span class='ocrx_word' id='word_1_811' title='bbox 2140 4705 2271 4774; x_wconf 82' lang='lat' dir='ltr'><strong>Dei,</strong></span> <span class='ocrx_word' id='word_1_812' title='bbox 2325 4714 2375 4762; x_wconf 88' lang='lat' dir='ltr'><strong>et</strong></span> <span class='ocrx_word' id='word_1_813' title='bbox 2432 4711 2600 4765; x_wconf 87' lang='lat' dir='ltr'><strong>tenuit</strong></span> <span class='ocrx_word' id='word_1_814' title='bbox 2649 4729 2764 4768; x_wconf 85' lang='lat' dir='ltr'><strong>eam</strong></span> <span class='ocrx_word' id='word_1_815' title='bbox 2787 4755 2801 4781; x_wconf 91' lang='lat'><strong>,</strong></span> <span class='ocrx_word' id='word_1_816' title='bbox 2855 4717 3104 4787; x_wconf 84' lang='lat' dir='ltr'><strong>quoniam</strong></span> <span class='ocrx_word' id='word_1_817' title='bbox 3156 4715 3505 4779; x_wconf 79' lang='lat' dir='ltr'><strong>calcitrabaut</strong></span> 
     </span>
    </p>
   </div>
   <div class='ocr_carea' id='block_1_95' title="bbox 1914 4792 3504 4886">
    <p class='ocr_par' dir='ltr' id='par_1_95' title="bbox 1914 4792 3504 4886">
     <span class='ocr_line' id='line_1_95' title="bbox 1914 4792 3504 4886; baseline 0.012 -36"><span class='ocrx_word' id='word_1_818' title='bbox 1914 4792 2089 4872; x_wconf 72' lang='lat' dir='ltr'><strong>boues,</strong></span> <span class='ocrx_word' id='word_1_819' title='bbox 2119 4806 2169 4852; x_wconf 90' lang='lat' dir='ltr'><strong>et</strong></span> <span class='ocrx_word' id='word_1_820' title='bbox 2202 4798 2592 4858; x_wconf 82' lang='lat' dir='ltr'><strong>declinaverunt</strong></span> <span class='ocrx_word' id='word_1_821' title='bbox 2634 4821 2770 4861; x_wconf 89' lang='lat' dir='ltr'><strong>eam.</strong></span> <span class='ocrx_word' id='word_1_822' title='bbox 2800 4804 3083 4878; x_wconf 84' lang='lat' dir='ltr'><strong>Iratusque</strong></span> <span class='ocrx_word' id='word_1_823' title='bbox 3128 4818 3205 4864; x_wconf 88' lang='lat' dir='ltr'><strong>est</strong></span> <span class='ocrx_word' id='word_1_824' title='bbox 3252 4809 3504 4886; x_wconf 60' lang='lat' dir='ltr'><strong>indig‘na-</strong></span> 
     </span>
    </p>
   </div>
   <div class='ocr_carea' id='block_1_96' title="bbox 1914 4888 3507 4979">
    <p class='ocr_par' dir='ltr' id='par_1_96' title="bbox 1914 4888 3507 4979">
     <span class='ocr_line' id='line_1_96' title="bbox 1914 4888 3507 4979; baseline 0.013 -36"><span class='ocrx_word' id='word_1_825' title='bbox 1914 4889 2054 4957; x_wconf 79' lang='lat' dir='ltr'><strong>tione</strong></span> <span class='ocrx_word' id='word_1_826' title='bbox 2075 4888 2335 4948; x_wconf 82' lang='lat' dir='ltr'><strong>Dominus</strong></span> <span class='ocrx_word' id='word_1_827' title='bbox 2356 4905 2541 4953; x_wconf 81' lang='lat' dir='ltr'><strong>contra</strong></span> <span class='ocrx_word' id='word_1_828' title='bbox 2577 4894 2766 4964; x_wconf 69' lang='lat' dir='ltr'><strong>Oeam,</strong></span> <span class='ocrx_word' id='word_1_829' title='bbox 2791 4908 2841 4952; x_wconf 89' lang='lat' dir='ltr'><strong>et</strong></span> <span class='ocrx_word' id='word_1_830' title='bbox 2881 4899 3136 4969; x_wconf 77' lang='lat' dir='ltr'><strong>percussit</strong></span> <span class='ocrx_word' id='word_1_831' title='bbox 3175 4918 3296 4958; x_wconf 84' lang='lat' dir='ltr'><strong>eum</strong></span> <span class='ocrx_word' id='word_1_832' title='bbox 3348 4923 3507 4979; x_wconf 88' lang='lat' dir='ltr'><strong>super</strong></span> 
     </span>
    </p>
   </div>
   <div class='ocr_carea' id='block_1_97' title="bbox 1910 4985 3499 5063">
    <p class='ocr_par' dir='ltr' id='par_1_97' title="bbox 1910 4985 3499 5063">
     <span class='ocr_line' id='line_1_97' title="bbox 1910 4985 3499 5063; baseline 0.013 -27"><span class='ocrx_word' id='word_1_833' title='bbox 1910 4985 2225 5051; x_wconf 80' lang='lat' dir='ltr'><strong>temeritate,</strong></span> <span class='ocrx_word' id='word_1_834' title='bbox 2274 4988 2365 5058; x_wconf 78' lang='lat' dir='ltr'><strong>qui</strong></span> <span class='ocrx_word' id='word_1_835' title='bbox 2417 5000 2658 5045; x_wconf 78' lang='lat' dir='ltr'><strong>mortuus</strong></span> <span class='ocrx_word' id='word_1_836' title='bbox 2702 4999 2779 5046; x_wconf 72' lang='lat' dir='ltr'><strong>est</strong></span> <span class='ocrx_word' id='word_1_837' title='bbox 2826 4991 2900 5046; x_wconf 83' lang='lat' dir='ltr'><strong>ibi</strong></span> <span class='ocrx_word' id='word_1_838' title='bbox 2945 4992 3105 5063; x_wconf 73' lang='lat' dir='ltr'><strong>juxta</strong></span> <span class='ocrx_word' id='word_1_839' title='bbox 3153 5013 3336 5053; x_wconf 75' lang='lat' dir='ltr'><strong>arcam</strong></span> <span class='ocrx_word' id='word_1_840' title='bbox 3382 5000 3499 5056; x_wconf 86' lang='lat' dir='ltr'><strong>Dei.</strong></span> 
     </span>
    </p>
   </div>
   <div class='ocr_carea' id='block_1_98' title="bbox 1911 5074 3503 5163">
    <p class='ocr_par' dir='ltr' id='par_1_98' title="bbox 1911 5074 3503 5163">
     <span class='ocr_line' id='line_1_98' title="bbox 1911 5074 3503 5163; baseline 0.011 -30"><span class='ocrx_word' id='word_1_841' title='bbox 1911 5074 2075 5134; x_wconf 86' lang='lat' dir='ltr'><strong>Certe</strong></span> <span class='ocrx_word' id='word_1_842' title='bbox 2095 5077 2207 5135; x_wconf 83' lang='lat' dir='ltr'><strong>Oza</strong></span> <span class='ocrx_word' id='word_1_843' title='bbox 2234 5080 2540 5153; x_wconf 84' lang='lat' dir='ltr'><strong>injunctum</strong></span> <span class='ocrx_word' id='word_1_844' title='bbox 2562 5083 2665 5141; x_wconf 89' lang='lat' dir='ltr'><strong>sibi</strong></span> <span class='ocrx_word' id='word_1_845' title='bbox 2699 5082 2933 5141; x_wconf 77' lang='lat' dir='ltr'><strong>cilicium</strong></span> <span class='ocrx_word' id='word_1_846' title='bbox 2960 5088 3171 5163; x_wconf 82' lang='lat' dir='ltr'><strong>agebat,</strong></span> <span class='ocrx_word' id='word_1_847' title='bbox 3196 5090 3503 5163; x_wconf 87' lang='lat' dir='ltr'><strong>plaustrum</strong></span> 
     </span>
    </p>
   </div>
   <div class='ocr_carea' id='block_1_99' title="bbox 1910 5168 3501 5248">
    <p class='ocr_par' dir='ltr' id='par_1_99' title="bbox 1910 5168 3501 5248">
     <span class='ocr_line' id='line_1_99' title="bbox 1910 5168 3501 5248; baseline 0.014 -24"><span class='ocrx_word' id='word_1_848' title='bbox 1910 5168 2186 5238; x_wconf 85' lang='lat' dir='ltr'><strong>minabat;</strong></span> <span class='ocrx_word' id='word_1_849' title='bbox 2238 5181 2293 5227; x_wconf 90' lang='lat' dir='ltr'><strong>et</strong></span> <span class='ocrx_word' id='word_1_850' title='bbox 2319 5173 2566 5246; x_wconf 86' lang='lat' dir='ltr'><strong>obsequii</strong></span> <span class='ocrx_word' id='word_1_851' title='bbox 2593 5176 2713 5248; x_wconf 89' lang='lat' dir='ltr'><strong>ejus</strong></span> <span class='ocrx_word' id='word_1_852' title='bbox 2740 5191 2861 5233; x_wconf 87' lang='lat' dir='ltr'><strong>esse</strong></span> <span class='ocrx_word' id='word_1_853' title='bbox 2881 5178 3183 5248; x_wconf 88' lang='lat' dir='ltr'><strong>videbatur,</strong></span> <span class='ocrx_word' id='word_1_854' title='bbox 3210 5190 3272 5240; x_wconf 87' lang='lat' dir='ltr'><strong>ut</strong></span> <span class='ocrx_word' id='word_1_855' title='bbox 3318 5200 3501 5247; x_wconf 82' lang='lat' dir='ltr'><strong>arcam</strong></span> 
     </span>
    </p>
   </div>
   <div class='ocr_carea' id='block_1_100' title="bbox 1909 5258 3502 5341">
    <p class='ocr_par' dir='ltr' id='par_1_100' title="bbox 1909 5258 3502 5341">
     <span class='ocr_line' id='line_1_100' title="bbox 1909 5258 3502 5341; baseline 0.012 -25"><span class='ocrx_word' id='word_1_856' title='bbox 1909 5258 2029 5327; x_wconf 78' lang='lat' dir='ltr'><strong>Dei,</strong></span> <span class='ocrx_word' id='word_1_857' title='bbox 2068 5276 2229 5332; x_wconf 76' lang='lat' dir='ltr'><strong>quam</strong></span> <span class='ocrx_word' id='word_1_858' title='bbox 2259 5266 2671 5324; x_wconf 82' lang='lat' dir='ltr'><strong>recalcitrantes</strong></span> <span class='ocrx_word' id='word_1_859' title='bbox 2703 5268 2873 5327; x_wconf 77' lang='lat' dir='ltr'><strong>boves</strong></span> <span class='ocrx_word' id='word_1_860' title='bbox 2918 5272 3335 5341; x_wconf 73' lang='lat' dir='ltr'><strong>inclinaverunt,</strong></span> <span class='ocrx_word' id='word_1_861' title='bbox 3381 5293 3502 5335; x_wconf 87' lang='lat' dir='ltr'><strong>sus-</strong></span> 
     </span>
    </p>
   </div>
   <div class='ocr_carea' id='block_1_101' title="bbox 1906 5357 3535 5440">
    <p class='ocr_par' dir='ltr' id='par_1_101' title="bbox 1906 5357 3535 5440">
     <span class='ocr_line' id='line_1_101' title="bbox 1906 5357 3535 5440; baseline 0.008 -28"><span class='ocrx_word' id='word_1_862' title='bbox 1906 5364 2161 5413; x_wconf 87' lang='lat' dir='ltr'><strong>tentaret.</strong></span> <span class='ocrx_word' id='word_1_863' title='bbox 2187 5357 2388 5416; x_wconf 72' lang='lat' dir='ltr'><strong>Verum</strong></span> <span class='ocrx_word' id='word_1_864' title='bbox 2416 5359 2543 5431; x_wconf 87' lang='lat' dir='ltr'><strong>quia</strong></span> <span class='ocrx_word' id='word_1_865' title='bbox 2578 5375 2691 5418; x_wconf 91' lang='lat' dir='ltr'><strong>non</strong></span> <span class='ocrx_word' id='word_1_866' title='bbox 2718 5371 2840 5419; x_wconf 80' lang='lat' dir='ltr'><strong>erat</strong></span> <span class='ocrx_word' id='word_1_867' title='bbox 2860 5361 3017 5423; x_wconf 77' lang='lat' dir='ltr'><strong>oﬂlcii</strong></span> <span class='ocrx_word' id='word_1_868' title='bbox 3046 5367 3162 5440; x_wconf 69' lang='lat' dir='ltr'><strong>ejus</strong></span> <span class='ocrx_word' id='word_1_869' title='bbox 3192 5375 3251 5423; x_wconf 86' lang='lat' dir='ltr'><strong>ul.</strong></span> <span class='ocrx_word' id='word_1_870' title='bbox 3278 5384 3342 5424; x_wconf 83' lang='lat' dir='ltr'><strong>ea</strong></span> <span class='ocrx_word' id='word_1_871' title='bbox 3373 5384 3501 5426; x_wconf 86' lang='lat' dir='ltr'><strong>con-</strong></span> <span class='ocrx_word' id='word_1_872' title='bbox 3530 5420 3535 5425; x_wconf 91' lang='lat'><strong>.</strong></span> 
     </span>
    </p>
   </div>
   <div class='ocr_carea' id='block_1_102' title="bbox 1910 5450 3500 5536">
    <p class='ocr_par' dir='ltr' id='par_1_102' title="bbox 1910 5450 3500 5536">
     <span class='ocr_line' id='line_1_102' title="bbox 1910 5450 3500 5536; baseline 0.009 -30"><span class='ocrx_word' id='word_1_873' title='bbox 1910 5450 2168 5524; x_wconf 85' lang='lat' dir='ltr'><strong>tingeret,</strong></span> <span class='ocrx_word' id='word_1_874' title='bbox 2197 5452 2342 5527; x_wconf 86' lang='lat' dir='ltr'><strong>quod</strong></span> <span class='ocrx_word' id='word_1_875' title='bbox 2369 5451 2457 5509; x_wconf 89' lang='lat' dir='ltr'><strong>ille</strong></span> <span class='ocrx_word' id='word_1_876' title='bbox 2484 5453 2584 5511; x_wconf 91' lang='lat' dir='ltr'><strong>sibi</strong></span> <span class='ocrx_word' id='word_1_877' title='bbox 2614 5454 2765 5514; x_wconf 89' lang='lat' dir='ltr'><strong>visus</strong></span> <span class='ocrx_word' id='word_1_878' title='bbox 2807 5468 2891 5516; x_wconf 85' lang='lat' dir='ltr'><strong>est</strong></span> <span class='ocrx_word' id='word_1_879' title='bbox 2931 5458 3129 5519; x_wconf 84' lang='lat' dir='ltr'><strong>iecisse</strong></span> <span class='ocrx_word' id='word_1_880' title='bbox 3169 5462 3389 5536; x_wconf 88' lang='lat' dir='ltr'><strong>pietate,</strong></span> <span class='ocrx_word' id='word_1_881' title='bbox 3414 5480 3500 5521; x_wconf 89' lang='lat' dir='ltr'><strong>re-</strong></span> 
     </span>
    </p>
   </div>
   <div class='ocr_carea' id='block_1_103' title="bbox 1909 5544 3502 5621">
    <p class='ocr_par' dir='ltr' id='par_1_103' title="bbox 1909 5544 3502 5621">
     <span class='ocr_line' id='line_1_103' title="bbox 1909 5544 3502 5621; baseline 0.01 -24"><span class='ocrx_word' id='word_1_882' title='bbox 1909 5551 2156 5614; x_wconf 87' lang='lat' dir='ltr'><strong>putatum</strong></span> <span class='ocrx_word' id='word_1_883' title='bbox 2180 5544 2253 5601; x_wconf 89' lang='lat' dir='ltr'><strong>illi</strong></span> <span class='ocrx_word' id='word_1_884' title='bbox 2280 5560 2313 5599; x_wconf 89' lang='lat' dir='ltr'><strong>a</strong></span> <span class='ocrx_word' id='word_1_885' title='bbox 2345 5546 2459 5601; x_wconf 86' lang='lat' dir='ltr'><strong>Deo</strong></span> <span class='ocrx_word' id='word_1_886' title='bbox 2483 5554 2569 5602; x_wconf 86' lang='lat' dir='ltr'><strong>est</strong></span> <span class='ocrx_word' id='word_1_887' title='bbox 2599 5550 2916 5609; x_wconf 88' lang='lat' dir='ltr'><strong>terribiliter</strong></span> <span class='ocrx_word' id='word_1_888' title='bbox 2940 5554 2993 5609; x_wconf 91' lang='lat' dir='ltr'><strong>in</strong></span> <span class='ocrx_word' id='word_1_889' title='bbox 3037 5554 3424 5621; x_wconf 78' lang='lat' dir='ltr'><strong>temeritatem,</strong></span> <span class='ocrx_word' id='word_1_890' title='bbox 3445 5561 3502 5612; x_wconf 78' lang='lat' dir='ltr'><strong>at</strong></span> 
     </span>
    </p>
   </div>
   <div class='ocr_carea' id='block_1_104' title="bbox 1906 5636 3503 5721">
    <p class='ocr_par' dir='ltr' id='par_1_104' title="bbox 1906 5636 3503 5721">
     <span class='ocr_line' id='line_1_104' title="bbox 1906 5636 3503 5721; baseline 0.01 -31"><span class='ocrx_word' id='word_1_891' title='bbox 1906 5639 2117 5692; x_wconf 72' lang='lat' dir='ltr'><strong>tantam</strong></span> <span class='ocrx_word' id='word_1_892' title='bbox 2141 5636 2501 5694; x_wconf 83' lang='lat' dir='ltr'><strong>temeritatem</strong></span> <span class='ocrx_word' id='word_1_893' title='bbox 2521 5653 2641 5712; x_wconf 69' lang='lat' dir='ltr'><strong>quae</strong></span> <span class='ocrx_word' id='word_1_894' title='bbox 2677 5645 2862 5701; x_wconf 86' lang='lat' dir='ltr'><strong>statim</strong></span> <span class='ocrx_word' id='word_1_895' title='bbox 2886 5647 3080 5704; x_wconf 87' lang='lat' dir='ltr'><strong>mortis</strong></span> <span class='ocrx_word' id='word_1_896' title='bbox 3107 5647 3373 5721; x_wconf 81' lang='lat' dir='ltr'><strong>supplicio</strong></span> <span class='ocrx_word' id='word_1_897' title='bbox 3388 5647 3503 5721; x_wconf 77' lang='lat' dir='ltr'><strong>plo-</strong></span> 
     </span>
    </p>
   </div>
   <div class='ocr_carea' id='block_1_105' title="bbox 279 5739 2497 5908">
    <p class='ocr_par' dir='ltr' id='par_1_105' title="bbox 279 5739 2497 5908">
     <span class='ocr_line' id='line_1_105' title="bbox 279 5739 2497 5908; baseline 0.01 -29"><span class='ocrx_word' id='word_1_898' title='bbox 279 5837 314 5879; x_wconf 71' lang='lat' dir='ltr'><strong>o</strong></span> <span class='ocrx_word' id='word_1_899' title='bbox 342 5825 550 5887; x_wconf 63' lang='lat' dir='ltr'><strong>Didth</strong></span> <span class='ocrx_word' id='word_1_900' title='bbox 572 5827 785 5887; x_wconf 57' lang='lat' dir='ltr'><strong>tinctis.</strong></span> <span class='ocrx_word' id='word_1_901' title='bbox 810 5826 895 5888; x_wconf 77' lang='lat' dir='ltr'><strong>ita</strong></span> <span class='ocrx_word' id='word_1_902' title='bbox 919 5829 1096 5891; x_wconf 76' lang='lat' dir='ltr'><strong>codex</strong></span> <span class='ocrx_word' id='word_1_903' title='bbox 1119 5831 1325 5908; x_wconf 78' lang='lat' dir='ltr'><strong>regius.</strong></span> <span class='ocrx_word' id='word_1_904' title='bbox 1352 5833 1461 5892; x_wconf 82' lang='lat' dir='ltr'><strong>Sed</strong></span> <span class='ocrx_word' id='word_1_905' title='bbox 1489 5739 1876 5895; x_wconf 41' lang='lat' dir='ltr'><strong>MaBrn‘cPsiifIEs</strong></span> <span class='ocrx_word' id='word_1_906' title='bbox 2285 5839 2497 5901; x_wconf 76' lang='lat' dir='ltr'><strong>divinis.</strong></span> 
     </span>
    </p>
   </div>
  </div>
