4088 6344
607 380 715 450 155

1532 385 1595 448 s.
1633 388 1980 476 AGOBARDI
2019 385 2328 450 EPISCOPl
2364 373 2850 453 Luconususls

3773 392 3880 461 436

605 514 864 567 cteretur.
892 505 1068 576 Quam
1094 518 1211 561 rem
1229 503 1424 560 beatus
1448 503 1620 561 David
1641 507 1697 561 in
1720 514 1932 562 tantum
1954 507 2189 578 expavit,
2220 515 2275 578 Α
2298 503 2532 580 Cumque
2558 510 2866 580 respexisset
2895 525 3015 565 eum
3043 513 3269 568 Azarias
3303 514 3563 586 pontifex,
3601 524 3652 571 et
3697 533 3880 576 omnes

604 611 668 659 ut
690 609 951 674 sequatur
986 597 1291 669 Scriptura,
1321 596 1513 654 dicens
1546 614 1560 652 :
1586 596 1847 652 Extimuit
1877 598 2049 653 David
2081 598 2193 653 Do-

603 699 807 754 minum
834 697 891 750 in
917 694 1003 748 die
1029 692 1124 747 illa
1174 692 1354 747 dicens
1385 707 1403 747 :
1435 691 1710 759 Quomodo
1756 691 2079 763 ingredietur
2123 692 2194 748 ad

603 807 687 846 me
717 807 841 844 arca
869 786 1124 842 Domini?
1177 784 1248 840 Et
1295 784 1463 840 noluit
1521 784 1775 839 divertere
1802 785 1870 838 ad
1915 802 1970 840 se
2012 801 2192 840 arcam

600 880 815 936 Domini
836 880 891 932 in
918 879 1178 932 civitatem
1211 875 1412 941 Dauid;
1454 875 1546 930 sed
1575 875 1782 930 diuertit
1814 891 1929 929 eam
1952 875 2006 930 in
2035 875 2190 930 domo

604 973 904 1030 Obededom
932 971 1173 1027 Getthwi.
1214 971 1363 1028 Unde
1390 979 1447 1026 et
1485 978 1609 1042 post
1651 969 1868 1039 aliquod
1909 969 2186 1039 temporis,

600 1085 726 1124 cum
780 1067 1018 1122 audisset
1071 1065 1214 1135 quod
1271 1063 1639 1120 benedixisset
1696 1062 1958 1118 Dominus
2005 1059 2188 1118 domui

600 1160 909 1217 Obededom
942 1158 1175 1215 Getthaai
1220 1165 1444 1228 propter
1491 1172 1675 1212 arcam
1727 1155 1853 1222 Dei,
1883 1155 2092 1211 vocatis
2119 1154 2189 1210 ad

600 1269 660 1310 se
686 1253 1028 1324 principibus
1051 1251 1397 1307 sacerdotum
1423 1265 1488 1306 ac
1514 1249 1825 1305 Levitarum
1844 1289 1858 1314 ,
1885 1249 1965 1304 sic
1992 1247 2188 1320 legitur

597 1343 961 1413 praecepisse:
1007 1341 1104 1396 Vos
1151 1341 1240 1413 qui
1281 1342 1403 1395 estis
1440 1340 1702 1412 principes
1733 1337 2060 1411 familiarum
2087 1337 2188 1394 Le-

598 1433 909 1497 viticarum,
959 1431 1366 1501 sanctiﬁcamini
1416 1448 1538 1485 cum
1588 1430 1844 1500 fratribus
1895 1430 2184 1496 uestris,et

599 1528 784 1597 afferte
819 1542 998 1579 arcam
1029 1524 1242 1578 Domini
1261 1522 1356 1577 Dei
1381 1520 1552 1576 Israel
1575 1521 1644 1576 ad
1671 1520 1844 1576 locum
1862 1521 1953 1593 qui
1978 1522 2027 1577 ei
2046 1539 2184 1594 pra:-

596 1627 814 1690 paratus
844 1625 918 1672 est
939 1657 953 1681 ,
983 1633 1045 1670 ne
1083 1625 1139 1668 ut
1178 1633 1210 1668 a
1238 1614 1527 1686 principio,
1551 1615 1676 1684 quia
1707 1631 1811 1668 non
1853 1615 2015 1669 eratis
2047 1630 2184 1685 pra:-

597 1720 784 1775 sentes,
814 1709 1065 1780 percussit
1096 1724 1190 1762 nos
1220 1707 1514 1771 Dominus;
1566 1706 1641 1760 sic
1671 1717 1718 1760 et
1740 1724 1878 1762 nunc
1901 1708 1996 1776 ﬁat
2025 1708 2183 1762 illici-

596 1811 705 1856 tum
734 1800 861 1872 quid
893 1799 1038 1854 nobis
1073 1797 1364 1870 agentibus.
1406 1797 1448 1851 Ε
1485 1798 1761 1852 contrario
1782 1795 1944 1853 Ozias
1972 1813 2089 1864 rex,
2113 1800 2181 1854 de

2294 595 2482 670 reliqui
2524 599 2854 668 sacerdotes,
2877 601 3116 657 uiderunt
3146 602 3346 675 lepram
3377 606 3436 660 in
3464 606 3636 678 fronte
3659 608 3798 680 ejus,
3827 622 3880 666 et

2294 689 2542 760 festinato
2569 691 2879 764 expulerunt
2911 711 3048 749 eum.
3070 694 3176 751 Sed
3200 705 3249 751 et
3274 697 3382 768 ipse
3399 701 3710 770 perterritus
3733 719 3882 757 acce-

2292 782 2476 840 leravit
2502 785 2694 856 egredi,
2715 803 2775 841 eo
2809 787 2949 858 quod
2979 789 3221 844 sensisset
3254 790 3396 846 illico
3423 791 3634 864 plagam
3663 793 3880 850 Domini

2291 874 2383 948 (II
2409 875 2540 932 Par.
2569 895 2718 945 xxvi,
2748 880 2815 936 16
2840 880 3027 954 seqq.).
3071 881 3190 938 Tali
3245 884 3428 954 itaque
3471 894 3880 958 contemptores
3963 922 3966 924 -

2290 969 2634 1024 sacerdotum
2666 970 2867 1027 ultione
2913 971 3214 1040 feriuntur,
3241 974 3364 1030 talis
3405 975 3459 1030 in
3503 977 3879 1032 sacerdotibus

2289 1055 2547 1115 fortitudo
2575 1068 2630 1114 et
2656 1062 2964 1122 constantia
2991 1063 3339 1133 praedicatur.
3367 1064 3448 1122 Ob
3476 1067 3620 1124 hanc
3641 1075 3700 1123 et
3736 1067 3881 1122 Aza-

2289 1148 2400 1204 rias
2426 1150 2532 1207 iste
2565 1150 2825 1224 singulari
2856 1152 3015 1210 laude
3040 1155 3320 1222 attollitur,
3345 1157 3484 1214 sicut
3505 1158 3774 1231 scriptum
3794 1168 3879 1214 est

2287 1240 2354 1296 de
2395 1256 2481 1296 eo.
2513 1240 2742 1299 Azarias
2772 1243 3027 1302 sacerdos
3065 1247 3132 1302 de
3169 1263 3370 1319 genere
3400 1247 3602 1316 Aaron,
3634 1249 3751 1320 ipse
3795 1258 3880 1305 est

2285 1333 2379 1403 qui
2407 1335 2711 1391 sacerdotio
2736 1335 2954 1393 functus
2998 1346 3084 1396 est
3118 1339 3176 1395 in
3207 1340 3366 1398 domo
3390 1357 3554 1412 quam
3587 1341 3881 1397 aedificavit

2285 1421 2541 1480 Salomon
2570 1425 2626 1481 in
2658 1425 3019 1485 Hierusalem.

2351 1515 2442 1572 IX.
2473 1517 2646 1574 Tanta
2675 1520 2838 1592 igitur
2864 1522 3236 1580 sacerdotibus
3277 1525 3565 1582 sacerdotii
3611 1524 3879 1599 dignitate

2283 1608 2496 1676 collata,
2533 1612 2842 1683 prmeipitur
2865 1615 3061 1686 populo
3093 1623 3153 1670 ut
3188 1615 3270 1672 eis
3312 1615 3369 1671 in
3398 1617 3606 1672 cunctis
3631 1619 3873 1674 obediat.

2279 1701 2371 1757 Ait
2396 1702 2626 1773 denique
2665 1703 2915 1778 Moyses:
2950 1707 3208 1762 Accedent
3237 1708 3414 1781 itaque
3441 1708 3739 1765 sacerdotes
3772 1710 3875 1779 ﬁlii

2281 1791 2426 1859 Levi,
2462 1811 2590 1866 quos
2617 1795 2826 1867 elegerit
2855 1797 3114 1854 Dominus
3154 1798 3298 1856 Deus
3329 1811 3451 1856 tuus
3488 1811 3544 1854 ut
3573 1803 3875 1859 ministrent

596 1910 704 1966 quo
749 1893 949 1966 legitur
989 1890 1131 1961 quod
1163 1889 1473 1959 requisierit
1511 1889 1793 1944 Dominum
1814 1930 1829 1956 ,
1855 1877 2174 1945 et'dilexerit

2281 1886 2329 1939 ei
2353 1895 2402 1940 et
2431 1886 2736 1942 benedicant
2774 1889 2831 1943 in
2872 1892 3079 1945 nomine
3114 1890 3248 1962 ejus,
3271 1902 3319 1946 et
3359 1892 3427 1946 ad
3459 1892 3668 1946 verbum
3689 1911 3875 1959 eorum

595 1998 721 2038 eum
747 1983 802 2038 in
846 1981 1122 2046 omnibus,
1153 1995 1270 2033 cum
1328 1979 1604 2033 roboratus
1643 1988 1797 2045 esset,
1823 1979 2078 2035 eleuatum
2103 1989 2178 2035 est

595 2094 687 2132 cor
719 2077 834 2148 ejus
884 2075 939 2129 in
991 2074 1261 2128 interitum
1305 2088 1482 2137 suum,
1524 2081 1574 2127 et
1627 2071 1852 2143 neglexit
1896 2071 2180 2129 Dominum

593 2169 764 2227 Deum
793 2185 946 2225 suum
970 2185 988 2232 ;
1035 2168 1403 2237 ingressusque
1428 2164 1678 2236 templum
1709 2164 1948 2231 Domini,
1971 2165 2181 2222 adolere

593 2261 755 2317 uoluit
794 2262 1060 2314 incensum
1087 2273 1244 2328 super
1269 2255 1436 2310 altare
1482 2257 1872 2326 thymiamatis;
1902 2258 2182 2329 statimque

593 2354 860 2424 ingressus
898 2361 973 2406 est
1011 2359 1123 2420 post
1170 2364 1288 2402 eum
1331 2348 1556 2401 Azarias
1590 2347 1856 2414 sacerdos,
1881 2357 1929 2402 et
1961 2365 2080 2403 cum
2121 2365 2181 2403 eo

593 2445 892 2500 sacerdotes
921 2442 1136 2497 Domini
1186 2441 1468 2510 octoginta,
1501 2440 1601 2494 viri
1643 2439 1954 2510 fortissimi,
1977 2440 2181 2495 restite-

594 2546 718 2591 runt
750 2537 884 2607 regi,
907 2545 1062 2604 atque
1088 2534 1335 2586 dixerunt
1365 2546 1383 2584 :
1425 2530 1548 2585 Non
1589 2540 1667 2584 est
1711 2532 1788 2584 tui
1826 2531 1998 2602 ofﬁcii,
2025 2531 2179 2600 Otia,

593 2639 651 2685 ut
678 2627 892 2683 adoleas
918 2629 1184 2681 incensum
1213 2625 1464 2690 Domino,
1490 2625 1581 2679 sed
1597 2625 1948 2692 sacerdotum,
1963 2625 2060 2679 hoc
2080 2634 2177 2690 est,

589 2721 824 2792 ﬁliorum
871 2720 1084 2785 Aaron,
1119 2719 1209 2789 qui
1257 2716 1545 2770 consecrati
1599 2726 1720 2770 sunt
1771 2716 1841 2770 ad
1876 2697 2181 2787 Itujusmodi

591 2812 962 2866 ministerium.
983 2809 1246 2880 Egredere
1267 2807 1330 2861 de
1343 2808 1676 2872 sanctuario,
1695 2825 1758 2862 ne
1774 2809 2178 2880 contempseris:

589 2902 716 2972 quia
756 2917 862 2954 non
906 2900 1234 2971 reputabitur
1272 2897 1365 2951 tibi
1401 2899 1456 2952 in
1502 2897 1726 2968 gloriam
1765 2899 1863 2953 hoc
1893 2916 1926 2953 a
1954 2899 2180 2955 Domino

590 2991 722 3048 Deo.
750 2990 1032 3063 Iratusque
1081 3000 1154 3045 est
1200 2989 1401 3054 Ozias;
1439 3000 1486 3043 et
1518 3000 1696 3045 tenens
1723 2991 1777 3044 in
1810 3007 1969 3045 manu
2005 2992 2178 3045 thuri-

590 3083 772 3138 bulum
804 3093 860 3138 ut
890 3082 1121 3138 adoleret
1143 3085 1433 3147 incensum,
1451 3082 1751 3136 minabatur
1777 3083 2178 3150 sacerdotibus;

587 3176 871 3248 statimque
895 3185 1011 3230 orta
1038 3185 1111 3230 est
1143 3174 1287 3245 lepra
1314 3175 1370 3228 in
1398 3174 1569 3244 fronte
1591 3174 1706 3244 ejus
1727 3190 1904 3228 coram
1935 3175 2179 3231 sacerdo-

2283 1991 2434 2031 omne
2464 1979 2722 2049 negotium
2768 1990 2816 2034 et
2859 1981 3117 2054 quidquid
3153 1983 3406 2037 mundum
3436 1985 3514 2038 vel
3536 1984 3874 2042 immundum

2279 2077 2355 2122 est
2368 2068 2659 2139 judicetur.
2698 2070 2870 2138 Quam
2897 2072 2968 2128 sit
3002 2083 3185 2128 autem
3210 2075 3574 2144 perniciosum
3599 2092 3707 2132 uon
3735 2079 3872 2134 obe-

2280 2158 2397 2215 dire
2422 2162 2812 2230 sacerdotibus,
2845 2163 2985 2218 miro
3015 2165 3174 2221 modo
3199 2166 3363 2221 etiam
3403 2181 3501 2237 per
3537 2166 3758 2238 Moysen
3788 2169 3875 2224 di-

2281 2251 2422 2306 citur
2446 2270 2458 2305 :
2491 2251 2740 2320 Observa,
2769 2254 2963 2326 inquit,
2991 2255 3266 2327 diligenter
3291 2274 3354 2312 ne
3386 2257 3626 2313 incurras
3653 2258 3874 2330 plagam

2281 2340 2474 2414 leprw;
2513 2346 2604 2399 sed
2633 2346 2794 2415 facies
2817 2363 3140 2419 quaecunque
3184 2348 3455 2402 docuerint
3487 2358 3535 2403 te
3570 2351 3873 2406 sacerdotes

2280 2431 2499 2488 Levitici
2522 2437 2749 2507 generis,
2777 2435 2936 2507 juxta
2964 2437 3018 2491 id
3062 2438 3200 2508 quod
3234 2440 3454 2509 prcecepi
3482 2440 3578 2506 eis,
3619 2449 3667 2496 et
3711 2441 3875 2513 imple

2280 2524 2520 2582 sollicite.
2562 2526 2700 2583 Nam
2727 2544 2850 2583 cum
2878 2528 3028 2599 lepra
3055 2529 3344 2586 infirmitas
3367 2532 3609 2603 corporis
3637 2532 3730 2598 sit,
3770 2548 3874 2588 cur

2280 2632 2389 2674 non
2409 2617 2590 2688 potius
2617 2619 2840 2675 medicis
2872 2621 3228 2678 obedieudum
3266 2625 3526 2695 praecipit,
3556 2625 3648 2680 sed
3680 2640 3872 2681 sacer-

2280 2709 2530 2765 dotibus?
2557 2710 2662 2766 nisi
2680 2710 2808 2781 quia
2837 2711 3114 2767 humiliter
3143 2713 3412 2770 audiendo
3438 2715 3750 2771 sacerdotes
3774 2717 3870 2772 de-

2280 2800 2447 2857 clinat
2489 2803 2613 2872 quis
2642 2803 3036 2858 immunditiam
3081 2807 3299 2872 mentis,
3323 2806 3578 2864 .maxime
3619 2808 3869 2863 erroris:

2279 2893 2356 2948 ita
2388 2902 2566 2950 tamen
2595 2895 2640 2950 si
2670 2895 2920 2952 sacerdos
2945 2911 3010 2952 ea
3041 2897 3284 2954 docuerit
3307 2914 3427 2969 quae
3448 2898 3711 2955 Dominus
3732 2914 3875 2970 prae-

2279 2987 2445 3057 cepit.
2477 2985 2590 3043 Hoc
2631 2995 2713 3043 est
2736 2988 2882 3043 enim
2927 2989 3071 3060 quod
3100 2989 3272 3044 dicit:
3315 2989 3504 3046 Facies
3543 3007 3872 3062 quwcunque

2278 3079 2553 3135 docuerint
2603 3089 2653 3136 te
2692 3080 3007 3148 sacerdotes,
3032 3081 3191 3152 juxta
3235 3081 3290 3136 id
3325 3082 3464 3154 quod
3507 3085 3732 3155 prwcepi
3769 3085 3869 3140 eis.

2277 3171 2414 3228 Nam
2443 3185 2470 3214 ει
2497 3171 2545 3228 si
2573 3170 2826 3228 sacerdos
2854 3169 3000 3227 aliud
3037 3171 3278 3228 docuerit
3305 3187 3470 3243 quam
3511 3173 3654 3244 quod
3683 3172 3871 3228 Domi-

587 3267 727 3324 tibus
777 3268 835 3322 in
882 3267 1038 3322 domo
1090 3265 1304 3322 Domini
1352 3281 1510 3336 super
1567 3263 1734 3320 altare
1794 3264 2172 3335 thymiamatis.
2203 3265 2248 3328 C
2280 3280 2383 3320 nus
2399 3263 2586 3336 jussit,
2612 3261 2856 3334 quisquis
2893 3261 2944 3318 ei
2972 3262 3376 3331 auscultaverit,
3402 3263 3649 3335 leprosus
3687 3263 3872 3336 lepro-

1962 3379 2095 3436 BAL
2104 3380 2237 3438 UZII
2273 3379 2508 3439 ΝΟΤᾸΞ.

660 3493 689 3523 ι
717 3477 775 3536 Si
802 3477 1047 3536 sacerdos
1081 3475 1230 3530 aliud
1259 3474 1515 3530 docuerit.
1547 3472 1734 3544 Itaque
1773 3473 1818 3528 si
1855 3476 2170 3532 sacerdotes

586 3551 839 3609 haeresim
863 3550 1116 3613 doceant,
1149 3555 1244 3601 aut
1269 3546 1545 3618 quidpiam
1571 3552 1761 3599 contra
1791 3545 1970 3618 bonos,
1986 3562 2170 3618 mores

586 3627 910 3695 proponant,
943 3619 1025 3674 fas
1073 3627 1158 3673 est
1200 3615 1397 3744 populo
1433 3615 1688 3670 resistere
1713 3624 1786 3697 ,ει
1823 3617 2172 3698 ρι’τεᾱὶαιιὶο-

587 3709 714 3744 nem
737 3706 926 3744 eorum
963 3703 1239 3744 spernere.
1320 3695 1426 3742 teet
1451 3701 1582 3744 ergo
1611 3686 1869 3744 subiectis
1917 3696 2172 3743 excutere

587 3685 714 3750 item
737 3685 926 3748 eorum
963 3685 1239 3760 spernere.
1271 3685 1431 3760 Licet
1451 3701 1582 3756 ergo
1611 3685 2173 3760 subjectishexcutere

587 3776 872 3820 sermones
891 3755 1324 3832 praepositorum,
1351 3755 1549 3832 saltem
1579 3755 1794 3828 quoties
1837 3756 2042 3828 aliquid
2083 3759 2171 3829 ju-

585 3833 718 3916 ιξριιι
742 3827 1022 3916 quaem
1039 3845 1226 3916 επακ.
1245 3827 1542 3916 δοςίριιξτξε
1583 3827 2175 3916 cong.lieea£lecﬁ:ar

586 3898 798 3961 ditioni.
828 3901 1144 3973 Eleganter,
1173 3908 1234 3973 ut
1261 3899 1420 3973 solet,
1445 3898 1550 3953 hoc
1569 3898 1949 3973 argumentum
1973 3908 2172 3954 tractat

585 3977 650 4031 D.
684 3969 952 4030 Erasmus
977 3973 1031 4028 in
1056 3971 1186 4026 illud
1223 3985 1254 4026 e
1293 3971 1468 4040 capite
1497 3984 1632 4040 χχιιι
1658 3969 1937 4040 Evangelii
1973 3985 2168 4026 secun-

587 4046 713 4100 dum
741 4045 1070 4106 Matthteum,
1128 4042 1298 4112 Super
1323 4038 1628 4112 cathedram
1675 4038 1880 4109 Moysi,
1921 4047 2056 4108 etc.,
2077 4041 2171 4097 ubi

586 4115 668 4170 sic
696 4115 933 4184 loquitur
966 4132 978 4184 :
1010 4132 1026 4162 ι
1061 4110 1216 4184 Hune
1266 4111 1443 4184 locum
1488 4110 1709 4180 quidam
1760 4123 1848 4184 eo
1874 4119 2168 4184 torquent,

588 4185 742 4254 quasi
768 4181 1078 4254 parendum
1107 4182 1180 4254 sit
1222 4181 1474 4254 omnibus
1522 4195 1658 4254 _qute
1689 4181 2015 4254 prtecipiunt
2055 4181 2172 4252 epi-

586 4250 756 4326 scopi,
781 4250 876 4309 aut
895 4251 1191 4326 prmpositi,
1217 4251 1578 4326 etiamimpii,
1611 4250 1680 4304 ob
1708 4251 1952 4326 muneris
1981 4250 2168 4326 aucto-

587 4321 836 4392 ritatem;
867 4321 990 4381 cum
1011 4321 1268 4378 Christus
1294 4323 1360 4377 de
1386 4321 1454 4376 iis
1477 4321 1732 4392 loquatur
1765 4321 1858 4390 qui
1897 4330 2042 4377 recte
2070 4322 2170 4378 do-

585 4406 772 4454 cerent
806 4391 976 4469 legem
1009 4393 1320 4469 Mosaicam,
1356 4407 1464 4469 non
1497 4391 1587 4462 qui
1620 4391 1735 4446 suis
1785 4393 2171 4469 constitutiun-

584 4469 722 4525 culis
751 4461 1108 4539 illaq'uearent
1138 4465 1404 4539 homines.
1430 4461 1687 4539 lta’nunc
1719 4477 1935 4539 quoque
1970 4462 2172 4539 {gl-ras.

584 4540 664 4615 sis
685 4535 984 4615 audiendus
1010 4537 1080 4615 sit
1125 4536 1432 4607 episcopus,
1463 4535 1556 4603 qui
1589 4541 1736 4615 recte
1753 4535 1950 4615 doceat
1993 4535 2172 4590 Evan-

582 4611 802 4681 gelium,
819 4609 1032 4666 etiamsi
1049 4603 1175 4681 ipse
1188 4603 1704 4681 parumevangelice
1715 4605 1880 4681 vivat.
1901 4605 2171 4661 Caeterum

584 4675 708 4750 quis
735 4675 875 4738 ferat
897 4695 1012 4743 eos,
1043 4675 1302 4750 adversus
1332 4675 1534 4750 Christi
1570 4675 1895 4739 doctrinam,
1928 4691 2035 4750 pro
2063 4692 2172 4750 suo

2272 3473 2520 3545 exsequi,
2548 3479 2863 3545 utimaneat
2912 3471 3168 3529 fraternae
3206 3476 3511 3530 concordia:
3560 3474 3864 3531 vinculum.

2271 3543 2504 3614 Quodsi
2546 3543 2676 3618 quid
2692 3558 2866 3618 grave
2887 3553 3050 3618 atque
3089 3545 3628 3618 asperuntsubjectis
3681 3546 3864 3618 impo-

2272 3626 2406 3673 nant
2431 3615 2734 3688 przepositi,
2760 3615 2989 3688 tenenda
3025 3624 3111 3670 est
3135 3615 3419 3688 patientia,
3443 3632 3621 3688 neque
3668 3615 3863 3688 staiim

2273 3684 2664 3757 adversus—eos
2710 3684 3048 3757 frementium
3091 3684 3207 3751 est;
3255 3687 3470 3757 quibus,
3515 3684 3729 3744 tametsi
3778 3689 3866 3743 di-

2273 3757 2412 3827 scoli.
2436 3757 2568 3823 sint,
2606 3755 2966 3827 obediendum
2997 3765 3100 3822 εει,
3133 3773 3202 3812 ne
3227 3755 3514 3813 discidium
3542 3759 3814 3814 excitetur
3839 3799 3858 3826 ,

2272 3825 2433 3884 modo
2461 3825 2842 3900 neucogantad
2868 3827 3246 3900 impietatem,
3271 3827 3445 3900 Audio
3471 3829 3735 3900 quosdam
3776 3825 3869 3885 di-

2272 3907 2457 3955 centes
2486 3896 2842 3970 nihil’profici
2872 3896 3156 3970 patientia,
3198 3899 3304 3953 nisi
3332 3907 3394 3953 ut
3433 3896 3687 3970 graviora
3739 3909 3866 3956 tan-

2272 3985 2434 4041 quam
2463 3985 2532 4025 ex
2552 3967 2698 4041 facili
2723 3967 3080 4041 tolerantibus
3100 3967 3460 4040 imperentur:
3490 3971 3692 4027 Verum
3723 3971 3862 4028 illud

2272 4038 2547 4112 interdum
2577 4039 2768 4112 fateor.
2801 4038 2929 4112 ASed
2956 4040 3158 4112 malum
3178 4038 3331 4112 quod
3376 4041 3566 4098 tollere
3594 4057 3702 4097 non
3728 4057 3862 4112 pos-

2271 4111 2369 4177 sis,
2406 4126 2560 4181 :equo
2588 4110 2769 4182 animo
2793 4106 3079 4182 ferendum
3103 4106 3559 4182 esthuanquam
3604 4106 3861 4169 non-re-

2270 4183 2431 4253 quiro
2462 4179 2712 4254 servilem
2729 4180 3071 4254 patientiam,
3092 4199 3131 4254 Aa
3159 4179 3464 4254 qua’procul
3489 4183 3864 4254 abesseopor-

2271 4251 2350 4324 tet
2375 4267 2471 4324 eos
2489 4251 2582 4321 qui
2616 4251 2673 4324 in
2699 4251 3046 4324 adoptionem
3079 4251 3312 4308 filiorum
3345 4254 3440 4308 Dei
3465 4251 3862 4324 ascriptisunt.

2272 4321 2381 4379 Sed
2410 4321 2678 4394 ejusmodi
2699 4321 2823 4394 volo
2850 4337 2971 4378 esse
3002 4325 3343 4394 patientiam,
3375 4339 3496 4393 quae
3520 4321 3726 4380 Christi
3771 4339 3866 4380 so-

2271 4394 2574 4449 ctatoribus
2593 4393 2755 4462 digna
2782 4393 2881 4458 sit;
2914 4393 3017 4449 hoc
3043 4404 3150 4459 est,
3178 4410 3299 4465 quae
3339 4412 3449 4450 non
3471 4395 3542 4451 sit
3569 4394 3816 4466 projecta
3841 4436 3861 4464 ,

2271 4478 2448 4537 neque
2479 4480 2698 4537 rursum
2718 4473 3031 4530 contumax,
3054 4466 3148 4521 sed
3177 4475 3432 4537 constans
3469 4475 3522 4521 et
3565 4481 3858 4537 generosa.

2272 4535 2365 4609 Sic
2417 4535 2665 4609 fortassis
2718 4537 3100 4609 mitigabuntur
3169 4535 3388 4609 feroces
3443 4535 3863 4609 praepositorum

2273 4608 2462 4663 animi.
2490 4607 2567 4680 Et
2593 4607 2638 4662 si
2660 4607 2866 4680 cmtera
2883 4607 3122 4680 remedia
3149 4608 3350 4675 desint,
3383 4607 3509 4664 licet
3530 4611 3864 4680 quandoque

2273 4679 2534 4752 subjectis
2566 4693 2791 4752 monere
2838 4678 3217 4752 dominantes,
3233 4680 3279 4752 si
3326 4680 3456 4750 quid
3503 4687 3590 4735 est
3629 4678 3865 4752 alicujus

585 4746 868 4808 commodo
894 4751 1018 4807 lixis
1047 4765 1110 4804 ac
1139 4747 1326 4820 relisis
1352 4746 1562 4815 legibus
1592 4759 1800 4798 meram
1823 4747 2169 4820 tyrannidem
2193 4760 2247 4820 D
2271 4746 2552 4812 momenti,
2588 4758 2682 4803 aut
2713 4749 2758 4803 si
2779 4756 3006 4820 peccent
3034 4748 3088 4804 iu
3132 4746 3362 4820 publica
3389 4752 3694 4808 commoda.
3729 4746 3868 4807 [nsi-

584 4832 901 4879 exercentes
926 4823 981 4877 iu
1003 4818 1280 4893 populum,
1307 4831 1514 4893 suoque
1536 4824 1751 4893 quaestu
1781 4817 1855 4893 ac;
1883 4817 2168 4888 majestate
2193 4817 2233 4820 _
2272 4822 2502 4893 gnisest
2550 4820 2605 4893 in
2648 4835 2769 4893 eam
2805 4834 2922 4893 rem
2952 4819 3104 4876 locus
3131 4817 3394 4893 :Gjregorii
3413 4822 3589 4892 Magni
3634 4824 3690 4878 in
3719 4822 3866 4878 libro

583 4894 872 4948 metientes
893 4886 1109 4948 omnia?
1130 4888 1233 4956 Qui
1271 4886 1764 4958 constitutiunculis
1788 4888 1854 4943 ad
1875 4886 2165 4958 quaestum,

583 4963 1022 5035 adtyrannidem
1065 4957 2016 5035 excogitatis_irretiunt_populum,
2057 4977 2166 5035 non

581 5028 777 5090 sede'nt
802 5035 858 5089 in
903 5033 1160 5089 cathedra
1207 5028 1552 5101 evangelica,
1588 5029 1684 5084 sed
1712 5028 1766 5084 in
1795 5028 2052 5088 cathedra
2083 5033 2160 5090 Si-

583 5105 762 5161 monis
788 5104 949 5174 Magi,
974 5112 1068 5174 aut
1098 5099 1393 5174 Caiphae.)
1436 5099 1590 5174 Unde
1607 5107 1672 5174 _et
1694 5101 1937 5174 graviter
1981 5115 2166 5160 mone'

583 5121 762 5161 monts
788 5121 868 5160 ma
913 5122 949 5170 ι,
974 5121 1068 5158 ant
1098 5121 1335 5172 balpnw.
1374 5121 1393 5152 ι
1441 5121 1590 5154 unus:
1616 5121 1672 5154 et
1694 5121 1937 5169 gravuer
1981 5121 2165 5160 mone'

581 5175 853 5232 Goll‘ridus
874 5121 1310 5231 sVindocincnsis
1341 5171 1395 5226 in
1429 5171 1656 5242 epistola
1702 5169 1766 5225 27
1814 5170 1938 5229 libri
1982 5191 2044 5230 ιιι
2096 5174 2165 5230 ad

580 5247 954 5304 Hildebertum
1002 5243 1474 5299 Cenomannorum
1517 5243 1831 5313 episcopum
1879 5247 2124 5301 scribens
2147 5285 2161 5309 ,

582 5333 690 5375 non
720 5333 841 5375 esse
878 5314 1238 5384 obedientium
1266 5313 1522 5384 praelatis,
1543 5313 1604 5384 isi
1649 5314 1780 5384 quid
1800 5325 1988 5371 contra
2017 5316 2167 5371 Scri-

578 5399 793 5462 pturam
820 5397 915 5445 aut
933 5401 1171 5462 canones
1185 5383 1445 5462 jubeant.
1482 5403 1500 5436 ι
1539 5383 1772 5462 Praelato
1797 5386 2013 5462 quidem
2043 5387 2169 5442 obe-

579 5456 834 5516 diendum
880 5467 995 5528 est,
1049 5457 1246 5527 inquit,
1299 5473 1406 5512 non
1435 5465 1616 5511 tamen
1658 5457 1712 5510 in
1730 5456 1993 5528 pmuibus
2044 5473 2165 5526 quae

580 5531 697 5608 ipse
720 5527 988 5608 suggerit,
1015 5531 1112 5588 sed
1138 5531 1190 5584 in
1219 5530 1304 5584 his
1335 5536 1544 5608 tantum
1576 5543 1708 5608 quae
1727 5527 2161 5608 Deuspraecipit.

627 5618 715 5675 am
741 5597 943 5675 si'quid
970 5597 1164 5660 contra
1191 5599 1640 5675 constitutionem
1671 5598 1767 5652 Dei
1810 5597 1893 5650 vel
1938 5597 2164 5675 Patrum

575 5674 784 5747 praelati
809 5668 1154 5747 praecipiunt,
1183 5672 1366 5747 statim
1389 5669 1777 5747 auctoritatem
1811 5668 2163 5747 praecipiendi

577 5738 856 5814 amittunt,
877 5755 933 5803 et
946 5738 1000 5801 in
1029 5746 1117 5800 illa
1140 5759 1199 5798 re
1213 5743 1624 5814 nullatenusest
1637 5741 1716 5796 eis
1729 5738 2107 5814 obedientium.
2137 5760 2158 5792 ι

577 5814 653 5872 Ea
678 5809 937 5875 nimirum
964 5830 1180 5885 semper
1209 5809 1793 5885 fuit_Ecclesi:emens_,
1821 5811 2019 5866 debere
2059 5825 2160 5882 po-

573 5888 733 5964 pulos
776 5903 914 5972 esse
945 5881 1540 5978 subjectosepiseopis,
1568 5881 1948 5974 imperiaque,
1969 5881 2163 5948 eorum

2270 4888 2378 4965 inv
2407 4890 2690 4965 Moralium
2720 4891 2776 4944 in
2816 4888 2937 4965 Job,
2966 4905 3092 4965 _cap.
3122 4891 3187 4945 21
3222 4888 3301 4965 :‘t
3328 4888 3678 4965 lgituridum
3709 4893 3864 4949 salva

2271 4961 2377 5035 ﬁde
2422 4977 2514 5035 _res
2561 4961 2761 5035 agitur,
2790 4963 3019 5035 virtutis
3036 4961 3123 5018 est
3170 4961 3450 5030 meritum,
3501 4963 3546 5018 si
3588 4965 3865 5035 quidquid

2267 5033 2467 5108 prioris
2487 5039 2587 5097 est,
2603 5031 2902 5108 toleratur.
2929 5032 3097 5108 Debet
3123 5041 3307 5108 tamen
3329 5031 3864 5108 humiﬁter'suggeri,

2270 5103 2314 5159 Si
2346 5103 2580 5160 fortasse
2607 5103 2786 5158 valeat
2812 5105 2958 5174 quod
3001 5103 3252 5175 displicet
3288 5105 3589 5162 emendari.
3623 5103 3742 5162 Sed
3765 5121 3866 5161 cu-

2268 5175 2501 5246 randum
2528 5189 2871 5246 summopere
2905 5185 3008 5242 est,
3040 5191 3110 5232 ne
3147 5177 3203 5233 in
3253 5179 3563 5246 superbiam
3609 5184 3866 5234 transeat

2261 5245 2487 5317 justitia:
2513 5245 2844 5317 inordinata
2891 5246 3166 5315 defensio;
3197 5265 3268 5306 ne
3307 5245 3435 5306 dum
3466 5250 3738 5306 rectitude
3768 5249 3862 5304 in-

2267 5315 2429 5391 caute
2455 5315 2718 5388 diligitur,
2761 5318 2876 5388 ipsa
2905 5319 3170 5391 magistra
3208 5321 3552 5377 rectitudinis
3572 5319 3862 5378 humilitas

2269 5389 2584 5464 amittatur;
2613 5404 2683 5443 ne
2719 5404 2862 5464 eum,
2885 5391 2990 5464 sibi
3007 5389 3254 5464 praeesse
3287 5392 3520 5464 quisque
3547 5392 3813 5463 despiciat
3838 5431 3858 5459 ,

2267 5475 2430 5535 quem
2461 5459 2688 5535 fortasse
2720 5462 2988 5534 contingit
3017 5459 3077 5516 ut
3126 5464 3180 5517 in
3207 5459 3389 5535 aliqua
3417 5459 3864 5534 actione—repre-

2267 5529 2489 5586 hendat.
2515 5529 2720 5606 _Contra
2749 5535 2891 5606 hunc
2914 5529 3188 5606 tumorem
3210 5529 3495 5606 superbiae,
3511 5529 3861 5606 subditorum

2267 5616 2424 5672 mens
2462 5601 2530 5655 ad
2572 5604 2873 5659 custodiam
2928 5601 3614 5672 huntilitatis'edomatur,
3667 5606 3716 5661 si
3767 5605 3862 5660 in-

2271 5670 2502 5746 firmitas
2530 5676 2749 5746 prOpria
2772 5676 3110 5730 incessanter
3139 5679 3455 5732 attenditur.
3489 5696 3508 5730 s
3543 5670 3680 5732 Vide
3705 5691 3864 5733 eum-

2273 5742 2740 5820 demﬁGre’gorium
2772 5746 2828 5800 in
2859 5747 2997 5820 libro
3028 5761 3066 5801 ιι
3097 5747 3166 5802 de
3187 5748 3342 5820 Cura
3379 5747 3670 5815 Pastorali,
3726 5763 3857 5820 cap.

2269 5811 2324 5866 8.
2383 5811 2489 5869 Gre
2527 5811 2705 5870 orium
2757 5819 3003 5888 sequitur
3052 5828 3272 5875 sanctus
3313 5819 3624 5877 Bernardus
3656 5811 3862 5876 abbas

2269 5830 2704 5944 Clarevaﬁensis.
2731 5893 2826 5944 aui
2845 5890 2926 5944 sic
2952 5889 3021 5944 ad
3057 5890 3363 5944 Euaenium
3388 5890 3456 5944 ιιι
3482 5906 3679 5944 uanam
3718 5891 3862 5944 seri.

2269 5880 2704 5962 Clarevallensis,
2731 5880 2926 5964 qui'sic
2952 5889 3021 5951 ad
3057 5890 3363 5970 Eugenium
3388 5890 3456 5954 ιιι
3481 5906 3680 5968 papam
3718 5891 3869 5954 scri-
