4088 6344
245 343 356 400 157

1286 340 1378 400 DE
1413 340 1667 415 PRIVIL.
1707 340 1796 398 ET
1833 337 2007 399 JURE
2045 340 2479 400 SACERDOTII.

3428 343 3532 402 158

237 476 365 518 sum
419 457 687 528 sequitur,
732 461 789 511 et
833 468 1009 510 caecus
1053 467 1286 522 caecum;
1344 463 1399 512 ct
1441 465 1834 528 consequenter
1859 461 1914 524 Α
1935 458 2129 528 scripta
2156 465 2278 513 sunt
2301 473 2320 512 :
2346 457 2598 529 quoniam
2620 452 2785 510 'debet
2805 455 2863 509 in
2903 471 2992 527 spe
3019 455 3107 527 qui
3137 466 3254 511 arat
3278 475 3455 527 arare,
3483 471 3532 516 et

235 552 405 606 ambo
448 549 514 604 de
555 547 749 604 castris
790 545 1149 616 expellentur,
1205 548 1472 618 amboque
1521 549 1578 604 in
1625 547 1837 602 foveam

236 643 459 701 cadent.
510 639 628 695 Non
673 654 802 710 ergo
827 638 972 694 aliud
1012 639 1205 695 doceat
1244 641 1522 706 sacerdos,
1551 640 1656 696 nisi
1694 640 1840 710 quod

235 735 508 792 Dominus
554 731 819 802 praecipit,
870 738 932 785 ut
975 731 1268 787 salubriter
1315 733 1583 787 audiatur.
1644 731 1736 788 Sic
1785 739 1840 787 et

236 829 515 890 Ezechieli
543 827 805 885 Dominus
828 826 1068 897 loquitur
1091 844 1104 881 :
1130 826 1326 881 Audies
1354 843 1476 898 ergo
1511 843 1576 881 ex-
1608 843 1696 881 ονε
1723 841 1838 880 meo

235 939 558 986 sermonem,
599 929 649 976 et
671 919 1008 975 annuntiabis
1052 919 1126 973 eis
1152 935 1218 974 ea:
1254 936 1357 972 me.
1390 918 1613 985 Audies,
1643 917 1836 988 inquit,

235 1031 352 1074 non
371 1013 612 1078 aliunde,
650 1011 745 1067 sed
767 1027 834 1066 ex
861 1026 949 1066 ore
983 1027 1117 1075 meo,
1161 1019 1209 1065 et
1249 1010 1585 1064 annuntiabis
1627 1025 1692 1064 ea:
1733 1025 1835 1075 me,

236 1124 352 1165 non
376 1124 446 1164 ex
486 1114 540 1162 te
564 1125 576 1159 :
610 1105 734 1174 quia
763 1103 854 1174 qui
882 1102 1122 1174 loquitur
1152 1104 1513 1170 mendacium,
1544 1103 1610 1159 de
1637 1118 1736 1158 suo
1759 1102 1838 1158 lo-

234 1201 449 1273 quitur.
480 1198 526 1253 E
552 1196 827 1253 contrario
856 1203 1059 1261 autem,
1095 1211 1245 1249 autne
1273 1195 1456 1249 datum
1487 1196 1758 1267 optimum,
1789 1204 1837 1248 et

235 1311 395 1350 omne
427 1293 625 1346 donum
662 1290 967 1362 perfectum,
997 1288 1272 1343 desursum
1302 1297 1398 1354 est,
1444 1297 1492 1343 et
1519 1287 1612 1342 luas
1651 1288 1840 1342 verita-

236 1384 309 1440 tis
351 1401 384 1438 a
434 1392 582 1454 patre
626 1380 885 1434 luminum
923 1388 1032 1443 est;
1064 1393 1166 1434 nec
1194 1387 1277 1434 est
1301 1378 1469 1433 ullum
1503 1379 1705 1434 bonum
1745 1386 1840 1433 aut

236 1492 454 1539 verum,
487 1473 592 1530 nisi
620 1474 688 1528 ab
725 1488 790 1528 eo
815 1472 906 1544 qui
935 1471 1082 1526 solus
1116 1485 1244 1525 vere
1271 1478 1464 1524 natura
1492 1477 1576 1524 est
1605 1469 1798 1525 bonus.

312 1567 384 1625 Χ.
416 1567 522 1623 Sed
549 1566 832 1620 videamus
858 1571 1039 1618 utrum
1066 1563 1374 1633 apostolicae
1397 1577 1611 1632 quoque
1644 1561 1838 1616 litterae

237 1667 610 1719 consonanter
639 1658 743 1728 legi
773 1658 838 1712 de
859 1657 943 1711 his
972 1656 1219 1710 doceant.
1252 1655 1448 1710 Beatus
1477 1655 1677 1710 Paulus
1715 1634 1839 1723 apo;

239 1752 422 1808 stolus
445 1749 504 1804 ad
531 1748 789 1804 Hebraeos
809 1746 1055 1801 scribens
1098 1763 1111 1798 :
1158 1742 1393 1810 Obedite,
1417 1744 1511 1810 ait,
1542 1746 1836 1815 prwpositis

1939 549 2029 620 qui
2059 550 2294 614 triturat,
2330 548 2387 603 in
2423 564 2513 620 spe
2536 547 2742 617 fructus
2782 549 3121 620 percipiendi.
3151 549 3212 604 Si
3255 567 3348 606 nos
3389 553 3536 609 vobis

1940 642 2204 713 spiritalia
2225 642 2619 708 seminavimus,
2648 657 2898 714 magnum
2933 651 3008 698 est
3031 643 3077 697 si
3101 651 3272 698 vestra
3294 645 3539 702 carnalia

1940 746 2213 792 metamus.
2267 737 2338 792 Et
2376 743 2499 807 post
2541 749 2756 806 pauca:
2794 731 3022 789 Nescitis
3062 735 3313 806 quoniam
3353 737 3445 808 qui
3481 737 3541 791 in

1940 828 2178 883 sacrario
2212 835 2514 898 operantur,
2547 841 2663 898 quae
2689 826 2752 880 de
2782 827 3018 880 sacrario
3040 837 3182 892 sunt,
3215 825 3415 895 edunt;
3447 831 3542 901 qui

1942 917 2134 972 altario
2176 917 2489 982 deserviunt,
2529 933 2649 971 cum
2688 915 2878 970 altario
2922 917 3352 988 participantur?
3379 917 3465 973 Ita
3490 925 3543 973 et

1940 1008 2198 1064 Dominus
2250 1008 2511 1063 ordinavit
2556 1008 2637 1062 his
2679 989 2770 1080 qui
2808 1007 3156 1079 Evangelium
3196 1011 3538 1076 annuntiant,

1946 1103 2012 1158 de
2040 1101 2326 1174 Evangelia
2350 1104 2533 1158 vivere.
2561 1103 2805 1174 Itemque
2823 1103 2898 1159 ibi
2925 1119 2938 1157 :
2974 1102 3200 1160 Obsecro
3224 1115 3398 1161 autem
3427 1123 3538 1173 vos,

1943 1201 2153 1270 fratres,
2195 1199 2360 1254 nostis
2405 1198 2618 1253 domum
2662 1197 2946 1270 Stephano:
2984 1207 3032 1253 et
3062 1197 3372 1268 Fortunati,
3401 1218 3538 1273 quo-

1941 1291 2086 1345 niam
2113 1297 2235 1344 sunt
2274 1289 2520 1361 primitite
2561 1289 2798 1355 Achaiae,
2828 1300 2876 1344 et
2903 1291 2960 1345 in
2989 1290 3279 1347 ministerio
3319 1304 3534 1348 sancto-

1948 1397 2065 1434 rum
2105 1379 2473 1435 ordinaverunt
2501 1397 2554 1434 se
2574 1381 2736 1451 ipsos;
2770 1389 2828 1434 ut
2850 1390 2896 1435 et
2924 1398 3014 1436 vos
3036 1381 3232 1437 subditi
3254 1384 3370 1438 sitis
3397 1385 3544 1456 ejus-

1941 1472 2106 1539 modi,
2143 1480 2191 1526 et
2229 1472 2370 1525 omni
2397 1473 2699 1542 cooperanti
2725 1481 2774 1526 et
2799 1470 3080 1527 laboranti.
3113 1471 3332 1529 Gaudeo
3360 1484 3571 1542 autem_

1941 1565 1996 1618 in
2025 1563 2306 1634 praesentia
2334 1561 2618 1634 Stephana:
2646 1573 2694 1617 et
2722 1561 3009 1618 Fortunati
3049 1573 3096 1619 et
3135 1564 3374 1632 Achaici,
3405 1582 3539 1639 quo-
3563 1573 3570 1618 ξ

1944 1655 2089 1709 niam
2116 1654 2172 1707 id
2199 1654 2340 1725 quod
2380 1653 2523 1707 vobis
2549 1653 2745 1719 deerat,
2777 1655 2876 1725 ipsi
2903 1654 3290 1726 suppleverunt.
3324 1655 3544 1726 Refece-

1942 1757 2067 1802 runt
2109 1748 2296 1802 etenim
2343 1763 2514 1801 meum
2557 1747 2797 1817 spiritum
2844 1756 2891 1800 et
2939 1756 3188 1802 vestrum.
3233 1746 3543 1818 Cognoscite

237 1844 448 1906 vestris,
476 1851 523 1895 et
556 1838 819 1909 subjacete
849 1837 940 1890 eis.
972 1835 1082 1906 Ipsi
1124 1836 1262 1890 enim
1299 1834 1640 1906 pervigilant,
1683 1837 1837 1906 quasi
1865 1826 1913 1885 Β
1941 1856 2064 1911 ergo
2111 1839 2202 1910 qui
2232 1837 2494 1908 ejusmodi
2533 1845 2675 1892 sunt.
2706 1838 2840 1893 Item
2877 1839 2943 1894 ad
2985 1839 3537 1895 Thessalonicenses:

235 1936 501 1990 rationem
522 1947 616 2004 pro
654 1928 930 1985 animabus
954 1929 1136 1983 vestris
1161 1928 1454 1994 reddituri;
1477 1937 1534 1982 ut
1562 1945 1680 1983 cum
1699 1946 1833 2000 gau-

234 2029 326 2082 dio
378 2029 476 2082 hoc
523 2025 754 2096 faciant,
795 2033 844 2079 et
888 2041 993 2078 non
1040 2033 1317 2095 gementes.
1361 2021 1444 2078 Ad
1494 2023 1837 2079 Timotheum

235 2123 407 2176 etiam
441 2120 687 2175 scribens
711 2117 788 2172 ait
815 2135 828 2171 :
865 2117 968 2182 Qui
998 2117 1122 2172 bene
1153 2125 1382 2189 pra'sunt
1405 2118 1711 2189 presbyteri,
1739 2119 1838 2173 du-

238 2214 368 2286 plici
393 2213 592 2267 honore
623 2211 769 2281 digni
791 2209 1103 2275 habeantur,
1127 2210 1354 2264 maxime
1381 2211 1470 2281 qui
1501 2210 1741 2265 laborant
1780 2212 1838 2266 in

237 2304 393 2360 verbo
435 2314 482 2358 et
506 2303 767 2356 doctrina.
794 2301 934 2356 Dicit
961 2302 1098 2356 enim
1122 2301 1419 2368 Scriptura,
1452 2301 1574 2357 Non
1603 2303 1837 2372 infrena-

239 2394 318 2449 bis
348 2411 405 2448 os
437 2394 555 2447 bovi
584 2392 877 2446 trituranti.
908 2391 976 2446 Et
1009 2409 1021 2444 :
1061 2391 1264 2463 Dignus
1295 2401 1369 2446 est
1400 2394 1670 2464 operarius
1694 2411 1836 2448 mer-

243 2484 368 2538 cede
390 2501 511 2539 sua.
549 2502 567 2534 (
603 2482 719 2551 Qua
758 2482 812 2537 in
841 2497 922 2549 re,
964 2489 1024 2537 ut
1065 2483 1353 2539 aitbeatus
1376 2499 1513 2554 papa
1544 2483 1837 2556 Gregorius

241 2575 476 2649 (Homil.
505 2575 571 2630 l7
602 2576 658 2630 in
683 2574 932 2647 Evang.).
974 2575 1424 2632 considerandum
1461 2586 1545 2632 est
1577 2577 1722 2647 quod
1745 2579 1838 2633 uni

240 2684 433 2724 eorum
483 2666 634 2737 operi
680 2667 799 2721 dum
838 2667 1116 2722 mercedes
1165 2668 1453 2735 debentur,
1497 2685 1604 2724 una
1643 2669 1699 2724 in
1727 2670 1833 2736 via,

241 2763 412 2817 altera
447 2761 502 2816 in
535 2760 748 2830 patria;
781 2774 887 2813 una
918 2775 1038 2829 quae
1076 2775 1176 2815 nos
1225 2761 1279 2815 in
1321 2761 1505 2816 labore
1548 2769 1835 2829 sustentat,

243 2854 413 2908 altera
441 2868 562 2922 quae
591 2867 691 2906 nos
739 2851 790 2905 in
837 2852 1237 2906 resurrectione
1280 2861 1612 2908 remunerat.
1650 2874 1668 2906 ι
1705 2854 1838 2908 Item

159 2967 164 2969 ·
241 2944 311 3000 ad
334 2941 662 3003 Corinthios,
693 2940 835 2994 inter
857 2940 1023 2994 multa
1050 2940 1118 2994 ad
1150 2942 1266 2997 haec
1294 2943 1640 3012 pertinentia,
1667 2944 1796 2999 dicit
1821 2963 1834 2998 :

244 3036 378 3102 Quis
401 3035 566 3106 pascit
589 3050 790 3105 greges,
833 3041 880 3087 et
915 3033 978 3087 de
1017 3033 1150 3088 lacte
1188 3036 1357 3106 gregis
1386 3054 1489 3090 non
1515 3038 1840 3092 manducat?

244 3125 502 3197 Nunquid
523 3124 811 3179 secundum
830 3123 1096 3178 hominem
1133 3125 1244 3179 haec
1267 3126 1426 3180 dico?
1445 3127 1528 3180 Αη
1550 3137 1599 3182 et
1620 3124 1705 3183 lea:
1728 3130 1839 3184 hare

240 3234 351 3271 non
377 3185 546 3269 dicit?
578 3213 843 3284 Scriptum
867 3222 943 3267 est
973 3215 1111 3269 enim
1136 3215 1191 3269 in
1213 3215 1322 3287 lege
1361 3215 1535 3288 Moysi
1562 3233 1579 3271 :
1606 3219 1730 3274 Non
1756 3220 1838 3274 al-
1867 3185 1913 3248 C

239 3305 438 3378 ligabis
468 3323 525 3360 os
565 3305 676 3360 bovi
701 3305 992 3358 trituranti.
1034 3305 1290 3378 Nunquid
1331 3308 1396 3362 de
1423 3309 1584 3365 bobus
1614 3328 1742 3366 cura
1764 3322 1840 3367 est

240 3401 404 3459 Deo?
429 3400 515 3456 An
541 3409 744 3470 propter
781 3417 874 3455 nos
900 3402 1080 3474 utique
1108 3402 1279 3458 dicit?
1305 3403 1450 3460 Nam
1493 3417 1704 3479 propter
1745 3427 1840 3467 nos

1941 1930 2211 2002 Rogamus
2240 1938 2415 1984 autem
2458 1946 2570 1996 vos,
2601 1929 2816 1999 fratres,
2859 1938 2916 1983 ut
2951 1931 3196 1986 noveritis
3227 1947 3313 1985 eos
3340 1931 3431 2002 qui
3458 1928 3542 1984 la-

1945 2024 2132 2078 borant
2160 2025 2298 2079 inter
2332 2039 2444 2090 vos,
2485 2031 2532 2077 et
2562 2032 2795 2094 prtesunt
2821 2022 2963 2078 vobis
2991 2024 3047 2077 in
3073 2022 3318 2086 Domino,
3353 2031 3400 2076 et
3427 2039 3542 2076 mo-

1941 2131 2064 2172 nent
2104 2133 2214 2184 vos,
2251 2125 2308 2170 ut
2357 2115 2594 2170 habeatis
2621 2113 2743 2169 illos
2791 2113 3144 2169 abundantius
3187 2114 3244 2168 in
3284 2113 3544 2167 charitate

1938 2220 2150 2282 propter
2172 2227 2301 2281 opus
2325 2209 2575 2264 illorum:
2601 2224 2782 2280 pacem
2811 2207 2992 2261 habete
3029 2224 3150 2262 cum
3179 2207 3275 2262 eis.

2009 2302 2098 2358 XI.
2123 2302 2251 2359 Haec
2280 2318 2450 2374 pauca
2481 2301 2696 2358 Veteris
2735 2315 2801 2355 ac
2826 2299 2959 2354 Novi
3001 2297 3334 2355 Testamenti
3363 2297 3533 2354 colle-

1939 2399 2115 2468 gimus
2160 2397 2494 2462 testimonia,
2535 2395 2590 2450 in
2636 2395 2834 2465 quibus
2880 2393 3036 2464 quasi
3066 2391 3120 2447 in
3152 2392 3373 2463 speculo
3402 2407 3539 2447 con-

1940 2493 2084 2548 tueri
2124 2492 2399 2547 valeamus
2452 2489 2752 2545 foeditatem
2805 2487 2980 2542 nostri
3036 2485 3332 2556 temporis,
3386 2483 3540 2539 omni

1939 2584 2302 2654 lacrymarum
2357 2580 2506 2636 fonte
2561 2577 2923 2650 plorandam;
2991 2577 3208 2646 quando
3267 2573 3544 2631 increbuit

1939 2673 2272 2730 consuetudo
2316 2671 2500 2740 impia,
2550 2677 2611 2724 ut
2647 2684 2787 2739 pene
2814 2667 2992 2722 nullus
3029 2666 3339 2720 inveniatur
3365 2665 3542 2719 anhe-

1940 2765 2059 2820 lans
2092 2773 2148 2818 et
2192 2761 2727 2834 quantulumcunque
2771 2758 3061 2830 proficiens
3105 2758 3174 2812 ad
3222 2758 3459 2811 honores
3485 2761 3545 2810 et

1941 2857 2170 2931 gloriam
2218 2853 2595 2924 temporalem,
2627 2853 2720 2922 qui
2758 2867 2866 2907 non
2900 2863 2927 2892 ει
2956 2849 3311 2906 domesticum
3344 2847 3546 2902 habeat

1942 2947 2302 3009 sacerdotem,
2335 2959 2442 2999 non
2474 2943 2564 2998 cui
2597 2941 2838 3008 obediat,
2882 2940 2978 2996 sed
3008 2956 3039 2994 a
3067 2954 3174 3009 quo
3209 2939 3548 2993 incessanter

1949 3038 2132 3108 exigat
2180 3035 2388 3090 licitam
2443 3032 2603 3087 simul
2651 3039 2814 3102 atque
2868 3030 3110 3086 illicitam
3157 3028 3541 3095 obedientiam,

1943 3147 2054 3186 non
2083 3129 2258 3185 solum
2285 3127 2341 3182 in
2370 3127 2569 3182 divinis
2607 3124 2816 3192 ofﬁciis,
2841 3139 3033 3180 verum
3060 3123 3228 3178 etiam
3268 3124 3324 3178 in
3350 3123 3545 3179 huma-

1944 3226 2060 3292 nis;
2092 3225 2166 3278 ita
2200 3231 2260 3278 ut
2285 3221 2528 3293 plerique
2568 3219 2934 3284 inveniantur,
2977 3218 3069 3288 qui
3100 3224 3196 3272 aut
3221 3217 3290 3272 ad
3322 3229 3542 3271 mensas

1946 3317 2280 3380 ministrent,
2326 3320 2420 3368 aut
2460 3313 2488 3353 ι)
2520 3320 2737 3368 saccata
2781 3311 2904 3366 vina
2941 3311 3225 3374 misceant,
3259 3317 3352 3364 aut
3379 3321 3545 3365 canes

1955 3413 2178 3477 ducant,
2205 3413 2301 3463 aut
2325 3405 2584 3472 caballos,
2609 3404 2806 3475 quibus
2843 3403 3060 3460 feminae
3087 3402 3299 3468 sedent,
3327 3408 3542 3474 regant,

1613 3536 1890 3599 BALUZII
1926 3539 2160 3599 ΝΟΤᾹΞ.
3163 3583 3190 3598 ..

242 3651 330 3707 bit
371 3648 424 3702 in
453 3646 598 3719 libro
622 3662 664 3702 ιι
688 3646 755 3719 de
781 3647 1240 3715 consideratione,
1270 3665 1393 3719 cap.
1445 3649 1497 3703 1.
1534 3668 1552 3701 ι
1590 3649 1708 3707 Non
1754 3663 1838 3710 est

245 3735 388 3778 mea:
415 3718 736 3793 humilitatis
762 3719 969 3793 dictare
1010 3721 1106 3776 tibi
1138 3721 1219 3777 sic
1239 3718 1354 3793 veli
1377 3719 1466 3793 sic
1499 3720 1624 3793 fieri
1675 3724 1836 3793 quid-

245 3787 670 3917 grtiam..Suflicit
696 3789 978 3845 intimasse
999 3803 1252 3862 Oportere
1267 3791 1472 3862 aliquid
1486 3791 1603 3846 ﬁeri
1631 3787 1772 3849 unde
1786 3804 1842 3852 et

309 3861 496 3916 'cleSIa
540 3859 874 3917 consoletur.
924 3870 981 3915 et
1030 3863 1349 3917 obstruatur
1401 3879 1464 3917 os
1498 3863 1841 3917 louuentium

309 3861 496 3916 :clesia
540 3859 874 3933 consoletur,
923 3870 981 3933 et
1030 3859 1464 3918 obstruatur—os
1498 3863 1841 3933 loquentium

243 3933 455 4013 iniqua.
487 3951 504 3982 ι
532 3929 784 4001 Attamen
811 3931 939 4013 illud
970 3932 1023 3985 in
1053 3934 1244 4013 primis
1271 3949 1468 4013 curare
1487 3929 1686 4013 debent
1715 3938 1844 4013 sub-

240 4003 401 4072 jecti,
431 4016 500 4055 ne
541 4015 608 4073 ex
637 4015 702 4055 eo
733 4003 874 4073 quod
899 4005 1314 4072 praepositorum
1342 4004 1453 4058 vita
1499 4005 1844 4073 reprehensi-

247 4071 701 4144 bilisiinhaliquo
731 4072 964 4144 videtur,
997 4088 1091 4128 eos
1138 4082 1423 4144 propterea
1469 4071 1837 4131 contemnant.

254 4164 274 4194 ι
307 4142 538 4198 Subtilis
559 4142 764 4197 etenim
792 4143 878 4197 via
905 4142 1256 4199 tenendaest'
1273 4145 1616 4199 rectitudinis
1649 4153 1705 4200 et
1740 4147 1841 4201 hu-

247 4213 521 4286 militatis,
558 4221 620 4266 ut
655 4212 735 4267 sic
768 4214 1212 4286 reprehensibilia
1262 4216 1649 4286 magistrorum
1695 4215 1839 4272 facta

247 4284 598 4354 displiceant,
631 4291 898 4353 quatenus
924 4285 1262 4339 subditorum
1288 4284 1442 4342 mens
1488 4302 1520 4340 a
1573 4289 1840 4343 servanda

248 4355 554 4425 magisterii
606 4355 913 4425 reverentia
975 4370 1082 4408 non
1136 4357 1386 4420 recedat;
1442 4377 1461 4409 ι
1513 4364 1574 4412 ut
1622 4366 1842 4414 sanctus

247 4424 548 4496 Gregorius
568 4425 823 4478 admonet
846 4424 900 4478 in
935 4425 1125 4496 eodem
1156 4426 1296 4480 libro
1325 4443 1452 4491 xxv,
1476 4442 1596 4496 cap.
1629 4427 1719 4481 22.

321 4494 741 4570 a:l_)omest_icum
788 4494 1130 4570 sacerdotem.
1181 4496 1485 4570 Invaluerat
1527 4494 1659 4570 arvo
1696 4499 1841 4570 Ago-

248 4566 413 4622 bardi
442 4581 560 4621 mos
592 4564 699 4628 ille,
725 4574 787 4618 ut
807 4566 909 4619 viri
935 4566 1209 4634 principes
1225 4568 1552 4622 domesticos
1575 4564 1840 4623 haberent

248 4637 590 4709 sacerdotes,
619 4635 713 4704 qui
740 4636 819 4709 cis
851 4637 1030 4709 divina
1053 4635 1228 4692 ofﬁcia
1261 4653 1326 4693 ac
1351 4639 1607 4709 mysteria
1637 4638 1691 4692 in
1717 4654 1841 4709 pos-

249 4706 594 4779 sessionibus
619 4715 675 4779 et
698 4708 843 4779 agris
879 4705 1220 4779 celebrarent
1245 4724 1260 4762 :
1293 4705 1454 4779 idque
1485 4708 1693 4763 factum
1717 4705 1841 4764 —an-

249 4779 487 4848 tiquitus
507 4777 837 4848 indulgentia
858 4778 1259 4848 episcoporum,
1289 4788 1349 4834 ut
1369 4777 1520 4848 patet
1544 4795 1609 4834 ex
1634 4795 1842 4836 canone

247 4847 332 4929 2i:
360 4847 581 4902 concilii
635 4848 980 4929 Agathensis:
1034 4847 1234 4903 Verum
1288 4847 1402 4929 aevo
1447 4850 1720 4929 Agoba_rdi
1776 4867 1841 4905 ea

246 4918 1009 4990 episcoporum_indulgentia
1061 4928 1301 4974 verterat
1349 4921 1404 4974 in
1437 4918 1837 4976 necessitatem.

249 4987 457 5062 Exstat
475 4987 737 5062 enimlex
785 4987 855 5062 de
879 5005 986 5062 non
1042 4990 1366 5059 repellendis
1421 4992 1654 5054 clericis,
1705 5007 1842 5062 quos

249 5062 382 5116 laici
410 5059 710 5132 obtulerint
732 5061 1020 5130 episcopis,
1055 5068 1116 5132 ut
1138 5063 1437 5132 presbyteri
1462 5063 1613 5124 ﬁatut,
1646 5059 1786 5117 libro
1825 5079 1840 5117 ι

251 5130 673 5200 Capitularium,
708 5145 826 5200 cap.
869 5131 968 5201 790,
1001 5140 1055 5185 et
1104 5130 1199 5185 lib.
1249 5130 1312 5194 v,
1353 5148 1473 5201 cap.
1527 5132 1648 5186 I78.
1706 5133 1843 5189 Vide

251 5201 726 5274 etianﬂlipcmayi
751 5200 997 5271 Capitula
1023 5202 1158 5274 data,
1177 5200 1510 5274 presbyteris
1541 5218 1684 5258 anno
1713 5203 1837 5268 874,

251 5291 378 5344 cap.
412 5273 465 5328 5.
499 5271 634 5344 Hinc
662 5271 864 5326 factum
891 5280 970 5338 ut,
999 5271 1256 5342 quoniam
1282 5271 1588 5344 presbyteri
1622 5274 1696 5327 illi
1724 5289 1840 5328 ma-

249 5343 466 5413 nebant
492 5343 633 5413 apud
660 5351 960 5412 magnates,
985 5344 1285 5413 presbyteri
1335 5343 1551 5399 illorum
1591 5345 1841 5399 diceren-

253 5426 369 5497 tur.
403 5412 556 5495 Quod
580 5413 972 5535 gravitertulit
998 5412 1253 5469 Nicolaus
1278 5413 1298 5468 I
1325 5431 1482 5485 papa,
1507 5422 1566 5468 ut
1595 5423 1746 5484 patet
1775 5431 1844 5471 ex

253 5501 375 5535 aliis
408 5493 586 5535 emsto
609 5499 639 5535 a
668 5484 734 5535 ad
763 5498 1076 5535 enisconnm
1125 5485 1414 5535 autemdam
1465 5483 1801 5535 Gallicanum
1827 5527 1840 5535 .

253 5485 375 5555 eius
408 5483 639 5554 epistola
668 5484 746 5555 ad!
763 5483 1076 5555 episcopum
1125 5483 1414 5555 quemdam
1465 5483 1801 5540 Gallicanum
1827 5527 1840 5553 ,

253 5552 687 5628 (ιίιειξίεξὶιειιξιιτλὶιι⁸
717 5552 988 5628 Chronico
1021 5552 1262 5628 Hugonis
1310 5556 1536 5628 abbatis,
1567 5552 1843 5628 Flavinia4

252 5623 462 5685 censis.
499 5645 518 5678 s
554 5623 691 5680 Illud
722 5634 924 5686 autem,
959 5623 1163 5694 inquit,
1194 5624 1364 5682 frater
1391 5627 1733 5692 charissima,
1775 5628 1846 5682 ri-

255 5698 564 5755 diculosum
589 5696 790 5768 sonuit,
830 5697 972 5765 quod
999 5697 1215 5768 apicum
1242 5706 1456 5752 tuorum
1479 5698 1724 5768 gerulum
1750 5713 1844 5752 no—

251 5770 344 5828 bis
393 5766 814 5832 commendans,
858 5768 1001 5838 hunc
1038 5767 1413 5838 presbyterum
1451 5766 1573 5824 esse
1618 5767 1846 5824 Gerardi

254 5841 491 5900 illustris
518 5838 736 5896 comitis
753 5837 1101 5908 perhibuisti.
1143 5837 1346 5894 Verum
1376 5839 1508 5910 quid
1553 5839 1655 5894 hoc
1703 5839 1842 5894 scri-

671 5930 948 5998 PATROL.
994 5931 1157 5996 CIV.

1867 4533 1922 4593 D

1945 3656 2088 3712 hens
2119 3651 2411 3724 prudentia
2450 3661 2562 3724 tua
2595 3651 2779 3724 dicere
2825 3647 3081 3724 voluerit,
3108 3655 3166 3704 et
3206 3647 3344 3724 quid
3381 3663 3546 3721 super

1947 3719 2519 3795 hujuscemodiverbo
2550 3721 2945 3795 intelliget-etis,
2968 3719 3176 3795 fateor,
3207 3735 3306 3795 nos
3333 3719 3548 3790 ignora-

1949 3789 2092 3852 mus.
2126 3792 2698 3864 NunquidiGerardus
2731 3789 2920 3864 comes
2966 3791 3116 3864 illum
3165 3789 3546 3864 presbyterum

1951 3861 2331 3923 consecravit?
2362 3863 2618 3932 Nunquid
2641 3863 2707 3916 de
2735 3863 2903 3932 ipsius
2924 3870 3008 3932 est
3033 3861 3298 3916 dioecesi?
3328 3861 3415 3932 ubi
3439 3861 3544 3915 hoc

1952 3939 2149 4008 legisti,
2173 3937 2197 3989 ?
2222 3936 2313 3990 ubi
2349 3931 3041 4008 hocdidicisti?’N_isi_quia
3082 3931 3384 4008 presbyteri
3433 3945 3544 3986 non

1953 4000 2264 4080 specialiter
2286 4004 2550 4080 ecclesiae,
2573 4003 2954 4080 possessionis,
2972 4011 3063 4056 aut
3080 4000 3327 4080 martyrii
3350 4015 3546 4080 secun-

1951 4070 2078 4134 dum
2109 4091 2293 4132 sacras
2336 4070 2650 4145 Scripturas
2687 4073 3029 4137 ordinantur,
3067 4070 3248 4145 _sed__in
3295 4070 3545 4128 domibus

1952 4150 2218 4204 laicorum
2268 4142 2698 4209 constituuntur,
2744 4159 2868 4198 cum
2921 4142 3272 4198 saecularibus
3309 4158 3541 4197 conver-

1952 4231 2175 4283 santur;
2204 4227 2260 4272 ut
2283 4217 2397 4286 jam
2426 4232 2531 4270 non
2556 4215 2673 4280 Dei,
2697 4230 2798 4270 nec
2820 4214 3077 4269 Ecclesiae
3108 4212 3417 4286 cujuslibet,
3449 4214 3546 4268 sed

1952 4291 2096 4345 illius
2113 4283 2349 4352 comitis,
2370 4287 2582 4342 etillius
2605 4287 2760 4341 ducis
2786 4301 2908 4340 esse
2937 4287 3205 4340 dicantur.
3234 4306 3252 4336 ι
3275 4283 3544 4352 Hujusce-

1951 4361 2098 4416 modi
2129 4359 2378 4423 clericos,
2405 4359 2498 4428 qui
2546 4365 2770 4412 manent
2823 4357 2875 4410 in
2906 4355 3144 4428 failniliis
3186 4361 3499 4428 maguatum
3526 4394 3542 4420 ,

1950 4429 2240 4501 acephalos
2267 4423 2629 4501 vocat-canon
2652 4428 2720 4482 18
2751 4427 2942 4501 synodi
2963 4423 3405 4501 Ticinen‘sis'sub
3431 4423 3541 4478 Lo-

1950 4496 2129 4556 thario
2175 4508 2232 4570 et
2279 4499 2554 4554 Ludovico
2604 4496 3101 4570 Auggircelebratze
3144 4496 3546 4570 circa_ar_mum

1947 4571 2052 4626 850
2081 4590 2094 4624 :
2133 4590 2152 4621 ‹
2190 4569 2348 4625 Nulla
2400 4569 2610 4625 ratione
2637 4564 2819 4625 clerici
2852 4576 2946 4623 aut
2966 4569 3275 4623 sacerdotes
3305 4564 3546 4620 habendi

1942 4647 2113 4704 sunt‘,
2155 4641 2246 4711 qui
2266 4641 2368 4696 sub
2403 4639 2600 4696 nullius
2623 4640 2868 4711 γενὶεοορί
2923 4637 3202 4711 disciplina
3255 4643 3324 4711 et
3350 4633 3540 4711 provi-

1943 4658 2071 4698 sunt
2098 4683 2113 4704 ,
2155 4658 2368 4711 quisub
2403 4658 2600 4696 numus
2630 4658 2868 4710 enscopi
2923 4658 3202 4707 (IlSCIpllllu
3255 4658 3310 4688 ei.
3355 4658 3540 4704 pl'UVl-

1943 4713 2125 4768 dentia
2159 4658 2752 4783 gubernantur._Talcs_
2782 4710 2928 4765 enim
2954 4706 3270 4783 acephalos,
3311 4705 3365 4759 id
3417 4713 3505 4783 est
3526 4745 3544 4773 ,

1943 4785 2060 4838 sine
2093 4777 2302 4853 capite,
2339 4782 2518 4852 prisca
2550 4781 2806 4837 Ecclesiae
2834 4777 3540 4853 consuetudonuncupavit.

1941 4847 2178 4911 Docendi
2207 4847 2522 4923 sunt—igitur
2551 4853 2841 4923 saeculares
2879 4850 3008 4912 viri',
3047 4847 3186 4923 ut_s_i
3214 4847 3266 4900 in
3291 4847 3545 4923 dentibus

1942 4926 2057 4980 suis
2088 4925 2346 4993 mysteria
2372 4917 2552 4976 divina
2577 4922 2781 4993 jugiter
2826 4918 3067 4974 exerceri
3098 4917 3360 4982 debeant,
3396 4918 3544 4993 quod

1943 4995 2099 5050 valde
2144 4984 2410 5049 laudabile
2437 5002 2541 5058 est,
2573 4984 2762 5052 ab'his
2792 5001 2971 5045 tamen
3011 4997 3317 5044 tractentur
3350 4984 3443 5057 qui
3475 4990 3545 5043 ab

1943 5066 2211 5135 episcopis
2240 5065 2534 5119 examinati
2564 5064 2784 5127 fuerint,
2816 5069 2870 5135 et
2891 5062 2959 5114 ab
2985 5059 3544 5135 ordinatoribussuis

1943 5130 2398 5190 commendatiliis
2422 5135 2615 5190 litteris
2628 5131 2866 5190 comitati
2882 5134 3197 5202 probantur,
3211 5147 3334 5202 cum
3360 5130 3426 5202 ad
3452 5145 3544 5198 pe-

1945 5207 2163 5277 regrina
2192 5204 2333 5260 forte
2381 5207 2614 5277 migrare
2642 5214 2742 5277 est.
2784 5224 2802 5254 ι
2834 5202 2966 5277 Item
2997 5203 3248 5260 Urbanus
3275 5201 3335 5277 l_I,
3368 5201 3422 5277 in
3454 5215 3546 5252 ca-

1945 5271 2087 5332 none
2111 5277 2143 5331 9
2172 5277 2388 5332 c0ncilii
2429 5271 2762 5346 Melphitani.
2799 5294 2816 5324 ‹
2854 5273 2990 5346 Quia
3040 5289 3234 5328 novum
3282 5271 3384 5324 hoc
3410 5276 3546 5346 tem-

1943 5363 2096 5417 pore,
2123 5347 2316 5418 inquit.
2359 5340 2678 5418 clericorum
2710 5345 3088 5418 acephalorum
3107 5340 3542 5418 genus-emersit,

1945 5412 2034 5486 qui
2067 5412 2351 5473 morantur
2377 5419 2430 5472 in
2466 5416 2652 5478 curiis.
2684 5424 2739 5470 et
2765 5412 2896 5470 viris
2919 5424 2975 5472 et
2994 5412 3208 5486 feminis
3235 5412 3299 5467 ad
3331 5412 3415 5467 sui
3455 5425 3545 5486 or-

1946 5481 2089 5544 dinis
2122 5490 2355 5544 dedecus
2389 5487 2586 5542 subditi
2614 5527 2628 5549 ,
2656 5501 2779 5541 cum
2815 5487 2866 5541 in
2897 5485 3197 5541 canonibus
3225 5491 3445 5538 cautum
3471 5481 3548 5537 sit

1949 5575 2017 5614 ne
2054 5560 2177 5630 quis
2201 5561 2318 5614 sine
2337 5557 2564 5630 licentia
2586 5556 3106 5630 episcopi‘clericus,
3129 5570 3237 5630 nec
3254 5555 3544 5630 cpiscopus

1948 5625 2505 5699 sine—metmpolitano
2530 5625 2734 5682 curiam
2778 5625 2970 5693 adeat;
3021 5625 3384 5699 prmcipieudo
3404 5637 3546 5694 prae-

1949 5694 2309 5770 cipimusrét
2334 5698 2684 5770 prohibentes
2736 5694 3128 5770 prohibemus,
3177 5694 3246 5752 ne
3283 5694 3406 5766 quis
3455 5706 3546 5748 re-

1950 5769 2120 5840 tineat
2147 5769 2477 5840 huiusmodi.
2517 5790 2536 5822 ι

2022 5842 2048 5882 b
2077 5832 2304 5896 Saccata
2331 5840 2473 5897 vina.
2529 5839 2609 5897 Ita
2666 5840 2839 5898 codex
2895 5841 3099 5913 regius,
3133 5839 3373 5907 itemque
3402 5832 3545 5891 Mar-

3105 5936 3145 5996 li
