4088 6344
241 378 347 443 ttt
1272 362 1363 437 in:
1398 362 1649 435 PRIVIL.
1684 354 1774 435 Et
1811 356 1987 435 tutu;
2025 356 2453 434 sacbaborti.
3418 376 3525 431 ita

237 500 445 562 bilibus
502 494 869 570 circumsepti.
913 495 1081 565 Quia,
1128 484 1269 552 sicut
1303 490 1416 563 jam
1459 488 1666 549 dictum
1711 490 1833 547 esse
1860 470 2073 560 AEcce
2130 506 2223 560 ego
2270 488 2536 570 uobiscum
2574 503 2691 542 sum
2738 476 2975 569 omnibus
3014 466 3194 540 diebus
3246 502 3408 558 usque
3452 487 3524 543 ad

239 588 615 656 meminimus,
652 588 885 645 mundus
932 589 986 644 in
1043 584 1201 644 annis
1250 574 1545 659 prioribus,
1588 582 1736 639 velut
1778 582 1837 639 in
1940 566 2438 638 consummationem
2472 578 2673 648 swculi,
2721 579 2909 651 procul
2948 566 3159 634 dubiod
3192 585 3352 633 erunt
3377 576 3525 634 sem-

232 684 523 756 juventute
551 674 741 754 viguit.
770 674 840 737 At
864 678 1011 737 nunc
1048 682 1161 754 ipsa
1204 696 1301 735 sua
1343 686 1621 735 senectute
1661 674 1837 747 depri—
1937 692 2037 748 per
2059 676 2114 731 in
2134 662 2401 741 Ecclesia,
2429 690 2550 756 cum
2580 672 2775 745 quibus
2806 672 2895 729 ille
2920 671 3013 753 sit,
3034 679 3305 753 eruntque
3334 668 3526 726 fortis-

239 776 431 842 mitur,
464 784 520 831 et
544 772 704 847 quasi
743 772 811 830 ad
856 773 1090 830 vicinam
1138 780 1367 828 mortem
1416 768 1681 825 molestiis
1721 785 1839 847 cre-
1939 767 2064 823 simi
2093 782 2157 821 ac
2190 748 2549 822 robustissimi
2579 773 2905 837 pugnatores
2925 748 3045 831 Dei,
3071 748 3359 818 adversum
3390 775 3529 832 quos

239 840 527 923 scentibus
561 840 803 937 urgetur.
837 858 989 932 Quod
1016 879 1115 919 nos
1135 860 1341 932 absque
1364 852 1614 933 ambiguo
1645 860 1710 916 de
1736 840 1842 914 Ec-

238 960 411 1016 clesia
438 957 619 1013 dicere
646 972 956 1028 possumus,
1000 970 1120 1028 (101B
1166 955 1221 1009 in
1261 953 1419 1008 annis
1457 946 1730 1022 prioribus
1770 949 1841 1005 ad

240 1051 592 1107 tolerantiam
632 1048 943 1121 passionum
982 1040 1228 1114 robusta,
1250 1038 1311 1102 i‘n
1344 1040 1674 1118 perfectione
1699 1043 1841 1098 veri-

241 1146 378 1200 tatis
404 1150 605 1207 erecta,
639 1143 707 1199 ad
731 1141 1098 1198 ostenSiOnem
1126 1141 1405 1211 signorum
1433 1134 1629 1201 valida,
1661 1130 1841 1191 studio

238 1234 509 1293 miranda:
532 1233 879 1291 continentia:
907 1241 961 1288 et
982 1231 1322 1288 abstinentiae
1354 1228 1615 1293 accincta,
1650 1226 1841 1281 contra

241 1316 455 1384 rabiem
490 1327 741 1399 luporum
777 1320 1037 1394 sollicita,
1082 1324 1151 1381 ad
1193 1318 1557 1380 resistendum
1584 1316 1843 1391 improbis

237 1421 440 1478 libera.
476 1421 546 1476 At
580 1437 725 1477 nunc
753 1418 1005 1476 omnibus
1046 1402 1453 1475 inﬁrmitatibus
1481 1415 1682 1472 mentis
1710 1428 1735 1456 α
1764 1412 1842 1470 ita

241 1524 333 1572 est
374 1513 646 1586 languida,
696 1508 899 1569 utbad
940 1510 1226 1571 dicendum
1260 1508 1479 1581 quidem
1525 1524 1623 1565 nec
1668 1502 1843 1563 tutum

244 1607 342 1676 sit,
368 1623 467 1663 nec
492 1606 781 1677 possibile;
802 1602 872 1661 ad
895 1604 1193 1661 cavendum
1220 1616 1368 1667 vero,
1394 1616 1491 1655 nec
1509 1598 1840 1669 promptum,

248 1714 356 1755 nec
391 1696 564 1753 facile.
595 1694 776 1767 Atque
805 1697 1013 1751 utinam
1039 1690 1123 1750 vel
1151 1692 1333 1749 dolere
1361 1691 1522 1761 digne
1556 1684 1843 1760 possemus

1940 858 2027 914 ille
2056 854 2151 929 qui
2174 874 2317 914 nunc
2351 846 2548 930 ligatus
2574 865 2660 912 est
2692 856 2745 910 in
2776 844 2994 928 abysso,
3025 854 3254 921 solutus,
3284 852 3413 909 totis
3456 853 3532 908 vi-

1940 949 2092 1004 ribus
2153 948 2502 1018 pet-mittetur
2545 946 2884 1017 belligerare,
2931 959 3067 1017 quos
3124 940 3311 1000 divina
3352 942 3532 1015 gratia

1910 1038 2165 1096 "idoneos
2192 1036 2381 1096 reddet
2409 1038 2697 1096 adversum
2728 1048 2837 1093 tam
2874 1038 3166 1093 immanem
3192 1036 3426 1094 bestiam
3450 1036 3533 1094 di-

1941 1133 2164 1198 micare,
2198 1139 2253 1186 et
2272 1131 2506 1186 victores
2534 1131 2601 1185 de
2630 1146 2693 1186 ea
2720 1130 2975 1186 existere.
3018 1128 3386 1184 Adhortemur
3425 1126 3532 1182 ita-

1943 1241 2048 1299 que
2074 1216 2435 1294 nosmetipsOs
2471 1239 2567 1293 per
2611 1222 2853 1294 singulos
2896 1221 3032 1299 dies,
3075 1224 3184 1299 n’on
3220 1220 3538 1278 deserentes

1944 1294 2317 1374 collectionem
2346 1310 2608 1371 uestram.
2637 1313 2933 1369 Audiamus
2960 1294 3249 1369 Dominum
3287 1327 3386 1384 per
3412 1326 3538 1383 pro-

1940 1404 2163 1479 phetam
2190 1400 2498 1461 monentem
2526 1423 2538 1459 :
2570 1402 2889 1477 Congregate
2911 1404 3146 1458 triticum
3187 1403 3243 1457 in
3284 1399 3534 1479 horreum

1944 1476 2140 1564 meum,
2165 1509 2211 1553 et
2235 1499 2300 1553 sit
2330 1496 2475 1553 cibus
2498 1498 2553 1551 in
2572 1496 2725 1551 domo
2749 1476 2886 1552 mea.
2909 1494 3176 1551 Triticum
3200 1478 3387 1564 utique
3404 1476 3541 1551 illud

1945 1590 2337 1663 evangelicum,
2378 1590 2446 1646 de
2472 1606 2580 1663 quo
2614 1587 2816 1646 dicitur
2856 1608 2869 1643 :
2916 1584 3047 1656 Quis
3074 1598 3228 1662 putas
3262 1580 3337 1643 est
3365 1585 3540 1658 ﬁdelis

1946 1684 2278 1756 dispensator
2318 1693 2365 1738 et
2393 1683 2643 1755 prudens,
2685 1698 2837 1755 quem
2860 1682 3123 1736 constituit
3170 1674 3423 1736 Dominus
3448 1696 3543 1737 stt-

250 1808 426 1849 annos
466 1782 601 1846 istos
640 1788 798 1846 famis
825 1798 879 1845 et
908 1787 1233 1854 sterilitatis,
1274 1801 1410 1856 quos
1436 1798 1536 1853 per
1574 1782 1845 1845 somnium
1874 1848 1882 1856 _
1948 1795 2041 1851 per
2070 1776 2329 1848 familiam
2356 1794 2531 1843 suam,
2559 1785 2615 1830 ut
2640 1775 2726 1830 det
2748 1773 2853 1828 illis
2880 1774 2935 1828 in
2960 1783 3186 1845 tempore
3209 1772 3374 1828 tritici
3394 1789 3541 1829 men-

246 1848 461 1938 Pbarao
494 1880 650 1947 vidit,
690 1870 889 1951 Joseph
916 1880 1000 1934 vir
1043 1848 1263 1933 sanctus
1291 1848 1562 1931 intellexit
1597 1860 1651 1929 et
1678 1868 1843 1944 exp’o-
1871 1848 1919 1923 Β
1947 1848 2170 1927 suram?
2207 1860 2405 1925 Beatus
2434 1870 2573 1924 enim
2619 1867 2709 1925 ille
2742 1885 2939 1935 servus,
2964 1884 3138 1939 quem,
3184 1884 3304 1922 cum
3344 1869 3541 1923 venerit

244 1970 382 2034 Suit.
422 1975 630 2047 Quippe
660 1974 855 2030 ﬂuvius
880 1972 1059 2029 saeculi
1100 1970 1283 2041 hujus,
1314 1969 1379 2025 de
1405 1982 1513 2039 quo
1550 1956 1845 2020 ascendere

248 2066 575 2128 videbantur
600 2074 805 2136 septem
853 2060 1019 2120 boves
1045 2062 1283 2134 pulchrae
1325 2068 1379 2116 et
1419 2072 1618 2114 crassae
1661 2050 1844 2122 nimis,

248 2154 375 2233 quze
401 2159 767 2230 pascebantur
794 2140 850 2212 i’n
889 2156 1019 2212 locis
1060 2142 1412 2227 palustribus,
1448 2148 1847 2223 praeteritorum

251 2263 560 2324 temporum
590 2249 1039 2323 signiﬁcationem
1068 2249 1227 2324 gerit,
1258 2240 1378 2324 qua:
1400 2236 1641 2301 habuere
1662 2238 1848 2299 docto-

251 2358 348 2399 res
368 2318 627 2397 doctrina
644 2318 936 2428 vsubli‘n‘ies,
982 2318 1270 2397 sanctitate
1291 2320 1547 2428 l'ulgidos,
1574 2336 1629 2390 in
1664 2332 1849 2390 defen-

252 2432 410 2488 sione
438 2432 690 2487 veritatis
715 2408 935 2502 rigidos.
964 2424 1119 2486 Nunc
1147 2422 1324 2484 autem
1355 2408 1520 2500 (quod
1547 2427 1662 2481 sine
1699 2423 1849 2497 gravi

259 2523 446 2579 dolore
493 2521 599 2577 dici
660 2518 766 2578 non
813 2520 1022 2593 potest)
1074 2510 1140 2576 ex
1175 2510 1434 2591 prre'dic‘t‘o
1472 2506 1696 2572 ﬁu‘m'ine
1736 2508 1850 2587 jam

260 2614 548 2687 emergunt
588 2615 706 2670 aliae
744 2615 912 2670 boves
956 2613 1114 2669 ﬁndat
1147 2600 1519 2682 coniectaeque
1546 2609 1755 2664 macie:
1786 2606 1851 2662 de

260 2724 368 2782 qua
398 2724 458 2764 re
496 2708 542 2763 si
564 2708 718 2779 juxta
765 2707 1125 2782 gracilitatem
1152 2704 1419 2761 sermonis
1445 2698 1617 2757 nostri
1643 2697 1854 2769 aliquid

261 2798 449 2857 dicere
493 2807 802 2864 tentamus,
844 2776 1166 2852 oﬁ‘endimus
1211 2786 1437 2850 forsitan
1483 2780 1552 2847 ad
1596 2784 1851 2845 invicem.

262 2890 470 2946 Tamen
520 2880 566 2945 si
618 2885 729 2944 Deo
770 2886 992 2957 juvante
1030 2878 1052 2927 δ
1095 2882 1149 2941 in
1198 2900 1366 2940 unum
1416 2874 1849 2944 converterimus,

262 2989 481 3053 oportet
505 2995 604 3034 nos
648 2978 717 3034 de
756 2979 858 3033 hoc
880 2970 1169 3050 diligenter
1213 2985 1269 3031 et
1308 2970 1543 3031 ﬁdeliter
1579 2968 1851 3041 colquui:

263 3073 397 3145 quia
434 3080 489 3128 et
526 3071 611 3125 bis
649 3071 704 3126 in
738 3070 934 3141 quibus
976 3064 1180 3126 sanitas
1224 3062 1424 3132 deﬁcit,
1471 3074 1527 3122 et
1560 3056 1857 3119 inﬁrmitas

265 3144 592 3228 roboratur,
636 3150 813 3216 °moris
864 3168 949 3216 est
1002 3154 1127 3215 inde
1180 3144 1453 3229 cogitare,
1503 3152 1629 3211 inde
1690 3154 1897 3221 inter—.

263 3250 467 3324 'rogare
491 3293 507 3321 ,
550 3248 617 3307 ἰιι
660 3242 729 3307 ad
772 3267 961 3307 earum
1000 3246 1187 3306 're'r'u'm
1227 3242 1553 3320 perveniant
1600 3244 1865 3316 cognitio-
1893 3218 1939 3283 (ἶ

269 3360 399 3401 nem
409 3385 421 3398 .

346 3434 496 3489 XIV.
526 3432 831 3500 Quaaramus
867 3433 1031 3489 etiam
1074 3430 1140 3488 ne
1191 3414 1463 3501 forteiam
1489 3426 1665 3499 ‘pr'ope
1692 3428 1779 3493 sit,
1811 3434 1865 3483 et

276 3524 573 3581 timeamus
600 3542 664 3581 ue
692 3540 790 3581 nos
829 3526 881 3579 in
909 3518 1266 3594 perditionem
1290 3522 1529 3576 involvat
1558 3520 1685 3575 illud
1716 3520 1869 3590 quod

271 3618 599 3677 terribiliter
620 3633 718 3690 per
740 3618 1061 3690 prophetam
1091 3615 1290 3672 dicitur
1317 3633 1330 3668 :
1366 3614 1433 3669 In
1472 3614 1555 3667 die
1584 3611 1699 3679 illo,
1741 3613 1868 3666 dicit

273 3707 537 3764 Dominus
566 3698 907 3774 exercituum,
936 3707 1205 3776 auferetur
1229 3702 1459 3777 paxillus
1480 3702 1572 3775 qui
1598 3704 1739 3775 ﬁxus
1764 3704 1874 3775 fue-

275 3810 356 3854 rat
381 3801 439 3853 in
464 3797 579 3853 loco
600 3798 766 3869 fideli,
796 3809 842 3853 et
864 3798 1161 3870 frangetur,
1188 3794 1233 3852 e't
1260 3797 1430 3864 ca‘det,
1448 3800 1503 3851 'et
1523 3796 1708 3870 peribit
1732 3798 1871 3869 quod

273 3887 596 3962 pependerat
637 3891 694 3945 in
741 3906 824 3956 eo,
864 3891 996 3962 'quia
1025 3889 1282 3944 Dominus
1318 3889 1521 3943 locutus
1544 3899 1639 3943 est.
1690 3889 1769 3943 lta
1814 3897 1877 3943 ut

276 3992 683 4054 consequenter
708 3983 995 4055 impleatur
1024 3984 1166 4054 quod
1197 3982 1409 4039 Veritas
1442 3980 1573 4038 dicit
1605 4002 1616 4037 :
1656 3980 1875 4036 Verum-

280 4085 455 4130 tamen
478 4075 627 4146 ﬁlius
651 4075 876 4131 hominis
899 4075 1130 4143 veniens,
1161 4078 1315 4148 putas
1343 4074 1565 4129 inueniet
1602 4075 1759 4145 ﬁdem
1787 4092 1878 4129 su-

279 4176 375 4243 per
402 4160 645 4227 terram?
684 4170 890 4227 Tamen
919 4171 1047 4244 quia
1075 4166 1292 4226 Veritas
1330 4169 1449 4241 ipsa
1481 4162 1612 4223 dicit
1639 4168 1835 4223 iterum
1860 4185 1873 4221 :

1952 1963 2230 2028 Dominus,
2268 1961 2523 2018 invenerit
2563 1961 2638 2015 ita
2678 1960 2973 2031 facientem.
3007 1960 3078 2015 At
3124 1961 3171 2016 si
3201 1961 3305 2016 hoc
3329 1974 3545 2032 semper

1948 2036 2321 2110 necessarium
2368 2050 2488 2120 fuit,
2526 2061 2731 2123 quanto
2773 2052 2948 2121 magis
2989 2066 3152 2119 nunc,
3180 2036 3394 2122 quando
3428 2034 3545 2123 iam

1952 2134 2178 2220 propius
2206 2154 2292 2203 est
2323 2146 2537 2217 tempus
2566 2144 2718 2211 illud,
2758 2132 2826 2200 de
2847 2158 2955 2216 quo
2979 2134 3240 2199 Dominus
3265 2144 3377 2198 ait:
3406 2138 3545 2197 Ecce

1956 2241 2068 2296 dies
2098 2241 2316 2305 venient,
2347 2248 2395 2294 et
2424 2239 2627 2293 mittam
2663 2238 2855 2309 famem
2882 2238 2937 2292 in
2965 2246 3178 2303 terram,
3217 2236 3323 2292 non
3351 2224 3545 2306 famem

1957 2334 2130 2406 panis,
2161 2350 2324 2406 neque
2350 2334 2491 2387 sitim
2518 2348 2689 2404 aquae,
2716 2331 2807 2387 sed
2844 2330 3095 2386 audiendi
3120 2329 3329 2386 verbum
3352 2328 3470 2396 Dei,
3499 2337 3550 2384 et

1960 2427 2204 2497 deﬁcient
2248 2427 2473 2497 virgines
2516 2423 2684 2479 bona'.
2730 2408 2952 2479 interim
3001 2431 3206 2490 tamen,
3242 2422 3383 2479 sicut
3411 2408 3552 2478 alius

1956 2514 2223 2592 propheta
2251 2510 2491 2589 loquitur
2522 2535 2536 2571 :
2575 2516 2717 2582 Quid
2745 2517 2938 2571 bonum
2974 2516 3113 2587 ejus,
3145 2525 3234 2570 aut
3272 2514 3399 2588 ‘quid
3433 2513 3553 2585 pul-

1962 2608 2146 2666 chrum
2173 2610 2307 2680 ejus,
2339 2610 2439 2663 nisi
2478 2607 2800 2680 frumentum
2835 2600 3116 2663 electorum
3150 2600 3198 2662 'et
3229 2609 3404 2697 vinth
3427 2625 3549 2681 ger-

1962 2700 2171 2754 minans
2198 2699 2421 2770 rirgines
2438 2698 2463 2751 ?
2479 2696 2538 2752 In
2564 2697 2759 2767 quibus
2777 2696 2960 2752 verbis
2984 2710 3313 2769 magnopere
3334 2696 3554 2753 necesse

1963 2794 2050 2849 est
2068 2792 2364 2862 unicuique
2402 2800 2648 2846 nostrum
2669 2790 2850 2845 subire
2874 2786 3065 2845 contra
3100 2774 3448 2860 semetipsum
3466 2774 3555 2859 iu-

1965 2883 2094 2938 dicii
2122 2881 2540 2946 districtionem,
2588 2888 2642 2937 et
2678 2880 2897 2952 exigere
2924 2895 2955 2934 a
2982 2874 3273 2951 semetipso
3312 2876 3558 2935 veritatis

1966 2974 2385 3040 cenfessione'm,
2413 2972 2597 3028 utrum
2628 2970 2908 3028 sollicitior
2937 2971 3009 3027 sit
3030 2972 3098 3027 ad
3120 2968 3559 3044 cong‘regandum

1966 3066 2155 3121 vinum
2177 3066 2234 3122 in
2266 3082 2374 3137 quo
2398 3056 2484 3123 est
2509 3063 2748 3132 luxuria,
2785 3080 2857 3121 an
2883 3065 3071 3121 vinum
3112 3050 3425 3138 germinans
3450 3054 3560 3121 vir-

1969 3160 2144 3232 gines.

2046 3250 2160 3306 XV.
2188 3248 2316 3305 Haec
2344 3246 2665 3307 brevissime
2686 3249 2754 3306 de
2777 3234 2935 3307 nobis
2953 3236 3098 3306 dicta
3125 3249 3258 3318 sint,
3284 3265 3406 3322 quae
3429 3264 3559 3323 per-

1975 3334 2151 3397 tinent
2193 3342 2262 3395 ad
2313 3336 2546 3396 ofﬁcium
2583 3350 2638 3397 et
2684 3341 3048 3398 ministerium
3106 3351 3372 3399 nostrum.
3422 3330 3556 3399 Dein

1974 3430 2220 3488 dicamus
2263 3420 2511 3489 ﬁdelibus
2558 3430 2734 3501 laicis,
2767 3450 2874 3505 qua
2928 3433 3035 3490 ﬁde
3082 3442 3139 3490 et
3186 3450 3281 3507 spe
3311 3430 3563 3492 venerari

1932 3574 1945 3583 ,
1976 3523 2231 3577 studeant
2259 3520 2600 3580 sacramenta
2631 3524 2813 3581 divina
2836 3524 2895 3580 in
2919 3524 3172 3581 omnibus
3199 3512 3564 3582 communiter

1977 3604 2383 3683 sacerdotibus;
2426 3614 2539 3672 sive
2578 3614 2690 3673 sint
2718 3612 3007 3689 diligentes
3040 3618 3153 3675 sive
3204 3612 3561 3693 negligentes,

1977 3708 2093 3764 sive
2117 3702 2226 3764 sint
2250 3706 2465 3780 previdi
2512 3710 2626 3764 sive
2654 3716 2949 3782 torpentes.
2977 3709 3333 3767 Sacramenta
3352 3702 3564 3767 ctenim

1978 3800 2180 3866 divina,
2221 3786 2500 3870 baptisma
2544 3799 2780 3867 scilicet,
2811 3808 2867 3855 et
2903 3800 3173 3857 confectio
3207 3794 3455 3872 co'rpbris
3500 3817 3566 3857 ac

1979 3892 2262 3964 sanguinis
2284 3888 2522 3959 Domini,
2556 3903 2863 3965 caeteraque
2892 3895 2945 3948 in
2976 3892 3173 3966 quibus
3203 3880 3351 3950 salus
3392 3900 3453 3949 et
3485 3891 3568 3948 vi-

1978 3996 2031 4041 ta
2067 3985 2302 4040 ﬁdelium
2337 3986 2611 4053 consistit,
2642 3995 2752 4043 tam
2786 3992 2984 4059 magna
3022 3980 3078 4043 et
3104 3978 3295 4044 sancta
3326 3996 3472 4055 sunt,
3506 3995 3568 4043 ut

1981 4091 2081 4130 nec
2097 4074 2361 4129 bonorum
2398 4072 2608 4131 meritis
2636 4075 2933 4143 meliorari,
2967 4072 3068 4132 nec
3101 4089 3123 4118 ο
3142 4068 3414 4134 malorum
3437 4068 3568 4150 per-

1984 4166 2244 4223 versitate
2264 4164 2479 4237 possint
2507 4164 2859 4235 deteriorari;
2899 4183 3024 4224 cum
3076 4158 3143 4225 ad
3169 4160 3567 4227 invocationem

1638 4264 1915 4347 BALUle
1951 4272 2182 4348 nom.

353 4400 383 4429 ι
413 4385 508 4441 Ita
527 4395 604 4441 est
646 4384 946 4457 Languida.
966 4385 1247 4457 Loquitur
1270 4385 1336 4457 de
1356 4382 1619 4457 Ecclesia.
1665 4381 1874 4457 Salvia—

284 4474 388 4513 nus
412 4438 946 4528 assigna’sisi‘m‘ti
966 4438 1149 4528 {est
1164 4438 1251 4528 in
1279 4438 1613 4528 recitem,
1636 4438 1871 4528 cuius

282 4545 406 4585 cam
439 4546 451 4581 :
489 4524 909 4597 (Multiplicatis
932 4524 1074 4582 etum
1114 4526 1238 4581 ﬁdei
1280 4525 1511 4596 populis,
1546 4524 1675 4591 ﬁdes
1698 4524 1876 4595 immi;

282 4608 417 4655 nuta
451 4608 571 4662 est;
604 4608 658 4653 et
696 4598 1069 4654 crescentibus
1092 4597 1215 4653 ﬁliis
1238 4597 1351 4651 suis
1371 4638 1387 4661 ,
1418 4604 1594 4650 mater
1614 4604 1873 4665 aegrotat;

284 4669 552 4739 factaque
578 4684 654 4729 es,
706 4668 967 4735 Ecclesia,
1003 4666 1248 4739 profectu
1274 4676 1382 4724 tua:
1402 4665 1769 4739 fecunditatis
1805 4665 1882 4720 in-

285 4735 523 4803 ﬁrmior,
578 4748 741 4810 atque
789 4735 1021 4796 accessu.
1060 4740 1331 4805 relabens,
1373 4747 1428 4793 et
1464 4737 1622 4807 quasi
1672 4735 1881 4792 viribus

286 4813 473 4865 minus
506 4809 706 4863 valida.
740 4831 759 4862 ι

358 4883 387 4922 b
412 4881 500 4935 Ad
528 4880 809 4953 dicendum
854 4898 946 4953 nec
982 4866 1311 4953 tutumL‘Ea
1335 4894 1465 4953 ergo
1503 4879 1604 4933 fuit
1639 4877 1883 4953 Agohar-

286 4951 394 5007 dici
423 4950 614 5007 seculi
669 4950 977 5016 infelicitas,
1006 4952 1085 5021 Δἱιι
1126 4950 1501 5021 saCerdotibus
1545 4966 1655 5013 non
1694 4950 1883 5003 liceret

286 5024 478 5093 eloqui
511 5021 659 5091 quod
685 5022 901 5087 vellent,
936 5014 1028 5077 sed
1059 5014 1323 5093 palpanda
1357 5031 1539 5077 essent
1578 5021 1709 5093 vitia
1758 5021 1884 5093 sub-

283 5090 569 5162 jectorum
598 5109 610 5145 :
652 5093 797 5161 quod
826 5104 909 5149 est
939 5090 1187 5161 ultimum
1225 5093 1576 5159 calamitatis.
1615 5090 1883 5162 Pratclare

288 5161 481 5244 itaque
512 5179 742 5244 magnus
763 5163 991 5244 ille_vir_,_
1025 5173 1244 5244 Sanctus
1273 5163 1575 5244 Cyprianth
1596 5161 1882 5244 Qarthagi-

289 5234 511 5306 nieusisr
538 5234 827 5306 episcopus
864 5235 915 5290 in
939 5236 1077 5306 libro
1106 5236 1179 5306 de
1207 5234 1431 5306 Lapsis:
1467 5255 1485 5286 ι
1525 5234 1627 5300 Qui
1648 5247 1887 5306 peccau-

289 5316 402 5362 tem
461 5304 851 5360 blandimentis
902 5304 1244 5360 adulantibus
1276 5305 1477 5375 palpat,
1512 5304 1706 5373 inquit,
1748 5318 1883 5375 pec-

289 5378 450 5432 candi
506 5376 752 5430 fomitem
784 5376 1186 5441 subministrat;
1221 5374 1319 5430 nec
1346 5374 1658 5444 comprimit
1690 5374 1887 5429 delicta

290 5448 403 5513 ille,
459 5448 557 5502 sed
594 5449 792 5517 nutrit.
827 5448 898 5502 At
932 5448 1022 5517 qui
1050 5447 1292 5502 consiliis
1338 5446 1657 5517 fortioribus
1706 5444 1888 5517 redur-

292 5510 407 5589 guit
436 5516 603 5589 simul
636 5527 799 5589 atque
826 5510 1046 5589 instruit
1067 5518 1321 5589 fratrem,
1348 5510 1721 5589 promovi-tati
1742 5510 1890 5570 salu-

297 5586 426 5644 tem.
476 5587 623 5653 Quos
678 5586 876 5658 diligo,
909 5588 1084 5655 inquit
1111 5586 1394 5660 Dominus,
1443 5586 1702 5660 redarguo
1729 5598 1775 5640 et
1801 5604 1890 5660 ca-

293 5664 452 5731 stigo.
479 5660 587 5731 Sic,
609 5657 824 5731 oportet
860 5669 913 5714 et
946 5661 1038 5716 Dei
1067 5658 1406 5731 sacerdotem
1460 5674 1566 5731 non
1603 5657 1890 5728 'obsequiis

295 5727 700 5802 decipientibus
722 5727 934 5802 fallere,
967 5731 1062 5787 sed
1110 5727 1363 5787 remediis
1407 5730 1738 5787 salutaribus
1763 5727 1891 5802 pro-

297 5800 505 5867 videre.
529 5800 829 5873 imperitus
853 5812 937 5861 est
961 5803 1223 5871 medicus,
1254 5802 1346 5873 qui
1389 5811 1683 5873 tumentes
1704 5800 1892 5873 vulne-

295 5878 422 5929 rum
444 5873 603 5934 sinus
615 5871 794 5928 manu
818 5882 1074 5945 parcente
1109 5871 1433 5937 contrectat,
1461 5882 1515 5928 et
1552 5872 1609 5928 in
1637 5871 1763 5928 altis
1806 5888 1892 5928 re-

1983 4384 2230 4455 cessibus
2255 4382 2523 4455 viscerum
2557 4383 2708 4455 virus
2736 4380 3006 4443 inclusum
3038 4384 3179 4455 dum
3198 4390 3379 4445 servat
3402 4399 3569 4455 ex”.

1980 4461 2156 4527 gerat.
2190 4452 2554 4527 Aperiendum
2582 4454 2778 4527 vulnus
2796 4463 2964 4527 estet
2986 4454 3277 4527 secandum
3305 4462 3359 4509 et
3385 4452 3571 4527 putri-

1982 4524 2221 4596 miiiihus
2246 4526 2540 4596 amputatis
2566 4524 2773 4589 medela
2808 4524 3034 4585 fortiore
3058 4524 3391 4596 curandum.
3410 4525 3571 4583 Voci-

1901 4571 1955 4631 1)
1982 4571 3263 4667 una;3(amsancti:zz'aaa'u;uu'r“sga
3270 4571 3569 4665 Etangs

1981 4667 2373 4747 per_doloren_1,
2398 4668 2599 4747 gratias
2630 4674 2753 4747 aget
2781 4669 3121 4747 postmodum
3151 4670 3571 4747 _cum_senserit

1984 4736 2292 4794 sanitatem.
2319 4736 2554 4795 Euiersit
2577 4736 2744 4805 enim,
2776 4736 2972 4795 fratres
2986 4736 3344 4804 dilectissimi,
3368 4755 3571 4799 novum
3630 4754 3637 4761 ‘

1984 4823 2155 4881 genus
2180 4810 2383 4874 cladis;
2416 4816 2471 4864 et
2499 4812 2657 4879 quasi
2686 4825 2881 4881 parum
2902 4808 3296 4881 persecutionis
3323 4806 3568 4879 procella

1985 4878 2240 4945 saevierit,
2264 4881 2495 4936 accessit
2518 4878 2586 4936 ad
2614 4878 3024 4936 cumulum’sub
3068 4878 3456 4938 misericordiae
3497 4883 3566 4937 ti-

1985 4949 2098 5004 tulo
2125 4952 2325 5027 malum
2346 4950 2561 5027 fallens,
2589 4960 2645 5007 et
2669 4952 2865 5027 blanda
2892 4948 3180 5027 pernicies.
3219 4962 3247 5027 ρ

2061 5032 2082 5059 ε
2136 5019 2207 5076 In
2250 5020 2413 5077 unum
2464 5019 3183 5083 converterimus—Admonet
3228 5022 3568 5083 Bernardum

1986 5092 2299 5163 episcopum
2330 5094 2710 5157 Viennensem,
2741 5093 2874 5148 adeo
2894 5107 3112 5162 gravem
3137 5106 3258 5151 esse
3280 5094 3424 5151 hanc
3440 5106 3571 5153 cau-

1987 5178 2140 5229 sam,
2188 5172 2250 5235 ut
2299 5164 2353 5235 in
2403 5166 2615 5235 synodo,
2636 5163 2877 5235 plurium
2920 5165 3325 5235 provinciarum
3368 5165 3567 5221 merito

1988 5232 2268 5308 tractanda
2294 5233 2366 5289 sit
2392 5251 2407 5289 :
2433 5232 2583 5307 quod
2606 5232 2655 5291 si
2679 5234 2896 5291 occasio
2922 5232 3167 5308 ingruat,
3199 5252 3309 5292 non
3342 5246 3572 5305 praster-

1987 5305 2307 5369 mittendam
2341 5305 2481 5361 esse.
2626 5356 2631 5361 .

2058 5375 2083 5414 ἀ
2114 5376 2287 5450 Erunt
2311 5378 2590 5450 sempergin
2615 5375 2874 5450 Ecclesia.
2908 5376 3137 5450 Videtur
3164 5392 3419 5436 coercere
3443 5392 3572 5450 pro—

1991 5466 2020 5497 n
2046 5447 2213 5502 ission
2249 5463 2301 5502 m
2329 5446 2563 5512 Christi,
2586 5448 2679 5517 qui
2699 5449 3072 5518 pronuntiavit
3109 5448 3348 5506 futurum
3379 5446 3571 5507 se-no-

1990 5518 2197 5573 hiscum
2213 5519 2465 5573 omnibus
2478 5518 2665 5573 diebus
2680 5535 2849 5588 usque
2863 5521 2928 5575 ad
2943 5522 3461 5577 consummationem
3478 5537 3553 5577 sse

1990 5588 2118 5659 culi,
2143 5589 2210 5644 ad
2230 5602 2326 5643 eos
2345 5589 2437 5659 qui
2459 5604 2586 5645 vere
2612 5588 2906 5646 Christiani
2937 5599 3084 5654 sunt,
3116 5594 3219 5648 hoc
3246 5601 3350 5657 est,
3371 5592 3569 5651 sancti.

1992 5656 2192 5741 Verum
2217 5674 2325 5741 n_on
2354 5656 2516 5731 negat
2542 5661 2673 5741 quin
2703 5662 2847 5741 istud
2877 5662 3145 5741 referatur
3172 5664 3241 5741 ad
3272 5656 3574 5741 Ecclesium

1990 5730 2383 5795 uni'versalem,
2414 5730 2577 5800 quam
2605 5731 2856 5789 Christus
2883 5750 2990 5789 non
3022 5733 3258 5805 reliquit,
3289 5734 3386 5791 sed
3430 5750 3573 5792 sem-
3639 5773 3642 5776 .

1990 5815 2089 5857 uer
2111 5803 2398 5857 gubernat.

1989 5815 2089 5873 per
2111 5809 2398 5873 gubernat.

2069 5886 2092 5913 ο
2119 5870 2398 5929 ’Μαιονιιηι
2424 5878 2778 5948 perversitate.
2811 5876 3099 5933 Existimat
3129 5877 3294 5948 igitur
3336 5876 3575 5949 Agobar-
