4088 6344
586 350 693 408 145

1547 352 1606 409 S.
1647 355 1997 412 AGOBARDI
2035 355 2346 416 EPISCOPI
2381 354 2873 417 LUGDUNENSIS

3759 368 3865 425 144

579 475 608 504 ι
648 457 844 516 summi
875 459 1192 526 sacerdotis,
1215 473 1325 516 non
1343 459 1581 520 humana
1603 466 1825 533 virtute,
1863 467 1958 523 sed
1985 469 2158 524 sancti
2188 473 2241 532 Α
2265 471 2486 527 caeleste
2516 472 2701 540 mittit,
2737 481 2794 528 et
2829 472 2944 543 ipsa
2974 469 3031 526 in
3060 468 3276 528 cloacas
3304 471 3618 531 descendit?
3645 475 3864 538 Timea-

576 549 820 624 Spiritus
858 552 1212 623 perﬁciantur
1259 553 1604 611 ineﬁ‘abiliter
1645 558 1944 626 majestate.
2008 559 2166 616 Nullo

573 644 738 700 modo
787 645 969 717 igitur,
1000 647 1144 701 sicut
1198 645 1392 701 beatus
1421 647 1759 720 Augustinus
1804 651 1985 718 docet,
2023 672 2040 702 ‹
2074 670 2164 707 sa-

573 746 918 791 cramentum
944 734 1147 793 Christi
1174 737 1230 791 in
1257 737 1415 792 bonis
1459 739 1724 795 ministris
1752 743 2160 812 approbandum

571 836 674 892 est,
704 829 758 882 in
786 827 944 884 malis
967 831 1353 900 respuendum,
1395 834 1551 903 quasi
1575 844 1670 889 aut
1697 835 1856 906 hujus
1887 846 1980 892 aut
2001 837 2161 907 hujus

569 918 656 980 sit,
684 933 809 973 cum
837 920 891 973 in
937 928 1169 990 utroque
1201 923 1342 978 idem
1364 925 1456 988 sit,
1489 934 1543 980 et
1571 941 1678 981 non
1710 928 1816 982 nisi
1844 928 1940 983 Dei
1968 931 2058 984 sit.
2091 932 2159 987 Et

568 1011 814 1080 quamvis
846 1011 901 1066 in
939 1013 1193 1083 pessimis
1226 1015 1428 1071 bonum
1461 1017 1550 1082 sit,
1610 1017 1713 1072 etsi
1751 1019 2031 1074 hominum
2063 1024 2155 1090 qui

565 1100 671 1156 hoc
692 1111 858 1171 agunt
878 1102 1015 1158 alius
1043 1112 1128 1159 est
1156 1103 1263 1160 alio
1287 1106 1546 1170 deterior,
1574 1122 1684 1162 non
1710 1108 1832 1163 ideo
1858 1109 1988 1164 illud
2012 1114 2155 1180 quod

563 1202 732 1265 agunt
751 1195 990 1250 deterius
1016 1206 1100 1252 est
1128 1197 1183 1251 in
1213 1197 1305 1253 illo
1334 1213 1496 1268 quam
1541 1199 1595 1254 in
1621 1200 1728 1255 isto
1755 1219 1767 1252 :
1800 1203 1925 1272 quia
1959 1220 2058 1260 nec
2094 1207 2151 1262 in

562 1288 772 1344 duobus
794 1289 1080 1345 catholicis
1108 1291 1286 1357 malis,
1313 1292 1358 1346 si
1384 1307 1522 1347 unus
1545 1293 1618 1347 sit
1637 1293 1746 1348 alio
1771 1294 2026 1360 deterior,
2058 1299 2152 1352 de-

561 1382 818 1437 teriorem
873 1383 1200 1454 baptismum
1252 1385 1429 1454 gerit:
1458 1399 1558 1439 nec
1610 1387 1656 1440 si
1683 1402 1821 1442 unus
1852 1391 2152 1445 eorum-sit

558 1473 753 1540 bonus,
786 1474 924 1530 alius
950 1477 1139 1539 malus,
1174 1476 1226 1530 in
1270 1477 1413 1532 malo
1438 1477 1613 1532 malus
1636 1486 1720 1533 est
1744 1478 2068 1550 baptismus,
2093 1491 2150 1537 et

556 1566 613 1622 in
661 1569 805 1625 bono
831 1571 1023 1634 bonus,
1051 1571 1147 1626 sed
1192 1571 1249 1625 in
1278 1578 1511 1642 utroque
1539 1573 1716 1629 bonus
1742 1593 1754 1626 :
1787 1576 1926 1631 sicut
1963 1576 2147 1634 lumen

554 1659 710 1727 solis,
739 1661 820 1715 vel
850 1662 1014 1716 etiam
1059 1662 1315 1727 lucernzc,
1349 1678 1456 1717 non
1488 1665 1675 1734 utique
1705 1666 1947 1722 deterius
1973 1677 2058 1724 est
2086 1671 2143 1724 in

553 1753 724 1809 oculis
768 1755 1146 1821 deterioribus,
1189 1771 1351 1825 quam
1392 1756 1444 1809 in
1477 1758 1822 1824 melioribus;
1872 1761 1966 1814 sed
1998 1762 2142 1815 idem

2269 579 2390 619 mus
2412 564 2789 630 hzec,’fratres.
2812 563 3112 620 Conveniat
3131 566 3401 622 actionem
3419 576 3662 624 nostram
3685 571 3866 641 ipsum

2269 658 2635 713 ministerium
2655 667 2923 714 nostrum.
2951 657 3028 712 De
3057 668 3403 728 peccatorum
3428 671 3739 717 nostrorum
3766 679 3864 720 co-

2266 751 2396 805 tidie
2425 751 2758 806 relaxationc
2804 752 3134 820 cogitemus;
3167 767 3234 806 ne
3264 761 3450 808 nostra
3489 753 3601 808 vita
3635 763 3864 823 peccato

2262 843 2502 915 obligata
2532 852 2834 910 remaneat,
2863 859 2961 914 per
2989 859 3152 914 quam
3177 845 3521 914 omnipotens
3546 845 3692 902 Deus
3723 862 3863 917 quo-

2262 936 2393 991 tidie
2424 936 2560 992 alios
2589 935 2768 991 solvit.
2807 956 2827 989 ι

2329 1031 2489 1086 XVII.
2521 1031 2899 1088 Consonanter
2922 1045 3139 1103 quoque
3167 1039 3222 1086 et
3240 1031 3433 1094 beatus
3455 1031 3485 1072 ιι
3507 1046 3646 1102 papa
3675 1031 3856 1087 Anas-

2258 1124 2428 1178 tasius
2487 1124 2556 1178 de
2596 1124 2683 1178 his
2735 1123 2893 1179 docet
2960 1121 3212 1196 (Decret.,
3261 1139 3309 1178 c.
3368 1123 3418 1188 7,
3479 1125 3556 1194 8),
3610 1124 3805 1180 dicens
3836 1141 3854 1178 :

2254 1213 2390 1268 Nam
2418 1221 2472 1269 et
2495 1214 2824 1283 baptismum
2857 1214 3000 1284 quod
3037 1215 3225 1285 procul
3257 1214 3316 1267 ﬁt
3341 1216 3409 1270 ab
3439 1215 3708 1280 Ecclesia,
3736 1216 3860 1272 sive

2253 1306 2321 1360 ab
2348 1305 2596 1360 adultero
2626 1305 2710 1360 vel
2739 1321 2769 1359 a
2799 1305 2919 1360 fure
2942 1306 3105 1360 fuerit
3124 1306 3334 1371 datum,
3365 1306 3431 1360 ad
3453 1307 3856 1376 percipientem

2250 1412 2449 1452 munus
2473 1397 2728 1467 pervenit
2768 1397 3059 1463 illibatum,
3089 1397 3217 1466 quia
3248 1413 3356 1453 vox
3401 1398 3491 1452 illa
3521 1414 3642 1468 quze
3665 1399 3859 1454 sonuit

2249 1503 2349 1558 per
2382 1488 2709 1554 columbam,
2741 1503 2959 1542 onmem
2989 1487 3256 1542 maculam
3287 1489 3541 1543 humanae
3593 1489 3860 1558 pollutio-

2249 1576 2335 1632 nis
2382 1578 2662 1644 excludit,
2721 1594 2827 1648 qua
2873 1577 3181 1632 declaratur
3229 1593 3294 1632 ac
3343 1577 3540 1632 dicitur
3569 1596 3582 1630 :
3614 1578 3719 1633 Hic
3771 1589 3851 1634 est

2249 1669 2342 1738 qui
2374 1667 2608 1736 baptizat
2649 1670 2705 1724 in
2743 1668 2944 1740 Spiritu
2973 1679 3177 1724 sancto.
3200 1668 3407 1740 Nempe
3429 1681 3484 1725 et
3503 1668 3692 1738 Judas,
3721 1687 3852 1727 cum

2246 1757 2410 1813 fuerit
2435 1759 2730 1829 sacrilegus
2765 1769 2927 1830 atque
2950 1761 3052 1822 fur,
3091 1761 3356 1830 quidquid
3379 1762 3491 1832 egit
3524 1763 3666 1817 inter
3717 1778 3854 1832 apo-

552 1861 606 1898 in
646 1845 910 1915 utrisque,
944 1846 1192 1915 quamvis
1221 1861 1314 1900 eos
1345 1847 1557 1902 diverse
1585 1863 1683 1918 pro
1710 1848 1928 1904 illorum
1955 1851 2136 1906 diver—
2166 1839 2214 1899 Β
2243 1851 2412 1906 stolos
2426 1866 2526 1921 pro
2548 1850 2812 1920 dignitate
2828 1852 3140 1916 commissa,
3158 1850 3422 1905 beneﬁcia
3445 1866 3543 1921 per
3563 1852 3851 1922 indignum

547 1934 712 1990 sitate
731 1934 815 1990 vel
837 1934 1078 1990 lzetiﬁcet
1101 1936 1188 1992 vel
1213 1937 1506 1992 excruciet.
1545 1957 1564 1991 ι

617 2027 756 2085 XVI.
810 2027 1074 2084 Similiter
1109 2038 1290 2084 autem
1326 2039 1380 2085 et
1430 2031 1624 2088 beatus
1649 2046 1793 2103 papa
1843 2032 2142 2107 Gregorius

546 2125 614 2180 de
645 2141 753 2181 non
795 2125 1211 2181 contemnendis
1237 2125 1436 2180 divinis
1474 2128 1840 2183 sacramentis
1886 2129 1943 2183 in
1971 2129 2144 2200 quali-

543 2216 864 2286 buscunque
885 2216 1151 2271 ministris
1174 2215 1272 2271 Dei
1302 2215 1402 2271 sub
1421 2217 1657 2286 quodam
1687 2233 1927 2290 congruo
1952 2235 2139 2275 exeni-

541 2309 632 2379 plo
677 2310 950 2374 admonet,
998 2309 1232 2364 dicens:
1274 2329 1292 2360 ί
1331 2308 1505 2380 Saepe,
1565 2309 1764 2368 fratres
1821 2314 1952 2380 mei,
2004 2314 2142 2370 solet

545 2402 765 2458 evenire
793 2401 937 2472 quod
975 2401 1119 2467 dico,
1149 2409 1208 2455 ut
1235 2417 1467 2470 persona
1502 2413 1699 2474 potens
1757 2405 2019 2461 famulum
2045 2408 2139 2463 hac

541 2493 669 2549 beat
709 2495 1056 2564 despectum;
1101 2509 1332 2563 cumque
1379 2510 1476 2564 per
1529 2511 1654 2550 eum
1703 2497 1817 2554 suis
1861 2498 2002 2558 forte
2051 2501 2139 2557 vel

540 2585 818 2644 extraneis
837 2599 1156 2657 responsum
1185 2585 1403 2659 aliquod
1429 2587 1665 2656 mandat,
1701 2608 1811 2648 non
1840 2594 2139 2664 despicitur

536 2693 770 2749 persona
810 2677 1086 2748 loquentis
1113 2680 1278 2745 servi,
1308 2681 1436 2749 quia
1465 2691 1717 2737 servatur
1761 2683 1817 2738 in
1858 2685 2023 2740 corde
2050 2700 2138 2739 re-

535 2773 783 2828 verentia
807 2773 1078 2828 mittentis
1098 2773 1340 2839 domini;
1381 2789 1481 2828 nec
1502 2785 1738 2844 pensant
1761 2777 1854 2845 qui
1881 2777 2132 2843 audiunt,

533 2879 632 2936 per
671 2879 864 2936 quem;
894 2865 992 2920 sed
1030 2865 1184 2935 quid,
1230 2865 1314 2919 vel
1365 2881 1396 2919 a
1423 2882 1530 2936 quo
1577 2867 1816 2922 audiant.
1868 2870 1947 2923 Ita
1979 2886 2130 2942 ergo,

557 2967 762 3024 ratres,
794 2957 871 3013 ita
897 2972 994 3013 vos
1021 2958 1182 3029 agite.
1214 2957 1331 3013 Etsi
1362 2958 1592 3013 forsitan
1638 2975 1740 3015 nos
1765 2959 1928 3031 digne
1952 2961 2134 3030 despi-

535 3047 682 3112 citis,
715 3047 770 3102 in
803 3055 986 3103 mente
1019 3055 1202 3102 tamen
1239 3055 1423 3103 vestra
1452 3050 1700 3104 vocantis
1722 3049 1938 3104 Domini
1971 3067 2131 3106 reve-

531 3141 768 3196 rentiam
791 3153 1027 3196 servate.
1054 3161 1073 3193 ›
1099 3140 1246 3196 Idem
1269 3141 1437 3196 etiam
1462 3139 1624 3196 Pater
1645 3141 1714 3197 de
1737 3142 1938 3198 eisdem
1965 3143 2131 3199 rebus

531 3234 587 3289 in
627 3233 865 3305 quadam
912 3234 1292 3304 episcoporum
1342 3234 1722 3290 exhortatione
1760 3234 1839 3290 sic
1886 3234 2130 3305 loquitur

529 3326 758 3400 (Homil.
789 3327 854 3380 I7
882 3327 938 3380 in
965 3325 1192 3398 Evang.)
1222 3344 1234 3396 ς
1272 3344 1290 3376 ‹
1325 3325 1394 3381 Et
1419 3341 1518 3395 per
1561 3342 1659 3381 nos
1687 3326 1908 3396 quidem
1939 3326 2125 3383 ﬁdeles

528 3421 596 3475 ad
629 3426 879 3474 sanctum
927 3418 1199 3487 baptisma
1241 3419 1484 3482 veniunt,
1519 3418 1722 3473 nostris
1745 3419 2002 3488 precibus
2030 3420 2126 3475 be-

528 3511 875 3576 nedicuntur,
913 3525 1012 3580 per
1033 3509 1437 3580 impositionem
1459 3526 1719 3566 manuum
1740 3519 2055 3566 nostrarum
2090 3529 2122 3568 a

528 3604 638 3658 Deo
695 3601 961 3674 Spiritum
1016 3610 1268 3657 sanctum
1315 3602 1646 3672 percipiunt,
1701 3610 1869 3672 atque
1912 3603 2015 3671 ipsi
2054 3603 2121 3658 ad

525 3709 754 3766 regnum
801 3694 1023 3750 caeleste
1046 3695 1380 3765 pertingunt.
1419 3695 1486 3748 Et
1511 3710 1640 3750 ecce
1684 3710 1785 3750 nos
1815 3709 1914 3764 per
1955 3695 2128 3765 negli—

521 3786 761 3858 gentiam
816 3797 1060 3841 nostram
1101 3786 1355 3841 deorsum
1395 3785 1686 3841 tendimus.
1741 3785 2127 3855 Ingrediuntur

520 3879 682 3935 electi
727 3880 1071 3934 sacerdotum
1131 3879 1384 3933 manibus
1439 3878 1638 3948 expiati
1694 3878 1974 3933 caelestem
2029 3895 2124 3949 pa-

520 3973 709 4036 triam,
738 3978 796 4026 et
819 3971 1133 4026 sacerdotes
1162 3971 1267 4040 ipsi
1296 3985 1394 4040 per
1420 3971 1587 4024 vitam
1613 3970 1903 4039 reprobam
1940 3970 2010 4026 ad
2035 3971 2122 4025 in—

519 4060 664 4115 ferni
708 4061 971 4130 supplicia
1019 4060 1298 4116 festinant.
1349 4061 1449 4116 Cui
1485 4078 1613 4132 ergo
1649 4063 1751 4129 rei,
1797 4062 1883 4118 cui
1915 4063 2121 4118 similes

521 4151 759 4207 dixerim
797 4150 1111 4206 sacerdOtes
1163 4151 1356 4216 malos,
1405 4152 1514 4205 nisi
1561 4167 1716 4221 aquae
1750 4153 2117 4222 baptismatis,

518 4257 642 4315 quin
664 4250 890 4316 peccata
917 4241 1322 4312 baptizatorum
1363 4241 1597 4308 diluens,
1626 4242 1750 4297 illos
1786 4244 1854 4297 ad
1890 4258 2119 4313 regnum
2157 4273 2162 4276 ~

2243 1942 2390 2007 data,
2429 1941 2574 1996 nulla
2607 1956 2673 1996 ex
2721 1942 2824 1997 hoc
2871 1942 3195 1996 detrimenta
3226 1950 3533 1996 senserunt.
3569 1942 3852 2013 Quidquid

2243 2048 2372 2105 ergo
2392 2033 2461 2088 ad
2490 2034 2775 2089 hominum
2802 2041 3124 2102 provectum
3144 2033 3441 2102 quilibctin
3465 2034 3712 2089 Ecclesia
3741 2037 3852 2091 mi-

2241 2125 2414 2180 nister
2445 2140 2547 2196 pro
2589 2123 2766 2180 oilicio
2816 2140 2915 2179 suo
2954 2121 3171 2180 videtur
3228 2126 3463 2195 operari,
3515 2127 3619 2181 hoc
3670 2135 3849 2184 totum

2241 2218 2514 2273 contineri
2561 2217 2896 2288 implendum
2925 2216 3227 2273 divinitatis
3267 2216 3483 2283 ell‘ectu,
3519 2219 3594 2273 ita
3629 2219 3722 2274 ille
3747 2236 3853 2290 per

2240 2324 2407 2379 quem
2434 2308 2683 2365 Christus
2712 2307 2972 2380 loquitur,
3005 2308 3206 2364 Paulus
3237 2307 3472 2364 aﬁirmat
3503 2325 3514 2362 :
3549 2309 3668 2380 Ego
3691 2311 3850 2381 plan-

2241 2402 2366 2467 tavi,
2417 2400 2604 2472 Apollo
2657 2401 2868 2472 rigavit,
2913 2400 3004 2455 sed
3048 2399 3190 2455 Deus
3243 2402 3620 2456 incrementum
3667 2403 3844 2458 dedit.

2239 2491 2430 2566 Itaque
2463 2509 2626 2566 neque
2666 2493 2758 2564 qui
2778 2491 2988 2563 plantat
3012 2502 3087 2546 est
3119 2491 3343 2564 aliquid,
3373 2509 3536 2565 neque
3559 2496 3649 2564 qui
3679 2497 3846 2566 rigat,

2237 2587 2328 2641 sed
2350 2587 2440 2657 qui
2477 2586 2857 2640 incrementum
2902 2584 2992 2637 dat
3040 2582 3203 2637 Deus.
3258 2583 3305 2637 A
3348 2583 3458 2638 Deo
3513 2592 3696 2638 autem
3730 2602 3846 2641 non

2237 2681 2502 2751 quazritur
2527 2680 2650 2750 quis
2690 2677 2775 2732 vel
2811 2676 2988 2746 qualis
3016 2676 3294 2745 prtedicet,
3324 2675 3421 2731 sed
3443 2691 3603 2745 quem
3638 2677 3847 2746 praedi-

2237 2779 2345 2836 cet,
2381 2781 2441 2824 ut
2463 2769 2675 2824 invidos
2703 2768 2871 2823 etiam
2898 2767 3036 2822 bene
3077 2766 3354 2822 Christum
3379 2767 3683 2836 prmdicare
3708 2785 3844 2824 con-

2237 2862 2437 2916 ﬁrmet.
2462 2860 2587 2915 Mali
2633 2861 2816 2930 itaque
2840 2860 2984 2914 bona
3033 2859 3416 2925 ministrando,
3452 2860 3552 2914 sibi
3585 2868 3841 2916 tantum-

2236 2955 2396 3010 modo
2426 2961 2644 3018 nocent,
2690 2968 2790 3007 nec
2818 2951 3075 3007 Ecclesiae
3112 2953 3371 3022 mysteria
3402 2951 3836 3007 commaculant.

2233 3044 2312 3100 Ac
2325 3061 2423 3116 per
2451 3045 2555 3099 hoc
2583 3043 2892 3098 nullatenus
2916 3041 3114 3097 debent
3141 3050 3384 3096 metuere
3407 3042 3501 3112 qui
3520 3042 3604 3096 vel
3630 3043 3687 3097 in
3711 3059 3844 3098 con-

2235 3135 2634 3193 secrationibus
2679 3134 2767 3190 vel
2823 3134 2879 3188 in
2928 3133 3257 3203 baptismate
3317 3132 3575 3202 mysteria
3637 3132 3840 3188 tradita

2235 3232 2562 3302 suscipiunt,
2614 3244 2686 3284 ne
2744 3228 2900 3282 irrita
2945 3226 3213 3282 beneﬁcia
3261 3226 3445 3281 divina
3496 3226 3835 3282 videantur:

2235 3329 2364 3399 quia
2410 3327 2668 3382 virtutem
2696 3339 2852 3380 suam
2889 3323 3262 3380 obtinentibus
3289 3321 3586 3393 mysteriis,
3634 3321 3690 3377 in
3729 3322 3839 3377 hoc

2233 3421 2356 3476 aliis
2390 3435 2481 3476 rea
2511 3418 2616 3476 sibi
2646 3431 2885 3489 persona
2909 3430 3019 3471 non
3044 3422 3226 3471 nocet.
3264 3434 3284 3466 ι
3680 3410 3684 3412 ’

2308 3511 2488 3567 XVIII.
2543 3510 2670 3566 Haec
2699 3509 2866 3581 igitur
2921 3523 3081 3564 sensa
3130 3506 3356 3562 Patrum
3391 3515 3446 3562 et
3480 3505 3836 3564 definitiones

2230 3607 2531 3678 posuimus,
2559 3611 2622 3660 ut
2657 3603 2909 3658 noverint
2953 3602 3139 3657 fideles
3181 3601 3384 3672 populi,
3438 3601 3571 3655 nihil
3615 3616 3674 3656 se
3706 3601 3832 3656 [sedi

2231 3696 2571 3751 criminibus
2602 3693 2945 3749 sacerdotum
2987 3693 3040 3747 in
3083 3693 3399 3762 acceptione
3452 3701 3832 3747 sacramento-

2230 3804 2382 3852 rum;
2412 3787 2457 3841 si
2489 3795 2670 3841 tamen
2690 3785 2845 3854 juxta
2876 3784 3117 3853 regulam
3148 3800 3176 3836 a
3203 3783 3430 3837 Domino
3455 3783 3709 3854 positam,
3741 3780 3842 3837 vel

2230 3880 2528 3936 secundum
2558 3876 2909 3932 traditionem
2961 3875 3410 3941 ecclesiasticam,
3455 3875 3825 3930 celebrentur.

2229 3971 2498 4026 Caeterum
2547 3982 2891 4039 summopere
2931 3981 3152 4021 necesse
3193 3975 3277 4021 est
3315 3967 3631 4036 praecaveri,
3665 3976 3725 4020 ut
3765 3966 3828 4022 in

2228 4061 2548 4118 ordinandis
2594 4072 2616 4100 ο
2663 4058 3028 4115 oil'erendisve
3077 4057 3342 4112 ministris
3368 4074 3474 4111 non
3515 4058 3825 4113 communi-

2227 4169 2439 4218 cemus,
2468 4160 2530 4206 ut
2552 4166 2718 4222 supra
2759 4150 2965 4205 dictum
2989 4157 3094 4213 est,
3138 4149 3378 4219 peccatis
3411 4149 3623 4217 alienis,
3651 4149 3679 4189 ἀ
3711 4151 3828 4205 cri-

2227 4247 2470 4300 minosos
2496 4240 2749 4296 videlicet
2773 4239 2842 4294 ad
2880 4239 3244 4295 sacerdotium
3268 4241 3658 4311 promovendo,
3699 4249 3822 4308 aut,

1895 4335 2169 4395 BALUZII
2207 4335 2438 4395 NOTAE.

519 4429 642 4493 dus,
670 4425 944 4484 sacriﬁcio
977 4426 1142 4481 etiam
1178 4425 1481 4483 sacerdotis
1513 4425 1666 4496 impii
1698 4425 1894 4481 conﬁci
1925 4441 2110 4482 sacra-

473 4560 477 4565 ,
516 4505 724 4569 menta.
753 4497 873 4569 Alia
900 4496 1170 4569 Cypriane
1191 4513 1346 4553 mens
1369 4498 1472 4553 fuit
1505 4517 1518 4551 :
1545 4499 1640 4568 qui
1685 4497 1741 4550 in
1771 4498 2002 4567 epistola
2042 4498 2110 4554 68

467 4602 473 4631 ,-
517 4567 598 4641 (ut
624 4569 737 4641 illic
781 4567 1330 4641 adnotatiErasrmus)
1377 4567 1852 4641 omnino__senti_re
1900 4569 2117 4624 videtur

473 4638 788 4712 .sacriﬁcio
838 4640 1138 4695 sacerdotis
1185 4640 1336 4712 impii
1381 4641 1516 4696 nihil
1565 4638 1751 4712 efﬁci,_
1786 4639 1908 4712 imo
1940 4642 2116 4712 magis

515 4711 788 4780 inquinari
857 4710 1422 4782 populuniaoptatus
1481 4721 1680 4782 tamen,
1739 4709 1816 4782 in_
1856 4709 1996 4782 libro
2039 4709 2114 4780 Evr

515 4774 702 4851 aperte
725 4774 1098 4852 scribit-posse
1122 4774 1324 4850 aliquid
1355 4774 1708 4844 sanctiticari,
1747 4780 1964 4834 etiamsi
1991 4774 2116 4852 pec-

515 4853 721 4924 catoris
751 4867 916 4921 opera
947 4854 1042 4906 ﬁat
1065 4853 1234 4907 divini
1278 4853 1517 4908 nominis
1565 4853 1859 4924 invocatio.
1899 4869 1917 4900 ί
1967 4853 2114 4924 Ergo

508 4922 624 4992 jam
653 4923 860 4993 liquido
887 4932 1132 4993 apparet,
1160 4924 1356 4992 inquit,
1397 4939 1464 4979 ex
1494 4923 1837 4977 invocatione
1874 4922 2114 4980 nominis

513 4993 611 5048 Dei
639 5009 801 5065 posse
839 4993 1038 5065 aliquid
1075 4995 1442 5058 sanctiﬁcari,
1486 4994 1696 5048 etiamsi
1740 5001 2000 5065 peccator
2031 4995 2114 5048 in-

513 5064 672 5120 vocet
702 5064 893 5118 Deum.
933 5084 952 5116 ι
987 5064 1220 5134 Idipsum
1253 5067 1306 5120 in
1331 5081 1492 5120 causa
1521 5065 1707 5118 Aeacii
1757 5065 1929 5117 sensit
1959 5064 2110 5119 Ana-

515 5137 718 5190 stasius
739 5150 877 5203 papa
901 5134 955 5188 in
979 5136 1202 5203 epistola
1233 5137 1300 5191 ad
1349 5136 1695 5190 Anastasiuin
1732 5134 1872 5204 Aug.
1918 5150 2036 5203 cap.
2080 5135 2110 5187 7

513 5215 570 5261 et
611 5207 662 5268 8,
689 5206 1036 5277 referturque
1055 5208 1124 5262 ab
1149 5207 1437 5277 Agobardo
1464 5207 1603 5261 infra
1632 5207 1686 5259 in
1716 5205 1899 5277 ca__ite
1931 5206 1988 5256 I7
2019 5207 2111 5261 hu-

507 5277 598 5344 jus
644 5276 789 5331 libri.
843 5277 1018 5346 Atque
1075 5292 1146 5346 ea
1185 5275 1510 5332 auctoritate
1557 5278 1728 5331 utitur
1783 5275 2110 5346 l-Iincniarus

515 5348 842 5403 Rhemensis
871 5345 946 5401 ini
964 5345 1189 5416 epistola
1214 5348 1282 5402 26
1310 5365 1431 5418 quae
1451 5349 1575 5403 data
1600 5357 1684 5402 est
1712 5347 1794 5418 ad
1823 5345 2107 5402 Nicolaum

514 5435 735 5490 papam.
786 5418 914 5490 Inde
941 5415 1105 5473 etiam
1130 5415 1426 5490 sumpsisse
1475 5421 1692 5474 videtur
1739 5415 2110 5490 Luitprandus

517 5486 824 5545 ’I‘ieinensis
852 5488 941 5543 lib.
978 5506 1018 5552 I,
1072 5505 1192 5558 cap.
1225 5486 1266 5545 8⁷
1296 5510 1306 5543 :
1343 5512 1360 5541 ι
1417 5490 1684 5557 Quoniam
1734 5486 1874 5558 etii,
1907 5486 2104 5555 inquit,

515 5563 607 5631 qui
637 5578 668 5616 a
696 5560 830 5614 .Iuda
858 5559 1068 5616 Domini
1100 5557 1273 5615 nostri
1299 5560 1428 5616 Jesu
1446 5561 1646 5615 Christi
1673 5557 2107 5631 proditore__ante

515 5626 877 5701 proditionem
895 5632 1126 5687 salutem
1157 5648 1253 5686 seu
1291 5626 1721 5685 benedictionem
1754 5626 2105 5698 apostolicam

517 5711 894 5782 perceperant,
920 5719 986 5758 ea
1012 5711 1139 5782 post
1164 5703 1527 5782 proditionem
1543 5701 1872 5782 propriique
1911 5713 2106 5782 corpo-

518 5771 596 5829 ris
625 5771 1036 5841 su‘spensionem
1068 5773 1292 5826 minime
1322 5781 1449 5824 sunt
1475 5773 1691 5841 privati,
1722 5771 1825 5825 nisi
1850 5786 1986 5838 quos
2010 5771 2107 5826 im-

516 5845 685 5916 proba
716 5841 855 5899 forte
877 5843 1224 5898 defuzdarnnt
1250 5841 1470 5912 flagitia.
1499 5842 1813 5898 Benedictio
1835 5841 2102 5908 siquidem

2140 4541 2194 4600 D

2214 4443 2336 4501 quae
2365 4424 2694 4501 a_ministris_
2721 4423 2928 4501 Christi
2982 4425 3333 4501 impenditur,
3387 4441 3495 4501 non
3547 4443 3646 4500 per
3687 4444 3819 4501 eum

2220 4497 2312 4570 qui
2333 4499 2571 4570 videtur,
2601 4497 2697 4552 sed
2722 4497 2815 4570 qui
2843 4513 2948 4570 non
2978 4498 3213 4570 videtur,
3246 4497 3587 4570 sacerdotem
3632 4500 3821 4555 infun-

2225 4568 2391 4626 ditur.
2426 4568 2612 4642 Neque
2647 4569 2804 4642 enim
2835 4569 2927 4638 qui
2957 4568 3097 4639 rigat
3116 4577 3199 4623 est
3222 4569 3446 4642 aliquid,
3491 4587 3668 4640 neque
3719 4573 3820 4642 qui

2221 4642 2454 4712 plantat,
2506 4639 2598 4712 sed
2649 4639 2744 4712 qui
2777 4639 3184 4712 incrementum
3232 4641 3534 4712 datrDeus.
3581 4639 3612 4693 3
3670 4639 3820 4699 Sa'ne

2221 4709 2466 4783 tempore
2496 4709 2789 4783 Alexandri
2809 4709 2881 4783 Ill
2907 4710 3148 4783 Ecclesia
3181 4711 3442 4766 credebat
3470 4711 3818 4767 Dominicum

2217 4779 2417 4853 corpus
2448 4795 2601 4848 aeque
2629 4779 2822 4853 conﬁci
2849 4781 3046 4853 amulo
3069 4783 3374 4853 sacerdote,
3408 4791 3463 4836 et
3484 4799 3513 4836 a
3543 4783 3720 4842 bono;
3752 4794 3823 4838 ut

2216 4851 2369 4923 patet
2391 4869 2458 4907 ex
2482 4851 2752 4923 sententia
2797 4851 3060 4923 adversus
3105 4852 3283 4906 Bonos
3333 4853 3582 4908 homines
3631 4854 3739 4907 lata
3783 4870 3818 4908 a

2218 4921 2514 4979 Caucelino
2537 4921 2840 4994 Lodot'eiisi
2868 4923 3124 4992 episcopo
3142 4923 3358 4994 nomine
3389 4924 3555 4978 totius
3583 4925 3815 4994 synodi,

2215 5011 2335 5065 qum
2364 5001 2546 5066 exstat
2567 4993 2707 5066 apud
2745 4991 3036 5064 Bogerium
3060 4991 3135 5048 de
3163 4993 3420 5049 Hoveden
3443 4995 3499 5048 in
3529 4991 3687 5064 parte
3710 5011 3814 5066 po-

2214 5064 2431 5120 steriori
2454 5064 2762 5118 Annalium.

2286 5149 2312 5176 ι
2344 5135 2550 5189 Summi
2571 5136 2859 5188 sacerdotis
2882 5177 2897 5202 ,
2939 5136 2991 5191 id
3015 5145 3117 5201 est,
3153 5135 3376 5191 Christi.

2286 5207 2314 5246 b
2349 5204 2501 5275 Papa
2528 5204 2875 5269 Anastasius,
2917 5207 2970 5260 in
3001 5206 3244 5260 Decretis
3273 5223 3392 5276 cap.
3429 5207 3460 5260 7
3489 5214 3545 5261 et
3581 5206 3638 5261 8.
3669 5205 3816 5261 Nam

2211 5278 2375 5332 verba
2399 5276 2672 5348 Anastasii
2712 5277 3012 5330 decurtavit
3037 5277 3375 5348 Agobardus.

2286 5347 2720 5430 cii/ferendisve.
2765 5348 2912 5402 Istud
2955 5347 3197 5402 additum
3233 5359 3412 5403 estex
3438 5348 3625 5403 codice
3669 5347 3815 5402 Mar-

2211 5435 2383 5474 11355".

2281 5489 2310 5530 ἀ
2336 5488 2658 5543 Criminosos
2674 5490 3021 5560 provehenda.
3058 5490 3296 5545 Vctitum
3325 5491 3472 5546 illud.
3500 5491 3636 5545 Eum
3659 5493 3813 5547 enim

2210 5562 2299 5630 qui
2345 5561 2410 5613 ad
2447 5562 2813 5633 sacerdotium
2853 5569 3231 5633 promovetur,
3275 5562 3661 5633 integrafama
3688 5576 3815 5618 esse

2209 5629 2444 5702 oportet,
2481 5629 2638 5697 juxta
2670 5629 2999 5700 praeceptum
3026 5632 3289 5702 Apostoli.
3339 5629 3458 5702 Quo
3487 5632 3693 5688 factum
3725 5642 3818 5690 est

2209 5714 2268 5776 ut
2297 5712 2450 5756 vetus
2478 5702 2934 5776 Ecclesiaproeul
2957 5718 2986 5756 a
3009 5704 3332 5776 clericorum
3359 5705 3588 5776 collegio
3611 5721 3818 5760 arcue-

2213 5774 2282 5848 [ῆι
2310 5789 2421 5848 eos_
2437 5774 2527 5842 qui
2572 5772 2789 5848 ﬂagitiis
2819 5775 3196 5848 commaculati
3228 5783 3412 5848 erant;
3463 5772 3526 5831 ut
3558 5784 3715 5848 patet
3742 5792 3816 5832 ex

2211 5844 2454 5900 Decretis
2484 5860 2634 5914 papte
2655 5843 2852 5900 Gelasii
2877 5861 2998 5914 cap.
3039 5847 3122 5903 18.
3157 5847 3333 5919 Atque
3359 5847 3414 5904 id
3444 5843 3689 5919 graviter
3717 5851 3820 5904 do-
