4088 6344
310 357 420 416 145

310 569 406 638 qui
437 565 523 622 vel
557 565 854 622 secundum
898 572 1144 619 tenorem
1191 565 1617 620 ecclesiasticum
1664 566 1912 620 nesciant

309 671 574 731 peragere
609 657 724 727 ipsa
781 657 1068 729 mysteria,
1116 655 1264 726 quod
1305 657 1525 713 omnino
1571 666 1657 712 est
1714 660 1914 728 impro-

310 750 555 807 bandum
583 756 637 804 et
663 747 814 803 nullo
855 748 1015 804 modo
1052 748 1467 815 admittendum,
1497 749 1584 804 vel
1625 749 1786 804 caecis
1812 748 1912 803 du-

313 853 500 901 catum
550 844 828 914 praebeant
877 843 946 898 ad
988 841 1204 899 foveam
1261 852 1478 900 atterna:
1521 842 1908 898 damnationis.

311 934 470 1003 Quod
515 942 570 989 et
611 933 875 989 Dominus
920 934 1238 990 terribiliter
1279 950 1337 990 se
1362 935 1654 1004 reprobare
1683 935 1909 989 demon-

310 1036 474 1092 strat,
502 1026 688 1081 dicens
733 1041 834 1096 per
860 1025 1182 1096 prophetam
1211 1045 1228 1082 :
1263 1024 1402 1091 Quia
1444 1035 1500 1080 tu
1526 1025 1800 1079 scientiam
1833 1040 1913 1078 re-

309 1122 517 1193 pulisti,
541 1119 786 1192 repellam
813 1129 861 1174 te
882 1129 930 1174 et
952 1137 1069 1190 ego,
1093 1137 1156 1174 ne
1177 1118 1466 1175 sacerdotio
1492 1118 1732 1189 fungaris
1756 1117 1906 1170 mihi.

309 1213 382 1268 Et
404 1213 604 1267 iterum
634 1229 648 1266 :
673 1208 984 1266 Sacerdotes
1006 1219 1425 1281 contempserunt
1449 1209 1613 1280 legem
1639 1225 1832 1274 meam,
1863 1224 1911 1274 ει

308 1303 617 1377 polluerunt
639 1302 941 1358 sanctuaria
967 1319 1082 1356 mea
1099 1316 1116 1355 :
1133 1303 1271 1357 inter
1290 1311 1528 1356 sanctum
1556 1309 1605 1355 et
1627 1300 1910 1372 profanum

310 1413 420 1451 non
449 1396 745 1450 habuerunt
782 1394 1113 1460 distantiam,
1145 1405 1190 1448 et
1218 1395 1356 1448 inter
1388 1392 1646 1465 pollutum
1677 1402 1723 1446 et
1752 1407 1909 1445 mun-

310 1488 441 1542 dum
471 1503 576 1541 non
607 1483 998 1541 intellexerunt.
1050 1483 1184 1539 Cum
1227 1500 1259 1540 e
1293 1485 1570 1542 contrario
1612 1483 1911 1539 secundum

307 1587 582 1652 praecepta
605 1579 900 1650 apostolica
928 1577 1223 1633 debeamus
1256 1593 1376 1634 esse
1395 1576 1573 1648 parati
1600 1589 1815 1644 semper
1842 1574 1911 1630 ad

311 1673 745 1729 satisfactionem
779 1671 928 1727 omni
978 1671 1224 1742 poscenti
1276 1685 1375 1727 nos
1424 1670 1694 1724 rationem
1731 1669 1797 1724 de
1844 1683 1911 1723 ea

313 1781 439 1837 quae
464 1765 514 1819 in
540 1764 700 1819 nobis
726 1771 812 1819 est
849 1778 963 1833 spe,
992 1770 1046 1817 et
1071 1769 1321 1832 oporteat
1347 1761 1761 1830 praedicatorem
1787 1774 1912 1815 esse

1355 361 1444 415 DE
1483 360 1731 416 PRIVIL.
1776 360 1864 416 ET
1903 359 2078 418 JURE
2121 361 2551 418 SACERDOTII.

311 477 460 549 quod
490 474 673 532 adhuc
697 475 870 531 multo
916 473 1156 530 deterius
1178 481 1283 540 est,
1316 488 1343 515 α
1384 476 1686 547 ignorantia
1707 491 1901 541 caecos,
1930 478 1984 538 Α
2009 476 2238 532 sollicite
2293 487 2376 532 est
2442 486 2673 547 quatuor
2729 492 2918 532 eorum
2965 493 3085 533 esse
3137 493 3355 548 genera,

3497 361 3600 417 146

3435 491 3603 534 unum

2015 568 2326 635 amandum,
2351 568 2582 624 alterum
2608 567 2970 635 tolerandum,
2996 568 3217 623 tertium
3241 577 3600 626 contemnen-

2013 658 2156 723 dum,
2199 669 2454 730 quartum
2509 659 3104 716 anathematizandum.
3161 659 3468 716 Amandum
3502 661 3608 717 ita-

2014 768 2120 822 que
2157 767 2325 823 genus
2373 762 2647 808 rectorum
2688 764 2774 809 est
2814 754 2954 810 bene
2997 754 3316 821 viventium,
3362 761 3418 810 et
3463 755 3604 810 bene

2013 845 2339 921 docentium.
2393 843 2755 900 Tolerandum
2794 853 2976 901 autem
3002 844 3142 901 bene
3163 844 3382 915 quidem
3408 844 3610 901 docen-

2014 937 2169 1002 tium,
2206 938 2299 992 sed
2325 937 2826 1007 reprehensibiliter
2867 938 3201 1004 viventium;
3241 945 3336 992 aut
3359 936 3499 993 bene
3525 936 3609 992 vi-

2013 1028 2276 1093 ventium,
2331 1036 2386 1082 et
2435 1036 2657 1100 propter
2719 1028 3123 1100 simplicitatem
3175 1044 3370 1086 sensus
3409 1029 3610 1086 docere

2013 1118 2147 1173 alios
2194 1133 2303 1173 non
2333 1117 2648 1175 valentium.
2683 1117 2856 1188 Hujus
2886 1119 3099 1190 generis
3143 1118 3356 1189 priores
3382 1119 3609 1176 audien-

2012 1208 2066 1262 di
2125 1218 2270 1275 sunt,
2314 1225 2422 1265 non
2476 1209 2745 1275 imitandi,
2790 1210 2928 1265 sicut
2989 1208 3251 1265 Dominus
3298 1211 3366 1266 de
3409 1209 3610 1268 talibus

2013 1301 2259 1370 loquens,
2307 1301 2384 1355 ait
2438 1300 2619 1366 :Quw
2669 1301 2849 1355 dicunt
2883 1302 3082 1372 facite;
3117 1319 3235 1372 qua:
3290 1312 3466 1358 autem
3521 1303 3610 1374 fa-

2012 1396 2177 1457 ciunt,
2224 1395 2397 1463 facere
2445 1394 2624 1450 nolite.
2665 1393 2988 1465 Sequentes,
3037 1396 3085 1451 si
3131 1411 3320 1451 eorum
3358 1397 3468 1452 vita
3493 1398 3610 1469 pie-

2011 1489 2114 1542 tati
2157 1488 2369 1544 subdita
2419 1496 2523 1554 est,
2572 1472 2898 1559 pietatisque
2944 1487 3258 1545 doctoribus
3303 1490 3608 1559 adhazrens,

2011 1583 2245 1637 tendunt
2282 1583 2469 1653 procul
2515 1583 2678 1639 dubio
2708 1584 2775 1638 ad
2823 1582 2987 1639 ﬁnem
3025 1585 3302 1656 przecepti,
3356 1585 3502 1656 quod
3527 1594 3614 1642 est

2011 1674 2257 1729 cbaritas
2285 1674 2352 1728 de
2402 1673 2566 1730 corde
2612 1688 2771 1744 puro,
2810 1682 2865 1728 et
2890 1676 3224 1731 conscientia
3252 1677 3418 1745 bona,
3445 1687 3501 1733 et
3546 1677 3613 1734 ﬁ-

2013 1766 2079 1822 de
2115 1781 2223 1820 non
2264 1765 2409 1821 ﬁcta.
2445 1767 2636 1822 Potest
2688 1767 2913 1837 quidem
2934 1777 2990 1823 et
3041 1783 3230 1825 eorum
3259 1772 3374 1826 vita
3411 1771 3609 1842 aliqui-

310 1859 732 1930 amplectentem
777 1872 922 1922 eum,
959 1857 1052 1928 qui
1115 1854 1410 1910 secundum
1467 1853 1770 1909 doctrinam
1822 1838 1982 1908 estB
2011 1859 2114 1915 bus
2157 1873 2278 1913 esse
2325 1860 2592 1913 doctrina.
2646 1859 2901 1916 Attamen
2954 1861 3091 1917 tales
3144 1864 3284 1918 inter
3333 1838 3614 1936 perfectos

308 1949 526 2007 ﬁdelem
575 1963 904 2015 sermonem,
947 1956 1006 2002 ut
1032 1955 1226 2018 potens
1257 1946 1331 2000 sit
1356 1945 1636 2001 exhortari
1668 1945 1725 1999 in
1773 1944 1905 2000 doc-

309 2044 462 2098 trina
504 2057 658 2107 sana,
697 2051 755 2096 ct
781 2057 875 2096 eos
923 2042 1014 2111 qui
1044 2040 1424 2097 contradicunt
1443 2053 1691 2111 arguere.
1725 2037 1908 2106 Quan-

314 2149 484 2205 quam
513 2135 659 2189 enim
685 2133 940 2188 sacerdos
966 2140 1022 2187 et
1047 2131 1159 2186 vita
1197 2139 1254 2186 et
1289 2129 1538 2185 doctrina
1562 2129 1908 2198 irreprehen—

310 2227 492 2284 sibilis
521 2243 640 2284 esse
677 2227 893 2291 debeat,
916 2240 1023 2295 quo
1053 2224 1159 2280 rite
1185 2231 1240 2278 et
1267 2223 1519 2278 audiatur
1545 2232 1602 2278 et
1627 2221 1905 2286 imitetur;

308 2330 497 2376 tamen
529 2321 577 2374 si
604 2335 772 2373 unum
814 2319 1006 2374 horum
1055 2315 1306 2381 defuerit,
1338 2314 1678 2370 tolerabilius
1718 2321 1803 2369 est
1833 2313 1908 2366 illi

309 2409 540 2466 obedire
585 2409 677 2478 qui
720 2409 860 2463 bene
910 2406 1068 2462 docet
1101 2415 1156 2461 et
1199 2403 1696 2476 reprehensibiliter
1752 2403 1906 2468 vivit,

311 2517 480 2573 quam
528 2500 604 2554 illi
650 2500 825 2570 quiet
865 2500 1118 2569 nequiter
1147 2498 1304 2563 vivit,
1348 2505 1404 2550 et
1429 2495 1560 2566 quid
1601 2495 1790 2550 doceat
1814 2511 1910 2550 ne-

313 2593 440 2648 scit.
493 2590 573 2645 llli
601 2605 834 2659 namque
863 2596 1021 2643 erant
1050 2587 1258 2642 similes
1300 2586 1366 2640 de
1397 2585 1594 2655 quibus
1641 2584 1907 2639 Dominus

309 2683 561 2753 jubebat,
616 2682 804 2737 dicens
831 2699 846 2736 :
873 2679 1004 2746 Qua:
1033 2679 1215 2733 dicunt
1246 2677 1443 2748 facite;
1468 2692 1586 2749 qua:
1626 2685 1801 2730 autem
1827 2676 1912 2745 fa-

316 2776 484 2839 ciunt,
514 2775 688 2844 facere
719 2771 896 2826 nolite.
954 2770 1176 2827 Scilicet
1215 2771 1341 2841 quia
1367 2771 1485 2825 haec
1529 2771 1910 2835 observantes,

313 2870 437 2924 sine
483 2869 566 2923 sui
589 2865 832 2938 periculo
870 2865 1007 2921 tales
1051 2872 1304 2936 poterant
1330 2863 1602 2918 sustinere
1644 2871 1909 2918 rectores.

313 2961 395 3016 De
425 2961 528 3015 isto
558 2967 763 3024 autem,
788 2965 911 3013 cum
935 2958 1008 3012 sit
1035 2965 1180 3012 totus
1209 2955 1417 3011 inutilis
1437 2963 1493 3009 et
1519 2961 1666 3009 totus
1692 2954 1910 3020 noxius,

310 3061 374 3107 et
417 3051 535 3105 sine
568 3049 810 3120 periculo
841 3063 942 3102 nec
967 3048 1142 3102 audiri
1166 3046 1343 3117 possit
1370 3061 1474 3100 nec
1514 3045 1738 3110 imitari,
1763 3051 1915 3100 recte

313 3158 348 3197 a
405 3141 728 3210 quibusdam
769 3138 976 3194 dictum
1021 3138 1344 3210 intelligitur
1390 3138 1444 3192 in
1483 3136 1776 3208 Evangelio
1809 3154 1821 3189 :
1856 3133 1917 3192 Si

2009 1949 2400 2019 praedicatores
2444 1951 2692 2021 deputari
2747 1967 2856 2006 non
2903 1962 3151 2020 possunt,
3198 1955 3325 2025 quia
3356 1972 3466 2012 non
3509 1957 3612 2013 ha-

2011 2038 2142 2093 bent
2195 2039 2337 2094 unde
2384 2038 2664 2110 proferant
2696 2056 2834 2096 nova
2865 2051 2921 2095 et
2944 2051 3151 2098 vetera.
3207 2044 3276 2098 Et
3320 2045 3460 2100 sicut
3504 2045 3609 2100 Pa-

2013 2138 2125 2185 tres
2149 2130 2430 2185 dixerunt:
2467 2149 2486 2182 (
2519 2131 2748 2186 Latratu
2779 2148 2998 2198 canum,
3031 2143 3088 2190 et
3127 2136 3322 2192 baculo
3348 2139 3610 2208 pastoris,

2012 2222 2264 2293 luporum
2295 2223 2475 2277 rabies
2529 2225 2853 2280 deterrenda
2906 2235 3008 2282 est.
3071 2247 3091 2280 ι
3145 2227 3614 2286 Contemnendum

2012 2329 2168 2380 vero,
2211 2315 2354 2369 sicut
2380 2330 2544 2385 supra
2583 2316 2841 2384 diximus,
2886 2333 3056 2389 genus
3083 2329 3167 2375 est
3215 2323 3618 2391 reprehensibi-

2012 2405 2140 2462 liter
2156 2407 2476 2472 viventium,
2507 2415 2562 2462 et
2580 2409 2709 2477 quid
2733 2409 2964 2464 doceant
2986 2412 3375 2482 ignorantium.
3399 2413 3618 2469 Postre-

2014 2512 2184 2560 mum,
2241 2499 2386 2566 quod
2415 2506 2471 2553 et
2496 2499 3065 2556 anathematizandum
3098 2502 3357 2566 diximus,
3391 2503 3419 2544 δ
3440 2504 3614 2574 quali-

2015 2596 2314 2657 tercunque
2339 2588 2653 2655 viventium,
2683 2589 2738 2644 id
2761 2600 2865 2656 est,
2888 2591 2975 2647 vel
3009 2593 3149 2648 bene
3180 2594 3266 2648 vel
3313 2596 3472 2661 male,
3519 2597 3616 2652 sed

2019 2687 2198 2734 tamen
2227 2680 2368 2735 male
2395 2679 2726 2736 docentium.
2757 2681 2897 2738 Sunt
2921 2685 3066 2740 enim
3095 2686 3360 2754 haeretici,
3389 2689 3611 2744 etiamsi

2015 2771 2156 2826 bene
2178 2771 2384 2825 vivant.

2087 2863 2207 2919 XX.
2256 2864 2591 2936 Deprehensi
2638 2866 2804 2936 igitur
2849 2867 2992 2923 inter
3036 2877 3219 2925 tantas
3256 2887 3321 2926 ac
3351 2871 3489 2927 tales
3519 2887 3617 2928 an-

2017 2955 2244 3027 gustias,
2291 2955 2358 3010 de
2384 2955 2582 3026 quibus
2622 2956 2837 3012 viribus
2862 2959 3067 3014 nostris
3087 2960 3318 3017 evadere
3353 2979 3459 3018 non
3491 2978 3634 3033 pos:

2019 3061 2228 3113 sumus,
2271 3061 2614 3118 summopere
2651 3050 3018 3104 necessarium
3072 3061 3173 3118 est,
3218 3061 3277 3108 ut
3302 3055 3351 3109 ei
3382 3058 3475 3125 qui
3499 3072 3616 3111 om-

2019 3142 2113 3197 nia
2157 3141 2340 3196 facere
2383 3149 2577 3212 potens
2623 3151 2707 3197 est
2761 3157 2925 3213 supra
2954 3159 3118 3213 quam
3141 3147 3377 3215 petimus
3401 3158 3496 3204 aut
3529 3151 3616 3204 in-

313 3233 504 3286 oculus
525 3242 646 3286 tuus
688 3247 910 3302 nequam
937 3230 1116 3300 fuerit,
1169 3240 1336 3284 totum
1363 3247 1550 3300 corpus
1596 3239 1744 3283 tuum
1770 3238 1917 3284 tene-
1945 3211 1990 3277 C
2023 3233 2332 3305 telligimus,
2361 3211 2429 3287 ex
2456 3241 2572 3287 toto
2602 3233 2766 3288 corde
2794 3211 3184 3304 supplicemus,
3225 3247 3492 3306 quatenus
3518 3256 3619 3311 per

314 3326 537 3376 brosum
559 3323 678 3376 erit.
712 3321 1060 3391 Rursumque
1101 3320 1157 3374 in
1182 3319 1492 3375 Proverbiis
1528 3340 1540 3373 ε
1577 3319 1703 3374 Νοη
1735 3320 1919 3374 decent

315 3413 551 3469 stultum
594 3412 811 3478 deliciis,
854 3429 946 3467 nec
996 3429 1202 3468 servum
1247 3411 1514 3466 dominari
1568 3412 1913 3483 principibus.

320 3507 570 3577 Itemque
596 3507 664 3561 ibi
696 3527 709 3561 :
742 3505 909 3561 Labia
926 3507 1065 3577 justi
1100 3506 1351 3561 erudiunt
1375 3505 1650 3577 plurimos.
1685 3506 1788 3573 Qui
1814 3525 1915 3562 au-

317 3611 430 3655 tem
478 3599 669 3654 indocti
721 3609 867 3666 sunt,
917 3600 974 3655 in
1013 3599 1185 3654 cordis
1235 3609 1460 3669 egestate
1508 3600 1817 3654 morientur.
1848 3601 1916 3656 Et

314 3695 562 3749 iterum:
595 3691 741 3748 Sicut
762 3694 852 3764 qui
877 3692 1035 3747 mittit
1078 3691 1308 3764 lapidem
1339 3693 1396 3745 in
1421 3708 1660 3745 acervum
1705 3691 1911 3746 Mercu-

255 3775 264 3782 ’
315 3789 410 3853 rii,
441 3789 520 3841 sic
542 3789 632 3858 qui
659 3787 841 3840 tribuit
865 3786 1131 3856 insipienti
1170 3785 1438 3838 honorem.
1466 3783 1621 3839 Licet
1646 3785 1762 3839 haec
1789 3800 1913 3840 sen-

316 3881 494 3935 tentia
513 3879 785 3951 praecipue
811 3878 931 3934 illos
962 3885 1166 3950 tangat,
1199 3876 1293 3948 qui
1324 3876 1461 3933 tales
1493 3877 1747 3933 ordinare
1775 3892 1914 3949 prae-

316 3981 562 4028 sumunt.

393 4064 533 4120 XIX.
567 4066 636 4120 Et
667 4065 926 4136 quoniam
971 4064 1129 4120 nobis
1163 4079 1309 4119 nunc
1346 4065 1413 4119 de
1439 4063 1703 4134 dignitate
1731 4077 1915 4118 sacer-

319 4154 456 4209 dotii
487 4171 662 4211 sermo
690 4165 794 4221 est,
819 4156 912 4211 sed
933 4165 989 4210 et
1009 4155 1373 4220 sacerdotum,
1405 4154 1449 4208 si
1485 4162 1664 4208 tamen
1689 4169 1916 4209 concor-

319 4247 454 4304 dent
473 4251 717 4307 moribus
741 4250 1080 4316 ministerio;
1107 4250 1163 4305 in
1205 4248 1312 4305 ﬁne
1357 4249 1601 4322 opusculi
1629 4250 1914 4306 sciendum

2022 3327 2414 3384 abundantiam
2442 3327 2828 3382 misericordia:
2855 3343 2967 3382 sua:
2997 3337 3186 3384 tenens
3212 3346 3432 3386 manum
3479 3333 3612 3388 dex-

2023 3429 2196 3475 teram
2250 3427 2516 3486 nostratn,
2571 3419 2625 3474 in
2678 3418 3014 3476 voluntatem
3065 3436 3222 3477 suam
3272 3424 3469 3495 dirigat
3496 3442 3615 3492 nos,

2020 3518 2076 3567 et
2127 3526 2252 3566 cum
2295 3510 2468 3581 gloria
2517 3518 2759 3565 assumat
2802 3526 2942 3578 nos;
2999 3512 3113 3582 ipse
3148 3523 3303 3584 regat
3338 3525 3615 3588 regentes,

2018 3607 2135 3678 ipse
2176 3605 2377 3677 dirigat
2405 3604 2729 3675 dirigentes;
2769 3614 2829 3660 ut
2873 3606 3148 3676 possimus
3172 3622 3400 3677 pascere
3430 3621 3451 3648 ο
3488 3625 3612 3681 gre—

2013 3716 2135 3773 gem
2190 3698 2307 3768 ejus
2355 3714 2479 3756 cum
2516 3697 2823 3769 disciplina,
2877 3707 2933 3753 et
2968 3700 3159 3755 nonin
3199 3701 3349 3756 vasis
3377 3704 3614 3772 pastoris

2015 3793 2282 3865 imperiti;
2343 3793 2458 3862 ipse
2516 3797 2740 3861 praestet
2799 3792 3058 3847 virtutem
3117 3800 3171 3847 et
3240 3791 3613 3851 fortitudinem

2016 3884 2235 3956 populo,
2266 3891 2322 3938 et
2363 3882 2621 3938 exhibeat
2667 3881 2782 3950 ipse
2812 3881 2916 3936 sibi
2953 3883 3212 3935 mundum
3239 3891 3292 3936 et
3320 3884 3610 3938 candidum

2019 3990 2257 4046 gregem,
2288 3981 2449 4042 atque
2501 3973 2553 4025 in
2596 3971 2850 4026 omnibus
2889 3971 3296 4027 immaculatum
3323 3988 3388 4029 ac
3425 3989 3616 4045 super-

2022 4066 2108 4120 nis
2147 4066 2340 4120 ovibus
2365 4064 2605 4135 dignum,
2649 4061 2741 4116 ubi
2773 4070 2857 4117 est
2904 4063 3167 4119 habitatio
3210 4064 3510 4121 laetantium
3561 4067 3619 4122 in

2023 4155 2402 4226 Splendoribus
2439 4161 2772 4218 sanctorum,
2804 4151 2830 4192 ά
2862 4153 2916 4207 in
2949 4153 3149 4224 templo
3177 4155 3294 4227 ejus
3315 4171 3508 4213 omnes
3536 4157 3618 4212 di-

2024 4263 2212 4305 camus
2262 4245 2510 4319 gloriam,
2555 4260 2686 4316 grex
2740 4245 2901 4301 simul
2930 4254 2985 4301 et
3011 4253 3279 4317 pastores,
3307 4249 3364 4303 in
3397 4247 3619 4304 Christo

1689 4343 1965 4402 BALUZII
2007 4343 2238 4401 NOTAE.

320 4433 400 4486 let
441 4433 702 4492 Alcuinus
753 4437 809 4490 in
853 4435 1204 4492 Confessione
1234 4436 1355 4492 ﬁdei
1404 4436 1496 4492 lib.
1527 4451 1611 4506 tu,
1661 4451 1780 4506 cap.
1825 4436 1916 4501 56,

320 4506 469 4572 quod
497 4515 708 4561 vetusta
745 4507 860 4562 haec
889 4507 974 4562 lex
1003 4509 1056 4561 in
1094 4507 1505 4563 desuetudinem
1537 4505 1651 4573 jam
1685 4505 1799 4560 tum
1825 4523 1918 4561 ve-

321 4575 515 4649 nisset.
546 4595 580 4649 «γ
601 4575 645 4632 Ο
683 4578 914 4633 infelicia
944 4588 1185 4649 tempora
1213 4585 1422 4643 nostra,
1446 4577 1643 4646 inquit,
1667 4593 1786 4646 qua:
1814 4593 1916 4632 nec

322 4645 507 4703 Deum
548 4648 768 4714 timent,
799 4665 896 4705 nec
926 4651 1033 4704 vim
1054 4645 1346 4705 sacrorum
1371 4645 1639 4703 canonum
1665 4645 1916 4704 reveren-

322 4720 465 4791 tur!_
492 4717 678 4774 Nullus
707 4721 864 4791 modo
901 4720 1197 4791 sacrilegus
1228 4720 1310 4774 vel
1345 4719 1670 4776 criminosus
1693 4761 1707 4786 ,
1751 4733 1820 4775 ne
1845 4720 1913 4775 ad

321 4789 468 4849 sacri
496 4791 701 4844 ordinis
726 4789 960 4845 ollicium
987 4789 1228 4854 accedat,
1267 4791 1560 4845 inhibetur.
1612 4809 1630 4842 ι

400 4873 424 4900 ιι
460 4858 784 4932 Ignorantia
801 4878 984 4932 σίνερε.
1016 4862 1104 4916 Ait
1132 4861 1448 4932 Agobardus
1480 4862 1647 4916 multo
1672 4861 1913 4916 deterius

322 4947 469 4995 esse,
521 4931 566 4985 si
623 4931 660 4986 ii
699 4931 791 5000 qui
837 4931 1038 4988 indocti
1092 4931 1250 4996 sunt,
1287 4933 1354 4985 ad
1385 4932 1745 4987 sacerdotium
1787 4948 1913 5002 pro-

322 5005 624 5067 vehantur,
678 5017 838 5072 quam
877 5003 923 5056 si
964 5003 1263 5059 criminosi.
1309 5002 1453 5057 Sane
1496 5003 1638 5058 inter
1681 5003 1912 5058 virtutes

321 5075 584 5144 episcopo
628 5073 966 5128 necessarias
1007 5074 1208 5129 Paulus
1253 5083 1536 5144 enumerat
1574 5075 1906 5138 doctrinam;

320 5143 381 5199 ut
424 5153 604 5215 potens
633 5145 720 5208 sit,
763 5143 959 5215 inquit,
1004 5145 1275 5200 exhortari
1316 5145 1372 5198 in
1403 5143 1644 5198 doctrina
1673 5162 1826 5211 sana,
1863 5153 1912 5198 et

321 5214 430 5270 eos
458 5215 548 5286 qui
596 5214 963 5270 contradicunt
1008 5233 1247 5286 arguere.
1294 5215 1480 5284 Itaque
1523 5224 1734 5270 veteres
1787 5230 1912 5269 eum

321 5285 553 5340 omnino
593 5286 852 5340 arcebant
889 5301 919 5339 a
949 5285 1255 5342 sacerdotio
1283 5287 1374 5357 qui
1407 5287 1596 5341 doctus
1629 5302 1734 5357 non
1771 5293 1908 5340 erat.

323 5357 985 5430 Hilarus__namque_papa
1022 5358 1101 5412 sic
1136 5356 1316 5430 edixit
1344 5359 1399 5411 in
1426 5359 1631 5430 synodo
1669 5356 1910 5430 Romana

322 5428 455 5483 anni
481 5425 589 5481 465
612 5446 633 5498 γε
672 5445 690 5477 ‹
710 5425 868 5482 Inscii
892 5425 1106 5498 quoque
1136 5425 1469 5494 littemrum,‘
1492 5445 1590 5484 nec
1611 5443 1717 5482 non
1742 5436 1795 5482 et
1817 5427 1912 5480 ali-

323 5514 432 5569 qua
460 5497 833 5570 membrorum
860 5497 1059 5570 damna
1089 5500 1354 5570 perpessi,
1383 5507 1439 5554 ct
1456 5501 1511 5554 hi
1534 5500 1624 5570 qui
1647 5514 1714 5553 ex
1740 5499 1912 5568 paeni-

325 5569 568 5625 tentibus
613 5576 755 5641 sunt,
787 5569 870 5641 _ad
916 5569 1105 5625 sacros
1132 5569 1360 5630 ordines
1402 5569 1644 5641 aspirare
1673 5585 1779 5624 non
1819 5585 1914 5641 au-

322 5641 510 5697 deant.
560 5659 580 5692 ›
614 5639 747 5694 Item
775 5637 1020 5696 Gelasius
1054 5643 1107 5695 in
1132 5641 1392 5706 Decretis,
1433 5637 1552 5712 cap.
1586 5640 1699 5712 I67:
1742 5659 1760 5691 ‹
1806 5639 1914 5694 11Ιί-

324 5719 536 5767 teratos
558 5725 776 5783 quoque
795 5752 809 5774 ,
835 5721 891 5766 et
915 5712 1173 5767 nonnulla
1200 5720 1351 5783 parte
1379 5711 1622 5783 corporis
1658 5711 1911 5783 imminu-

324 5792 444 5846 tos,
477 5783 598 5837 sine
636 5781 746 5854 ullo
776 5792 1022 5854 respectu
1062 5785 1131 5838 ad
1167 5781 1596 5839 ecclesiasticum
1627 5782 1913 5838 didicimus

323 5855 518 5914 venire
537 5853 821 5913 servitium
847 5871 858 5910 :
879 5855 1024 5926 quod
1044 5855 1204 5913 simul
1223 5854 1448 5926 antiqua
1467 5854 1690 5912 traditio
1713 5864 1771 5912 et
1787 5868 1914 5926 apo-

1940 4544 1996 4604 D

2024 4435 2231 4491 stolicaa
2260 4433 2406 4488 sedis
2427 4440 2583 4486 vetus
2610 4429 2783 4486 forma
2805 4448 2910 4486 non
2946 4433 3168 4502 recipit;
3198 4433 3324 4504 quia
3346 4449 3451 4489 nec
3474 4433 3617 4492 litte-

2023 4507 2102 4560 ris
2143 4520 2335 4560 carens
2365 4504 2538 4559 sacris
2579 4517 2698 4557 esse
2719 4511 2896 4572 potest
2927 4512 3084 4572 aptus
3117 4504 3327 4570 ofﬁciis,
3357 4513 3412 4559 et
3442 4506 3608 4561 vitio-

2022 4592 2141 4631 sum
2213 4576 2349 4630 nihil
2381 4575 2521 4647 iDeo
2576 4589 2798 4647 prorsus
2849 4572 3044 4647 olferre
3091 4574 3282 4647 legalia
3335 4584 3611 4647 praecepta

2021 4655 2341 4703 sanxerunt.
2371 4646 2559 4714 Itaque
2589 4644 2654 4698 de
2683 4653 2882 4699 caetero
2905 4646 3078 4700 modis
3108 4644 3359 4700 omnibus
3393 4644 3613 4702 haec—vi-

2019 4728 2223 4784 tentur,
2257 4733 2358 4772 nec
2383 4717 2670 4786 quisquam
2697 4715 2820 4770 talis
2856 4716 3185 4786 suscipiatur
3223 4717 3277 4770 in
3308 4715 3532 4773 dierum.
3581 4739 3602 4772 ι
3683 4781 3686 4784 ,

2017 4790 2151 4846 Vide
2178 4799 2334 4844 notas
2372 4789 2439 4841 ad
2467 4785 2748 4856 epistolam
2779 4786 2844 4841 79
2868 4786 3002 4855 Lupi
3032 4785 3417 4844 Ferrariensis.

2089 4863 2116 4901 b
2142 4859 2588 4928 Qualitercunque
2613 4857 2912 4911 viventium.
2950 4857 3505 4915 Anathematizandos
3531 4861 3611 4915 ait

2016 4931 2138 4987 illos
2180 4931 2518 4992 sacerdotes,
2551 4943 2781 4997 quorum
2817 4928 2927 4982 vita
2970 4928 3186 4982 tametsi
3213 4928 3397 4998 aliquo
3444 4931 3608 4984 modo

2016 5004 2088 5058 sit
2113 4999 2624 5071 irreprehensibilis,
2669 4998 2808 5071 male
2843 5006 3025 5052 tamen
3057 4998 3272 5071 docent.
3307 5001 3484 5071 Atque
3507 5002 3610 5055 hu-

2009 5069 2246 5141 jusmodi
2286 5069 2594 5140 exemplum
2630 5069 2864 5141 vidimus
2895 5084 3058 5137 supra
3081 5069 3138 5124 in
3175 5069 3316 5126 libro
3344 5069 3609 5128 adversus

2015 5139 2248 5199 Felicem
2276 5139 2589 5212 episcopum
2622 5139 3009 5212 Urgellensem.

2089 5225 2110 5252 ο
2143 5209 2361 5284 Gregein
2396 5209 2507 5282 ejus
2529 5253 2542 5275 ,
2593 5212 2646 5284 id
2690 5209 2793 5284 est,
2843 5209 3066 5284 Christi.
3100 5211 3418 5284 Quanquam
3458 5213 3607 5267 enim

2015 5283 2286 5341 interdum
2329 5283 2966 5354 ﬁdelesuniuscujusque
3010 5283 3307 5354 diceceseos
3332 5283 3607 5354 dicantur

2016 5355 2428 5428 grexepiscopi
2478 5352 2621 5428 illius
2650 5353 2742 5420 qui
2774 5351 3062 5428 'ditecesim
3114 5353 3287 5425 regit,
3327 5351 3381 5406 id
3412 5353 3480 5428 ﬁt
3506 5367 3605 5428 per

2016 5423 2447 5496 iranslationein.
2491 5423 2624 5478 Nam
2659 5425 2876 5496 proprie
2916 5441 3048 5496 grex
3076 5423 3299 5479 nou'est
3340 5423 3604 5494 episcopi,

2015 5499 2110 5553 sed
2148 5497 2370 5553 Christi.
2404 5495 2558 5551 Unde
2588 5501 2642 5547 et
2670 5493 3009 5550 Christianos
3038 5511 3167 5550 oves
3197 5502 3254 5549 et
3283 5493 3454 5564 agnos
3476 5493 3605 5550 suos

2017 5569 2131 5636 ipse
2167 5573 2447 5636 nuncupat
2485 5565 2539 5618 in
2583 5565 2894 5636 Evangelio,
2947 5567 3072 5620 dum
3112 5581 3207 5620 eos
3255 5565 3602 5621 commendat

2059 5649 2176 5695 etro
2197 5647 2252 5694 et
2273 5635 2483 5707 caeteris
2509 5635 2766 5707 apostolis
2791 5678 2804 5702 ,
2845 5638 2900 5692 id
2930 5644 3013 5692 est
3035 5675 3052 5702 ,
3095 5635 3382 5707 episcopis.

2086 5711 2113 5749 ά
2156 5708 2223 5762 In
2268 5705 2455 5776 templo
2479 5707 2614 5777 ejus.
2663 5706 2791 5763 Hmc
2827 5709 3031 5774 omnia,
3080 5705 3254 5777 usque
3279 5705 3374 5761 *ad
3414 5720 3603 5777 vocem

2016 5781 2202 5845 Amen,
2217 5778 2412 5833 desunt
2430 5778 2484 5831 iu
2503 5776 2748 5834 editione
2775 5777 3029 5834 Massoni.
3046 5777 3113 5832 Et
3125 5776 3305 5832 tamen
3320 5784 3534 5832 exstant
3548 5776 3604 5829 in

2016 5852 2203 5909 codice
2214 5864 2320 5921 quo
2335 5847 2614 5906 Massonus
2626 5850 3139 5920 utebatur,itemque
3152 5850 3204 5903 in
3224 5847 3597 5903 Mamaesiauo.
