4088 6344
573 351 672 407 151

1540 361 1597 438 S,
1638 356 1988 417 AGOBARDI
2026 354 2337 414 EPISCOPI
2378 355 2864 416 LUGDUNENSIS

3743 367 3863 423 152

567 475 842 542 cellarum,
875 492 993 548 quae
1014 476 1219 548 faciunt
1243 476 1453 530 verbum
1473 477 1589 548 ejus
1615 495 1634 544 ;
1659 494 1767 534 non
1795 477 2019 533 verbum
2059 478 2157 535 ho-
2183 479 2237 538 Α
2261 475 2620 532 sollicitudine
2645 478 2727 547 egi
2759 484 2818 532 ut
2842 477 3084 532 viderem
3111 477 3284 544 illum,
3308 480 3470 536 sicuti
3487 487 3543 537 et
3563 480 3684 538 feci.
3713 484 3862 540 Cum

567 566 752 631 minis,
781 581 886 622 non
921 567 1147 625 verbum
1175 565 1349 637 angeli
1373 567 1519 622 mali.

637 658 726 714 Vl.
755 658 1008 730 Legimus
1035 658 1201 713 etiam
1230 659 1296 714 de
1329 661 1591 731 grandine
1620 661 1674 715 in
1694 660 1832 716 libro
1851 660 1980 717 Jesu
2008 661 2156 718 Nave

563 749 639 804 ita
683 766 696 803 :
751 748 1063 820 Congregati
1115 750 1276 820 igitur
1332 751 1680 806 ascenderunt
1727 754 1956 824 quinque
2008 770 2153 824 reges

560 841 1010 906 Amorrhworum,
1039 858 1134 897 rex
1157 841 1511 911 Hierusalem,
1537 861 1630 899 rex
1651 845 1884 913 Hebron,
1910 863 2002 902 rex
2025 845 2154 902 Hie-

560 934 737 1000 rimot,
769 950 861 988 rex
889 932 1102 999 Lachis,
1151 951 1242 990 rex
1269 933 1461 1006 Eglon,
1504 937 1663 992 simul
1693 955 1810 992 cum
1839 939 2150 994 exercitibus

557 1025 690 1091 suis,
713 1033 762 1080 et
792 1026 1153 1080 castrametati
1195 1035 1316 1082 sunt
1340 1037 1521 1082 contra
1563 1027 1805 1095 Gabaon,
1845 1046 2150 1101 oppugnan-

556 1125 632 1172 tes
653 1134 789 1172 eam.
818 1117 886 1172 Et
912 1126 1035 1188 post
1055 1133 1224 1188 pauca
1251 1136 1263 1171 :
1299 1119 1547 1192 Dixitque
1568 1119 1825 1175 Dominus
1846 1119 1917 1174 ad
1941 1119 2109 1176 Iosue
2128 1138 2147 1177 :

558 1208 642 1264 Ne
670 1211 854 1264 timeas
883 1227 990 1265 eos.
1027 1209 1095 1264 In
1123 1227 1310 1265 manus
1355 1213 1492 1266 enim
1521 1222 1641 1266 tuas
1679 1213 1876 1267 tradidi
1902 1212 2041 1267 illos.
2080 1215 2149 1270 Et

552 1312 678 1372 post
703 1318 875 1372 pauca
903 1321 915 1358 :
950 1302 1181 1374 Cumque
1207 1303 1444 1374 fugerent
1467 1303 1605 1374 ﬁlios
1634 1303 1871 1376 (Israel),
1896 1316 1945 1359 et
1970 1315 2140 1360 essent

551 1395 611 1447 in
634 1393 884 1448 descensu
914 1393 1199 1460 Bethoron,
1233 1394 1492 1449 Dominus
1530 1397 1672 1449 misit
1703 1412 1859 1466 super
1892 1412 1978 1450 eos
2005 1395 2142 1467 lapi-

551 1485 643 1538 des
671 1501 890 1556 magnos
936 1486 1001 1540 de
1034 1485 1159 1540 ccelo
1191 1503 1353 1557 usque
1402 1487 1607 1541 Azecha
1639 1504 1658 1553 ;
1705 1498 1752 1541 et
1799 1489 1993 1542 mortui
2022 1497 2144 1543 sunt

549 1577 718 1632 multo
756 1577 931 1648 plures
961 1577 1227 1649 lapidibus
1256 1579 1553 1650 grandinis,
1593 1595 1750 1650 quam
1796 1597 1925 1650 quos
1966 1579 2143 1650 gladio

548 1679 913 1738 percusserant
941 1669 1042 1739 ﬁlii
1074 1668 1247 1725 Israel
1295 1669 1479 1740 (.Iosue
1522 1687 1579 1737 x,
1612 1670 1666 1736 5,
1694 1671 1727 1726 8
1755 1669 1952 1743 Seqq.).
2004 1672 2143 1727 Ecce

547 1775 678 1831 ergo
703 1769 758 1816 et
783 1762 838 1816 in
872 1763 975 1817 hoc
1002 1761 1120 1818 loco
1171 1771 1416 1832 apparet,
1463 1762 1580 1817 sine
1618 1762 1725 1816 ulla
1752 1764 2142 1833 imprecatione

2262 575 2440 620 autem
2488 566 2736 636 loquerer
2783 583 2905 622 cum
2955 569 3066 633 illo,
3096 578 3151 623 et
3194 578 3428 627 tentaret
3473 573 3652 628 dicere
3680 590 3741 629 se
3776 578 3861 632 ita

2259 659 2481 725 vidisse,
2507 675 2605 730 ego
2633 660 2817 716 multis
2862 660 3112 731 precibus
3155 668 3213 717 et
3255 645 3678 730 adiurationibus
3724 683 3861 725 cum

2256 751 2451 807 divinis
2479 753 2641 808 etiam
2671 753 3182 809 comminationibus
3228 754 3494 812 obstrinxi
3527 758 3673 814 illum
3706 763 3860 833 rogi-

2256 852 2399 909 tans,
2445 853 2504 898 ut
2553 860 2660 899 non
2709 845 2913 900 diceret
2958 846 3090 900 illud
3141 847 3245 902 nisi
3297 849 3438 917 quod
3468 865 3654 906 verum
3679 861 3856 908 esset.

2256 935 2407 992 Tunc
2437 936 2525 991 ille
2552 935 2851 991 afﬁrmabat
2885 937 3116 1006 quidem
3156 954 3344 994 verum
3385 956 3507 996 esse
3535 944 3677 1012 quod
3705 944 3860 1001 dice-

2254 1024 2366 1092 bat,
2393 1026 2679 1081 nominans
2711 1026 3006 1091 hominem,
3053 1034 3266 1098 tempus
3293 1037 3348 1083 et
3379 1030 3594 1097 locum;
3637 1033 3735 1088 sed
3767 1043 3854 1089 ta-

2253 1134 2379 1174 men
2409 1119 2691 1175 confessus
2719 1127 2804 1174 est
2841 1134 2898 1174 se
2926 1120 3115 1176 eodem
3139 1132 3380 1191 tempore
3400 1133 3715 1192 praesentem
3741 1142 3857 1182 non

2254 1208 2443 1265 fuisse.
2497 1209 2631 1265 Item
2663 1210 2716 1264 in
2761 1209 2901 1265 libro
2945 1210 3330 1277 Ecclesiastici,
3372 1214 3464 1283 qui
3512 1225 3858 1285 przenotatur

2249 1297 2376 1356 Jesu
2415 1300 2506 1354 filii
2540 1300 2752 1365 Siracb,
2785 1301 3046 1371 scriptum
3072 1311 3196 1357 est:
3248 1301 3382 1358 Sunt
3409 1306 3627 1375 spiritus
3650 1308 3746 1378 qui
3782 1309 3856 1361 ad

2249 1390 2530 1445 vindictam
2550 1391 2711 1444 creati
2738 1402 2882 1458 sunt,
2909 1403 2956 1445 et
2987 1393 3041 1446 in
3069 1393 3249 1462 furore
3277 1410 3374 1448 suo
3401 1396 3852 1464 conﬁrmaverunt

2249 1491 2507 1536 tormenta
2537 1499 2660 1548 sua,
2705 1491 2753 1536 et
2786 1483 2842 1536 in
2892 1493 3117 1554 tempore
3165 1486 3630 1540 consummationis
3673 1488 3856 1557 eﬂ‘un—

2248 1570 2370 1626 dent
2395 1573 2653 1638 virtutem,
2695 1582 2741 1626 et
2767 1572 3001 1642 furorem
3032 1573 3171 1644 ejus,
3197 1576 3286 1644 qui
3309 1575 3429 1645 fecit
3455 1575 3596 1641 illos,
3619 1579 3852 1648 confun-

2248 1662 2391 1717 dent.
2418 1662 2590 1734 Ignis,
2617 1663 2844 1734 grando,
2893 1662 3080 1732 fames,
3127 1673 3175 1717 et
3220 1681 3380 1731 mors,
3411 1667 3588 1720 omnia
3635 1668 3751 1722 haec
3780 1670 3852 1723 ad

2248 1756 2529 1809 vindictam
2573 1766 2750 1810 creata
2794 1765 2934 1810 sunt.
2987 1755 3284 1811 Bestiarum
3314 1759 3509 1826 dentes,
3550 1770 3598 1814 et
3625 1765 3848 1833 scorpii,

545 1851 829 1906 hominum
859 1852 1148 1907 Dominum
1191 1853 1404 1907 misisse
1448 1853 1766 1924 grandinem
1815 1870 1980 1925 super
2024 1871 2138 1923 eos,
2169 1840 2216 1900 Β
2245 1856 2293 1901 et
2331 1857 2614 1918 serpentes,
2658 1856 2706 1901 et
2750 1848 3016 1918 romphaea
3065 1849 3334 1903 vindicans
3376 1851 3430 1904 in
3476 1855 3850 1909 exterminium

550 1959 688 2013 quos
716 1944 811 1999 tali
841 1944 1052 2018 ﬂagello
1099 1945 1289 2017 dignos
1313 1946 1592 2015 judicavit.
1644 1946 1779 2002 Nam
1809 1948 1854 2004 si
1881 1949 2007 2003 mali
2043 1950 2142 2005 ho-

544 2038 743 2104 mines,
775 2038 916 2094 sicut
944 2045 1069 2094 sunt
1094 2053 1230 2108 quos
1264 2038 1352 2092 isti
1394 2048 1640 2094 errantes
1671 2041 1953 2095 nominant
1981 2040 2139 2095 Tem-

541 2131 834 2199 pestarios,
889 2130 943 2186 id
990 2130 1172 2186 facere
1202 2131 1523 2201 potuissent,
1576 2147 1738 2204 super
1775 2132 1914 2189 filios
1954 2134 2140 2204 utique

540 2219 706 2277 Israel
749 2221 904 2278 ﬁeret
931 2221 1154 2293 grando,
1186 2237 1293 2277 non
1324 2237 1486 2293 super
1531 2222 1873 2279 adversarios
1899 2223 2134 2280 illorum.

543 2314 649 2368 Sed
672 2315 799 2383 quia
821 2328 921 2369 nec
944 2313 1069 2368 mali
1092 2327 1254 2383 super
1278 2313 1470 2379 bonos,
1498 2328 1600 2368 nec
1622 2312 1750 2369 boni
1777 2328 1940 2384 super
1967 2316 2139 2372 malos

540 2403 647 2458 hoc
674 2401 857 2459 facere
891 2411 1141 2474 possunt,
1174 2402 1579 2458 evidentissime
1627 2403 1681 2458 in
1714 2404 1819 2459 hac
1867 2405 2137 2459 sententia

541 2495 866 2550 declaratur.
922 2495 1074 2563 Quod
1101 2503 1157 2550 et
1183 2494 1320 2550 liber
1346 2510 1562 2566 quoque
1599 2494 1888 2565 Sapientiae
1915 2505 2138 2552 attesta-

539 2597 649 2652 tur,
682 2588 868 2643 dicens
896 2588 1160 2644 Domino:
1217 2587 1384 2642 Tuam
1423 2603 1640 2641 manum
1686 2588 1914 2658 e/fugere
1945 2589 2137 2659 impos-

535 2678 688 2732 sibile
713 2687 810 2733 est.
839 2677 1103 2749 Negantes
1129 2679 1267 2733 enim
1297 2694 1447 2733 nosse
1472 2687 1521 2731 te
1549 2678 1715 2748 impii,
1747 2694 1840 2749 per
1863 2679 2136 2748 fortitudi-

538 2784 659 2823 nem
682 2768 885 2822 brachii
910 2771 988 2823 tui
1017 2768 1272 2840 ﬂagellati
1296 2776 1416 2822 sunt
1459 2769 1604 2824 novis
1632 2769 1805 2839 aquis,
1834 2778 1882 2822 et
1916 2771 2137 2839 grandi-

535 2861 690 2916 nibus
719 2871 768 2916 et
789 2861 978 2933 pluviis
1005 2863 1413 2932 persecutionem
1436 2863 1577 2933 passi
1601 2872 1746 2929 sunt,
1776 2871 1825 2916 et
1852 2879 1945 2934 per
1962 2865 2136 2935 ignem

537 2955 907 3008 consummati.
949 2953 1102 3020 Quod
1130 2955 1266 3008 enim
1305 2953 1544 3008 mirabile
1569 2964 1703 3018 erat,
1743 2955 1800 3008 in
1829 2972 1987 3026 aqua,
2017 2973 2135 3028 qua:

537 3046 715 3100 omnia
737 3047 1042 3117 exstinguit,
1083 3045 1199 3115 plus
1228 3046 1364 3116 ignis
1393 3045 1616 3100 valebat.
1658 3044 1865 3100 Vindex
1894 3057 1969 3101 est
1995 3048 2132 3102 enim

537 3135 678 3192 orbis
695 3136 987 3207 justorum.
1016 3135 1084 3191 Et
1112 3145 1236 3206 post
1263 3152 1431 3207 pauca
1456 3154 1468 3190 :
1508 3134 1622 3192 Nix
1645 3147 1822 3192 autem
1863 3146 1912 3193 et
1939 3138 2131 3210 glacies

535 3230 860 3285 sustinebant
902 3230 1006 3284 vim
1034 3229 1190 3300 ignis,
1233 3238 1282 3283 et
1329 3246 1431 3284 non
1458 3229 1828 3297 tabescebant;
1855 3239 1915 3284 ut
1942 3232 2134 3286 scirent

537 3323 788 3392 quoniam
819 3322 1023 3392 [ructus
1073 3321 1407 3375 inimicorum
1451 3321 1831 3378 exterminabat
1859 3324 1998 3393 ignis
2045 3339 2135 3376 ar-

534 3415 683 3480 dens,
716 3415 774 3468 in
817 3414 1072 3486 grandine
1113 3422 1162 3468 et
1190 3412 1367 3484 pluvia
1391 3429 1697 3477 .coruscans
1725 3412 1878 3487 (Sap.
1911 3431 2026 3482 xvr,
2060 3415 2128 3472 l5

537 3505 726 3577 seqq.).

607 3595 720 3652 Vll.
770 3595 829 3652 Si
876 3597 1042 3666 igitur
1083 3597 1426 3668 omnipotens
1451 3598 1595 3653 Deus
1622 3613 1721 3669 per
1756 3597 2132 3656 fortitudinem

533 3693 746 3748 brachii
789 3693 872 3747 sui
917 3691 1155 3763 ﬂagellat
1182 3693 1434 3749 inimicos
1470 3694 1744 3764 justorum
1790 3693 1946 3748 novis
1976 3694 2132 3762 aquis

533 3793 590 3840 et
615 3785 968 3857 grandinibus
992 3797 1048 3844 et
1074 3789 1286 3860 pluviis,
1325 3789 1478 3859 cujus
1520 3805 1740 3845 manum
1769 3788 2008 3861 eﬂ‘ugere
2032 3790 2134 3844 im-

531 3879 790 3949 possibile
819 3890 923 3948 est,
962 3882 1184 3938 omnino
1233 3883 1598 3955 ignorantiam
1646 3883 1742 3938 Dei
1790 3883 1993 3938 habent
2039 3882 2131 3952 qui

533 3973 651 4028 haec
683 3974 928 4030 homines
953 3973 1133 4032 facere
1160 3990 1320 4045 posse
1345 3975 1594 4030 credunt.
1639 3973 1778 4028 Nam
1809 3973 1854 4028 si
1881 3972 2131 4027 homines

535 4068 854 4136 grandinem
883 4071 1176 4126 immittere
1205 4079 1447 4141 possent,
1476 4070 1665 4139 utique
1690 4077 1744 4126 et
1767 4069 1980 4138 pluvias
2008 4084 2131 4140 pos-

535 4165 677 4212 sent.
733 4155 905 4213 Nemo
949 4160 1094 4213 enim
1146 4162 1462 4230 grandinem
1505 4161 1622 4215 sine
1667 4160 1848 4228 pluvia
1892 4175 2131 4229 unquam

536 4249 692 4304 vidit.
724 4247 956 4304 Possent
980 4266 1196 4321 quoque
1221 4253 1286 4306 de
1334 4251 1568 4305 inimicis
1603 4251 1717 4306 suis
1745 4265 1807 4306 se
1830 4250 2127 4318 vindicare,

533 4357 641 4395 non
671 4340 844 4396 solum
868 4341 1136 4396 ablatione
1162 4341 1396 4413 frugum,
1421 4343 1513 4397 sed
1540 4350 1594 4396 et
1613 4343 1738 4397 vita:
1761 4342 2124 4412 ademptione.

533 4431 758 4500 Quando
807 4433 951 4489 enim
1008 4435 1276 4506 contingit
1322 4435 1572 4490 inimicos
1626 4434 2128 4506 Tempestariorum

532 4541 652 4583 esse
681 4527 736 4580 in
772 4527 965 4583 itinere
994 4535 1088 4582 aut
1122 4527 1177 4582 in
1210 4527 1377 4598 agris,
1406 4536 1465 4582 ut
1501 4543 1594 4584 eos
1637 4528 1970 4596 occiderent,
2001 4544 2126 4600 pos—
2149 4569 2204 4629 Β

533 4627 655 4673 sent
695 4617 1110 4690 multiplicatam
1159 4620 1478 4691 grandinem
1527 4635 1691 4691 super
1735 4635 1829 4676 eos
1874 4622 1929 4676 in
1957 4637 2123 4677 unam

535 4711 843 4778 congeriem
893 4708 1138 4773 fundere,
1185 4717 1241 4765 et
1287 4710 1518 4766 obruere
1564 4711 1702 4766 illos.
1754 4711 1888 4767 Nam
1939 4713 2125 4769 ethoc

533 4802 754 4870 quidam
806 4803 1012 4868 dicunt,
1064 4817 1223 4858 nosse
1272 4817 1329 4858 se
1383 4804 1518 4860 tales
1563 4804 1982 4875 Tempestarios,
2033 4807 2128 4878 qui

534 4893 838 4962 dispersam
885 4895 1222 4964 grandinem,
1267 4903 1322 4950 et
1366 4893 1475 4950 late
1519 4910 1618 4964 per
1663 4896 1938 4967 regionem
1982 4895 2128 4951 deci-

535 4988 774 5052 dentem,
810 4985 1010 5042 faciant
1050 5003 1217 5042 unum
1258 4988 1313 5042 in
1357 4987 1533 5043 locum
1575 4987 1814 5044 ﬂuminis
1847 4996 1941 5043 aut
1978 4987 2126 5044 silvas

535 5077 911 5145 infructuosae,
953 5087 1047 5134 aut
1073 5095 1235 5150 super
1261 5095 1446 5148 unam,
1486 5088 1548 5136 ut
1573 5082 1744 5146 aiunt,
1777 5097 1988 5152 cupam,
2023 5081 2126 5137 sub

534 5184 644 5240 qua
670 5168 786 5240 ipse
827 5169 1015 5236 lateat,
1047 5169 1301 5228 deﬂuere.
1340 5171 1677 5242 Frequenter
1725 5180 1873 5226 certe
1919 5171 2128 5227 audivi-

534 5275 658 5316 mus
692 5276 725 5316 a
754 5259 939 5318 multis
967 5260 1073 5317 dici
1103 5265 1247 5333 quod
1280 5265 1410 5318 talia
1449 5272 1671 5319 nossent
1714 5272 1863 5319 certe
1911 5264 1966 5319 in
1995 5263 2128 5320 locis

536 5356 718 5424 facta;
766 5357 861 5413 sed
899 5357 1131 5413 necdum
1175 5357 1481 5414 audivimus
1509 5365 1569 5413 ut
1595 5357 1790 5427 aliquis
1819 5372 1878 5413 se
1905 5359 2020 5414 haec
2040 5359 2123 5413 vi-

535 5449 682 5505 disse
711 5456 1023 5506 testaretur.
1075 5451 1290 5507 Dictum
1326 5460 1412 5508 est
1445 5451 1578 5506 mihi
1610 5451 1898 5521 aliquando
1927 5453 1992 5507 de
2018 5451 2121 5506 ali-

533 5559 663 5615 quo,
711 5545 854 5615 quod
898 5560 957 5602 se
995 5547 1111 5601 haec
1155 5545 1356 5602 vidisse
1398 5547 1622 5602 diceret.
1660 5543 1767 5601 Sed
1809 5561 1910 5616 ego
1955 5546 2122 5601 multa

2243 1941 2418 2011 impiis
2446 1939 2638 2012 (Eccli.
2664 1957 2852 2004 xxxrx,
2885 1941 2952 1995 55
2979 1939 3164 2013 seqq.).
3189 1940 3246 1996 Si
3274 1942 3436 2012 igitur
3455 1945 3664 2014 grando
3691 1961 3850 2002 crea-

2243 2041 2299 2087 ta
2348 2042 2449 2099 est,
2495 2033 2635 2087 sicut
2667 2040 2722 2087 et
2750 2042 2948 2088 caetera
2975 2049 3096 2103 qua:
3126 2033 3214 2088 hic
3238 2034 3510 2097 dicuntur.
3544 2052 3574 2090 a
3599 2037 3713 2092 Deo
3738 2041 3851 2094 uti-

2242 2143 2347 2198 que
2372 2135 2552 2182 creata
2580 2134 2687 2191 est,
2736 2141 2845 2182 non
2870 2126 2938 2181 ab
2967 2126 3204 2181 homine.
3245 2126 3377 2182 Item
3406 2128 3460 2182 in
3488 2130 3750 2199 praedicto
3771 2133 3843 2187 li-

2238 2222 2341 2276 bro
2370 2221 2632 2290 scriptum
2660 2219 2924 2291 legimus:
2985 2220 3116 2274 Vide
3158 2237 3360 2286 arcum,
3406 2231 3454 2276 et
3494 2222 3707 2300 benedic
3752 2229 3848 2298 qui

2239 2311 2363 2382 fecit
2394 2311 2564 2364 illum.
2607 2309 2772 2365 Valde
2797 2312 3062 2382 speciosus
3093 2322 3165 2366 est
3192 2313 3246 2366 in
3279 2313 3553 2384 splendore
3581 2332 3702 2370 suo.
3737 2315 3849 2389 Gy-

2239 2404 2374 2458 ravit
2405 2402 2589 2457 etclam
2624 2404 2681 2457 in
2722 2403 2944 2456 circuitu
2990 2402 3172 2473 gloriae
3214 2421 3344 2471 suae,
3395 2422 3583 2461 manus
3627 2407 3848 2464 Excelsi

2238 2503 2556 2566 aperuerunt
2596 2494 2768 2550 illum.
2811 2495 3040 2566 Imperio
3083 2513 3178 2549 suo
3207 2495 3514 2552 acceleravit
3558 2500 3750 2566 nivem,
3795 2514 3847 2557 et

2238 2587 2493 2641 accelerat
2523 2588 2910 2642 coruscationes
2934 2588 3167 2642 emittere
3196 2589 3392 2658 judicii
3411 2591 3516 2644 sui.
3547 2588 3846 2663 Propterea

2238 2681 2404 2750 aperti
2434 2689 2554 2734 sunt
2583 2681 2838 2746 thesauri,
2860 2689 2909 2734 et
2930 2680 3264 2736 evolaverunt
3289 2682 3513 2749 nebulae,
3537 2685 3672 2740 sicut
3694 2704 3841 2743 aves.

2237 2770 2307 2825 In
2334 2772 2694 2841 magnitudine
2738 2789 2837 2826 sua
2876 2774 3051 2844 posuit
3102 2775 3284 2840 nubes,
3320 2783 3368 2828 et
3409 2776 3669 2846 confracti
3717 2788 3844 2833 sunt

2237 2865 2512 2935 grandinis
2539 2864 2760 2936 lapides.
2809 2865 2878 2922 In
2927 2877 3205 2937 conspectu
3234 2867 3348 2937 ejus
3379 2868 3845 2922 commovebuntur

2235 2965 2456 3023 montes,
2483 2965 2531 3010 et
2552 2957 2607 3010 in
2633 2956 2898 3012 voluntate
2922 2959 3038 3028 ejus
3060 2958 3313 3029 aspirabit
3344 2967 3518 3013 notus.
3562 2955 3676 3012 Vox
3699 2960 3845 3013 toni-

2236 3052 2343 3105 trui
2385 3052 2501 3122 ejus
2546 3051 2831 3106 verberabit
2873 3063 3091 3118 terram,
3141 3061 3417 3122 tempestas
3459 3051 3745 3120 aquilonis,
3789 3063 3841 3107 et

2237 3144 2567 3215 congregatio
2589 3144 2840 3215 spiritus;
2868 3152 2914 3196 et
2943 3143 3078 3197 sicut
3112 3144 3221 3198 avis
3259 3143 3520 3214 deponens
3550 3144 3618 3197 ad
3645 3143 3841 3198 seden-

2162 3202 2207 3266 Ο
2239 3202 2365 3290 dum
2394 3202 2626 3306 aspergit.
2647 3237 2854 3299 nivem;
2901 3244 2951 3288 et
2979 3235 3115 3288 sicut
3165 3235 3368 3288 locusta
3412 3235 3713 3305 demergens
3744 3236 3842 3290 de-

2235 3343 2450 3383 scensus
2471 3327 2606 3398 ejus.
2640 3325 3097 3379 Pulchritudinem
3121 3323 3311 3378 coloris
3340 3324 3456 3393 ejus
3481 3323 3842 3377 admirabitur

2235 3420 2441 3487 oculus,
2467 3431 2513 3475 et
2535 3437 2692 3491 super
2715 3419 2932 3472 imbrem
2956 3418 3069 3488 ejus
3090 3427 3389 3489 expavescet
3414 3434 3522 3472 cor.
3547 3414 3679 3472 Gelu
3700 3419 3840 3473 sicut

2233 3512 2400 3568 salem
2447 3511 2678 3582 e/I'undet
2723 3528 2879 3582 super
2918 3521 3150 3576 terram;
3182 3520 3231 3565 et
3277 3526 3396 3564 cum
3427 3509 3697 3580 gelavcrit,
3745 3510 3840 3578 ﬂet

2235 3615 2487 3675 tanquam
2533 3603 2810 3674 cacumina
2861 3601 3061 3656 tribuli.
3110 3601 3364 3671 Frigidus
3413 3609 3595 3674 ventus
3654 3601 3838 3671 aquilo

2234 3697 2406 3768 ﬂabit,
2428 3706 2476 3751 et
2500 3695 2688 3767 gelabit
2713 3694 2992 3766 crystallus
3024 3695 3087 3749 ab
3113 3713 3268 3766 aqua,
3295 3712 3453 3765 super
3471 3711 3676 3749 omnem
3703 3711 3832 3748 con-

2233 3788 2588 3860 gregationem
2631 3804 2890 3859 aquarum
2921 3789 3227 3859 requiescet,
3278 3797 3326 3842 et
3377 3788 3514 3842 sicut
3542 3786 3709 3841 lorica
3743 3787 3834 3840 in-

2233 3878 2357 3932 duet
2387 3895 2442 3933 se
2478 3879 2648 3950 aquis.
2684 3877 2962 3932 Devorabit
2995 3888 3218 3943 montes,
3249 3888 3298 3931 et
3334 3887 3513 3932 exuret
3541 3877 3833 3943 desertum,

2231 3978 2281 4024 et
2301 3970 2593 4040 exstinguet
2619 3969 2800 4035 viride,
2822 3969 2956 4023 sicut
2983 3969 3174 4040 ignem.
3220 3967 3484 4023 Medicina
3509 3969 3742 4022 omnium
3770 3967 3835 4023 in

2233 4062 2568 4132 festinatione
2596 4062 2818 4128 nebulw,
2847 4071 2897 4117 et
2925 4079 3010 4117 ros
3050 4063 3260 4118 obvians
3287 4064 3352 4118 ab
3390 4063 3581 4117 ardore
3605 4063 3835 4118 venienti

2231 4155 2478 4211 humilem
2513 4157 2690 4227 efﬁciet
2730 4173 2868 4210 eum.
2919 4155 2990 4210 In
3031 4173 3267 4212 sermone
3293 4156 3406 4226 ejus
3434 4155 3581 4209 siluit
3620 4165 3830 4222 ventus,

2231 4248 2544 4317 cogitatione
2567 4263 2668 4301 sua
2691 4246 2921 4318 placabit
2961 4248 3228 4318 abyssum,
3255 4258 3302 4303 et
3327 4246 3586 4319 plantabit
3617 4259 3644 4288 ει
3666 4247 3827 4300 illum

2229 4337 2488 4391 Dominus
2515 4336 2673 4392 Jesus
2703 4337 2894 4409 (Eccli.
2923 4355 3079 4404 xun,
3112 4339 3322 4412 12-25).

2301 4428 2433 4485 Vlli.
2466 4429 2608 4485 Ecce
2652 4430 2706 4484 in
2738 4430 2840 4486 hac
2881 4446 3080 4502 magna
3119 4439 3175 4487 et
3203 4431 3410 4501 prolixa
3457 4431 3828 4486 Ecclesiastici

2231 4523 2355 4578 libri
2403 4522 2694 4588 sententia,
2738 4538 2863 4578 cum
2912 4524 3265 4580 subtilissima
3312 4523 3670 4579 admiratione
3717 4522 3790 4576 im

2230 4616 2382 4688 perio
2407 4617 2504 4672 Dei
2532 4616 2790 4671 tribuitur
2824 4617 3083 4686 quidquid
3111 4617 3165 4672 in
3209 4630 3336 4671 aere
3361 4614 3441 4682 ﬁt,
3471 4613 3731 4686 quidquid
3758 4614 3828 4669 de

2231 4723 2357 4766 aere
2383 4708 2440 4763 in
2466 4717 2668 4763 terram
2713 4709 3011 4774 descendit,
3037 4709 3299 4780 quidquid
3336 4709 3473 4764 mari
3517 4717 3572 4763 et
3597 4708 3820 4775 ventis:

2233 4801 2517 4874 apparitio,
2572 4801 2848 4871 splendor,
2897 4811 2952 4857 et.
2986 4819 3151 4874 gyrus
3179 4819 3377 4870 arcus;
3430 4802 3710 4858 festinatio
3739 4804 3826 4859 ni-

2230 4894 2333 4958 vis,
2365 4899 2542 4947 terror
2569 4894 2980 4959 coruscationis,
3010 4894 3266 4951 velocitas
3286 4895 3511 4959 nebulae,
3536 4895 3824 4964 suspensio

2231 4994 2536 5052 ventorum,
2584 4988 2892 5043 verberatio
2941 4997 3120 5055 terrae,
3167 4989 3499 5045 concertatio
3537 5003 3818 5055 aurarum,

2229 5079 2530 5149 congelatio
2561 5095 2732 5151 aquae,
2779 5096 2888 5136 non
2920 5082 3093 5137 solum
3124 5082 3179 5136 in
3207 5082 3460 5148 nubibus,
3493 5082 3632 5138 sicut
3658 5097 3820 5153 gran-

2229 5169 2371 5224 dinis
2399 5179 2456 5226 et
2498 5172 2661 5238 nivis,
2697 5173 2790 5228 sed
2835 5174 2999 5228 etiam
3050 5174 3103 5228 in
3134 5182 3300 5241 terra,
3339 5174 3564 5238 nivium,
3599 5173 3816 5244 pluvias,

2227 5274 2284 5321 et
2310 5268 2571 5323 stantium
2600 5283 2883 5339 aquarum,
2923 5269 3009 5326 vel
3047 5269 3329 5326 ﬂuminum
3373 5267 3813 5331 discurrentium,

2227 5368 2284 5417 et
2306 5375 2374 5416 ex
2401 5361 2523 5433 gelu
2549 5361 2844 5418 desiccatio
2871 5361 3124 5417 viridium
3149 5378 3353 5428 rerum,
3401 5361 3543 5416 sicut
3572 5375 3714 5430 saepe
3741 5359 3818 5413 vi-

2228 5454 2438 5521 demus,
2469 5469 2681 5511 necnon
2709 5464 2766 5511 et
2792 5455 2988 5511 horum
3015 5455 3255 5510 omnium
3297 5453 3576 5517 resolutio,
3609 5467 3731 5520 quae
3757 5449 3817 5505 ﬁt

2227 5556 2470 5618 tempore
2495 5549 2797 5606 rorantium
2823 5549 3165 5615 nebularum,
3203 5556 3260 5604 et
3296 5546 3510 5602 ﬂatibus
3538 5544 3734 5611 austri,
3759 5549 3815 5600 et

1896 5657 2166 5715 BALUZII
2201 5658 2436 5717 nom.
3815 5738 3829 5750 Ι

609 5798 635 5826 ιι
672 5785 834 5840 Illum
857 5786 1115 5840 Dominus
1145 5783 1322 5838 Iesus.
1356 5781 1434 5838 Ita
1463 5781 1684 5835 omnino
1713 5779 1884 5849 codex
1905 5778 2335 5849 regiuspneque
2365 5788 2545 5837 tamen
2582 5779 2770 5836 dubito
2811 5779 2942 5848 quin
3004 5777 3187 5834 verior
3251 5775 3322 5832 sit
3349 5775 3564 5846 vulgata
3608 5771 3769 5829 lectio
3788 5812 3813 5842 ,

536 5870 658 5928 quae
681 5857 863 5924 habet,
893 5857 1147 5928 plantavit
1170 5855 1226 5909 in
1252 5853 1346 5908 illa
1386 5852 1644 5908 Dominus
1681 5848 1907 5905 insulas.
