4088 6344
282 362 404 422 453

1225 387 1228 390 ~
1327 349 1457 408 LIB.
1498 349 1588 407 DE
1625 342 1978 406 GRANDINE
2015 345 2106 402 ET
2145 344 2538 404 TONITRUIS.

3455 351 3559 408 154

286 477 500 539 favoni.
541 475 625 532 Ad
671 486 976 532 sermonem
1004 485 1219 544 quoque
1261 469 1358 526 Dei
1394 469 1526 525 dicit
1555 467 1737 524 omnia
1771 466 1875 520 ista
1903 465 2109 529 Asuaa,
2169 463 2224 519 id
2268 472 2370 531 est,
2423 473 2486 519 ut
2530 462 2684 535 prius
2719 463 3123 534 corriperentur
3166 465 3232 521 de
3281 469 3562 526 aversione

287 571 687 644 conquiescere
711 577 767 625 et
793 566 1018 639 placari.
1052 565 1166 622 Non
1200 563 1404 636 ergorin
1445 561 1641 644 talibus
1670 559 1884 630 adjutor

287 669 458 722 homo
494 671 786 734 quaeratur,
823 659 950 729 quia
977 673 1083 713 non
1110 656 1433 719 invenietur,
1463 643 1732 708 nisi’forte
1758 667 1884 707 san-

287 762 368 818 cti
417 759 538 825 Dei,
567 757 660 828 qui
702 756 869 813 multa
911 754 1283 817 obtinuerunt,
1314 757 1369 822 et
1413 749 1688 805 obtenturi
1715 754 1876 803 sunt:

289 867 527 923 quorum
555 849 720 920 aliqui
742 853 1064 920 potestatem
1091 844 1368 900 habebunt
1387 841 1636 898 claudere
1660 839 1878 905 caelum,

287 960 365 1000 ne
390 943 542 1014 pluat
566 940 757 996 diebus
800 937 1094 1009 prophetize
1139 937 1399 1006 ipsorum,
1446 934 1584 988 sicut
1627 931 1790 994 Elias,
1827 935 1884 985 et

288 1049 466 1104 aquas
492 1029 840 1087 convertendi
884 1028 940 1083 in
969 1026 1304 1098 sanguinem,
1349 1031 1404 1079 et
1445 1029 1727 1094 percutere
1773 1026 1881 1074 ter-

288 1141 412 1180 ram
456 1123 602 1180 omni
645 1121 819 1194 plaga,
867 1120 1122 1190 quotiens
1167 1116 1455 1182 voluerint,
1495 1116 1636 1170 sicut
1669 1112 1880 1183 Moyses

285 1226 350 1274 et
397 1215 580 1271 Aaron
627 1211 938 1285 Egyptum.
993 1210 1132 1266 Vere
1178 1224 1284 1265 non
1335 1207 1473 1263 alius
1524 1206 1689 1261 mittit
1719 1220 1880 1276 gran-

288 1309 479 1364 dinem
508 1315 749 1377 tempore
794 1305 1016 1370 aestatis,
1065 1303 1171 1358 nisi
1217 1303 1310 1374 qui
1339 1311 1394 1358 et
1435 1301 1587 1356 nives
1633 1309 1879 1370 tempore

241 1397 244 1402 ’
287 1401 512 1456 hiemis.
543 1398 679 1453 Nam
706 1405 762 1453 et
781 1397 1061 1467 utriusque
1087 1411 1196 1451 una
1223 1403 1307 1450 est
1331 1393 1471 1449 ratio
1491 1403 1553 1448 ut
1576 1391 1687 1458 ﬁat,
1713 1405 1878 1462 quan-

285 1496 364 1551 do
401 1494 570 1548 nubes
594 1502 825 1561 utroque
852 1486 1108 1560 tempore.
1125 1487 1286 1543 solito
1315 1487 1476 1541 altius
1502 1485 1801 1541 elevantur.

363 1586 458 1643 1X.
487 1585 547 1641 ln
569 1585 706 1639 libro
728 1598 939 1653 quoque
960 1581 1106 1638 beati
1124 1579 1224 1636 Job
1246 1580 1507 1649 scriptum
1529 1586 1612 1633 est
1641 1592 1655 1630 :
1684 1576 1760 1630 Ab
1789 1575 1872 1630 in-

289 1679 567 1736 terioribus
595 1676 884 1748 egredietur
933 1682 1226 1745 tempestas,
1270 1680 1319 1726 et
1345 1671 1409 1724 ab
1441 1681 1654 1723 arcturo
1679 1668 1893 1738 frigus.

291 1770 491 1826 Flante
529 1769 639 1824 Deo
663 1767 943 1823 concrescit
966 1764 1102 1837 gelu,
1132 1772 1181 1818 et
1207 1779 1418 1817 rursum
1461 1760 1711 1814 latissime
1757 1759 1875 1828 fun-

1985 554 2201 620 mentis,
2259 571 2325 610 eo
2362 556 2504 625 quod
2558 555 2969 626 dereliquissent
3013 556 3216 611 cultum
3264 558 3359 614 Dei
3385 564 3562 617 omni-

1982 647 2235 716 potentis,
2276 657 2330 701 et
2376 655 2498 717 post
2522 647 2710 702 sordes
2729 646 2997 701 idolorum
3025 646 3260 714 abirent,
3294 658 3349 704 et
3375 660 3563 720 postea

1981 737 2232 808 ﬂagellati
2261 749 2317 794 et
2354 740 2582 812 fatigati,
2623 741 3027 812 exspectatione
3080 741 3388 811 pluviarum
3437 759 3561 800 cor-

1983 830 2312 899 rigerentur,
2340 839 2394 885 et
2417 832 2656 887 redirent
2681 833 2750 888 ad
2772 833 3058 888 Dominum
3085 833 3255 890 Deum
3280 850 3444 906 quem
3474 837 3565 894 de-

1981 922 2334 991 reliquerant.
2957 911 2977 932 ’
3558 971 3564 980 .

2049 1013 2140 1068 XI.
2196 1013 2287 1068 Sic
2323 1015 2483 1069 etiam
2521 1015 2739 1072 Samuel
2768 1019 3052 1088 propheta,
3105 1026 3162 1074 et
3215 1021 3323 1076 dux
3377 1022 3562 1092 populi

1977 1104 2159 1170 lsrael,
2208 1121 2331 1160 cum
2382 1108 2676 1177 corriperet
2721 1105 2971 1163 eumdem
3009 1111 3268 1180 populum
3327 1121 3552 1182 pmpter

1978 1195 2442 1269 frequentissimas
2494 1202 2948 1270 transgressiones
2988 1201 3237 1267 illorum,
3290 1204 3560 1274 replicans

1979 1290 2059 1344 eis
2105 1288 2367 1356 beneﬁcia
2407 1289 2523 1344 Dei-
2554 1291 2973 1359 omnipotentis,
3029 1301 3085 1348 et
3133 1293 3319 1348 eorum
3353 1311 3556 1350 e-con-

1978 1381 2149 1436 trario
2177 1382 2505 1464 aversiones,
2560 1382 2882 1454 intelligeret
2907 1386 3049 1440 idem
3078 1388 3308 1457 populus
3345 1391 3552 1459 grande

1976 1473 2179 1527 malum
2232 1489 2289 1528 se
2339 1472 2553 1539 fecisse,
2595 1482 2652 1528 et
2700 1475 2869 1529 Deum
2914 1475 3203 1532 offendisse
3240 1479 3294 1533 in
3329 1480 3563 1548 petendo

1974 1567 2076 1622 sibi
2131 1582 2336 1637 regem,
2397 1566 2603 1621 orando
2641 1567 2873 1622 obtinuit
2931 1577 2993 1623 ut
3053 1570 3265 1626 insueto
3316 1579 3564 1640 tempore

1975 1659 2293 1715 terribiliter
2341 1673 2464 1714 cum
2493 1659 2745 1714 tonitruis
2789 1668 2847 1714 et
2885 1663 3356 1720 coruscationibus
3380 1664 3562 1736 pluvia

1979 1751 2266 1825 (caderet).
2301 1751 2391 1807 Sic
2425 1753 2653 1822 denique
2682 1753 2943 1822 scriptum
2991 1763 3076 1811 est
3124 1757 3326 1814 dixisse
3365 1759 3563 1830 populo

285 1870 493 1924 duntur
520 1883 693 1939 aquae.
733 1862 1083 1919 Frumentum
1101 1859 1364 1915 desiderat
1399 1857 1580 1922 nubes,
1633 1864 1681 1909 et
1709 1854 1868 1909 nubes
1895 1843 1944 1903 B
1974 1845 2279 1901 Samuclem
2310 1864 2322 1900 :
2351 1845 2519 1910 State,
2547 1855 2593 1899 et
2626 1845 2792 1900 videte
2816 1863 2923 1900 rem
2945 1849 3100 1902 istam
3124 1851 3378 1919 grandem
3400 1867 3560 1921 quam

284 1969 544 2034 spargunt
600 1959 774 2013 lumen
832 1971 1022 2021 suum;
1074 1971 1191 2026 qua:
1253 1951 1482 2007 lustrant
1541 1956 1727 2002 cuncta
1781 1963 1876 2017 per

283 2053 564 2108 circuitum
602 2063 906 2122 quocunque
957 2063 1044 2100 eas
1079 2044 1320 2099 voluntas
1365 2040 1704 2114 gubernantis
1768 2037 1870 2092 Dei

283 2145 520 2206 duxerit,
569 2141 638 2195 ad
666 2157 817 2196 omne
859 2137 997 2211 quod
1021 2136 1325 2208 praeceperit
1355 2133 1462 2188 illis
1507 2147 1662 2202 super
1684 2131 1875 2200 faciem

285 2236 430 2290 orbis
487 2243 745 2287 terrarum
796 2228 920 2303 (Job
972 2244 1180 2292 xxxv",
1212 2227 1245 2283 9
1300 2225 1454 2297 seq.).
1503 2224 1721 2279 Attente
1776 2237 1877 2276 au-

285 2324 545 2381 diendum
574 2323 718 2395 quod
755 2323 952 2377 dicitur
985 2339 996 2374 :
1026 2319 1280 2374 Lustrant
1330 2317 1489 2371 nubes
1531 2331 1624 2387 per
1679 2313 1875 2368 circui-

287 2430 401 2473 tum
431 2426 642 2483 cuncta,
699 2416 789 2471 sed
818 2430 1124 2487 quocunque
1164 2410 1532 2467 eas.voluntas
1571 2408 1872 2480 gubernan-

287 2515 357 2567 tis
386 2512 484 2566 Dei
510 2512 739 2566 duxerit.
770 2509 828 2565 Si
878 2524 1008 2581 ergo
1033 2508 1177 2564 Deus
1202 2522 1298 2563 eas
1319 2505 1604 2578 gubernat,
1648 2517 1755 2558 non
1776 2516 1874 2572 po-

287 2613 397 2659 test
444 2603 609 2659 homo
642 2602 859 2671 iniquus
886 2614 980 2655 eas
1003 2598 1164 2654 aliam
1192 2599 1246 2652 in
1271 2605 1480 2668 partem
1531 2601 1871 2658 convertere,

288 2697 418 2766 quia
449 2711 549 2750 nec
598 2695 868 2765 imperare
920 2693 1030 2748 Deo
1057 2699 1258 2762 potest,
1310 2706 1411 2746 nec
1457 2687 1708 2759 precibus
1735 2685 1877 2741 obti-

286 2803 421 2845 nere
465 2797 726 2844 meretur.
756 2785 910 2854 Quod
955 2793 1139 2840 autem
1193 2782 1555 2853 subjungitur,
1613 2779 1681 2833 ad
1724 2793 1876 2832 omne

285 2881 429 2952 quod
469 2879 771 2951 praeceperit
797 2876 904 2932 illis
951 2894 1108 2948 super
1137 2876 1329 2946 faciem
1355 2874 1495 2928 orbis
1524 2883 1696 2934 terrae,
1747 2869 1878 2939 quid

287 2970 438 3025 aliud
462 2968 887 3038 intelligendum,
931 2967 1038 3022 nisi
1066 2966 1134 3020 ad
1161 2980 1323 3020 omne
1367 2964 1511 3034 quod
1555 2961 1878 3032 praeceperit

286 3061 436 3116 Deus
465 3059 715 3125 nubibus,
756 3059 842 3113 vel
886 3058 955 3113 ad
998 3057 1292 3129 ﬂagellum,
1340 3055 1426 3112 vel
1454 3056 1523 3110 ad
1571 3053 1876 3109 subsidium

286 3155 608 3220 humanum,
658 3153 725 3207 ad
750 3153 922 3218 nives,
975 3151 1042 3206 ad
1068 3150 1382 3222 grandines,
1425 3149 1495 3204 ad
1537 3147 1765 3218 pluvias.
1809 3143 1878 3199 ad

288 3244 526 3314 fulgura,
574 3243 657 3299 vel
694 3241 939 3307 fulmina,
978 3243 1090 3297 sive
1128 3241 1386 3306 tonitrua,
1427 3255 1495 3294 ex
1523 3240 1720 3310 quibus
1752 3237 1868 3306 ple-

286 3348 527 3406 rumque
565 3335 674 3389 alta
713 3334 939 3390 aediﬁcia
992 3333 1266 3404 prosterni
1321 3330 1529 3387 solent?
1583 3329 1728 3384 Sane
1758 3343 1868 3382 non

291 3436 571 3501 praecepto
596 3429 842 3494 hominis,
883 3428 977 3483 sed
1004 3435 1277 3499 praecepto
1323 3425 1441 3490 Dei,
1478 3425 1620 3479 sicut
1671 3423 1726 3478 in
1771 3423 1876 3479 hac

297 3520 565 3577 sententia
598 3519 805 3590 legitur,
835 3520 890 3574 in
919 3535 1026 3590 qua
1061 3519 1224 3574 etiam
1271 3527 1394 3588 post
1428 3515 1707 3587 paululum
1755 3514 1877 3570 sub-

292 3612 447 3666 ditur
472 3629 486 3665 :
519 3607 774 3681 Nunquid
800 3610 903 3665 scis
927 3609 1138 3682 quando
1182 3608 1484 3680 prwceperit
1516 3607 1659 3661 Deus
1688 3605 1876 3677 pluviis

291 3711 356 3756 ut
410 3701 736 3757 ostenderent
772 3701 941 3757 lucem
997 3701 1214 3756 nubium
1249 3701 1409 3771 ejus?
1446 3699 1707 3770 Nunquid
1741 3697 1879 3753 nosti

292 3795 503 3849 semitas
561 3795 777 3849 nubium
825 3810 1065 3864 magnas,
1093 3802 1142 3847 et
1168 3792 1427 3864 perfectas
1481 3790 1766 3846 scientias?
1818 3789 1880 3845 In

292 3887 493 3958 quibus
541 3887 724 3942 verbis
751 3886 854 3941 hoc
907 3899 1121 3956 quoque
1168 3884 1463 3939 notandum
1495 3892 1600 3949 est,
1653 3881 1780 3951 quia
1831 3881 1880 3936 si

292 3979 462 4033 homo
485 3993 592 4033 non
632 3977 784 4034 novit
809 3977 1031 4034 semitas
1060 3976 1302 4041 nubium,
1344 3990 1446 4030 nec
1497 3972 1768 4044 perfectas
1796 3987 1882 4028 ea-

297 4084 423 4124 rum
480 4068 757 4134 scientias,
812 4076 982 4122 mutto
1031 4067 1212 4121 minus
1267 4064 1419 4120 novit
1473 4078 1659 4118 earum
1703 4061 1880 4117 oﬁicio

296 4161 613 4218 hominibus
669 4160 926 4231 prodesse
971 4157 1056 4213 vel
1099 4158 1321 4222 obesse;
1382 4154 1644 4225 exceptis,
1690 4161 1752 4208 ut
1796 4153 1877 4208 di-

296 4260 450 4307 ctum
491 4259 596 4317 est,
643 4249 882 4316 sanctis,’
920 4248 1013 4318 qui
1061 4246 1357 4303 secundum
1400 4245 1735 4301 voluntatem
1785 4244 1882 4298 Dei

297 4343 470 4399 multa
531 4359 629 4415 per
656 4342 806 4398 illum
838 4342 955 4412 ipso
1004 4341 1240 4396 donante
1264 4345 1509 4408 possunt,
1557 4353 1666 4392 non
1689 4336 1878 4407 utique

293 4435 523 4508 propria
549 4441 642 4490 aut
668 4433 848 4502 aliqua
890 4431 1165 4488 contraria
1214 4429 1434 4494 virtute,
1477 4428 1572 4485 sed
1607 4427 1885 4482 voluntate

299 4525 602 4584 conditoris
629 4543 644 4580 :
673 4525 816 4580 sicut
846 4537 987 4594 sape
1012 4520 1169 4577 multi
1195 4533 1476 4574 servorum
1498 4517 1594 4572 Dei
1626 4517 1885 4572 orationi-

1975 1939 2212 2008 facturus
2246 1947 2320 1994 est
2368 1939 2624 1993 Dominus
2659 1939 2715 1992 in
2743 1950 3020 2010 conspectu
3070 1951 3259 1996 vestro.
3305 1940 3560 2013 Nunquid

1975 2048 2077 2086 non
2128 2033 2308 2085 messis
2351 2030 2512 2084 tritici
2549 2039 2624 2085 est
2688 2029 2885 2085 hodie?
2932 2029 3192 2086 Invocabo
3250 2031 3556 2097 Dominum,

1972 2131 2022 2178 et
2049 2123 2194 2177 dabit
2228 2139 2397 2188 voces,
2455 2131 2503 2176 et
2536 2121 2776 2191 pluvias;
2802 2132 2850 2176 et
2880 2122 3052 2177 scietis
3073 2133 3121 2177 et
3145 2124 3400 2191 videbitis,
3436 2125 3563 2195 quia

1973 2213 2171 2285 grande
2196 2213 2394 2267 malum
2452 2213 2680 2282 feceritis
2739 2213 2886 2268 vobis
2914 2217 2971 2268 in
2996 2223 3273 2285 conspectu
3327 2214 3562 2280 Domini,

1972 2315 2200 2377 petentes
2236 2321 2393 2376 super
2420 2321 2510 2358 vos
2546 2321 2738 2376 regem.
2799 2304 2871 2358 Et
2918 2304 3162 2360 clamavit
3221 2305 3438 2361 Samuel
3496 2305 3566 2359 ad

1973 2396 2278 2460 Dominum,
2309 2407 2356 2450 et
2382 2396 2526 2450 dedit
2556 2395 2813 2450 Dominus
2864 2413 3010 2450 voces
3055 2405 3103 2451 et
3129 2396 3360 2468 pluviam
3388 2398 3446 2450 in
3474 2396 3561 2451 die

1973 2487 2101 2553 illa;
2151 2496 2199 2543 et
2230 2489 2404 2541 timuit
2427 2487 2596 2541 omnis
2629 2486 2852 2557 populus
2879 2488 3036 2541 nimis
3074 2486 3361 2540 Dominum
3380 2494 3428 2539 et
3455 2484 3566 2540 Sa-

1973 2575 2216 2633 muelem.
2283 2575 2536 2646 Dixitque
2592 2578 2867 2630 universus
2917 2575 3144 2646 populus
3186 2576 3256 2630 ad
3307 2572 3570 2630 Samuel:

1977 2666 2087 2722 Ora
2125 2684 2220 2738 pro
2247 2668 2412 2722 servis
2438 2667 2542 2721 tuis
2570 2667 2639 2720 ad
2669 2667 2955 2721 Dominum
2976 2666 3149 2720 Deum
3177 2675 3351 2731 tuum,
3378 2675 3434 2718 ut
3463 2681 3564 2718 non

1909 2785 1913 2788 -
1974 2758 2287 2812 moriamur.
2338 2756 2658 2812 Addidimus
2678 2759 2816 2811 enim
2842 2756 3096 2814 universis
3122 2755 3348 2826 peccatis
3376 2754 3570 2808 nostris

1975 2849 2196 2915 malum,
2233 2859 2293 2903 ut
2331 2858 2621 2920 peteremus
2661 2848 2807 2902 nobis
2849 2864 3019 2918 regem
3069 2846 3122 2918 (Ι
3171 2845 3302 2918 Reg.
3355 2860 3456 2910 xu,
3499 2842 3566 2897 16

1975 2941 2128 3014 seq.).
2178 2940 2380 2996 Territi
2422 2941 2566 2995 enim
2619 2940 2842 2995 vocibus
2883 2939 3184 2994 tonitruum
3210 2947 3266 2993 et
3315 2937 3561 2992 coruscis

1975 3032 2273 3104 fulgurum,
2301 3032 2746 3088 intercessionem
2764 3031 2939 3086 sancti
2960 3031 3256 3100 prophetae,
3287 3029 3416 3084 licet
3441 3043 3570 3098 pec-

1979 3135 2210 3194 catores,
2261 3135 2447 3180 tamen
2499 3133 2560 3179 ut
2619 3123 2804 3179 ﬁdeles
2845 3121 3222 3194 postularunt;
3273 3135 3381 3175 non
3430 3119 3573 3173 sicut

1895 3217 1939 3280 C
1973 3216 2067 3274 isti
2114 3216 2290 3273 nostri
2339 3213 2686 3279 semiﬁdeles,
2739 3213 2831 3282 qui
2888 3227 3015 3267 mox
3062 3219 3123 3266 ut
3171 3210 3399 3264 audiunt
3423 3206 3568 3262 toni-

1983 3323 2102 3368 trua
2148 3311 2233 3367 vel
2275 3325 2398 3366 cum
2429 3308 2534 3362 levi
2569 3307 2699 3361 ﬂatu
2728 3305 2895 3372 venti,
2941 3305 3128 3359 dicunt
3153 3300 3410 3356 Levatitia
3437 3314 3573 3352 aura

1975 3414 2070 3470 est,
2103 3411 2160 3459 et
2186 3401 2512 3458 maledicunt
2532 3386 2775 3453 dicentes
2805 3414 2818 3448 :
2857 3413 2875 3446 ‹
2917 3393 3203 3448 Maledicta
3232 3391 3412 3462 lingua
3441 3387 3562 3455 illa,

1976 3505 2026 3551 et
2071 3494 2282 3564 areﬁat,
2320 3501 2370 3547 et
2406 3492 2526 3562 jam
2562 3490 2783 3561 prwcisa
2812 3504 2922 3542 esse
2947 3484 3161 3540 debebat
3206 3499 3325 3555 qua:
3356 3482 3454 3536 hoc
3482 3479 3568 3550 fa-

1979 3591 2068 3644 cit.
2101 3589 2220 3654 Dic,
2271 3602 2425 3657 rogo,
2475 3585 2562 3639 cui
2605 3581 2917 3639 maledicis?
2957 3580 3127 3652 justo,
3157 3593 3228 3633 an
3249 3575 3561 3648 peccatorif?

1978 3682 2240 3737 Peccator
2261 3693 2516 3748 natnque,
2545 3684 2599 3730 et
2620 3691 2683 3730 ex
2704 3683 2859 3744 parte
2883 3673 3114 3728 inﬁdelis
3135 3670 3328 3727 similis
3348 3669 3446 3734 tui,
3469 3682 3566 3724 al-

1981 3788 2122 3838 ram,
2168 3779 2230 3825 ut
2276 3770 2454 3824 dicere
2493 3766 2699 3832 soletis,
2726 3766 2906 3820 levare
2931 3778 3038 3817 non
3070 3761 3274 3833 potuit;
3314 3759 3441 3830 quia
3468 3772 3572 3813 nec

1979 3865 2180 3920 virtute
2211 3878 2305 3928 sua
2336 3861 2523 3926 valuit,
2553 3875 2654 3915 nec
2682 3858 2888 3928 angelis
2931 3857 3088 3911 malis
3143 3856 3414 3924 imperare
3465 3864 3564 3920 po-

1984 3958 2087 4014 tuit
2117 3975 2128 4010 :
2169 3968 2478 4025 quanquam
2508 3967 2607 4006 nec
2645 3965 2834 4005 eorum
2876 3949 2932 4002 in
2960 3947 3064 4001 hac
3087 3960 3148 4000 re
3190 3945 3260 3998 sit
3301 3950 3569 4014 potestas.

1984 4047 2214 4102 Domino
2258 4059 2368 4099 non
2419 4041 2761 4113 supplicavit,
2812 4049 2872 4093 ut
2915 4036 3122 4093 orando
3155 4035 3209 4090 id
3254 4034 3573 4090 obtineret:

1988 4140 2116 4210 quia
2144 4139 2285 4194 sicut
2321 4151 2437 4200 vos,
2489 4134 2566 4188 ita
2592 4141 2646 4189 et
2674 4132 2750 4187 illi
2801 4146 2937 4201 quos
2992 4127 3375 4199 tempestarios
3421 4132 3580 4196 puta-

1986 4237 2076 4299 tis,
2131 4229 2421 4303 przestigiis
2482 4227 2641 4283 malis
2687 4225 2803 4280 ﬁeri
2833 4224 2950 4279 inec
2976 4230 3189 4294 putant,
3247 4235 3355 4276 non
3383 4217 3579 4272 volun-

1987 4336 2097 4384 tate
2147 4326 2245 4381 Dei
2285 4343 2298 4378 :
2343 4323 2483 4379 licet.
2505 4321 2617 4381 etsi
2656 4334 2688 4374 a
2729 4319 2958 4374 Domino
2999 4318 3111 4372 Deo
3156 4316 3259 4369 hoc
3295 4316 3566 4383 peterent,

1985 4433 2095 4473 non
2123 4411 2718 4482 mererentur-adipisci
2756 4428 2768 4464 :
2800 4409 2944 4480 quod
2970 4408 3154 4477 utique
3175 4406 3444 4476 justorum
3472 4407 3576 4466 est,

1989 4527 2096 4565 non
2121 4509 2432 4578 iniquorum
2463 4524 2476 4558 :
2503 4504 2672 4574 quiin
2702 4503 2903 4558 talibus
2947 4501 3130 4566 rebus,
3181 4495 3285 4553 etsi
3331 4500 3522 4566 petunt
3545 4508 3577 4546 a

297 4621 403 4678 bus
425 4621 797 4683 obtinuerunt,
825 4625 886 4672 ut
906 4578 1150 4686 tempore
1167 4612 1427 4669 siccitatis
1452 4611 1664 4683 pluvias
1695 4609 1880 4691 Domi-
1909 4578 1964 4639 D
1990 4601 2219 4657 Domino
2246 4597 2468 4666 aliquid,
2510 4594 2798 4649 inﬁdeliter
2817 4602 2873 4648 et
2899 4591 3096 4662 duplici
3145 4587 3329 4642 animo
3361 4591 3574 4656 petunt,

299 4731 405 4772 nus
439 4715 624 4787 largiri
647 4714 980 4786 dignaretur.

371 4808 442 4864 Χ.
501 4807 593 4864 Sic
630 4808 774 4863 enim
803 4808 995 4863 beatus
1052 4804 1286 4861 Jacobus
1325 4800 1623 4874 apostolus,
1681 4797 1882 4854 factum

297 4901 432 4958 Elia:
479 4900 754 4972 prophetae
789 4899 845 4954 in
884 4896 1188 4968 exemplum
1212 4895 1370 4952 nobis
1409 4906 1737 4965 proponens,
1792 4905 1887 4945 ex-

299 4997 556 5052 hortatur
594 5008 694 5050 nos
744 4993 811 5048 ad
838 4992 1138 5048 orationem
1183 5001 1468 5046 recurrere
1497 5000 1598 5056 pro
1643 4983 1881 5046 tristitia,

298 5102 400 5159 pro
423 5084 758 5150 inﬁrmitate,
780 5099 880 5153 pro
909 5082 1229 5138 remissione
1252 5086 1621 5151 peccatorum,
1671 5075 1886 5131 dicens:

300 5179 466 5234 Orate
487 5193 582 5248 pro
612 5175 831 5231 invicem
881 5183 937 5228 ut
959 5172 1252 5228 salvemini.
1308 5166 1536 5224 Multum
1574 5166 1712 5221 enim
1753 5163 1890 5218 valet

299 5267 601 5342 deprecatio
625 5267 764 5338 justi
817 5265 1054 5320 assidua.
1094 5262 1278 5318 Helias
1329 5262 1482 5316 homo
1539 5266 1651 5314 erat
1699 5255 1890 5313 similis

301 5370 477 5434 nobis,
521 5365 821 5439 passibilis;
848 5373 897 5419 et
921 5364 1213 5418 orationem
1242 5361 1407 5416 oravit
1429 5369 1484 5414 ut
1508 5374 1614 5412 non
1657 5353 1883 5427 plueret,

300 5472 351 5517 et
382 5478 490 5515 non
535 5459 668 5531 pluit
721 5475 887 5513 annos
929 5466 1031 5512 tres
1082 5465 1131 5509 et
1158 5471 1359 5509 menses
1386 5469 1496 5508 sex.
1557 5450 1628 5504 Et
1676 5464 1890 5504 rursum

303 5554 475 5608 oravit
503 5568 522 5606 :
545 5560 594 5605 et
621 5549 805 5605 caelum
829 5547 969 5602 dedit
991 5545 1216 5618 pluvias,
1239 5555 1288 5599 et
1315 5553 1456 5598 terra
1487 5542 1628 5597 dedit
1653 5541 1884 5611 fructum

302 5659 481 5698 suum.
512 5641 660 5697 Elias
688 5641 872 5710 itaque
898 5637 1198 5694 orationem
1224 5636 1398 5691 oravit
1427 5642 1486 5688 ut
1513 5649 1618 5689 non
1649 5632 1879 5710 plueret,

305 5744 365 5792 et
390 5750 500 5791 non
540 5733 676 5805 pluit
696 5746 868 5788 annos
921 5739 1032 5787 tres
1078 5743 1293 5785 menses
1329 5743 1444 5784 sex.
1503 5716 1654 5782 Fecit
1705 5732 1886 5780 autem

311 5833 422 5890 hoc
462 5839 691 5905 propter
728 5829 1128 5900 correptionem
1182 5834 1239 5883 et
1282 5823 1676 5882 correctionem
1716 5818 1894 5894 gentis

1992 4711 2100 4751 non
2139 4694 2194 4748 in
2236 4690 2558 4748 certitudine
2591 4688 2733 4745 ﬁdei.

2063 4788 2176 4844 ΧΠ.
2222 4787 2316 4842 Illo
2350 4795 2613 4856 praeterea
2642 4791 2883 4852 tempore
2908 4779 3122 4848 quando
3153 4774 3400 4830 oratione
3445 4772 3574 4832 Eliae

1993 4883 2210 4940 siccitas
2257 4882 2453 4934 eratin
2486 4881 2628 4933 terra
2667 4875 2850 4939 lsrael,
2903 4872 3070 4927 etiam
3115 4882 3318 4940 pascua
3367 4865 3581 4937 pecori-

1992 4980 2095 5034 bus
2140 4976 2494 5046 negabantur.
2529 4973 2803 5042 Scriptum
2833 4975 2916 5023 est
2967 4965 3110 5020 enim
3151 4981 3164 5018 :
3201 4962 3350 5017 Dixit
3398 4959 3579 5015 Achab

1998 5070 2067 5124 ad
2088 5068 2314 5123 Abdiam
2337 5080 2354 5118 :
2391 5064 2533 5119 Vade
2554 5066 2610 5118 in
2630 5073 2824 5117 terram
2846 5058 2915 5113 ad
2938 5057 3205 5111 universos
3228 5052 3398 5124 fontes
3421 5066 3583 5122 aqua—
3623 5061 3630 5068 ‘

1997 5178 2138 5229 rum,
2184 5162 2310 5216 etin
2332 5169 2546 5214 cunctas
2593 5155 2776 5219 valles,
2806 5154 2851 5207 si
2901 5152 3033 5222 forte
3055 5147 3284 5203 invenire
3318 5143 3578 5214 possimus

1997 5253 2230 5317 herbam,
2277 5262 2327 5307 et
2366 5251 2572 5306 salvere
2613 5262 2769 5319 equos
2816 5253 2865 5299 et
2910 5241 3103 5307 mulos,
3153 5248 3334 5294 etnon
3373 5236 3579 5308 penitus

1988 5349 2233 5420 jumenta
2269 5345 2526 5411 intereant
2559 5338 2680 5414 (ΙΙΙ
2709 5338 2839 5408 Reg.
2886 5353 3042 5402 xvm,
3069 5333 3145 5407 5).
3206 5331 3366 5394 Ecce,
3393 5335 3453 5420 ut
3481 5342 3580 5397 ap-

1999 5446 2173 5512 paret,
2203 5439 2271 5493 de
2298 5436 2477 5507 pluvia
2500 5431 2773 5502 desperati
2821 5430 2964 5500 quod
2987 5443 3096 5484 non
3129 5431 3272 5480 esset
3300 5421 3404 5476 nisi
3431 5418 3582 5488 iuxta

1996 5534 2127 5590 Elite
2166 5531 2352 5595 verba,
2409 5541 2509 5597 pro
2560 5524 2821 5596 jumentis
2878 5523 3077 5580 herbas
3136 5522 3386 5588 quaerunt
3427 5511 3582 5581 juxta

1995 5630 2174 5685 fontes
2213 5631 2268 5679 et
2325 5621 2472 5676 rivos
2501 5634 2789 5690 aquarum,
2815 5617 2931 5689 jam
2973 5615 3118 5671 enim
3145 5611 3453 5668 sentiebant
3495 5618 3585 5659 ve-

1997 5735 2118 5776 rum
2161 5730 2282 5772 esse
2324 5712 2468 5784 quod
2488 5713 2590 5784 ipsi
2618 5712 2806 5768 Achab
2847 5709 2993 5765 Elias
3021 5708 3266 5763 dixerat:
3306 5701 3441 5757 Vivit
3469 5696 3582 5752 Do-

1998 5811 2170 5867 minus
2199 5808 2342 5865 Deus
2380 5805 2573 5877 Israel,
2604 5808 2662 5862 in
2690 5805 2843 5874 cujus
2869 5809 3146 5873 conspectu
3172 5808 3272 5865 sto,
3302 5795 3347 5852 si
3369 5793 3465 5850 erit
3489 5804 3588 5846 an-
