4088 6344
555 256 663 317 155

1520 252 1580 310 s.
1616 245 1974 332 tuumnon
2011 248 2321 341 Episcopi
2357 250 2843 342 LUQDUNENSIS

3722 268 3844 331 {56'

558 377 641 435 nis
697 375 780 432 his
824 388 912 431 ros
934 378 986 429 et
1006 354 1206 445 pluvia,
1236 368 1341 425 nisi
1359 369 1521 441 juxta
1543 370 1649 424 oris
1692 372 1795 425 mei
1848 367 2023 424 verba.
2076 366 2144 422 Et
2169 332 2487 434 A'ﬁebant;
2520 346 2822 442 interrogat
2873 371 2942 427 de
3002 370 3200 430 talibus
3255 375 3445 448 utique
3493 365 3616 451 quae
3662 398 3836 444 nemo

556 476 706 527 certe
758 466 908 524 Elias
965 454 1136 520 annos
1179 460 1315 518 dixit
1362 461 1550 531 quanti
1596 470 1795 519 essent.
1841 461 1948 516 Iste
2011 473 2142 529 ergo

553 562 764 628 Achab,
820 569 881 616 ut
927 558 1061 639 dixi,
1098 571 1270 630 quare
1321 571 1431 633 non
1475 557 1687 629 rogavit
1737 554 2141 626 Tempestarios

554 663 616 709 ut
642 656 888 711 levarent
912 658 1285 722 tempestates,
1305 655 1377 716 et,
1394 657 1453 704 ut
1468 650 1647 706 dicere
1661 648 1866 714 soletis,
1883 665 2043 704 auras
2064 649 2140 703 le-

552 747 792 821 vatitias,
820 760 918 815 per
942 732 1081 821 quas
1106 742 1332 812 irrigata
1359 750 1501 796 terra
1519 742 1717 797 habere
1743 749 1927 813 posset
1940 742 2140 821 herbas

552 818 709 907 equis
738 846 794 892 et
828 820 993 891 mulis
1020 835 1495 906 suis,c;eterisque
1537 833 1824 904 jumentis,
1881 849 1982 904 pro
2019 818 2140 904 qui-

549 931 652 987 bus
674 930 936 999 sollicitus
967 938 1113 991 erat;
1148 929 1380 983 maxime
1398 928 1525 998 quia
1560 944 1664 981 non
1695 926 1921 982 timebat
1950 926 2139 996 perde-

551 1037 612 1078 re
638 1020 821 1093 fruges
846 1022 899 1075 in
933 1020 1158 1091 campis,
1208 1024 1263 1075 et
1310 1020 1519 1084 vineas,
1547 1032 1667 1088 qum
1717 1016 1877 1073 nullae
1916 1018 2136 1073 omnino

550 1124 681 1173 tunc
708 1115 901 1173 erant?

619 1207 756 1263 XIII.
807 1205 1016 1287 Nostris
1068 1216 1284 1275 quoque
1331 1201 1667 1273 temporibus
1742 1200 1989 1256 videmus
2036 1199 2136 1255 ali-

548 1300 785 1373 quando,
837 1296 1079 1356 collectis
1129 1296 1399 1352 messibus
1436 1303 1492 1351 et
1528 1294 1862 1360 ‘vindemiis,
1910 1303 2134 1366 propter

546 1397 845 1453 siccitatem
879 1394 1142 1481 agricolas
1170 1393 1438 1448 seminare
1464 1405 1569 1444 non
1593 1405 1774 1459 posse.
1816 1390 1994 1457 Quare
2025 1406 2130 1445 non

544 1490 800 1546 obtinetis
844 1489 983 1568 apud
1015 1487 1416 1573 Tempestarios
1444 1494 1655 1539 vestros
1687 1494 1746 1539 ut
1783 1485 1999 1539 mittant
2028 1501 2127 1539 au-

543 1595 634 1639 ras
687 1578 978 1641 levatitias,
1009 1579 1206 1662 quibus
1251 1584 1393 1662 terra
1430 1574 1705 1646 irrigetur,
1737 1584 1791 1629 ct
1820 1583 2005 1662 postea
2036 1590 2124 1631 se-

542 1673 754 1727 minare
803 1656 1054 1742 possitis?
1100 1656 1301 1726 Verum
1359 1669 1486 1740 quia
1533 1671 1586 1725 id
1636 1686 1732 1726 vos
1755 1656 1855 1726 nec
1901 1669 2126 1738 fecistis,

2241 459 2379 515 alius
2407 458 2511 515 nisi
2541 461 2687 517 solus
2710 463 3053 532 omnipotens
3094 464 3277 533 tacens
3324 476 3522 539 potest,
3565 473 3831 534 etdicit:

2243 548 2346 604 Ubi
2391 566 2509 605 eras
2543 553 2754 622 quando
2778 554 3033 625 ponebam
3087 556 3431 631 fundamenta
3469 567 3667 621 terrm?
3707 568 3779 625 Et
3814 590 3831 627 :

2186 636 2195 644 ’
2242 639 2373 707 Quis
2425 643 2599 712 posuit
2650 660 2927 700 mensuras
2988 646 3131 717 ejus,
3185 648 3262 707 vel
3315 668 3475 723 super
3523 671 3626 725 quo
3677 657 3835 716 bases

2238 732 2385 788 illius
2432 734 2676 791 solidata:
2724 738 2895 793 διιπιὲ
2945 737 3078 803 Quis
3124 740 3380 805 conclusit
3448 748 3595 808 ostiis
3643 754 3836 813 mare?

2238 824 2356 881 Et:
2394 826 2649 898 Nunquid
2698 830 3016 901 conjungere
3070 831 3263 892 valebis
3313 836 3567 901 micantes
3619 841 3831 910 stellas,

2238 916 2503 983 Pleiades,
2529 929 2621 974 aut
2661 938 2847 992 gyrum
2878 923 3089 981 Arcturi
3144 928 3338 997 poteris
3393 928 3694 1001 dissiparet.
3718 935 3828 991 Et:

2239 1009 2498 1083 Nunquid
2535 1015 2671 1071 nosti
2722 1015 2961 1070 ordinem
3004 1016 3158 1072 caeli?
3205 1018 3311 1074 Et:
3347 1019 3605 1094 Nunquid
3654 1006 3831 1085 mittes

2237 1103 2474 1175 fulgura,
2513 1115 2561 1159 et
2602 1106 2790 1160 ibunt?
2846 1116 2900 1162 et
2931 1108 3101 1163 multa
3153 1109 3481 1185 hujusmodi.
3510 1114 3662 1175 Inter
3682 1117 3827 1184 hac,

2234 1194 2478 1265 inquam,
2505 1206 2656 1252 tanta
2684 1213 2747 1252 ac
2775 1198 2925 1264 talia,
2961 1199 3188 1269 inquirit
3214 1204 3381 1277 etiam
3405 1204 3474 1267 ab
3503 1221 3570 1263 eo
3600 1208 3828 1267 dicens:

2238 1288 2495 1360 Nunquid
2536 1290 2803 1360 ingressus
2854 1308 2908 1345 es
2947 1291 3221 1355 thesauros
3270 1296 3427 1362 nivis,
3474 1308 3567 1355 aut
3600 1300 3829 1359 thesau-

2235 1395 2321 1433 ros
2370 1381 2642 1450 grandinis
2706 1383 2979 1452 aspexisti,
3023 1400 3141 1455 qua;
3195 1388 3492 1457 prwparaui
3518 1390 3575 1447 in
3614 1399 3831 1463 tempus

2234 1470 2418 1538 hostis,
2467 1473 2523 1526 in
2567 1472 2704 1527 diem
2744 1488 2932 1543 pugna:
2978 1483 3028 1531 et
3087 1473 3249 1535 belli?
3308 1474 3416 1532 Per
3457 1494 3614 1548 quam
3673 1481 3818 1543 viam

2232 1564 2500 1634 spargitur
2549 1563 2661 1629 lux,
2714 1564 2971 1621 dividitur
3018 1573 3176 1627 mitts
3231 1582 3387 1636 super
3413 1569 3654 1635 terram?
3689 1569 3827 1637 Quis

2233 1657 2377 1719 dedit
2417 1660 2859 1715 vehementissimo
2890 1658 3044 1717 imbri
3093 1675 3325 1724 cursum,
3370 1668 3419 1721 et
3458 1661 3826 1731 uiautsonan-

541 1779 643 1820 nec
675 1763 855 1819 facere
882 1778 1118 1843 unquam
1161 1760 1374 1816 vidistis
1396 1771 1451 1829 et
1476 1763 1725 1825 audistis,
1776 1763 1958 1817 audite
1981 1779 2125 1818 nunc
2231 1749 2300 1847 tis
2346 1751 2611 1847 tonitrui?
2667 1759 2725 1804 ut
2772 1750 2979 1847 plueret
3030 1768 3186 1821 super
3227 1761 3423 1847 terram
3479 1752 3675 1825 absque
3729 1756 3829 1813 lto-

539 1858 669 1930 quid
707 1858 820 1928 ipse
863 1838 1142 1921 Dominus,
1195 1871 1379 1932 rerum
1427 1857 1669 1911 omnium
1726 1857 1995 1923 conditor,
2046 1872 2128 1911 re-

538 1957 673 2014 ctor,
734 1950 1081 2020 gubernator,
1125 1946 1406 2027 ordinatur
1447 1955 1502 2002 et
1539 1948 1906 2018 dispensator,
1966 1962 2127 2003 servo

537 2058 636 2099 suo
691 2042 848 2121 beato
904 2040 1003 2104 .lob
1054 2042 1195 2096 inter
1244 2050 1443 2096 caetera
1497 2041 1661 2095 etiam
1716 2043 1781 2096 de
1817 2037 2127 2121 hujusmodi

536 2118 891 2213 rebus'dicat.
957 2135 1170 2209 Etenim
1212 2150 1335 2189 cum
1384 2134 1648 2201 diabolus,
1686 2135 1937 2190 inventor
1973 2118 2123 2213 mali,

534 2230 788 2301 princeps
825 2208 1063 2313 eicaput
1097 2227 1339 2281 omnium
1370 2226 1658 2292 malorum,
1701 2208 1987 2307 accusator
2018 2225 2129 2281 fra-

534 2326 700 2387 trum,
758 2324 1069 2375 accusasset
1112 2318 1328 2397 beatum
1362 2316 1463 2371 Job
1487 2319 1628 2395 apud
1679 2319 1991 2397 Dominum,
2045 2319 2127 2393 di-

533 2426 664 2467 cens
718 2410 859 2483 quod
889 2426 994 2489 non
1026 2394 1535 2475 recta'intentione,
1559 2411 1609 2464 id
1643 2419 1745 2487 est,
1772 2396 1779 2401 ’
1807 2411 1906 2466 soli
1934 2394 2128 2483 ei'plae

532 2503 710 2571 pendi,
763 2511 817 2573 et
852 2502 967 2569 solo
993 2517 1058 2556 eo
1096 2501 1308 2583 fruendi
1341 2501 1417 2556 illi
1469 2502 1717 2577 serviret,
1772 2503 1867 2558 sed
1888 2519 1986 2583 pro
2013 2512 2124 2559 ter-

532 2610 787 2667 renarum
832 2610 1014 2648 rerum
1046 2578 1493 2665 multiplicatione
1522 2610 1587 2648 ac
1618 2578 1970 2661 defensione;
2028 2611 2125 2650 ex-

529 2687 881 2769 petiissetque
917 2700 1042 2751 eum
1070 2670 1407 2761 tentandum,
1436 2696 1706 2775 quatenus
1748 2690 2005 2767 teniando
2047 2690 2124 2745 ita

529 2794 720 2849 verum
780 2793 899 2851 esse
944 2777 1291 2853 ostenderet;
1352 2780 1651 2850 improbus,
1711 2781 1994 2850 superbus,
2070 2789 2126 2836 et

527 2870 902 2941 stultissimus,
950 2869 1107 2959 quasi
1133 2878 1368 2939 mentem
1400 2870 1501 2947 viri
1545 2871 1640 2925 Dei
1690 2872 1889 2939 melius
1934 2878 2121 2953 nosset

528 2977 693 3035 quam
735 2950 985 3033 conditor
1006 2962 1162 3041 ejus;
1200 2962 1460 3037 Dominus
1494 2961 1909 3057 quoqucjustus
1934 2950 2119 3033 et'mi-l

527 3057 783 3131 sericors,
809 3054 993 3141 justus
1037 3058 1106 3129 ad
1126 3054 1565 3133 confundendum
1616 3058 1909 3140 diabolum,
1956 3060 2119 3117 mise-

2228 1842 2366 1897 mine
2388 1841 2445 1895 in
2471 1840 2696 1905 deserto,
2728 1839 2815 1895 ubi
2866 1838 3045 1903 nullus
3074 1839 3377 1907 mortalium
3408 1852 3781 1913 commoratur
3803 1844 3830 1900 2

2226 1944 2284 1988 ut
2319 1932 2553 2004 impleret
2581 1932 2776 1991 inviam
2826 1940 2871 1987 et
2894 1930 3201 1997 desolatam,
3253 1942 3301 1999 et
3340 1934 3654 2005 produceret
3696 1935 3827 2011 [ξεῖ-τ

2228 2023 2333 2078 bas
2371 2022 2632 2078 virentes?
2681 2021 2813 2088 Quis
2861 2030 2935 2083 est
2965 2021 3158 2090 pluvia:
3213 2024 3401 2093 pater?
3457 2023 3536 2087 uel
3574 2024 3694 2101 quis
3736 2041 3830 2103 ge:

2227 2118 2343 2172 nuit
2387 2115 2556 2171 stillas
2611 2116 2788 2171 roris?
2831 2114 2911 2179 Re
2944 2119 3098 2197 cuius
3127 2125 3277 2175 utero
3345 2133 3551 2187 egressa
3594 2127 3669 2191 est
3699 2117 3824 2193 gla-

2226 2210 2343 2263 eis?
2376 2217 2425 2263 et
2453 2207 2571 2279 gelu
2605 2208 2670 2261 de
2706 2208 2832 2263 ewlo
2870 2209 2988 2279 quis
3040 2209 3259 2279 genuit?
3306 2207 3373 2262 In
3417 2208 3828 2275 similitudinem

2227 2300 2421 2371 lapidis
2442 2316 2594 2371 aqua:
2619 2299 2901 2365 durantur,
2939 2309 2988 2355 et
3010 2300 3314 2371 superﬁcies
3356 2299 3531 2370 abyssi
3554 2302 3822 2373 constrin-

2226 2392 2369 2462 gitur.
2424 2390 2546 2463 (Job
2592 2406 2822 2457 xxxvul,
2853 2390 2887 2447 4
2920 2391 3074 2463 seq.).

2300 2481 2438 2551 XIV.
2479 2482 2622 2541 Ecce
2646 2482 2812 2553 igitur
2856 2497 3024 2552 opera
3070 2482 3165 2545 Dei
3192 2497 3408 2555 magna,
3463 2499 3698 2556 quorum
3719 2500 3816 2557 τῃ.

2225 2575 2432 2635 tionem
2476 2590 2577 2632 nec
2605 2576 2718 2647 ipse
2762 2577 2955 2641 beatus
3008 2573 3109 2633 Job
3160 2585 3274 2645 tam
3318 2577 3645 2647 sublimiter,
3707 2587 3827 2647 tam

2226 2667 2499 2727 subtiliter
2540 2677 2701 2727 antea
2729 2676 2945 2740 poterat
2964 2668 3243 2735 admirari.
3292 2668 3352 2737 Si
3388 2670 3652 2743 Dominus
3699 2672 3826 2739 the-

2226 2774 2422 2816 sauros
2466 2760 2633 2823 habet
2656 2760 2957 2831 grandinis,
3003 2769 3059 2819 et
3099 2760 3246 2829 solus
3274 2776 3370 2831 eos
3405 2752 3621 2834 aspicit,
3682 2778 3827 2837 quos

2224 2851 2420 2921 beatus
2454 2848 2556 2908 Joh
2582 2854 2813 2913 necdum
2862 2860 3171 2924 aspexerat,
3203 2854 3297 2919 ubi
3333 2869 3426 2925 eos
3477 2855 3820 2925 inreuerunt

2224 2942 2317 3000 isti
2350 2943 2726 3014 Tempestarii,
2780 2961 2918 3016 quos
2940 2946 3136 3013 beatus
3182 2944 3285 3013 Joh
3320 2961 3431 3015 non
3472 2946 3700 3017 invenit,
3729 2962 3828 3007 ne-

2225 3052 2333 3108 que
2359 3038 2603 3095 invenire
2644 3054 2954 3109 possumus,
2991 3040 3087 3111 sed
3116 3054 3292 3110 neque
3316 3039 3589 3108 aestimate
3611 3040 3710 3107 libi
3737 3040 3826 3097 in-

526 3124 699 3213 ricors
744 3124 826 3215 ad
846 3124 1192 3231 exaltandum
1221 3124 1435 3211 fidelem
1464 3124 1737 3231 'Ifaniulum
1780 3124 1955 3231 suum,
1989 3170 2121 3212 con-
2227 3130 2549 3231 νθηίεηίυξῗ
2598 3130 2860 3231 θίξωίξιυέ
2905 3132 3209 3231 ξηιειζτοεειι
3254 3132 3502 3231 fidelem
3527 3132 3819 3231 limitum.

523 3244 689 3303 cessit
713 3242 790 3301 illi
835 3252 1184 3321 potestatem,
1213 3245 1451 3319 primum
1475 3246 1692 3333 quidem
1728 3247 1782 3327 in
1809 3248 1974 3321 rebus
1996 3264 2117 3303 om-

523 3338 704 3407 nibus,
736 3338 931 3413 deinde
973 3353 1103 3411 vero
1157 3338 1212 3407 in
1266 3337 1411 3417 ﬁliis,
1460 3345 1582 3419 post
1620 3339 1787 3413 etiam
1828 3340 1885 3413 in
1938 3340 2115 3397 salute

526 3426 795 3501 corporis,
846 3442 909 3501 ac
936 3426 1192 3505 deinceps
1238 3426 1290 3499 in
1330 3428 1582 3491 suasione
1608 3428 1875 3501 conjugis,
1906 3440 2119 3507 postre-

526 3532 619 3585 mo
643 3524 824 3595 autem
852 3518 904 3597 in
927 3518 1344 3599 exprobratione
1371 3527 1426 3577 et
1448 3519 1745 3599 multifaria
1771 3512 2119 3599 despectione

523 3606 875 3683 famulorum.
923 3607 1028 3681 ξεί]
1055 3607 1300 3664 diabolus
1348 3609 1522 3665 victus
1561 3619 1615 3665 et
1641 3611 1899 3668 confusus
1942 3628 2121 3669 reces-

520 3696 634 3761 sit;
684 3712 873 3754 servus
898 3696 1111 3773 Domini
1169 3698 1342 3765 victor
1378 3707 1433 3755 et
1484 3701 1825 3773 triumphans
1855 3705 2115 3759 excrevit.

524 3785 728 3845 Volens
768 3789 934 3863 igitur
958 3790 1077 3860 pius
1105 3791 1367 3865 Dominus
1400 3793 1697 3869 secundum
1721 3796 1865 3865 quod
1890 3794 2120 3866 Aposto-

522 3880 609 3959 lus
645 3883 777 3953 dicit
801 3884 868 3945 de
892 3899 951 3947 se
985 3884 1126 3957 ipso,
1180 3901 1248 3959 ne
1287 3887 1598 3959 magnitudo
1647 3905 1770 3944 eum
1829 3889 2118 3961 revelatio-

525 3990 659 4041 num
707 3975 1012 4043 extolleret,
1067 3977 1141 4039 ita
1190 3986 1245 4033 et
1286 3970 1458 4047 illum,
1513 3996 1582 4055 ne
1606 3983 1919 4053 magnitudo
1948 3985 2118 4042 victo-

525 4067 625 4124 ria:
675 4068 880 4123 elatum
914 4070 1184 4137 redderet,
1238 4070 1548 4139 humiliore,
1589 4090 1696 4128 non
1724 4062 1999 4144 ablatione
2022 4092 2109 4147 re-

522 4174 647 4217 rum
696 4174 833 4229 quas
878 4161 1211 4230 perdiderat,
1275 4179 1384 4227 non
1435 4168 1787 4241 percussione
1840 4171 2109 4241 corporis,

518 4267 617 4341 per
659 4268 823 4331 quam
845 4252 960 4324 jam
1042 4255 1181 4323 sicut
1229 4259 1519 4329 aurumin
1572 4261 1787 4315 camino
1830 4264 2117 4318 examina-

520 4351 610 4417 tus
663 4354 818 4421 erat,
857 4360 965 4417 non
1017 4348 1420 4425 comparatione
1467 4348 1694 4423 alicujus
1741 4353 1924 4425 magni
1986 4354 2113 4421 viri,

521 4440 647 4509 quia
699 4439 890 4513 similis
934 4439 986 4494 ei
1036 4454 1199 4511 super
1238 4447 1443 4515 terram
1490 4442 1671 4509 nullus
1724 4452 1865 4510 erat,
1916 4445 2113 4517 quippe

2222 3231 2406 3280 utrum
2432 3224 2572 3280 sciat
2589 3223 2712 3294 quis
2739 3222 2951 3283 dederit
2976 3225 3453 3289 vehementissimo
3486 3225 3651 3293 imbri
3695 3241 3825 3283 cur-

2222 3334 2363 3386 sum,
2425 3329 2480 3376 et
2505 3320 2653 3376 viam
2679 3321 2924 3376 sonantis
2954 3320 3198 3377 tonitrui.
3254 3320 3351 3384 Isti
3401 3328 3583 3381 autem
3626 3326 3824 3387 contra

2221 3428 2361 3483 quos
2418 3428 2605 3469 sermo
2661 3420 2767 3479 est,
2818 3413 3116 3469 ostendunt
3162 3412 3319 3475 nobis
3368 3410 3732 3483 homunculus
3788 3427 3823 3471 ει

2221 3508 2536 3574 sanctitate,
2563 3506 2797 3577 iustitia,
2824 3515 2881 3562 et
2908 3505 3176 3579 sapientia
3200 3505 3425 3570 alienos.
3458 3521 3490 3567 a
3514 3505 3620 3570 ﬁde
3647 3515 3825 3571 etve-

2221 3599 2386 3655 ritate
2434 3599 2628 3665 nudos,
2678 3598 2911 3655 odihiles
2960 3598 3127 3655 etiam
3188 3596 3476 3668 proximis,
3520 3610 3553 3655 a
3618 3597 3822 3667 quibus

2222 3692 2411 3748 dicant
2436 3690 2943 3747 vehementissimus
2979 3691 3205 3756 imbres,
3244 3691 3493 3749 sonantia
3530 3705 3686 3761 aquae
3733 3700 3821 3749 to.

2222 3785 2426 3851 nitrua,
2474 3793 2531 3840 et
2556 3785 2828 3840 levatitias
2874 3797 3037 3851 auras
3063 3799 3223 3855 posse
3250 3784 3390 3840 ﬂeri.
3437 3785 3701 3844 Dominus
3724 3784 3813 3843 di-

2221 3877 2300 3933 cit
2342 3892 2399 3932 se
2426 3877 2542 3932 haec
2597 3890 2935 3948 praeparasse
2979 3877 3035 3931 in
3097 3884 3309 3946 tempus
3352 3876 3543 3941 hostis,
3601 3877 3658 3937 id
3704 3887 3815 3945 est,

2222 3970 2292 4025 ad
2343 3970 2656 4025 vindictam.
2707 3970 2801 4025 Isti
2840 3970 3058 4026 eosdem
3094 3970 3242 4041 ipsos
3279 3970 3464 4027 hostes
3500 3977 3665 4041 atque
3712 3970 3815 4028 ad-

2221 4065 2493 4119 versarios
2530 4064 2802 4134 aequitatis
2825 4064 2902 4137 (in
2947 4064 3147 4134 quibus
3172 4079 3336 4134 quam
3367 4064 3624 4130 maxime,
3684 4075 3813 4135 post

2222 4171 2315 4211 eos
2342 4156 2435 4225 qui
2466 4156 2729 4212 terminos
2758 4154 3112 4221 transferunt,
3156 4154 3409 4209 auferunt
3454 4170 3558 4226 pro
3586 4155 3817 4225 pignore

2218 4245 2414 4301 bovem
2462 4246 2669 4313 viduas,
2742 4247 2977 4301 lacertos
3032 4245 3358 4317 pupillorum
3411 4245 3813 4310 comminuunt,

2218 4337 2395 4394 nudos
2421 4338 2701 4393 dimittunt
2727 4339 2977 4395 homines
3012 4336 3208 4408 quibus
3253 4351 3363 4391 non
3403 4343 3489 4392 est
3509 4336 3817 4409 interimen-
3846 4347 3861 4359 '

2222 4436 2357 4495 tum,
2418 4443 2617 4499 egenos
2665 4429 2903 4483 educunt
2930 4427 2999 4483 de
3025 4427 3277 4483 domibus
3321 4441 3533 4491 eorum,
3558 4426 3815 4493 homines

521 4505 614 4605 qui
644 4505 785 4591 inter
834 4533 1083 4605 homines
1100 4505 1443 4605 ’Qrientales'
1471 4505 1699 4607 magnus
1733 4505 1900 4603 esset,
1933 4505 2109 4609 ⁸ρειιξιξῑι
2138 4505 2193 4593 ἶ)
2217 4506 2569 4586 contristant,
2602 4520 2987 4576 vindicandum
3011 4519 3115 4591 est)
3157 4519 3343 4574 dicunt
3389 4533 3582 4576 eorum
3606 4518 3813 4577 habere

519 4636 704 4683 tamen
727 4643 849 4682 eum
878 4626 1168 4682 humiliare
1192 4627 1565 4694 vehementer,
1597 4629 1901 4684 sublimiter
1927 4639 2109 4684 osten-

521 4720 696 4791 dendo
750 4719 828 4795 illi
867 4719 1287 4795 immensitatem
1334 4720 1587 4790 potentirc
1640 4736 1792 4787 suae,
1840 4728 1901 4775 ut
1937 4720 2109 4776 fidelis

522 4811 757 4885 [auidius
784 4812 1158 4885 cognoscendo
1207 4812 1598 4892 inmstimabilis
1631 4820 1792 4882 atque
1822 4813 2110 4883 incircum-

522 4903 711 4978 scripti
742 4904 1040 4977 conditoris
1084 4902 1378 4961 inelfabilia
1421 4904 1716 4979 magnalia,
1758 4904 2104 4974 semetipsum

523 4996 841 5066 despiceret,
904 5002 959 5051 et
992 4988 1665 5067 despiciendoinelinaret,
1697 4995 1857 5049 sicuti
1905 5005 1959 5051 et
2021 4998 2106 5075 fa-

521 5097 668 5159 ctum
692 5096 796 5144 est.
833 5085 968 5145 Nam
1002 5089 1106 5147 hoc
1140 5090 1193 5151 in
1229 5091 1409 5146 verbis
1458 5090 1574 5160 ejus
1625 5098 1872 5165 apparet.
1909 5091 2105 5161 quibus

521 5183 598 5252 ait
627 5197 640 5234 :
673 5177 882 5239 Idcirco
905 5179 1012 5251 ipse
1040 5197 1120 5249 me
1157 5178 1498 5252 reprehendo,
1531 5188 1578 5233 et
1617 5196 1715 5251 ago
1745 5181 2104 5250 paenitentiam

520 5274 578 5331 in
607 5270 788 5342 favilla
808 5270 859 5327 et
883 5272 1055 5327 cinere
1081 5270 1203 5344 (Job
1251 5286 1385 5333 xui,
1417 5269 1493 5336 6).
1525 5270 1678 5341 Quod
1717 5271 1822 5325 alia
1877 5272 2110 5343 transla-

521 5365 596 5422 tio
645 5366 885 5435 apertius
905 5363 1169 5439 declarat,
1197 5363 1382 5417 dicens
1415 5380 1428 5416 :
1461 5361 1684 5434 Despexi
1728 5364 2104 5436 memetipsum,

521 5466 572 5515 et
596 5458 845 5523 distabui,
878 5466 926 5517 et
960 5456 1215 5529 mstintavi
1241 5472 1321 5510 me
1338 5465 1533 5511 terram
1569 5468 1617 5535 et
1638 5459 1884 5512 cinerem.
1914 5457 1970 5514 In
2005 5458 2111 5514 hac

524 5566 655 5623 ergo
718 5552 1115 5627 humiliationc,
1168 5565 1291 5621 cum
1336 5552 1681 5625 omnipotens
1728 5552 1873 5629 Deus
1928 5552 2114 5609 scisci-

530 5651 737 5711 taretur
785 5643 998 5707 fidelem
1024 5640 1307 5709 famulum,
1337 5652 1516 5703 utrum
1543 5644 1642 5699 ista
1690 5654 1784 5723 aut
1820 5645 1910 5723 illa
1938 5643 2116 5703 facere

522 5742 709 5811 possei
751 5742 846 5799 aut
869 5740 1054 5807 nosset
1077 5732 1200 5821 quis
1225 5732 1437 5817 fecerit,
1467 5743 1560 5801 aut
1601 5720 1705 5817 ubi
1723 5745 1871 5819 esset
1886 5720 2116 5821 quando

2214 4620 2560 4685 potestatem,
2613 4626 2733 4682 quae
2779 4612 3043 4667 Dominus
3095 4612 3165 4667 ad
3214 4611 3510 4667 vindictam
3568 4612 3812 4673 hostium

2215 4719 2439 4759 suorum
2463 4702 2806 4773 praeparavit.
2830 4702 3092 4757 Dominus
3113 4717 3173 4758 se
3198 4703 3328 4760 dicit
3353 4702 3551 4779 pluvia:
3565 4710 3802 4773 patrum.

2215 4803 2271 4851 et
2296 4794 2417 4866 gelu
2461 4795 2526 4849 de
2562 4792 2707 4848 caelo
2760 4808 2820 4848 se
2868 4807 3159 4865 generasse
3201 4793 3509 4857 conﬁrmat.
3553 4794 3649 4857 Isti
3698 4794 3809 4848 mi-

2214 4885 2476 4942 serrimos
2514 4883 2795 4943 hominum
2830 4883 3016 4941 dicunt
3065 4882 3267 4943 habere
3304 4898 3559 4963 magnam
3601 4882 3813 4953 portio-

2213 4991 2339 5032 nem
2391 4974 2550 5045 hujus
2599 4974 3036 5045 dispensationis.
3086 4972 3242 5041 Quod
3282 4974 3339 5037 in
3390 4972 3809 5045 similitudinem

2209 5065 2406 5138 lapidis
2454 5081 2606 5136 aqum
2648 5066 2933 5132 durantur,
2981 5064 3241 5125 Dominus
3288 5064 3445 5133 nobis
3495 5063 3807 5143 mirandum

2208 5159 2481 5229 proponit.
2534 5157 2650 5213 Hoc
2674 5158 2721 5213 si
2743 5158 2811 5213 ad
2856 5157 3074 5216 libitum
3122 5156 3556 5223 miserrimorum
3607 5155 3806 5225 horum

2208 5242 2491 5309 hominum
2522 5253 2812 5324 aliquando
2844 5251 2962 5309 ﬁeri
2985 5261 3189 5324 posset,
3236 5251 3427 5324 procul
3481 5251 3646 5315 dubia
3701 5250 3808 5311 mi-

2210 5345 2442 5401 randum
2470 5361 2577 5401 non
2603 5353 2769 5400 esset.

2216 5461 2221 5481 ί
2286 5455 2404 5511 XV.
2443 5453 2569 5511 Haec
2612 5453 2842 5510 stultitia
2876 5463 2960 5509 est
3001 5452 3182 5526 portio
3226 5468 3336 5509 non
3362 5453 3587 5515 minima
3613 5451 3809 5512 intide-

2214 5547 2417 5614 litatis;
2470 5560 2526 5603 et
2570 5549 2626 5603 in
2658 5557 2869 5604 tantum
2898 5547 3102 5605 malum
3128 5547 3273 5603 istud
3299 5547 3415 5618 jam
3459 5545 3715 5613 adolevit,
3742 5553 3806 5603 ut

2215 5642 2272 5698 in
2315 5642 2588 5729 plerisque
2619 5641 2751 5696 locis
2807 5640 2918 5695 sint
2956 5640 3206 5698 homines
3254 5639 3569 5707 miserrimi,
3608 5638 3702 5709 qui
3729 5638 3806 5694 di-

2217 5728 2343 5792 cant
2383 5750 2443 5791 se
2463 5750 2569 5790 non
2619 5735 2871 5807 equidem
2899 5750 3060 5793 nosse
3089 5735 3386 5794 immittam
3421 5742 3797 5809 tempestates.
