4088 6344
221 322 333 377 m
512 280 520 287 ’
806 293 811 298 ’
1261 322 1391 391 us.
1429 322 1520 399 tu:
1557 321 1912 405 GRANDINE
1950 326 2039 397 ET
2077 327 2469 413 manuus.
3399 341 3503 415 tu

218 440 325 497 sed
385 454 549 499 nosse
578 449 763 501 tamen
807 439 1094 509 defendere
1141 456 1171 495 a
1199 448 1518 512 tempestate
1550 439 1817 496 habitato-
1841 443 1897 521 Α
1919 445 2165 522 quaedam
2196 446 2444 512 stultitia,
2474 425 2598 503 cum
2624 446 2769 507 esset
2793 452 3097 509 mortalitas
3118 455 3304 523 boum,
3335 466 3397 513 ut
3423 460 3500 517 di-

220 550 318 591 res
356 534 484 590 loci.
536 534 632 590 His
672 534 874 589 habent
920 540 1185 589 statutum
1229 540 1493 603 quantum
1533 535 1600 589 de
1648 532 1817 615 frugi-
1920 542 2107 589 cerent
2135 535 2164 576 δ
2191 534 2524 594 Grimaldum
2561 541 2757 597 ducem
2786 543 3213 603 Beneventorum
3244 553 3499 609 transmi-

217 626 329 681 bus
356 626 474 680 suis
504 627 724 693 donent,
751 633 806 680 et
832 637 856 665 α
890 625 1160 696 appellant
1180 626 1284 681 hoc
1305 627 1643 685 canonicum.
1662 616 1818 685 Multi
1920 625 2062 707 sisse
2096 626 2341 697 homines
2365 648 2488 687 cum
2512 633 2847 703 pulveribus,
2888 652 3023 707 quos
3061 654 3379 712 spargerent
3400 660 3499 715 per

216 732 356 771 vero
380 724 510 771 sunt
556 717 648 786 qui
700 725 892 787 sponte
941 718 1315 799 sacerdotibus
1369 718 1637 799 decimam
1674 735 1815 774 nun-

216 826 388 881 quam
412 808 651 874 'donant,
698 810 876 865 viduis
914 818 970 866 et
1006 812 1264 881 orphanis
1296 798 1632 884 icteterisque
1675 813 1815 868 indi-

216 901 478 972 gentibus
534 901 904 974 eleemosynas
939 917 1046 956 non
1073 903 1336 969 tribuunt,
1400 919 1519 974 quae
1561 905 1667 959 illis
1710 904 1816 960 fre-

216 1003 454 1065 quenter
485 995 871 1069 praedicantur,
932 996 1123 1057 crebro
1168 995 1443 1067 leguntur,
1488 997 1712 1059 subinde
1745 998 1811 1069 ad

214 1086 340 1142 haec
374 1084 754 1153 exhortantur,
811 1094 867 1157 et
913 1101 1019 1149 non
1060 1088 1431 1158 acquiescunt.
1480 1086 1810 1145 Canonicum

212 1188 403 1247 autem
435 1195 598 1249 quem
648 1179 852 1248 dicunt,
886 1180 999 1237 suis
1033 1180 1409 1238 defensoribus
1442 1181 1491 1255 (a
1524 1183 1720 1253 quibus
1746 1199 1804 1240 se

213 1272 441 1328 defendi
493 1272 721 1339 credunt
767 1288 799 1337 a
855 1273 1196 1347 tempestate)
1256 1274 1402 1337 nullo
1459 1277 1804 1346 praedicante,

211 1367 365 1422 nullo
419 1367 769 1435 admonente,
828 1368 912 1423 vel
952 1369 1294 1436 exhortante,
1344 1381 1535 1440 sponte
1599 1372 1809 1441 persol-

209 1469 371 1525 vunt,
424 1460 640 1515 diabolo
664 1461 955 1523 inliciente.
990 1462 1232 1532 Denique
1259 1464 1311 1518 in
1343 1464 1538 1530 talibus
1560 1478 1623 1519 ex
1654 1473 1809 1536 parte

207 1573 470 1629 magnam
531 1574 680 1629 spem
731 1559 931 1613 habent
984 1559 1108 1614 vit'e
1143 1574 1274 1622 sum,
1323 1559 1479 1628 quasi
1536 1574 1635 1627 per
1689 1560 1807 1615 illos

205 1650 426 1704 vivant.
467 1648 581 1705 Hoc
627 1665 735 1705 non
764 1658 849 1709 est
884 1650 1081 1721 portio,
1132 1651 1229 1705 sed
1258 1649 1370 1704 fere
1400 1650 1681 1729 plenitudo
1718 1652 1802 1715 in-

206 1741 520 1809 ﬁdelitatis,
560 1751 615 1797 et
668 1743 716 1805 si
771 1741 1056 1814 diligenter
1106 1742 1545 1810 consideramus,
1602 1745 1806 1816 absque

1917 732 2159 788 campos,
2190 730 2246 776 et
2273 732 2507 790 montes,
2537 734 2716 795 prata,
2759 735 2814 782 et
2838 727 3039 797 fontes,
3075 746 3141 786 eo
3188 736 3332 804 quod
3355 745 3502 793 esset

1919 821 1943 851 ο
1975 808 2715 875 ἰιιῖιιιίοιιςϐιινίειίειηίςείωσ
2736 820 3049 891 imperatori
3077 824 3290 892 Carolo,
3342 837 3397 883 et
3434 830 3503 886 de

1915 903 2034 973 ipso
2054 920 2248 973 Sparso
2276 908 2496 977 pulvere
2524 913 2662 966 mori
2693 910 2858 968 boves
2892 933 2904 967 :
2935 924 3157 987 propter
3179 934 3342 988 quam
3369 936 3497 976 cau-

1915 1009 2033 1067 sam
2073 996 2272 1077 multos
2312 1003 2734 1073 comprehensos
2778 1005 3113 1085 audivimus,
3141 1017 3198 1085 et
3237 1011 3494 1085 vidimus,

1914 1097 1969 1144 et
1995 1089 2207 1161 aliquos
2232 1093 2460 1160 occisos,
2492 1096 2780 1169 plerosque
2800 1108 2978 1155 autem
3006 1100 3195 1175 afﬁxos
3218 1104 3415 1183 tabulis
3444 1089 3499 1183 ip

1912 1179 2111 1238 ﬂumen
2162 1182 2467 1255 projectos,
2497 1196 2658 1258 atque
2696 1200 2936 1247 necatos.
2971 1192 3064 1259 Et,
3111 1176 3259 1273 quod
3284 1174 3500 1253 inirem

1912 1274 2069 1345 valde
2098 1284 2220 1345 est,
2253 1280 2668 1348 comprehensi,
2715 1280 2815 1354 ipsi
2846 1274 3221 1357 adversum‘se
3250 1290 3501 1367 dicebant

1912 1368 2283 1437 testimonium
2304 1412 2317 1435 ,
2351 1371 2551 1427 habere
2582 1389 2641 1429 se
2670 1375 2835 1441 talem
2856 1376 3133 1448 pulverem
3152 1420 3168 1447 ,
3197 1388 3251 1436 et
3279 1368 3499 1456 sparge-

1911 1474 1991 1513 re.
2034 1459 2112 1529 lta
2146 1477 2384 1532 namque
2420 1463 2664 1529 diabolus
2685 1507 2698 1531 ,
2726 1468 2939 1537 occulto
2978 1479 3033 1529 ct
3055 1471 3203 1541 justo
3232 1471 3329 1528 Dei
3352 1470 3500 1547 judi-

1910 1554 2017 1620 cio,
2040 1564 2262 1626 accepta
2290 1555 2341 1609 in
2376 1556 2493 1623 illos
2516 1566 2814 1627 potestate,
2867 1568 3077 1628 tantum
3100 1563 3179 1619 eis
3206 1565 3500 1623 succedere
3562 1600 3567 1605 -

1909 1644 2141 1710 valebat,
2166 1654 2225 1701 ut
2248 1632 2346 1717 ipsi
2375 1647 2473 1701 sibi
2504 1656 2686 1703 essent
2707 1658 2873 1706 testes
2898 1649 3117 1709 fallaces
3137 1656 3205 1710 ad
3225 1664 3493 1725 mortem;
3560 1654 3570 1662 ’

1910 1748 1966 1799 et
1993 1755 2165 1813 neque
2195 1740 2495 1812 disciplina,
2535 1759 2711 1814 neque
2742 1752 2972 1813 tortura,
3002 1764 3176 1819 neque
3208 1749 3321 1823 ipsa
3347 1765 3498 1807 mors

204 1836 471 1907 ambiguo
510 1836 982 1906 pronuntiahimus
1032 1836 1087 1892 id
1135 1836 1521 1908 plenitudinem
1563 1853 1683 1893 esse
1721 1815 1806 1893 in-
1834 1815 1880 1875 Β
1907 1830 2221 1887 deterrebat
2248 1830 2402 1893 lilOS.
2435 1840 2493 1889 ut
2522 1834 2809 1903 adversum
2850 1815 3170 1910 semetipsos
3196 1815 3388 1897 falsum
3416 1843 3496 1898 di—

205 1928 510 1985 ﬁdelitatis.
582 1928 717 1989 Tres
763 1945 998 2000 namque
1048 1930 1278 1987 virtutes
1310 1938 1451 1995 sunt,
1503 1932 1802 1987 secundum

207 2020 529 2092 Scripturas
559 2021 794 2089 divinas,
842 2023 898 2079 in
928 2024 1123 2093 quibus
1154 2032 1299 2079 totus
1321 2025 1800 2095 comprehenditur

201 2115 406 2181 cultus,
444 2130 544 2186 per
590 2132 727 2186 quas
762 2117 959 2177 colitur
992 2118 1154 2184 Deus,
1207 2118 1261 2177 id
1310 2126 1427 2183 est,
1472 2117 1628 2186 ﬁdes,
1654 2134 1800 2190 spes,

201 2208 473 2265 charitas.
507 2208 825 2279 Quicunque
852 2210 1017 2281 igitur
1038 2211 1198 2271 ﬁdem
1224 2220 1280 2267 et
1304 2226 1454 2281 spem
1490 2226 1644 2267 suam
1679 2229 1803 2284 par-

202 2300 340 2357 titus
368 2299 552 2363 fuerit,
587 2310 646 2357 ut
671 2317 740 2357 ex
767 2310 923 2371 parte
973 2303 1164 2361 credat
1191 2303 1245 2361 in
1298 2304 1489 2369 Deum,
1548 2319 1614 2359 ex
1645 2312 1801 2375 parte

202 2395 394 2450 credat
420 2393 702 2451 hominum
742 2408 863 2448 esse
918 2407 1038 2462 qum
1087 2391 1185 2457 Dei
1234 2403 1380 2461 sunt,
1433 2402 1489 2449 et
1524 2410 1592 2449 ex
1644 2402 1799 2465 parte

202 2493 387 2555 speret
438 2486 495 2541 in
520 2487 653 2551 Deo,
700 2501 768 2545 ex
801 2493 958 2555 parte
998 2494 1178 2549 autem
1227 2495 1410 2557 speret
1447 2488 1503 2547 in
1552 2489 1794 2556 homine,

199 2577 365 2647 huius
408 2576 657 2649 profecto
710 2577 872 2637 ﬁdem
911 2584 967 2633 et
1006 2593 1159 2647 spem
1222 2578 1453 2636 divisam
1502 2595 1613 2635 non
1655 2581 1800 2639 acci-

199 2670 280 2741 pit
327 2668 504 2735 Deus;
557 2684 625 2725 ac
648 2683 746 2739 per
773 2668 876 2729 hoc
915 2669 1060 2725 inter
1086 2669 1271 2729 ﬁdeles
1310 2672 1523 2737 censeri
1551 2666 1679 2726 ‘non
1705 2688 1798 2743 p0-

200 2768 346 2827 test;
387 2769 446 2817 et
486 2776 651 2832 quem
688 2762 888 2833 partita
934 2762 1070 2819 ﬁdes
1102 2771 1158 2818 et
1187 2779 1311 2834 spes
1348 2780 1379 2819 a
1408 2781 1637 2825 numero
1668 2766 1798 2822 ﬁde-

200 2856 337 2913 lium
362 2858 640 2922 'secernit,
666 2873 870 2929 vorago
895 2857 1084 2930 procul
1129 2858 1293 2917 dubio
1330 2858 1667 2917 inﬁdelitatis
1708 2862 1799 2917 ab-

92 2980 102 2988 -
201 2951 426 3016 sorbet;
473 2951 777 3021 meritoque
832 2950 958 3008 talis
1012 2951 1358 3009 maledictum
1391 2952 1524 3009 illud
1565 2953 1796 3013 incurrit

198 3042 484 3112 prophetae
512 3042 742 3100 dicentis
770 3057 786 3097 :
817 3041 1132 3099 Maledicta:
1165 3045 1319 3100 homo
1362 3048 1453 3117 qui
1475 3063 1617 3117 spem
1642 3063 1794 3102 suam

197 3134 345 3204 ponit
373 3134 432 3189 in
450 3134 678 3189 homine.
723 3133 908 3205 Neque
928 3150 1058 3191 vero
1089 3135 1398 3193 blandiatur
1424 3137 1530 3196 sibi
1562 3138 1789 3197 dicens:

1904 1938 2028 1983 cere
2058 1939 2167 1985 non
2201 1926 2481 1993 auderent.
2515 1925 2628 1982 Hoc
2656 1927 2730 1982 ita
2756 1927 2825 1982 ab
2852 1930 3101 1985 omnibus
3126 1932 3451 1989 credebatur
3473 1974 3489 2001 ,

1903 2025 1966 2075 ut
2000 2032 2136 2100 pene
2163 2018 2319 2088 pauci
2365 2027 2549 2075 essent
2577 2020 2772 2091 quibus
2817 2022 3262 2099 absurdissimum
3283 2026 3496 2082 videre-

1902 2116 2009 2173 tur.
2057 2108 2167 2179 Nec
2192 2110 2589 2166 rationabiliter
2622 2114 2928 2182 pensabant
2971 2113 3115 2175 unde
3156 2114 3273 2171 ﬁeri
3308 2125 3495 2189 posset

1900 2200 2025 2255 talis
2050 2200 2245 2272 pulvis,
2283 2202 2350 2257 de
2386 2218 2492 2272 quo
2526 2203 2626 2259 soli
2652 2204 2818 2261 boves
2848 2214 3210 2275 morerentur,
3250 2200 3357 2264 non
3389 2224 3493 2266 cte-

1901 2301 2019 2361 tera
2057 2295 2312 2365 animalia
2344 2313 2357 2351 :
2388 2305 2481 2353 aut
2517 2298 2784 2367 quomodo
2805 2300 3012 2369 portari
3039 2284 3223 2387 posset
3245 2317 3347 2373 per
3378 2309 3490 2361 tam

1899 2384 2192 2455 latissimas
2234 2389 2501 2460 regiones,
2537 2405 2672 2465 quas
2709 2384 3128 2475 superspargere
3175 2393 3492 2465 pulveribus

1898 2478 2147 2535 homines
2175 2495 2281 2537 non
2313 2490 2574 2553 possunt,
2606 2499 2709 2541 nec
2750 2485 2796 2541 si
2826 2484 3192 2555 Beneventani
3212 2487 3317 2561 viri
3337 2495 3393 2544 et
3411 2484 3492 2541 fe-

1897 2571 2079 2636 minae,
2120 2586 2276 2626 senes
2304 2582 2360 2627 et
2383 2571 2613 2641 juvenes
2635 2615 2650 2639 ,
2680 2591 2801 2633 cum
2850 2576 3020 2647 ternis
3051 2578 3224 2641 carris
3273 2577 3499 2647 pulvere,

1898 2665 2182 2723 carricatis
2226 2666 2432 2737 egressi
2473 2667 2539 2722 de
2589 2668 2810 2740 regione
2854 2668 3105 2723 fuissent.
3156 2668 3327 2737 Tanta
3376 2668 3489 2740 jam

1898 2757 2124 2829 stultitia
2170 2759 2442 2829 oppressit
2491 2760 2749 2827 miserum
2774 2760 3070 2835 mundum,
3109 2768 3171 2831 ut
3213 2774 3358 2835 nunc
3410 2758 3490 2816 sic

1898 2850 2132 2919 absurde
2162 2866 2251 2905 res
2296 2851 2592 2923 credantur
2622 2866 2653 2906 a
2702 2849 3061 2921 Christianis,
3112 2850 3300 2925 quales
3352 2867 3488 2923 nun-

1898 2959 2063 3014 quam
2091 2953 2248 3013 antea
2299 2944 2366 2999 ad
2406 2944 2737 3001 credendum
2766 2952 2980 3017 poterat
3025 2945 3312 3021 quisquam
3362 2959 3488 3025 sua-

1898 3034 2027 3101 dere
2053 3037 2280 3107 paganis
2304 3046 2604 3092 creatorem
2636 3036 2879 3093 omnium
2909 3036 3304 3111 ignorantibus.
3333 3035 3488 3111 Hanc

1856 3129 1865 3201 ξ
1897 3129 2083 3201 itaque
2110 3144 2225 3184 rem
2260 3138 2549 3201 propterea
2587 3129 2654 3185 ad
2695 3129 2934 3185 medium
2960 3129 3322 3201 deduximus,
3361 3128 3488 3199 quia

198 3190 374 3297 .Magis
395 3242 556 3297 spero
582 3227 639 3281 in
668 3228 780 3282 Deo
806 3190 973 3297 quam
1008 3190 1076 3282 in
1111 3190 1795 3299 hominesqu‘ia‘spas'
1821 3190 1867 3253 θ
1897 3190 2026 3275 huic
2058 3221 2202 3275 unde
2250 3190 2524 3292 loquimur
2569 3219 2762 3276 similis
2793 3228 2909 3287 est,
2948 3229 3003 3276 et
3051 3190 3153 3277 veli
3176 3190 3488 3292 exempl-um

198 3324 391 3389 partes
418 3317 587 3373 dividi
608 3335 714 3375 non
741 3327 940 3389 potest.
973 3317 1081 3375 Aut
1106 3320 1252 3376 enim
1274 3328 1383 3375 tota
1403 3320 1528 3388 erit,
1564 3330 1620 3379 et
1644 3330 1792 3390 tuta;

196 3418 303 3466 aut
357 3411 540 3469 intuta
589 3411 710 3476 erit,
756 3421 813 3468 et
850 3413 1017 3468 nulla.

271 3500 419 3558 XVI.
469 3502 610 3559 Ante
657 3505 759 3561 hos
818 3522 1023 3577 paucos
1076 3522 1250 3564 annos
1301 3508 1657 3566 disseminata
1710 3520 1798 3568 est

1897 3321 2113 3385 poterat
2152 3313 2392 3381 tribuere
2421 3316 2488 3371 de
2530 3313 2677 3373 inani
2706 3313 3024 3391 seductione
3048 3323 3105 3387 et
3136 3329 3268 3381 vera
3292 3329 3487 3391 sensus

1898 3412 2277 3469 diminutione.

1566 3620 1838 3680 BALUZII
1874 3621 2111 3679 ΝΟΤΑς.

267 3737 295 3766 α
327 3725 610 3807 ρρρειιαῃι
637 3730 734 3783 hoc
764 3731 1097 3807 canonicum,
1137 3730 1395 3807 nimirum
1429 3747 1547 3787 eam
1576 3734 1789 3807 frugum

194 3797 524 3869 portionem,
570 3800 691 3870 Quae
720 3804 1088 3871 tempestariis
1126 3804 1464 3858 tribuebatur
1508 3797 1787 3862 annuatim

198 3883 230 3921 a
256 3872 687 3938 possessoribus,
720 3881 781 3927 ut
805 3876 873 3927 ab
899 3875 1043 3945 agris
1074 3890 1263 3929 eorum
1296 3876 1627 3946 depellerent
1653 3886 1789 3933 tem—

194 3948 460 4009 pestates.

269 4009 298 4049 ιι
348 4007 680 4089 Grinlaldum
725 4014 908 4071 ducem
966 4015 1397 4089 Benercnlorum.
1446 4016 1562 4071 Duo
1600 4034 1697 4089 per
1723 4036 1785 4074 ea

195 4087 443 4149 tempora
467 4082 971 4164 Benevenl’anorun}
994 4089 1156 4141 duces
1188 4087 1359 4152 fuere,
1394 4082 1786 4164 (Ilioruui'utrif

195 4166 305 4223 que
354 4153 688 4229 nomenAAfuit
723 4154 1019 4229 Crimaldo,
1070 4168 1127 4212 et
1177 4153 1426 4228 quorum
1453 4160 1591 4213 alter
1622 4153 1785 4229 'alteri

198 4225 485 4278 successit.
532 4224 841 4287 Chronicon
870 4230 1041 4287 sancti
1076 4224 1345 4291 Vincentii
1383 4232 1448 4285 de
1480 4231 1740 4289 Vulturno
1769 4251 1780 4286 :

203 4311 226 4345 α
275 4293 538 4350 Defuncto
565 4297 762 4373 dehinc
786 4298 1002 4373 Arichis
1022 4302 1162 4373 apud
1194 4300 1578 4373 Beneventum,
1617 4303 1786 4359 Bene-

194 4373 557 4420 ventanorum
601 4369 848 4439 precibus
874 4369 1219 4443 Grimoaldus
1250 4390 1279 4425 ιι
1311 4371 1504 4427 Carolo
1534 4384 1784 4443 receptus

194 4446 509 4511 revocatur,
540 4446 613 4493 et‘
636 4449 923 4511 paternum
952 4442 1067 4511 ipse
1100 4444 1339 4511 suscepit
1376 4444 1647 4497 ducatum.
1679 4446 1784 4499 Iste

194 4506 564 4604 Amﬂul‘tardonaJ
581 4506 825 4592 ecclesiis
870 4521 924 4604 ot
968 4506 1312 4604 monasteriis
1359 4529 1638 4604 scrinium
1685 4515 1781 4604 Dei
1807 4543 1861 4604 D

193 4577 444 4653 contulit,
469 4581 566 4636 sed
582 4582 848 4653 praecipue
870 4584 1173 4639 beatissimi
1198 4584 1485 4639 Vincentii.
1511 4583 1782 4640 Grimoal-

192 4647 262 4719 do
303 4664 437 4703 vero
483 4647 668 4707 nostro
704 4647 953 4719 mortuo,
997 4655 1133 4708 alter
1182 4653 1524 4709 Grimoaldus
1568 4656 1783 4711 exadel-

190 4718 333 4789 phus
374 4719 746 4798 ei_succe_dit;
796 4733 852 4798 et
893 4718 994 4798 hoc
1026 4727 1335 4788 decedente,
1368 4725 1494 4782 Sico
1518 4727 1781 4798 subroga-

191 4798 300 4867 ἕως.
330 4810 381 4867 ἰ
434 4790 512 4867 De
567 4794 750 4867 priore
804 4796 1207 4866 intelligendum
1260 4806 1390 4867 puto
1427 4798 1570 4866 quod
1620 4790 1781 4853 travdit

190 4859 537 4931 Eginhardus
562 4859 630 4919 ad
665 4881 865 4927 annum
892 4859 1004 4927 802'
1027 4887 1039 4921 :
1079 4886 1097 4933 ε
1135 4859 1477 4923 Crimoaldus
1510 4869 1781 4925 Beneven-

190 4935 584 5010 tanoEuurdux
610 4976 625 4999 ,
658 4936 831 5010 inquit
856 4938 953 5010 ,in
990 4937 1219 5003 Nuceria
1252 4934 1578 5010 Winigisum
1609 4940 1780 5010 comi-

189 5008 300 5080 tem
331 5000 543 5080 S_po_leti
570 5046 584 5070 ,
618 5000 994 5080 quiq-praesidio
1023 5000 1285 5080 praeerat,
1315 5000 1541 5064 advversa
1569 5008 1775 5064 valetu-

187 5072 314 5127 dine
352 5072 652 5151 fatigatum'
680 5072 921 5151 obsedit,
967 5072 1038 5135 et'
1070 5081 1123 5135 in
1172 5081 1501 5135 deditionem
1549 5082 1779 5151 accepit,

186 5153 519 5221 captumque
542 5147 853 5221 honoriﬁce
881 5150 1120 5205 habuit.»
1148 5151 1351 5205 Eadem
1378 5165 1592 5221 quoque
1620 5147 1783 5207 habet

188 5227 382 5269 auctor
407 5218 701 5272 Annalium
732 5218 787 5274 S.
828 5220 1052 5276 Bertini.
1093 5221 1369 5277 Posterior
1395 5218 1581 5276 autem
1614 5223 1782 5277 inter-

188 5285 363 5363 fectus
410 5296 495 5342 est
535 5305 678 5363 anno
722 5292 849 5356 8I8,
900 5301 959 5346 ut
999 5292 1161 5347 habet
1194 5293 1333 5347 idem
1376 5292 1718 5363 Eginhardus
1763 5312 1774 5347 :

193 5358 851 5433 t_l4_nperat0r,iinquit,
910 5380 1033 5419 cum
1095 5358 1467 5418 llaristalliufu
1512 5364 1773 5430 venisset,

187 5429 373 5508 obvios
386 5430 591 5508 habuit
615 5429 817 5505 legatos
842 5433 1056 5508 Sigonis
1073 5436 1224 5491 ducis
1248 5429 1774 5508 Beneventanorum,

187 5500 324 5555 dona
366 5499 713 5571 deferentes',
756 5499 986 5575 eumq'ue
1016 5506 1082 5565 de
1113 5522 1244 5562 nece
1282 5505 1577 5567 Grimoaldi
1624 5499 1803 5561 ducis-

187 5576 555 5633 anteoessoris
599 5577 682 5632 sui
718 5584 1060 5637 excusantes.
1112 5597 1131 5630 ι
1167 5578 1290 5634 Vita
1330 5577 1587 5643 Ludovici
1626 5576 1709 5633 Pii
1756 5593 1772 5631 :

1904 3756 1923 3788 ι
1962 3734 2264 3806 Imperator
2303 3747 2407 3806 per
2439 3731 2914 3806 Rothomagum‘et
2942 3731 3479 3806 Ambianum‘urbgm

1898 3803 2265 3863 recto'itinere
2293 3803 2353 3859 se
2384 3803 2815 3875 Aquisgrani'ad
2842 3804 3066 3864 hiberna
3103 3804 3350 3865 contulit.
3381 3805 3482 3861 Cui

1895 3878 2221 3952 revertenti,
2254 3883 2313 3952 et
2336 3875 2703 3952 Heristallium
2734 3875 2993 3952 palatium
3010 3876 3265 3952 intranti,
3293 3891 3483 3933 occur-

1894 3964 2019 4005 rere
2048 3949 2202 4003 missi
2251 3945 2467 4018 Sigonis
2506 3945 2873 4018 Beneventani
2903 3945 3088 4011 ducis,
3138 3946 3277 4015 dona
3318 3961 3479 4018 quam

1896 4020 2133 4076 maxima
2179 4015 2515 4081 defer‘entes,
2558 4016 2836 4083 dominum
2876 4031 3031 4070 suum
3076 4031 3104 4069 a
3144 4022 3317 4070 morte
3344 4015 3482 4071 'Gri-

1896 4088 2097 4146 moaldi
2136 4088 2553 4160 prredecessoris
2588 4085 2669 4142 sui
2696 4094 3010 4160 purgantes.
3058 4106 3076 4139 ι
3120 4086 3207 4160 De,
3227 4095 3349 4143 utro
3387 4104 3483 4142 au-

1887 4171 1993 4217 tem
2040 4157 2235 4216 horum
2281 4160 2544 4227 capienda
2582 4160 2650 4212 sit
2696 4157 2922 4212 historia
2964 4173 3126 4227 quam
3157 4159 3247 4214 hic
3289 4168 3479 4217 narrat

1882 4232 2200 4305 Agohardus
2220 4273 2234 4296 ,
2272 4228 2691 4305 afﬁrmarehon
2716 4230 2861 4305 licet.
2892 4228 3124 4305 Facilius
3150 4237 3334 4305 tamen
3363 4246 3477 4305 cre-

1881 4298 2108 4361 di'lerim
2136 4304 2248 4357 haec
2273 4298 2324 4371 in
2350 4301 2883 4375 vulgusjactatasub
2909 4298 3085 4375 priore
3140 4298 3472 4375 Grimoaldo.

1883 4375 2011 4433 Πειξο
2045 4375 2187 4443 enim
2228 4366 2347 4428 acta
2376 4364 2476 4427 sub
2504 4364 2697 4443 Garolo
2735 4364 2957 4443 Magno.
2991 4364 3341 4427 Successerat
3383 4364 3477 4443 au-
3578 4418 3581 4429 λ

1883 4454 1991 4501 tem
2035 4440 2269 4515 Arigi'so,
2317 4444 2409 4515 qui
2450 4459 2598 4515 anno
2624 4440 2725 4499 787
2775 4440 3022 4497 mortuus
3068 4451 3174 4509 est,
3215 4449 3277 4496 ut
3309 4440 3476 4495 tradit

1886 4513 2227 4589 Eginhardus
2252 4513 2646 4589 ingAnnalibus,
2682 4530 2753 4589 ac
2760 4521 2891 4589 post
2914 4529 3041 4577 eum
3071 4514 3181 4589 alii.

1957 4576 1978 4627 ἒ
2024 4587 2280 4647 Ιηίιηὶειιδ
2306 4587 2432 4655 imp.
2469 4576 2683 4657 quolo.
2733 4576 2872 4657 Hinc
2913 4576 3280 4657 patellibrum
3310 4582 3471 4657 istum

1884 4659 2054 4714 fuisse
2076 4659 2334 4728 scriptum
2358 4653 2410 4710 in
2432 4654 2584 4710 initio
2606 4657 2814 4728 imperii
2839 4653 3097 4728 Ludovici
3126 4653 3244 4728 Pii,_
3258 4653 3473 4728 (litando

1886 4746 2077 4786 recens
2117 4722 2237 4783 erat
2276 4727 2538 4783 memoria
2575 4722 2701 4782 belli
2738 4728 2879 4796 quod
2917 4727 3176 4783 adversus
3205 4722 3474 4779 Grimoal-

1883 4802 2011 4856 dum
2040 4801 2548 4858 Beneventanorum
2588 4799 2778 4857 ducem
2821 4797 3051 4858 feliciter
3082 4803 3292 4865 gestum
3329 4804 3415 4855 est
3442 4810 3473 4850 a

1882 4872 2077 4931 Carolo
2124 4871 2337 4943 Magno.
2389 4869 2731 4943 Eginhardus
2768 4870 2835 4943 ad
2864 4882 3063 4943 annum
3105 4865 3255 4929 812:
3294 4885 3312 4918 ι
3355 4866 3473 4943 Pax

1880 4958 2006 5021 cum
2025 4936 2247 4998 Almbai
2268 4956 2394 5021 rege
2416 4936 2842 5021 garracenonim
2860 4936 3022 5021 facta.
3034 4936 3171 5019 item
3195 4954 3315 5020 cum
3337 4938 3473 5021 duce

1881 5008 2385 5069 Beneventanoruin
2410 5011 2753 5075 Grimoaldo;
2778 5008 2837 5064 et
2864 5008 3293 5080 lributi'nomine
3318 5009 3473 5080 quin-

1882 5100 1988 5155 que
2022 5094 2077 5147 et
2107 5085 2296 5156 viginti
2331 5082 2496 5137 millia
2531 5080 2823 5136 solidorum
2864 5080 2981 5156 auri
3009 5096 3038 5132 a
3067 5079 3470 5156 Beneventanis

1879 5149 2074 5212 soluta.
2125 5149 2589 5225 i'Quameacem
2630 5160 2818 5225 postea
2873 5149 3466 5225 lirmavit‘Ludovicus

1878 5227 2039 5293 Pius,
2083 5237 2142 5281 ut
2173 5222 2330 5281 docet
2364 5222 2706 5295 Eginhardus
2735 5223 2803 5295 ad
2844 5224 3046 5276 annum
3086 5222 3190 5283 8M
3222 5241 3233 5277 :
3269 5239 3287 5273 ι
3334 5222 3466 5277 Cum

1878 5297 2189 5354 Grimoaldo
2214 5293 2718 5353 Beneventanorum
2743 5293 2876 5348 duce
2906 5305 3122 5364 pactpm
3146 5295 3277 5350 fecit
3305 5302 3468 5364 atque

1876 5350 2250 5433 (illaili'v‘ufeb
2270 5350 2462 5432 'V‘modo
2486 5380 2593 5435 quo
2636 5372 2690 5420 et
2719 5372 2874 5434 pater
2894 5350 2925 5430 ξ
2957 5350 3165 5435 scilicet
3198 5375 3259 5420 ut
3294 5350 3467 5419 Bene-

1882 5441 2103 5496 ventani
2142 5432 2407 5507 tributum
2442 5432 2599 5501 annis
2628 5432 2855 5507 singulis
2899 5437 2929 5490 7
2970 5432 3139 5492 ἥιίιιίει
3171 5436 3466 5495 solidorum

1885 5514 2096 5571 darent.
2137 5531 2158 5566 ι
2224 5518 2229 5519 ⁷
