4088 6344
564 349 672 408 150

1531 339 1598 396 S.
1629 334 1978 395 AGOBARDI
2014 330 2327 389 EPISCOPI
2362 325 2849 386 LUGDUNENSIS

3714 323 3826 380 160

563 470 3824 522 ____________________.________.________.

1837 578 2136 665 ITEM
2193 575 2546 662 LIBER

1311 775 1634 840 CONTRA
1680 767 2216 832 OBJECTIONES
2261 764 2662 828 FREDIGISI
2716 761 3076 824 ABBATIS.

635 1021 678 1078 l.
717 1012 1176 1076 Reverentissimo
1217 1024 1282 1064 ac
1316 1007 1632 1063 beatissimo
1662 1005 1881 1060 domino
1911 1013 1965 1060 et
2007 1004 2148 1074 patri

2260 1005 2459 1059 minum
2493 1013 2739 1059 nostrum
2769 1003 2950 1058 Jesum
2975 1001 3253 1058 Christum
3292 1001 3500 1058 caeteris
3524 1002 3844 1061 hominibus

568 1112 904 1181 IFredegiso
925 1106 1125 1163 abbati.
1144 1103 1353 1158 Dudum
1382 1099 1658 1154 modestiae
1683 1106 1876 1152 vestrae
1905 1096 2149 1166 benigni-

568 1213 654 1261 tas
683 1203 973 1268 adversum
1008 1210 1125 1259 nos,
1158 1191 1394 1262 peccatis
1419 1189 1619 1244 nostris
1639 1186 1997 1258 exigentibus,
2027 1201 2148 1240 mo-

569 1303 644 1360 ta,
679 1293 877 1348 talibus
918 1303 1018 1343 nos
1045 1283 1438 1341 invectionibus
1466 1280 1717 1351 perculit,
1763 1295 1882 1348 quae
1910 1277 2150 1332 lenitatis

567 1399 633 1439 ac
670 1379 998 1437 sinceritatis
1035 1382 1230 1430 vestra:
1262 1372 1481 1427 modum
1510 1370 1772 1424 excedere
1795 1369 2111 1422 viderentur
2132 1409 2146 1434 ,

567 1476 674 1532 nisi
702 1476 756 1530 in
792 1469 1098 1527 refellendis
1121 1467 1278 1522 nobis
1300 1464 1395 1518 tali
1428 1463 1812 1533 redargutione
1837 1461 2149 1527 uteremini,

566 1584 688 1639 quae
714 1566 897 1622 verbis
921 1571 1127 1618 tantum
1157 1577 1188 1614 a
1210 1557 1364 1613 vobis
1397 1555 1750 1627 proferretur,
1780 1555 1942 1608 corde
1971 1562 2151 1608 tamen

567 1677 674 1717 non
704 1659 1114 1730 approbaretur.
1150 1652 1286 1707 Nam
1317 1650 1363 1706 si
1393 1650 1480 1703 illa
1510 1649 1692 1702 omnia
1717 1664 1836 1717 quae
1867 1648 2154 1702 adversum

567 1769 666 1808 nos
692 1749 1016 1820 protulistis,
1045 1754 1100 1800 et
1127 1761 1195 1799 ex
1218 1750 1373 1813 parte
1396 1741 1647 1803 finxistis,
1675 1740 1747 1792 ita
1766 1755 1795 1792 a
1824 1739 1977 1791 vobis
1994 1751 2154 1792 sensa

569 1851 756 1900 essent
804 1848 861 1894 ut
908 1839 1116 1910 prolata
1145 1845 1314 1900 sunt,
1364 1849 1473 1889 non
1511 1832 1684 1887 solum
1715 1831 2034 1884 modestiam
2064 1845 2156 1883 ve-

573 1941 744 1988 stram
777 1926 1322 1999 transgrcderemini,
1358 1940 1544 1979 verum
1583 1923 1744 1977 etiam
1769 1923 2058 1975 veritatem
2082 1919 2157 1975 of-

577 2025 892 2081 fenderetis.
927 2024 992 2076 Et
1022 2021 1244 2084 idcirco,
1269 2017 1663 2087 sapientissime
1689 2015 1789 2078 vir,
1827 2015 1872 2068 si
1907 2014 2158 2084 dignatur

570 2118 858 2172 admittere
893 2113 1209 2184 magnitudo
1250 2119 1428 2164 vestra
1458 2149 1473 2175 ,
1521 2109 1744 2161 nitimur
1792 2123 1890 2160 nos
1918 2122 2017 2176 per
2060 2107 2158 2160 has

566 2209 835 2264 litterulas
860 2220 1091 2277 purgare
1119 2205 1186 2258 ab
1211 2202 1313 2257 illis
1343 2202 1690 2264 criminibus,
1721 2215 1840 2270 quae
1867 2200 2156 2254 adversum

568 2315 668 2354 nos
700 2299 756 2354 in
788 2297 987 2352 vestris
1020 2294 1216 2349 litteris
1251 2300 1474 2347 exarata
1499 2291 1819 2361 reperimus.
1856 2288 2152 2344 Recordari

2250 1098 2615 1167 permiscere;
2648 1113 2747 1152 nec
2771 1113 2867 1151 vos
2897 1095 3162 1151 debuistis
3182 1111 3280 1166 pro
3307 1111 3373 1151 eo
3403 1097 3547 1166 quod
3576 1095 3843 1153 Dominus

2250 1188 2406 1244 Jesus
2434 1189 2684 1244 Christus
2730 1189 2940 1258 abjecta
2972 1189 3038 1244 dc
3084 1203 3142 1243 se
3184 1204 3292 1243 non
3317 1171 3505 1253 sensit,
3542 1197 3597 1242 et
3621 1204 3845 1244 errasse

2253 1295 2311 1334 se
2340 1295 2613 1350 nunquam
2652 1282 2939 1352 cognovit,
2970 1289 3198 1335 caeteros
3227 1279 3478 1334 [nomines
3520 1279 3588 1333 ab
3615 1279 3845 1334 humili-

2254 1383 2363 1428 tate
2414 1375 2735 1445 abjectionis
2785 1375 2990 1444 peccati
3037 1373 3383 1429 confessione
3437 1370 3731 1426 defendere
3788 1373 3847 1427 iu

2256 1473 2489 1532 tantum,
2538 1474 2598 1520 ut
2629 1482 2696 1521 ex
2735 1467 2838 1520 hoc
2867 1465 3100 1534 probare
3127 1461 3334 1528 velitis,
3371 1465 3511 1517 sicut
3556 1462 3608 1516 in
3640 1463 3850 1516 vestris

2255 1566 2479 1627 apparet
2538 1559 2734 1612 litteris
2772 1599 2785 1623 ,
2845 1557 3052 1611 nullum
3101 1571 3230 1611 vere
3284 1554 3569 1609 humilium
3627 1553 3848 1622 abjeeta

2257 1651 2322 1705 de
2348 1666 2405 1704 se
2434 1651 2654 1716 sentire,
2680 1649 2884 1704 nullum
2911 1664 2967 1702 se
3002 1656 3344 1718 peccatorem
3366 1645 3523 1700 fateri
3552 1645 3774 1700 debere.

2327 1742 2414 1796 lll.
2455 1741 2657 1810 Nempe
2683 1783 2698 1806 ,
2746 1756 2780 1796 o
2815 1740 3144 1794 venerabilis
3176 1737 3453 1809 magister,
3502 1737 3734 1806 putabat
3788 1752 3852 1792 ac

2257 1841 2410 1903 putat
2439 1841 2622 1886 nostra
2654 1832 2967 1901 insipientia
3005 1832 3134 1900 quia
3181 1846 3304 1886 cum
3348 1831 3414 1883 de
3444 1828 3642 1882 talibus
3684 1829 3852 1884 rebus

2257 1924 2497 1994 loquitur
2526 1924 2708 1988 homo,
2741 1939 2848 1977 non
2877 1923 3038 1977 debet
3066 1921 3354 1975 Dominum
3385 1929 3631 1974 nostrum
3661 1919 3850 1974 Jesum

2259 2013 2538 2069 Christum
2585 2014 2800 2068 caeteris
2839 2027 3135 2083 aggregare
3186 2009 3496 2065 hominibus
3539 2024 3553 2062 :
3591 2009 3720 2079 quia
3748 2011 3852 2064 hu-

2260 2106 2500 2160 manitas
2535 2120 2655 2174 quae
2690 2122 2720 2159 a
2752 2104 2933 2160 Verbo
2956 2112 3236 2174 assumpta
3259 2110 3371 2166 est,
3404 2117 3716 2172 quanquam
3748 2103 3853 2156 ha-

2259 2196 2384 2251 beat
2439 2206 2690 2250 naturam
2741 2204 3050 2249 nostrorum
3083 2188 3391 2264 corporum
3417 2235 3432 2259 ,
3494 2209 3601 2247 non
3669 2201 3854 2248 tamen

2262 2288 2424 2342 habet
2459 2287 2744 2356 originem.
2784 2286 2894 2341 Nos
2920 2287 3064 2341 enim
3105 2285 3344 2340 humano
3370 2286 3577 2339 semine
3604 2285 3838 2355 coagula

568 2388 863 2459 dignamini
887 2387 1186 2441 litterarum
1209 2392 1536 2447 vestrarum,
1565 2397 1699 2451 quas
1723 2391 1851 2436 tunc
1873 2382 2160 2436 adversum
2188 2373 2235 2432 B
2264 2397 2416 2446 mur,
2449 2380 2537 2456 ille
2566 2383 2632 2435 de
2657 2381 2861 2450 Spiritu
2897 2389 3082 2436 sancto
3104 2389 3264 2435 natus
3286 2389 3371 2434 est
3395 2397 3409 2434 ε
3436 2381 3526 2450 qui
3555 2381 3658 2434 etsi
3691 2381 3856 2435 homo

568 2495 670 2536 nos
715 2479 1009 2534 novissime
1053 2477 1308 2540 dedistis;
1361 2484 1415 2529 et
1461 2474 1770 2544 cognoscite
1809 2482 2000 2528 contra
2039 2487 2160 2543 qua:

569 2570 796 2623 crimina
825 2582 972 2622 nunc
1002 2566 1333 2636 respondere
1357 2580 1632 2620 curamus.

638 2657 701 2712 ll.
730 2657 1037 2728 Seripsistis
1061 2657 1225 2728 igitur
1261 2657 1316 2710 in
1346 2655 1663 2726 praefatione
1692 2656 1934 2711 dicentes
1976 2674 1988 2709 :
2036 2673 2055 2707 ‹
2101 2656 2158 2713 Si

573 2749 641 2802 ad
668 2749 849 2803 omnia
885 2763 1006 2817 quae
1043 2747 1097 2801 in
1123 2755 1318 2802 vestrae
1359 2747 1660 2802 dilectionis
1687 2748 1934 2802 chartula
1959 2749 2160 2817 scripta

567 2838 892 2908 reperimus,
920 2836 1354 2907 respondendum
1381 2838 1768 2907 iudicaremus,
1805 2855 1912 2892 non
1942 2847 2158 2894 tantum

568 2929 832 2984 chartula:
855 2972 869 2995 ,
897 2945 1088 2985 verum
1119 2930 1426 3000 prolixioris
1468 2930 1592 2984 libri
1635 2930 1855 2985 modum
1897 2933 2162 2987 excedere

570 3018 902 3075 videremur.
962 3019 1068 3075 Sed
1122 3021 1246 3091 quia
1296 3023 1598 3092 compendii
1651 3038 1838 3088 causa,
1885 3038 2055 3092 pauca
2093 3039 2160 3079 ex

569 3112 820 3184 plurimis
864 3112 1173 3168 summatim
1222 3114 1488 3184 attingere
1535 3114 1711 3169 libuit.
1772 3135 1790 3166 ι
1835 3115 1914 3169 Ex
1965 3116 2161 3186 quibus

571 3204 754 3260 verbis
788 3205 985 3259 vestris
1015 3213 1240 3275 apparet
1268 3206 1446 3260 omnia
1479 3223 1575 3260 vos
1605 3206 1692 3260 illa
1741 3206 2169 3275 reprehendisse

569 3313 689 3369 qua:
731 3298 784 3352 in
825 3306 1011 3353 nostra
1054 3299 1302 3354 chartula
1339 3300 1542 3370 scripta
1575 3302 1872 3371 repet-istis.
1929 3287 2035 3356 Sed
2064 3302 2159 3372 qui

569 3391 753 3446 omnia
776 3392 1190 3459 reprehenditis,
1214 3393 1346 3446 nihil
1377 3392 1640 3458 laudatis;
1666 3402 1859 3448 cuncta
1887 3393 2155 3460 refellitis,

570 3481 705 3536 nihil
739 3481 1006 3551 recipitis;
1043 3497 1204 3551 quam
1223 3483 1369 3552 juste
1401 3483 1503 3538 hoc
1524 3482 1754 3548 faciatis,
1783 3499 1850 3538 ex
1889 3485 2009 3538 istis
2035 3501 2159 3555 per-

570 3571 791 3644 pendite
836 3589 956 3642 quae
985 3575 1290 3644 compendii
1327 3589 1491 3629 causa
1526 3575 1837 3629 summatim
1879 3576 2156 3644 attigistis.

571 3663 706 3732 Quia
745 3665 790 3720 si
835 3665 938 3720 ista
969 3673 1078 3720 tam
1109 3665 1307 3733 injuste
1340 3665 1792 3734 reprehendistis,
1845 3675 2048 3736 quanto
2080 3668 2162 3720 in-

2267 2471 2443 2526 factus
2464 2480 2548 2525 est
2570 2480 2790 2541 propter
2811 2480 3053 2526 nostram
3078 2471 3327 2536 salutem,
3353 2471 3496 2525 Deus
3522 2479 3704 2524 tamen
3733 2483 3857 2527 esse

2265 2580 2373 2619 non
2403 2564 2588 2628 desiit;
2643 2564 2736 2634 qui
2779 2563 2906 2619 licet
2940 2565 3099 2618 homo
3138 2579 3305 2618 verus
3344 2563 3432 2626 sit,
3477 2577 3638 2617 verus
3670 2571 3859 2617 tamen

2265 2667 2318 2714 et
2344 2674 2484 2712 unus
2521 2667 2604 2713 est
2630 2657 2774 2712 Deus
2815 2673 2938 2712 cum
2980 2657 3141 2711 Patre
3184 2664 3241 2710 et
3269 2654 3472 2725 Spiritu
3514 2663 3726 2710 saneto.
3762 2654 3858 2709 Illa

2263 2765 2501 2819 namque
2527 2749 2829 2814 humilitas,
2859 2764 2966 2819 qua
2997 2748 3260 2804 Dominus
3290 2755 3476 2802 noster
3507 2745 3666 2801 Jcsus
3695 2744 3860 2800 Chri-

2263 2851 2402 2906 stus,
2455 2837 2660 2894 cumin
2711 2840 2883 2894 forma
2914 2840 3008 2893 Dei
3061 2839 3238 2893 Patris
3287 2846 3450 2904 esset,
3495 2839 3856 2907 semetipsum

2263 2931 2565 2987 exinanivit
2591 2940 2649 2986 ut
2671 2930 2900 2986 formam
2931 2932 3075 2984 servi
3103 2931 3401 2999 acciperet,
3437 2928 3717 2983 inclinatio
3750 2928 3857 2984 fuit

2262 3021 2666 3087 miserationis,
2719 3038 2828 3077 non
2881 3022 3166 3077 evacuatio
3216 3021 3540 3090 potestatis;
3599 3021 3695 3090 qui
3751 3021 3859 3076 etsi

2263 3115 2472 3186 abjecta
2498 3115 2769 3185 passionis
2788 3114 3029 3185 pertulit,
3065 3122 3246 3168 tamen
3276 3113 3384 3168 Deo
3407 3111 3556 3166 Patri
3583 3111 3855 3181 aequalem

2219 3201 2230 3220 '
2263 3221 2322 3260 se
2341 3220 2460 3261 esse
2497 3206 2748 3260 innotuit.
2783 3204 3032 3274 {Equalis
3057 3205 3279 3259 omnino
3305 3213 3387 3257 est
3420 3202 3590 3266 Patri,
3620 3216 3728 3257 non
3761 3203 3860 3258 mi-

2263 3314 2365 3353 nor
2387 3307 2473 3353 est
2496 3298 2688 3369 gloria,
2737 3314 2844 3352 non
2881 3297 3152 3366 posterior
3181 3305 3446 3366 tempore,
3489 3311 3595 3350 non
3627 3295 3858 3351 inferior

2262 3396 2531 3458 potestate
2577 3408 2590 3442 :
2630 3389 2722 3458 qui
2761 3396 3048 3458 propterea
3092 3386 3268 3443 factus
3307 3395 3392 3442 est
3421 3389 3605 3452 homo,
3635 3403 3746 3442 non
3798 3393 3860 3442 ut

2263 3488 2494 3544 erraret,
2524 3478 2620 3536 sed
2665 3488 2724 3534 ut
2763 3480 3050 3534 erraticam
3092 3495 3246 3534 ovem
3297 3479 3569 3534 inventam
3609 3480 3858 3534 humeris

2264 3574 2377 3628 suis
2414 3580 2669 3643 gestaret,
2717 3580 2771 3627 et
2799 3575 2868 3626 ad
2888 3572 3108 3627 domum
3137 3572 3372 3627 caelestis
3412 3571 3629 3642 patrim,
3663 3569 3730 3625 ad
3755 3586 3856 3641 pa-

2266 3674 2476 3719 ternam
2503 3663 2711 3719 scilicet
2736 3663 3000 3718 visionem
3031 3664 3369 3733 perduceret.
3410 3663 3477 3716 Et
3508 3662 3711 3716 idcirco
3739 3677 3853 3716 non

570 3757 763 3827 iustius
807 3756 898 3810 illa
939 3772 1058 3827 quae
1099 3756 1430 3826 reliquistis?
1466 3756 1534 3809 Et
1567 3755 1805 3826 primum
1849 3757 2066 3827 quidem
2096 3758 2162 3812 de
2191 3737 2236 3800 (ἶ
2269 3769 2353 3814 est
2374 3774 2730 3828 consequens,
2760 3758 2868 3813 imo
2895 3757 3047 3812 valde
3078 3758 3336 3827 injustum
3361 3764 3466 3821 est,
3495 3765 3554 3810 ut
3580 3770 3703 3810 cum
3730 3757 3857 3826 quis

569 3848 655 3902 bis
675 3862 796 3918 quae
814 3847 966 3903 vobis
987 3847 1254 3918 attingere
1277 3846 1455 3913 libuit,
1479 3847 1756 3902 assumitis
1779 3848 2162 3919 refragandam

572 3945 814 3993 nostram
843 3938 1192 4003 sententiam,
1218 3953 1325 4008 qua
1353 3938 1588 3992 diximus
1628 3956 1640 3991 :
1682 3955 1700 3988 ‹
1737 3937 1838 4003 Qui
1861 3939 2006 3992 enim
2035 3953 2164 3994 vere

569 4029 792 4082 humilis
819 4038 925 4093 est,
963 4031 1175 4100 abjecta
1221 4031 1288 4084 de
1311 4046 1368 4084 se
1399 4031 1596 4095 sentit;
1631 4037 1686 4084 et
1723 4030 1812 4098 qui
1843 4027 2048 4097 abjecta
2095 4029 2162 4083 de

573 4133 632 4173 se
663 4116 847 4182 sentit,
875 4133 1088 4173 errasse
1108 4134 1166 4173 se
1187 4133 1293 4173 non
1315 4118 1543 4172 dubitat.
1584 4139 1602 4168 ι
1630 4118 1801 4183 Quam
1831 4119 2160 4174 sententiam

574 4218 632 4264 ut
675 4224 860 4264 veram
908 4224 1013 4263 non
1059 4225 1180 4264 esse
1215 4212 1501 4266 ostendere
1538 4213 1866 4277 videamini,
1920 4215 2162 4284 probatis

572 4302 860 4357 Dominum
901 4299 1085 4356 Jesum
1113 4300 1388 4356 Christum
1426 4318 1554 4357 vere
1582 4304 1842 4358 humilem
1875 4303 2075 4372 fuisse,
2105 4316 2163 4363 et

572 4395 753 4448 dicitis
802 4413 813 4447 :
870 4413 888 4445 ‹
931 4393 1068 4461 Quia
1111 4410 1240 4450 vere
1277 4396 1495 4451 humilis
1539 4405 1660 4452 erat
1705 4400 2002 4454 secundum
2036 4416 2157 4467 nos,

571 4485 779 4553 abiecta
812 4488 879 4543 de
917 4503 976 4544 se
1015 4489 1197 4554 sentit,
1225 4498 1280 4544 et
1305 4505 1519 4546 errasse
1562 4507 1620 4547 se
1663 4507 1767 4547 non
1803 4493 2089 4548 dubitavit.
2131 4513 2150 4546 ι

577 4575 730 4645 Quod
761 4594 924 4648 quam
969 4580 1301 4637 calumniose
1349 4599 1379 4636 a
1402 4583 1554 4638 vobis
1584 4584 1788 4639 dictum
1817 4585 1909 4649 sit,
1939 4601 2156 4654 quaesu-

572 4683 695 4724 mus
725 4671 1019 4742 dignamini
1041 4675 1395 4744 perpendere.
1423 4675 1555 4741 Quis
1577 4677 1720 4730 enim
1747 4676 1982 4732 fidelium
2009 4679 2185 4748 igno—I

576 4769 663 4815 rat
707 4765 830 4833 quia
867 4780 968 4820 nec
1015 4781 1114 4822 nos
1161 4767 1421 4821 debemus
1455 4784 1713 4838 unquam,
1765 4785 1886 4824 cum
1919 4771 1987 4826 de
2018 4771 2160 4839 abje-

572 4851 770 4908 ctionis
819 4855 1124 4912 humilitate
1163 4867 1218 4913 et
1255 4859 1458 4928 peccati
1486 4859 1826 4917 confessione
1861 4862 2154 4933 loquimur,
2185 4860 2188 4864 ’

2269 3865 2329 3905 ea
2362 3864 2483 3919 quae
2514 3849 2793 3902 hominum
2814 3859 2938 3902 sunt
2967 3862 3094 3902 vere
3124 3847 3382 3916 loquitur,
3413 3846 3552 3900 alter
3571 3845 3855 3900 Dominica

2269 3940 2672 4010 comparatione
2694 3946 2936 3993 evacuet.
2967 3937 3165 3991 lterum
3190 3947 3352 4007 atque
3374 3937 3568 3990 iterum
3598 3920 3853 4002 dicimus,

2269 4031 2726 4104 quia'pervicacis
2769 4028 3006 4085 hominis
3046 4037 3127 4082 cst
3151 4027 3430 4082 Dominico
3472 4026 3720 4097 exemplo
3751 4027 3857 4081 im-

2266 4139 2508 4197 pugnare
2534 4139 2597 4176 ea
2621 4138 2740 4192 quae
2771 4121 2836 4176 de
2867 4120 3016 4190 puris
3042 4119 3352 4173 hominibus
3376 4119 3642 4174 veraciter
3662 4119 3857 4172 dicun-

2264 4224 2370 4282 tur,
2401 4231 2629 4286 quorum
2658 4214 2836 4268 nullus
2866 4213 3048 4267 existit
3073 4211 3188 4265 sine
3219 4218 3473 4280 peccato,
3525 4212 3664 4265 sicut
3707 4212 3848 4264 scri-

2266 4314 2417 4378 ptum
2448 4313 2531 4360 est
2561 4324 2572 4359 :
2603 4304 2724 4358 Non
2745 4313 2816 4357 est
2841 4303 3016 4374 justus
3057 4302 3333 4372 quisquam
3359 4302 3447 4372 qui
3475 4301 3634 4370 faciat
3661 4301 3857 4354 bonum

2266 4408 2314 4452 et
2364 4415 2466 4452 non
2502 4405 2692 4468 peccet.
2737 4395 2806 4449 Et
2840 4395 3040 4448 iterum
3071 4409 3084 4448 :
3121 4394 3291 4448 Nemo
3337 4392 3563 4447 mundus
3605 4409 3636 4445 a
3675 4393 3854 4457 sorde,

2265 4490 2422 4544 etiam
2451 4490 2497 4543 si
2537 4490 2692 4543 unius
2739 4487 2843 4540 diei
2869 4487 3027 4557 fuerit
3053 4486 3158 4540 vita
3197 4485 3311 4554 ejus
3353 4501 3510 4556 super
3531 4494 3745 4538 terram.
3779 4484 3858 4538 De

2265 4583 2496 4640 Domino
2543 4582 2833 4652 Apostolus
2879 4581 3072 4635 Petrus
3109 4587 3342 4634 testatur
3369 4619 3384 4644 ,
3433 4577 3621 4632 dicens
3657 4591 3669 4629 :
3712 4577 3855 4642 Quia

2261 4686 2528 4746 peccatum
2554 4691 2657 4728 non
2687 4674 2830 4742 fecit,
2865 4690 2954 4726 nec
2977 4673 3212 4725 inventus
3237 4680 3310 4724 est
3333 4668 3487 4723 dolus
3519 4670 3572 4722 in
3593 4685 3681 4722 ore
3709 4667 3850 4737 ejus.

2263 4765 2514 4834 Nunquid
2551 4765 2677 4832 quia
2709 4765 2811 4818 hoc
2839 4779 3026 4818 verum
3064 4770 3182 4826 est,
3217 4769 3500 4831 propterea
3530 4759 3634 4813 hoc
3662 4773 3856 4812 vemm

2263 4873 2371 4912 non
2403 4857 2508 4911 erit
2535 4855 2664 4910 illud
2703 4855 2848 4925 quod
2885 4854 3085 4909 Paulus
3111 4853 3227 4908 ait:
3259 4852 3452 4909 Omnes
3493 4851 3633 4906 enim
3662 4866 3854 4922 pecca-

573 4956 695 5012 qute
725 4959 856 5000 vera
892 4947 946 5000 in
975 4949 1227 5004 omnibus
1252 4949 1440 5020 procul
1471 4950 1633 5006 dubio
1661 4967 1782 5008 esse
1805 4953 2019 5016 debent,
2037 4939 2161 5008 7Do-
2186 4945 2238 5004 D
2266 4961 2466 5017 verunt,
2491 4960 2538 5006 et
2568 4959 2714 5022 egent
2745 4949 2916 5019 gloria
2942 4948 3041 5003 Dei
3058 4948 3084 5002 ?

1939 5063 2213 5120 BALUZII
2251 5063 2486 5120 NOTIE.

647 5185 673 5213 ι
713 5169 1198 5246 redegisoabbqti
1229 5174 1398 5246 sancti
1435 5174 1649 5230 Martini
1674 5175 2003 5230 Turonensis
2035 5185 2159 5246 post

573 5243 892 5328 Neuintnn‘;
924 5242 1078 5328 cujus
1121 5243 1295 5298 fuerat
1331 5245 1628 5328 discipulus
1649 5289 1663 5311 ,
1690 5255 1755 5328 _ut
1779 5256 2011 5328 pate-“tes
2036 5242 2156 5301 \‘ita

574 5313 808 5386 Alcuini.
845 5313 967 5386 Fuit
1005 5315 1167 5368 etiam
1207 5313 1562 5373 cancellarius
1591 5313 1844 5372 Ludovici
1883 5318 1961 5371 Pii
1991 5319 2159 5386 impe-

576 5385 790 5439 ratoris.
817 5384 974 5456 Varie
995 5395 1173 5440 autem
1195 5388 1450 5442 scribitur
1476 5405 1670 5443 nomen
1697 5387 1832 5456 ejus.
1863 5388 1960 5441 Hic
1985 5384 2153 5456 enim,

575 5456 812 5529 itemque
835 5455 892 5529 in
935 5466 1203 5529 prmceptti
1252 5457 1495 5525 ejusdem
1540 5455 1794 5514 Ludovici
1838 5475 1935 5529 pro
1972 5458 2158 5514 llilde-

575 5525 736 5599 l_ialtlo
762 5525 1012 5597 episcopo
1041 5525 1442 5599 Matisconensi,
1473 5539 1698 5584 vocatur
1729 5525 2067 5599 Fredcgisus.
2096 5531 2155 5584 ln

576 5595 1138 5672 Testamento—autem
1177 5597 1352 5654 Caroli
1397 5601 1570 5672 Magni
1619 5602 1758 5671 apud
1787 5595 2154 5672 Eginhardum

573 5677 797 5742 vocatur
827 5667 1169 5742 Fridugisus,
1217 5679 1270 5742 et
1300 5667 1514 5738 quidem
1568 5667 1796 5736 rectius,
1835 5667 1906 5726 iit
1943 5672 2152 5741 Opinor.

575 5735 711 5813 Nam
741 5739 818 5794 sic
860 5735 1074 5813 quoque
1116 5735 1426 5813 nominatur
1464 5742 1516 5813 in
1564 5735 1851 5813 praeceptis
1894 5735 2151 5797 Ludovici

572 5807 655 5864 Pii
701 5824 800 5881 pro
847 5807 1079 5885 ecclesia
1121 5811 1450 5884 Parisiensiz,
1503 5807 1835 5885 itemque'in
1883 5824 2156 5886 praecepto

2262 5178 2503 5248 ejusdem
2537 5179 2799 5250 principis
2835 5193 2934 5248 pro
2959 5176 3185 5232 ecclesia
3217 5177 3392 5232 sancti
3419 5175 3693 5250 Lamberti
3725 5175 3858 5250 Tra-

2256 5248 2554 5319 jcetensis,’
2570 5248 2731 5320 quod
2757 5251 2959 5304 editum
2997 5259 3082 5304 est
3113 5249 3166 5302 in
3213 5249 3569 5320 tomoprimo
3600 5248 3852 5304 Historiae

2260 5317 2648 5392 Episcoporu'm
2680 5320 3104 5392 Leodiensium,'
3129 5333 3252 5390 pag.
3287 5317 3411 5384 154⁷,
3452 5317 3755 5392 aedemum
3794 5320 3851 5392 in

2261 5388 2500 5460 ejusdem
2523 5392 2779 5446 Ludovici
2804 5391 3087 5461 prmceptis
3109 5388 3218 5459 pro
3237 5389 3568 5444 monasterio
3593 5388 3851 5461 Aruleusi

2263 5459 2317 5517 in
2349 5464 2566 5518 dioecesi
2598 5459 2883 5516 Helenensi
2913 5459 3088 5532 et’pro
3111 5461 3441 5516 monasterio
3469 5468 3674 5532 sancta;
3704 5459 3848 5515 Gra-

2263 5542 2332 5588 ta:
2356 5535 2407 5587 in
2435 5534 2654 5589 dioecesi
2685 5530 3007 5604 Urgellensii
3034 5531 3288 5604 Fregellis
3309 5541 3508 5604 tamen,
3535 5530 3676 5604 quod
3708 5532 3850 5604 idem

2266 5614 2349 5658 est
2371 5619 2433 5659 ac
2461 5601 2803 5675 Fredegisus,
2827 5613 3052 5658 vocatur
3073 5620 3109 5675 7a
3140 5601 3438 5675 Theodulfo
3463 5602 3852 5675 episcopoAu-

2267 5675 2583 5740 relianensii,
2618 5673 2682 5729 (ἐκ
2716 5690 2823 5745 quo
2853 5675 3014 5728 etiam
3052 5674 3626 5745 discimusdiaconum
3657 5673 3847 5745 fuisse.

2261 5747 2396 5804 Vide
2424 5743 2772 5805 Sirmonduui
2803 5745 2862 5803 iu
2882 5745 3026 5804 notis
3053 5745 3122 5802 ad
3147 5743 3525 5812 Theodulfum,
3562 5758 3686 5818 pag.
3717 5743 3846 5806 292:
