4088 6344
268 378 377 436 {Si

1381 368 1511 426 LIB.
1548 366 1923 428 ADVERSUS
1957 364 2426 426 FREDEGISUM.

3425 342 3601 439 tot

344 485 437 543 IV.
468 479 612 552 Quia
648 479 850 545 dicitis,
883 495 905 533 ι
936 476 1037 537 His
1060 477 1203 536 bene
1233 479 1557 552 perspectis,
1581 480 1861 553 apparebit
1887 485 1942 548 Α
1963 490 2095 536 stra.
2137 480 2475 537 Peccavimus
2504 480 2664 547 enim,
2705 486 2757 537 et
2797 480 2974 555 inique
2997 481 3220 555 egimus,
3244 487 3546 546 recedentes

266 582 419 639 hanc
437 584 674 634 vestram
698 589 805 630 non
826 588 946 631 esse
965 588 1151 631 veram
1173 574 1664 640 ratiocinationem,
1692 595 1711 627 ι
1743 575 1859 630 hac

266 673 513 746 qualiter
534 669 783 725 dixeritis
806 668 1079 726 aestimare
1101 685 1210 725 non
1229 683 1550 738 possumus;
1585 667 1860 724 afﬁrmare

265 772 457 819 tamen
492 761 754 816 audemus
794 758 923 829 quia
963 758 1056 829 qui
1099 758 1241 812 hanc
1267 757 1737 813 ratiocinationem
1768 771 1861 813 ve-

266 870 393 910 ram
433 867 556 907 esse
586 856 790 922 negat,
832 848 1066 906 necdum
1116 850 1370 921 cognovit
1404 850 1858 920 quemadmodum

265 961 394 1002 eam
436 932 689 1015 Oporteat
717 942 877 997 scire.
926 940 1066 1009 Quid
1101 955 1230 1013 ergo
1256 950 1341 997 est
1363 943 1507 1012 quod
1530 941 1817 1011 Apostolus
1842 982 1857 1008 ,

267 1040 404 1094 dum
445 1038 513 1092 de
564 1035 796 1091 Domino
843 1034 1155 1105 loqueretur
1181 1075 1196 1101 ,
1246 1035 1474 1090 dicens:
1507 1034 1611 1101 Qui
1651 1051 1768 1090 cum
1806 1036 1863 1090 in

267 1130 451 1200 fama
482 1128 582 1183 Dei
605 1136 766 1193 esset,
799 1144 902 1181 non
930 1128 1168 1198 rapinam
1212 1126 1501 1183 arbitratus
1541 1136 1616 1183 est
1655 1144 1764 1182 esse
1806 1144 1860 1182 se

265 1219 531 1292 cqualem
573 1218 679 1273 Deo
702 1260 719 1285 ,
763 1218 852 1273 sed
880 1219 1213 1289 semetipsum
1253 1220 1573 1285 exinanivit,
1635 1220 1860 1289 formam

267 1311 413 1364 servi
438 1310 719 1376 accipiens,
752 1309 1016 1379 praemisit
1046 1327 1057 1362 :
1092 1307 1207 1363 Hoc
1233 1311 1418 1363 sentite
1444 1311 1500 1364 in
1527 1310 1691 1374 vobis,
1720 1310 1860 1382 quod

266 1414 321 1459 et
350 1404 405 1458 in
432 1402 642 1458 Christo
661 1400 792 1456 Iesu
817 1399 1040 1472 (Philip.
1064 1418 1105 1467 I,
1134 1400 1266 1473 5-6).
1285 1402 1354 1456 Et
1378 1402 1538 1472 paulo
1565 1411 1689 1457 ante
1718 1403 1863 1457 dixe-

267 1502 362 1550 rat
390 1513 403 1548 :
439 1492 593 1547 Nihil
629 1509 723 1564 per
754 1492 1158 1558 contentionem,
1196 1509 1358 1565 neque
1379 1510 1471 1564 per
1500 1495 1709 1548 inanem
1750 1493 1861 1564 glo-

268 1588 436 1651 riam,
480 1585 570 1640 sed
606 1587 663 1639 in
694 1584 991 1639 humilitate
1022 1586 1317 1657 superiores
1342 1586 1441 1640 sibi
1468 1588 1685 1642 invicem
1715 1588 1859 1641 arbi-

269 1687 476 1733 trantes
506 1676 667 1749 (Ibid.
695 1717 711 1743 ,
761 1694 809 1731 v.
842 1678 922 1744 5).
973 1675 1031 1732 Si
1060 1693 1248 1733 verum
1292 1693 1399 1733 non
1442 1686 1526 1733 est
1567 1686 1628 1732 ut
1675 1678 1722 1734 is
1769 1678 1862 1749 qui

272 1784 414 1824 vere
439 1768 658 1823 humilis
693 1775 779 1822 est
822 1766 1031 1837 abiecta
1062 1769 1127 1824 de
1154 1784 1213 1825 se
1240 1769 1460 1835 sentiat,
1496 1784 1664 1839 quare
1690 1769 1862 1825 Abra-

1959 590 1994 628 a
2031 584 2099 629 te.
2140 575 2401 631 Dominus
2437 591 2653 646 quoque
2697 577 2754 631 in
2784 577 3079 649 Evangelio
3108 586 3344 637 testatur
3370 583 3549 653 publi-

1958 681 2156 722 canum
2189 668 2280 738 qui
2306 668 2625 723 ascenderat
2651 684 2773 723 cum
2795 668 3073 725 Pharisaeo
3104 670 3159 725 in
3193 671 3455 743 templum
3485 681 3549 729 ut

1959 766 2164 824 oraret,
2218 759 2421 814 idcirco
2457 757 2814 828 justiﬁcatum
2855 761 3202 817 descendisse
3242 762 3295 818 in
3326 762 3549 820 domum

1961 864 2136 915 suam,
2169 849 2297 919 quia
2323 850 2534 921 abjecta
2575 851 2641 907 de
2668 865 2726 907 se
2752 852 2932 908 sciens
2951 892 2965 918 ,
2997 868 3028 906 a
3057 851 3217 925 longe
3248 854 3451 921 stabat,
3493 862 3551 911 et

1961 929 2180 997 nolebat
2204 958 2306 997 nec
2338 943 2526 999 oculos
2554 944 2621 998 ad
2648 944 2847 999 coelum
2872 946 3086 1012 levare;
3124 954 3178 1001 et
3198 961 3461 1017 peccasse
3489 962 3552 1005 se

1960 1049 2071 1089 non
2118 1034 2390 1100 dubitans,
2444 1037 2783 1106 percutiebat
2836 1046 3026 1109 pectus
3071 1053 3248 1105 suum,
3310 1040 3494 1096 dicens
3532 1056 3546 1093 :

1961 1123 2125 1189 Deus,
2164 1124 2421 1195 propitius
2469 1135 2577 1179 esto
2612 1127 2739 1180 milii
2778 1128 3058 1197 peccatori.
3110 1129 3188 1183 De
3233 1129 3555 1187 centurione

1962 1230 2176 1285 quoque
2198 1230 2367 1284 quare
2387 1215 2648 1273 Dominus
2672 1218 2750 1273 ait
2794 1220 2939 1288 quod
2960 1234 3058 1275 nec
3082 1220 3135 1274 in
3163 1220 3328 1277 Israel
3347 1228 3555 1277 tantam

1962 1306 2123 1363 ﬁdem
2166 1308 2454 1375 invenerit,
2487 1309 2591 1364 nisi
2621 1310 2747 1380 quia
2775 1311 2919 1366 idem
2944 1313 3193 1369 centurio
3236 1313 3452 1383 abiecta
3488 1314 3557 1371 de

1963 1414 2023 1454 se
2045 1399 2304 1465 sentiens,
2338 1407 2393 1455 et
2419 1400 2530 1455 alta
2551 1401 2618 1456 de
2646 1401 2874 1457 Domino
2902 1404 3142 1475 sapiens,
3176 1405 3577 1476 semetipsum;

1963 1499 2022 1547 ut
2050 1492 2161 1556 ait,
2207 1492 2486 1562 indignum
2517 1493 2886 1548 arbitrabatur
2922 1495 3003 1548 ire
3035 1497 3104 1550 ad
3153 1495 3555 1567 deprecandum

1968 1582 2258 1638 Dominum
2283 1594 2344 1638 ut
2375 1591 2595 1638 sanaret
2614 1597 2840 1652 puerum
2866 1583 3003 1652 ejus,
3026 1585 3120 1640 sed
3145 1587 3324 1655 potius
3353 1586 3558 1642 amicos

1968 1691 2098 1731 suos
2138 1676 2321 1753 misit,
2360 1683 2413 1731 et
2459 1676 2661 1731 iterum
2703 1691 2802 1746 per
2845 1676 3236 1733 internuntium
3268 1677 3561 1734 mandavit

1963 1768 2214 1833 Domino,
2243 1768 2427 1823 dicens
2460 1786 2473 1821 :
2507 1766 2755 1832 Domine,
2792 1783 2896 1821 non
2927 1757 3042 1822 sum
3082 1768 3272 1839 dignus
3303 1779 3361 1823 ut
3392 1769 3558 1824 intres

268 1860 404 1915 ham
429 1875 553 1915 cum
583 1859 811 1914 Domino
836 1859 1083 1929 loquens,
1119 1861 1359 1916 cinerem
1390 1876 1446 1917 se
1474 1862 1858 1934 pulveremque
1885 1854 1934 1916 B
1961 1859 2055 1913 sub
2078 1868 2269 1913 tectum
2297 1876 2489 1913 meum.
2522 1857 2714 1913 Mulier
2735 1873 2864 1913 vero
2888 1858 3211 1925 Chananaaa,
3246 1860 3336 1915 cui
3377 1859 3559 1915 Domi-

266 1952 516 2007 fatetnr?
553 1952 764 2023 Moyses
789 1966 1006 2022 quoque
1030 1968 1139 2007 non
1172 1968 1233 2008 se
1256 1968 1376 2009 esse
1405 1954 1748 2024 eloquentem
1789 1962 1865 2010 te-

267 2054 482 2111 statur,
509 2054 565 2101 et
601 2061 669 2103 ex
704 2060 813 2115 quo
853 2046 902 2100 ei
931 2045 1194 2103 Dominus
1218 2047 1368 2117 loqui
1393 2048 1595 2117 coepit,
1630 2048 1859 2118 impedi-

270 2136 473 2192 tiorem
520 2144 577 2191 et
615 2134 907 2190 tardiorem
936 2151 996 2191 se
1036 2151 1156 2191 esse
1210 2136 1447 2208 linguam
1477 2135 1627 2192 dicit.
1682 2136 1760 2191 De
1804 2152 1863 2192 se

267 2241 494 2296 quoque
516 2235 573 2280 et
599 2225 778 2280 Aaron
802 2226 868 2281 ad
889 2226 1148 2297 populum
1174 2227 1249 2281 ait
1274 2242 1289 2281 :
1320 2227 1434 2282 Nos
1451 2228 1589 2281 enim
1621 2226 1750 2298 quid
1774 2243 1864 2281 su-

266 2334 391 2373 mus
410 2318 436 2369 ἵ
459 2316 679 2373 Gedeon
721 2317 905 2383 etiam,
938 2333 1101 2388 quem
1132 2318 1354 2389 angelus
1396 2317 1752 2373 fortissimum
1783 2318 1864 2372 vi-

268 2425 462 2469 rorum
506 2410 775 2481 appellat,
808 2410 896 2466 ille
924 2426 954 2464 e
994 2410 1271 2465 contrario
1307 2417 1416 2464 tam
1460 2407 1671 2478 abiecta
1696 2410 1765 2464 de
1806 2423 1865 2464 se

270 2503 484 2568 sentit,
526 2510 588 2555 ut
611 2517 671 2557 se
697 2501 983 2556 minimum
1024 2502 1080 2556 in
1110 2501 1273 2556 domo
1299 2501 1471 2571 patris
1501 2502 1583 2555 sui
1613 2500 1779 2565 dicat,
1810 2506 1866 2555 et

269 2592 536 2649 familiam
579 2608 734 2649 suam
780 2591 1019 2665 inﬁmam
1049 2593 1105 2646 in
1151 2592 1417 2647 Manasse.
1470 2589 1601 2645 Saul
1649 2604 1866 2661 quoque

273 2698 400 2737 cum
420 2698 563 2754 pene
590 2683 678 2738 his
703 2683 884 2738 verbis
906 2683 972 2738 de
996 2683 1218 2738 minima
1248 2683 1390 2738 tribu
1414 2697 1537 2738 esse
1553 2696 1612 2737 se
1634 2682 1862 2747 diceret,

271 2783 333 2829 et
362 2774 417 2828 in
445 2777 637 2829 eadem
667 2774 810 2829 tribu
838 2775 1121 2829 minimum
1146 2790 1205 2829 se
1234 2782 1670 2844 recognosceret,
1703 2774 1776 2828 ita
1805 2781 1865 2829 ut

271 2868 560 2937 indignum
587 2882 648 2923 se
673 2866 827 2937 regio
865 2868 1073 2923 honore
1108 2866 1405 2932 fateretur,
1436 2868 1490 2922 in
1524 2882 1709 2938 regem
1757 2867 1868 2922 ele-

274 2971 402 3018 ctus
431 2970 536 3018 est.
565 2960 725 3018 Unde
758 2961 1020 3017 Dominus
1046 2963 1095 3017 ei
1115 2961 1355 3034 loquitur
1388 2981 1400 3015 :
1431 2960 1563 3016 Cum
1587 2978 1723 3016 esses
1749 2978 1869 3031 par-

271 3054 431 3109 vulus
465 3056 521 3109 in
553 3053 720 3109 oculis
754 3054 881 3120 tuis,
911 3060 1068 3124 caput
1096 3055 1152 3108 in
1196 3053 1432 3108 tribubus
1474 3052 1646 3107 Israel
1692 3052 1866 3122 factus

269 3162 350 3200 es.
377 3145 550 3201 David
572 3160 787 3216 quoque
818 3143 905 3217 (dc
939 3159 1049 3216 quo
1084 3140 1345 3199 Dominus
1368 3144 1641 3213 loquitur,
1681 3142 1866 3198 Inveni

1962 1968 2068 2006 nus
2086 1952 2386 2007 clamitanti
2416 1940 2717 2021 respondit,
2750 1949 2875 2005 Non
2902 1961 2976 2006 est
3007 1951 3198 2007 bonum
3228 1968 3434 2007 sumere
3457 1968 3559 2024 pa-

1963 2058 2080 2097 nem
2108 2041 2342 2111 ﬁliorum
2368 2052 2417 2097 et
2439 2042 2647 2096 mittere
2681 2042 2923 2109 canibus,
2978 2044 3159 2098 statim
3182 2044 3555 2112 consentiens,

1965 2133 2043 2187 ait
2079 2151 2091 2186 :
2127 2131 2339 2200 Etiam,
2375 2133 2598 2188 Domine
2624 2150 2643 2188 :
2675 2150 2797 2188 nam
2826 2144 2877 2189 et
2906 2134 3083 2189 catelli
3118 2136 3276 2190 edunt
3307 2136 3372 2191 de
3412 2137 3563 2190 micis

1963 2242 2081 2296 qua:
2103 2225 2299 2279 cadunt
2332 2226 2396 2281 de
2426 2243 2607 2281 mensa
2637 2226 2976 2281 dominorum
2995 2244 3234 2284 suorum.
3264 2227 3331 2283 Et
3358 2228 3563 2286 idcirco

1965 2316 2155 2373 audire
2184 2317 2386 2372 meruit
2436 2335 2448 2371 :
2493 2317 2538 2372 Ο
2562 2317 2771 2383 mulier,
2810 2335 3006 2391 magna
3042 2329 3118 2375 est
3141 2321 3272 2389 ﬁdes
3301 2330 3414 2375 tua.

2038 2410 2125 2466 VI.
2159 2409 2313 2477 Quod
2336 2411 2381 2466 si
2404 2411 2601 2481 aliquis
2626 2412 2887 2483 objecerit
2911 2413 3070 2470 nobis
3096 2414 3263 2470 verba
3279 2412 3410 2481 justi
3437 2428 3568 2471 vere

1954 2503 2188 2557 'humilis
2223 2502 2453 2558 dicentis
2486 2518 2501 2556 :
2528 2502 2654 2558 Non
2682 2505 2888 2574 peccavi
2911 2544 2926 2571 ,
2956 2514 3003 2559 et
3030 2506 3086 2558 in
3117 2502 3566 2561 amaritudinibus

1965 2602 2205 2647 moratur
2226 2592 2409 2647 oculus
2433 2609 2580 2647 meus
2614 2592 2737 2666 (Job
2762 2609 2906 2660 xvn,
2945 2594 3023 2666 2).
3052 2595 3121 2649 Et
3157 2595 3355 2651 iterum
3390 2613 3404 2648 :
3431 2594 3565 2650 Htec

1964 2701 2151 2756 passus
2197 2700 2314 2739 sum
2346 2683 2541 2755 absque
2587 2684 2867 2755 iniquitate
2914 2701 3103 2739 manus
3142 2702 3272 2740 mete
3311 2700 3329 2737 :
3372 2685 3560 2741 audiat

1966 2791 2185 2831 rursum
2240 2776 2491 2831 eumdem
2546 2774 2755 2845 justum
2806 2775 3086 2830 humiliter
3146 2775 3496 2848 conﬁtentem
3545 2791 3560 2831 :

1967 2862 2211 2920 Peccavi.
2266 2864 2407 2932 Quid
2454 2866 2654 2936 faciam
2700 2866 2817 2933 tibi,
2868 2883 2899 2921 o
2942 2875 3117 2921 custos
3150 2866 3568 2922 hominumIEt

1967 2958 2166 3014 iterum
2199 2978 2211 3013 :
2244 2958 2486 3025 Quantas
2508 2958 2679 3014 habeo
2707 2959 3032 3030 iniquitates,
3071 2968 3283 3031 peccata
3302 2999 3317 3025 ,
3348 2958 3568 3027 scelera,

1968 3059 2122 3121 atque
2150 3050 2341 3105 delicta
2366 3091 2381 3118 ,
2415 3050 2628 3105 ostende
2651 3051 2780 3105 mihi
2804 3051 2927 3123 (Job
2954 3067 3082 3118 xm,
3111 3052 3226 3125 25).
3257 3051 3328 3106 Et
3370 3052 3569 3108 iterum

1974 3139 2256 3211 Scriptura
2284 3141 2417 3196 dicit
2439 3142 2564 3211 quia
2586 3143 2633 3198 is
2653 3157 2814 3213 quem
2834 3141 2978 3198 Deus
2998 3151 3286 3214 propterea
3307 3142 3569 3215 ﬂagellat,

270 3237 448 3292 virum
489 3236 775 3291 secundum
814 3253 905 3291 cor
932 3253 1130 3304 meum,
1160 3237 1288 3306 quia
1309 3250 1437 3290 vere
1463 3234 1684 3289 humilis
1724 3232 1862 3306 erat)
1893 3224 1938 3288 C
1969 3242 2031 3289 ut
2055 3235 2335 3289 doloribus
2364 3235 2607 3290 eruditus
2632 3233 2992 3304 abjectionem
3021 3244 3077 3290 et
3099 3244 3326 3306 peccata
3361 3252 3460 3292 sua
3484 3253 3572 3293 re-

269 3336 393 3383 tam
418 3327 630 3398 abiecta
653 3329 716 3383 de
757 3343 817 3384 se
843 3330 1052 3393 sensit,
1095 3339 1158 3383 ut
1181 3343 1289 3383 non
1328 3326 1502 3382 solum
1528 3326 1596 3381 ad
1626 3340 1863 3397 regnan-

274 3420 709 3491 dum’indignum
734 3436 792 3477 se
811 3437 935 3478 esse
955 3430 1271 3490 testaretur,
1301 3438 1491 3478 verum
1512 3422 1676 3477 etiam
1700 3436 1869 3493 gener

248 3511 442 3585 ﬁeret
485 3512 653 3583 regis;
705 3514 798 3571 nui
840 3521 1031 3584 postea
1060 3515 1128 3569 de
1163 3515 1283 3585 ipso
1330 3514 1529 3569 clamat
1569 3512 1639 3568 ad
1678 3512 1807 3568 Saul
1850 3531 1863 3566 :

275 3600 449 3667 Quem
493 3606 833 3674 persequeris,
877 3620 968 3658 rea:
1008 3603 1219 3659 Israel?
1252 3622 1434 3659 canem
1484 3615 1772 3668 mortuum,
1818 3611 1866 3657 et

267 3689 501 3761 pulicem
545 3710 728 3747 unum.
760 3694 959 3763 Sicque
996 3696 1248 3764 persequi
1296 3695 1667 3765 conqueritur,
1710 3692 1867 3765 quasi

269 3783 321 3839 si
351 3794 708 3855 persequatur
735 3786 925 3857 perdix
954 3790 1007 3842 in
1032 3788 1329 3844 montibus.
1359 3789 1556 3845 Postea
1583 3804 1713 3844 vero
1741 3804 1867 3844 cum

266 3885 421 3933 esset
439 3877 493 3932 in
520 3894 714 3949 magna
742 3880 895 3951 regni
918 3879 1086 3951 gloria
1108 3922 1123 3946 ,
1150 3880 1467 3952 nullumque
1492 3881 1866 3936 adversarium

266 3976 575 4040 pateretur,
622 3971 698 4025 ait
740 3988 754 4025 :
793 3970 1023 4038 Ludam,
1064 3981 1113 4025 et
1136 3972 1292 4026 vilior
1327 3972 1453 4042 ﬁam
1479 3971 1758 4043 plusquam
1784 3971 1868 4041 fa-

270 4071 391 4116 ctus
419 4078 559 4128 sum,
589 4079 781 4135 eraque
816 4060 1030 4118 humilis
1056 4064 1112 4118 in
1140 4062 1307 4117 oculis
1335 4064 1482 4117 meis.
1524 4063 1593 4116 Et
1620 4063 1819 4117 iterum
1850 4080 1863 4117 :

268 4153 516 4222 Domine,
541 4172 649 4210 non
669 4165 744 4211 est
762 4155 1054 4211 exaltatum
1076 4173 1169 4211 cor
1189 4173 1362 4210 meum
1381 4196 1395 4222 ,
1419 4171 1583 4227 neque
1600 4154 1725 4209 elati
1746 4164 1869 4210 sunt

267 4246 415 4303 oculi
443 4248 543 4301 mei
562 4289 577 4313 ,
610 4265 777 4319 neque
804 4247 1069 4303 ambulavi
1090 4250 1148 4304 in
1171 4249 1395 4319 magnis,
1428 4264 1592 4319 neque
1622 4248 1678 4302 in
1700 4247 1867 4300 mira-

269 4339 465 4394 bilibus
488 4358 646 4412 super
672 4358 755 4397 me
778 4382 793 4407 ,
834 4352 892 4397 et
918 4350 1137 4398 caetera.
1165 4342 1392 4398 Errasse
1417 4357 1477 4397 se
1505 4356 1719 4411 quoque
1757 4355 1869 4396 non

267 4430 559 4498 dubitavit,
591 4432 718 4502 quia
760 4433 1058 4502 saepissime
1108 4448 1216 4488 non
1262 4433 1437 4488 solum
1482 4447 1697 4487 errores
1740 4446 1869 4487 suos

239 4521 565 4602 .conﬁtetur
589 4564 604 4589 ,
644 4523 741 4579 sed
783 4524 952 4578 etiam
980 4524 1322 4595 iniquitates,
1353 4531 1601 4593 peccata,
1648 4522 1863 4588 delicta,

1974 3333 2290 3395 cognoscat,
2324 3324 2548 3394 respicit
2590 3325 2840 3380 homines
2865 3334 2921 3380 et
2953 3326 3084 3381 dicit
3116 3344 3129 3380 :
3170 3325 3389 3382 Peccavi
3408 3369 3426 3394 ,
3451 3343 3570 3383 vere

1968 3414 2185 3486 deliqui,
2228 3424 2283 3469 ut
2313 3431 2459 3469 eram
2490 3415 2683 3487 dignus
2721 3432 2828 3470 non
2867 3416 3046 3488 recipi.
3078 3418 3259 3485 Quare
3303 3433 3435 3491 ergo
3466 3434 3567 3475 vos

1969 3505 2153 3560 dicitis
2201 3521 2310 3561 non
2353 3522 2476 3561 esse
2511 3522 2723 3572 verum,
2753 3515 2813 3561 ut
2842 3523 2969 3563 vere
3000 3509 3221 3565 humilis
3257 3509 3469 3579 abjecta
3501 3511 3570 3569 de

1969 3611 2030 3651 se
2058 3597 2281 3663 sentiat,
2319 3604 2413 3652 aut
2450 3612 2708 3669 peccasse
2734 3611 2794 3652 se
2823 3597 3033 3665 credat,
3071 3614 3195 3655 cum
3223 3601 3571 3673 apertissime

1970 3696 2153 3759 pateat
2193 3689 2298 3743 hoc
2321 3689 2599 3759 proprium
2627 3703 2747 3743 esse
2773 3695 3112 3769 sanctorum,
3153 3706 3263 3746 non
3310 3694 3574 3763 superbo-

1968 3780 2125 3835 rum?
2161 3779 2272 3835 Cur
2297 3777 2536 3835 Joannes
2560 3778 2836 3849 apostolus
2866 3779 2942 3833 ait
2980 3796 2993 3833 :
3039 3778 3096 3835 Si
3130 3780 3421 3837 dixerimus
3442 3783 3570 3854 quia

1969 3881 2242 3943 peccatum
2275 3889 2380 3926 non
2405 3871 2676 3936 habemus,
2709 3872 2811 3942 ipsi
2840 3888 2935 3925 nos
2958 3872 3280 3937 seducimus,
3303 3882 3351 3927 et
3376 3874 3567 3929 veritas

1969 3964 2025 4016 in
2054 3963 2201 4017 nobis
2248 3979 2354 4017 non
2381 3972 2477 4017 est.
2507 3961 2567 4017 Si
2603 3979 2721 4017 vero
2749 3963 3099 4032 conﬁteamur
3139 3962 3332 4018 delicta
3360 3974 3564 4032 nostra,

1971 4056 2146 4125 ﬁdelis
2179 4065 2277 4122 est,
2318 4064 2366 4110 et
2406 4056 2609 4126 justus,
2638 4064 2697 4109 ut
2743 4056 2973 4110 remittat
3016 4055 3165 4111 nobis
3190 4067 3426 4129 peccata.
3456 4058 3563 4127 Qui

1972 4149 2018 4204 si
2051 4148 2347 4204 secundum
2384 4163 2480 4204 vos
2507 4162 2703 4221 magna
2730 4149 2796 4205 de
2828 4163 2890 4204 se
2911 4190 2928 4215 ,
2958 4165 3069 4205 non
3097 4144 3329 4222 abjecla,
3359 4153 3567 4210 sentire

1973 4240 2251 4305 voluisset,
2286 4239 2523 4296 habebat
2568 4240 2712 4295 unde
2742 4239 3090 4312 gloriaretur,
3138 4243 3268 4313 quia
3313 4253 3370 4298 et
3398 4259 3566 4313 supra

1970 4339 2163 4401 pectus
2198 4331 2411 4386 Domini
2460 4332 2751 4387 recubuit:
2786 4340 2842 4387 et
2884 4349 2997 4404 pra:
3044 4335 3259 4391 caeteris
3290 4335 3569 4407 discipulis

1972 4424 2042 4478 ab
2083 4424 2177 4479 illo
2206 4423 2434 4479 dilectus
2463 4433 2566 4479 est.
2596 4422 2831 4481 Iacobus
2878 4441 3098 4498 quoque
3138 4427 3413 4498 apostolus
3443 4429 3520 4483 ait
3550 4445 3565 4483 :

1973 4515 2043 4571 In
2068 4515 2249 4570 multis
2284 4518 2423 4570 enim
2462 4516 2779 4587 oﬁ'endimus
2808 4535 3006 4575 omnes.
3036 4520 3167 4588 Quae
3195 4520 3241 4575 si
3266 4520 3388 4591 quis
3411 4528 3570 4591 puta-

267 4615 501 4682 scelera,
541 4615 889 4673 inﬁrmitates
931 4632 1147 4689 quoque
1168 4658 1182 4682 ,
1214 4624 1271 4671 et
1300 4616 1636 4671 turbationes
1658 4656 1673 4681 ,
1704 4615 1866 4669 timo-
1889 4604 1943 4664 D
1969 4605 2109 4659 verit
2135 4620 2241 4660 non
2271 4606 2560 4670 veraciter,
2590 4607 2683 4662 sed
2713 4615 2925 4664 tantum
2954 4610 3234 4665 humiliter
3263 4610 3431 4677 dicta,
3457 4627 3560 4667 no-

268 4722 410 4771 rem,
456 4722 520 4762 ac
550 4716 864 4776 tremorem,
896 4709 1339 4779 anxietatemque
1363 4706 1545 4764 cordis
1579 4725 1591 4761 :
1626 4723 1862 4779 quorum

265 4798 515 4852 omnium
561 4800 869 4856 testimonia
918 4800 964 4856 si
1011 4815 1212 4871 ponere
1255 4799 1588 4855 voluerimus
1614 4840 1630 4865 ,
1665 4799 1865 4870 prolixi

265 4893 454 4963 operis
491 4894 661 4949 series
684 4895 1045 4950 ordinabitur.

346 4982 412 5036 ν.
445 4982 557 5038 Vos
585 4983 766 5040 dicitis
793 4984 922 5054 quia
950 4999 1057 5039 non
1087 4991 1171 5040 est
1209 4999 1342 5040 vera
1390 4984 1757 5049 ratiocinatio,
1807 4991 1869 5039 ut

266 5074 368 5147 qui
396 5090 527 5132 vere
555 5075 777 5132 humilis
806 5084 912 5143 est,
942 5060 1156 5145 abjecta
1176 5075 1245 5131 de
1275 5091 1334 5131 se
1359 5076 1579 5142 sentiat,
1619 5082 1714 5130 aut
1740 5088 1870 5144 pec-

267 5184 430 5225 casse
460 5185 518 5225 se
554 5169 923 5225 indubitanter
968 5171 1172 5227 credat.
1215 5168 1325 5224 Nos
1355 5185 1488 5224 vero
1532 5184 1564 5225 e
1591 5168 1869 5225 contrario

266 5280 373 5335 per
404 5264 545 5319 hanc
571 5264 1041 5321 ratiocinationem
1063 5278 1251 5319 omnes
1279 5271 1499 5320 sanctos
1532 5263 1586 5318 in
1615 5262 1728 5317 suis
1754 5276 1873 5332 pre-

268 5355 430 5409 cibus
470 5369 501 5408 a
531 5354 765 5411 Domino
794 5355 1081 5411 exauditos
1108 5370 1227 5411 esse
1260 5356 1545 5420 novimus;
1580 5354 1722 5408 sicut
1764 5351 1870 5406 Da-

268 5445 475 5501 nielem
499 5447 555 5500 in
582 5463 735 5503 suam
777 5446 1180 5518 exomologesin
1202 5487 1217 5512 ,
1244 5446 1337 5501 ubi
1373 5444 1735 5500 conﬁtebatur
1760 5456 1869 5498 non

267 5536 448 5594 solum
470 5547 696 5609 peccata
724 5554 822 5595 sua
842 5545 899 5594 et
917 5546 1142 5611 peccata
1156 5536 1339 5609 populi
1361 5537 1467 5603 sui,
1488 5550 1678 5592 verum
1697 5534 1862 5591 etiam

265 5640 495 5701 peccata
524 5647 715 5703 regum
741 5646 807 5686 ac
832 5631 1143 5703 principum
1166 5672 1181 5698 ,
1211 5630 1296 5685 vel
1321 5628 1685 5686 sacerdotum.
1731 5627 1867 5684 Tres

268 5723 441 5780 etiam
479 5723 639 5795 pueri
681 5724 737 5780 in
767 5724 985 5780 camino
1029 5724 1169 5796 ignis
1211 5722 1524 5780 clamabant
1550 5724 1603 5779 in
1632 5725 1868 5780 veritate

267 5821 328 5869 et
353 5814 563 5885 judicio
593 5828 611 5870 :
643 5814 910 5871 Induzisti
951 5814 1129 5871 omnia
1155 5814 1266 5872 htec
1291 5825 1503 5888 propter
1539 5826 1751 5887 peccata
1774 5832 1869 5872 no-

1973 4696 2115 4751 verit
2141 4711 2199 4751 se
2224 4696 2279 4751 in
2310 4697 2413 4752 hoc
2445 4712 2605 4753 sensu
2635 4697 2913 4771 Pelagium
2937 4701 3127 4772 sequi;
3170 4707 3225 4755 et
3253 4710 3565 4773 propterea,

1974 4789 2020 4844 si
2070 4789 2270 4860 corrigi
2313 4791 2429 4843 vult
2456 4830 2471 4856 ,
2502 4789 2647 4858 legat
2671 4790 2841 4847 libros
2881 4792 3025 4847 beati
3065 4790 3351 4862 Augustini
3379 4802 3569 4850 contra

1972 4883 2388 4952 Pelagianistas,
2415 4891 2474 4939 et
2494 4884 2633 4939 sciat
2652 4899 2843 4940 omnes
2878 4892 3098 4940 sanctos
3129 4886 3400 4942 veraciter
3420 4903 3479 4943 se
3501 4888 3570 4946 de

1972 4977 2213 5047 peccatis
2236 4991 2528 5031 accusasse
2546 5017 2560 5042 ,
2593 4977 2668 5031 ita
2691 4985 2753 5031 ut
2779 4991 3003 5031 necesse
3029 4977 3265 5034 habeant
3284 4995 3384 5051 pro
3404 4995 3464 5036 se
3487 4980 3570 5052 ip-

1973 5069 2051 5124 sis
2085 5068 2288 5134 dicere,
2337 5066 2556 5123 Dimitte
2596 5069 2744 5123 nobis
2784 5068 2959 5123 debita
2984 5080 3185 5126 nostra.
3230 5071 3341 5129 Sed
3385 5073 3569 5131 dehis

1970 5168 2173 5232 quanta
2202 5160 2308 5217 dici
2340 5170 2596 5232 possunt,
2627 5175 2725 5215 vos
2751 5174 2911 5216 nosse
2940 5177 3048 5217 non
3075 5164 3420 5236 ambigimus.

2042 5252 2154 5310 VII.
2184 5252 2375 5311 Dicitis
2395 5254 2561 5311 etiam
2588 5261 2702 5308 tota
2723 5268 2820 5309 vos
2845 5253 3144 5313 intentione
3168 5257 3410 5313 divinam
3439 5258 3569 5315 scri-

1970 5358 2189 5423 pturam
2223 5365 2345 5406 cum
2372 5348 2672 5405 editoribus
2692 5387 2708 5413 ,
2734 5347 3125 5419 interpretibus
3153 5358 3317 5422 atque
3345 5352 3567 5422 exposi-

1972 5444 2183 5499 toribus
2212 5443 2327 5499 suis
2360 5441 2429 5496 ab
2472 5439 2758 5510 imperitia:
2797 5449 2996 5498 nostra;
3038 5442 3328 5499 calumniis
3379 5443 3569 5499 defen-

1972 5536 2119 5591 dere.
2144 5534 2227 5589 Ad
2256 5549 2418 5604 quam
2453 5546 2569 5586 rem
2606 5547 2716 5588 non
2745 5533 3194 5605 respondebimus
3224 5535 3397 5601 vobis,
3425 5536 3558 5607 quia

1974 5633 2115 5688 sicut
2140 5631 2207 5685 de
2219 5627 2545 5698 quibusdam
2566 5625 2787 5694 dicitur,
2812 5627 2922 5683 illic
2944 5628 3333 5701 trepidaverunt
3354 5630 3564 5698 timore,

1975 5723 2063 5776 ubi
2106 5736 2210 5773 non
2251 5727 2365 5773 erat
2407 5719 2587 5787 timor,
2626 5718 2704 5775 ita
2741 5728 2798 5776 et
2837 5720 2991 5776 vobis
3026 5720 3132 5776 dici
3170 5727 3353 5793 potest
3396 5739 3410 5775 ε
3448 5720 3565 5778 Illic

1977 5822 2091 5868 tota
2126 5810 2428 5870 intentione
2458 5811 2669 5883 paravit
2709 5810 3106 5878 defensionem,
3146 5811 3239 5868 ubi
3269 5811 3412 5867 nulla
3436 5818 3560 5868 erat
