4088 6344
573 377 718 448 163.

1428 377 1431 383 ’
1528 377 1590 439 S.
1629 365 1982 438 AGOBARDl
2018 367 2328 436 EPISCOPI
2363 367 2852 436 LUGDUNENSIS

3739 383 3854 447 ια

571 497 794 560 om'niil'o
824 498 1118 558 necessitas
1161 495 1513 557 defensionis.
1555 496 1688 566 Quis
1715 499 1864 555 enim
1893 497 1962 554 de
2003 493 2160 552 nobis
2185 489 2239 560 Α
2259 498 2360 563 per
2398 505 2567 565 genus
2605 492 2924 549 femininum
2947 494 3306 568 significatur,
3334 499 3437 556 nec
3477 503 3660 558 tamen
3687 519 3720 560 a
3741 493 3856 562 La-

571 593 932 654 calilliiniatus
975 593 1060 651 est
1099 594 1336 665 utiquam
1363 593 1630 650 editorem
1663 599 1756 648 aut
1803 590 2157 662 interpretem

569 687 806 760 aliquem
835 681 1140 744 divinarum
1165 679 1614 759 scripturarum?
1643 679 1838 742 Dicitis
1861 680 2158 757 reprelien-

569 771 716 839 dlsse
739 792 840 838 nos
861 779 1131 853 apostolos
1161 781 1218 838 et
1253 781 1579 852 interpretes
1597 823 1612 849 ,
1650 795 1788 852 quos
1817 789 2028 836 tantum
2052 792 2155 850 pu-

568 865 820 930 ta‘ba'mus
858 881 1100 945 unquam
1139 874 1619 946 reprehendendos
1642 916 1657 940 ,
1705 873 1965 944 quantum
2014 889 2158 930 nunc

567 961 822 1040 'putamus
845 953 1103 1024 veritatis
1129 967 1522 1038 vituperatores
1562 965 1880 1022 laudandos.
1912 959 2156 1022 Diximus

569 1049 807 1130 namque
839 1059 966 1131 quia
1004 1049 1330 1132 interpretes
1365 1059 1672 1116 divinorum
1711 1057 2046 1114 voluminum
2071 1057 2155 1114 vel

567 1153 906 1224 eipositores
933 1169 1044 1210 non
1072 1155 1334 1210 cu’rar'urit
1365 1153 1590 1210 omnino
1635 1159 1821 1208 tenere
1863 1143 2158 1208 indeclina-

565 1231 746 1300 biliter
767 1239 1006 1317 regulam
1031 1247 1395 1319 grammatica:
1417 1245 1582 1312 artis;
1611 1245 1752 1316 quod
1774 1244 1958 1314 utique
1980 1237 2156 1314 neque

564 1331 872 1404 imperitia,
902 1335 1078 1406 neque
1107 1335 1314 1392 malitia
1351 1335 1614 1402 fecerunt,
1653 1333 1747 1391 sed
1787 1337 1998 1391 ratione
2025 1351 2156 1391 con-

566 1419 966 1493 descensionis;
1019 1437 1079 1484 ut
1117 1429 1256 1485 sicut
1296 1443 1428 1484 usus
1472 1426 1674 1484 sanctre
1722 1421 2021 1500 Scriptura:
2070 1425 2155 1486 est

564 1513 747 1572 verbis
782 1515 1218 1574 condescendere
1255 1519 1542 1584 humanis,
1574 1527 1844 1590 quatenus
1874 1521 1982 1574 vim
2014 1519 2152 1575 inef-

565 1601 748 1665 fabilis
775 1609 856 1668 rei
901 1606 1138 1668 humano
1175 1619 1327 1667 more
1365 1613 1624 1683 loquens,
1673 1613 1741 1668 ad
1772 1615 2018 1670 notitiam
2058 1613 2156 1670 ho-

563 1695 776 1756 ininum
795 1689 1114 1768 deduceret,
1143 1699 1200 1759 'et
1239 1703 1495 1775 mysteria
1523 1704 1736 1760 insolita
1776 1705 1948 1761 solitis
1979 1715 2158 1761 osten-

565 1785 720 1848 deret
749 1793 943 1859 rebus;
985 1791 1060 1850 ita
1085 1801 1140 1850 et
1185 1793 1510 1865 interpretes
1541 1795 1656 1866 ejus
1685 1809 1808 1852 eam
1840 1797 2150 1868 sequendo,

2258 585 2386 640 tinis
2419 584 2681 640 feminino
2707 601 2910 658 genere
2943 587 3162 642 dicitur.
3211 589 3500 646 Peccatum
3544 595 3758 665 Quoque
3796 597 3858 654 i'n

2256 675 2486 732 Hebraeo
2520 678 2739 748 generis
2777 679 3068 734 maswlini
3106 687 3222 746 est,
3263 681 3320 736 in
3357 681 3548 741 Grzeco
3572 685 3857 758 feminini,

2257 768 2313 824 in
2337 769 2528 826 Latino
2555 771 2764 837 neutri;
2796 774 2852 827 et
2879 775 3002 828 'cum
3034 773 3089 826 in
3123 773 3420 846 Scripturis
3459 779 3647 835 multis
3687 783 3859 838 rebus

2257 860 2614 931 signiﬁcetur,
2665 862 2844 918 nullus
2901 871 3082 920 tamen
3140 861 3458 924 Latinorum
3515 885 3687 942 genus
3732 873 3858 942 ejus

2256 952 2504 1017 mutavit,
2528 953 2654 1024 quia
2679 966 2782 1010 nec
2813 955 2994 1024 aliqua
3025 955 3236 1014 utilitas
3261 961 3579 1030 postulavit.
3605 962 3734 1019 Haec
3775 965 3860 1022 id-

2255 1041 2404 1100 circo
2449 1046 2706 1127 diximus,
2745 1049 2872 1119 quia
2901 1065 2997 1105 vos
3041 1051 3220 1108 dicitis
3253 1061 3538 1124 propterea
3583 1056 3858 1128 interpre-

2255 1143 2366 1192 tem
2421 1141 2712 1212 sanguines
2771 1143 2966 1212 plurali
3023 1161 3252 1202 numero
3307 1149 3683 1217 transtulisse,
3728 1153 3858 1222 quia

2257 1231 2401 1300 apud
2444 1233 2664 1290 Gmeos
2697 1236 2979 1306 pluraliter
3027 1237 3278 1304 ell‘ertur;
3321 1254 3593 1298 cumnon
3639 1243 3720 1299 ita
3763 1245 3856 1300 sit.

2260 1313 2388 1377 Sive
2416 1324 2761 1396 interpretes,
2791 1329 2904 1383 sive
2925 1332 3260 1400 expos‘itores
3281 1331 3587 1388 divinorum
3614 1333 3860 1406 eloquio-

2255 1429 2405 1478 rum,
2450 1425 2512 1470 ut
2563 1419 2932 1490 integritatem
2989 1437 3182 1480 sensus
3225 1426 3608 1495 ostenderent,
3663 1438 3862 1485 contra

2255 1511 2663 1579 grammaticam
2697 1515 2844 1584 loqui
2873 1524 2979 1570 non
3013 1513 3312 1574 timuerunt
3337 1538 3349 1573 :
3378 1535 3514 1592 quos
3541 1521 3652 1577 non
3679 1523 3861 1580 solum

2256 1614 2363 1656 non
2406 1605 2876 1673 reprehendimus,
2903 1614 3091 1664 verum
3122 1607 3286 1666 etiam
3324 1625 3426 1682 per
3467 1629 3564 1670 eos
3603 1616 3632 1668 a
3673 1630 3864 1685 repre-

2255 1691 2515 1748 hensione
2551 1695 2767 1752 defendi
2817 1699 3083 1769 cupimus.
3116 1699 3253 1768 Quia
3302 1703 3442 1758 sicut
3470 1693 3546 1760 illi
3595 1691 3862 1763 laudandi

2255 1791 2383 1835 sunt
2407 1784 2460 1838 in
2490 1785 2668 1841 verbis
2709 1793 2898 1842 contra
2934 1789 3344 1860 grammaticam
3371 1795 3624 1864 prolatis,
3651 1797 3731 1852 ita
3762 1813 3863 1854 nos

561 1879 696 1942 illud
721 1885 1046 1944 studuerunt
1071 1851 1414 1959 summopere
1448 1891 1779 1958 transferre,
1814 1893 1957 1947 unde
1988 1891 2158 1946 mani-
2184 1851 2232 1918 Β
2259 1874 2526 1930 meram“
2556 1897 2568 1931 τ
2605 1879 2733 1948 (illia
2783 1880 2859 1935 ίηί
2901 1882 3096 1940 (limes
3136 1883 3190 1939 1η
3241 1885 3439 1952 verbis,
3485 1887 3629 1944 ἒῖοῐῖῖ
3675 1891 3862 1948 V0100-

561 1973 840 2033 festiorem
883 1985 1102 2035 sensum
1146 1978 1448 2050 legentibus
1503 1978 1836 2052 praeberent,
1886 1981 2054 2036 etiam
2107 1979 2154 2037 si

562 2079 756 2128 Contra
783 2071 1193 2146 grammaticam
1224 2081 1367 2129 esset
1417 2083 1669 2142 eatenus,
1716 2083 1778 2130 ut
1809 2085 2154 2132 sacramento

561 2163 644 2218 rei
687 2160 1066 2222 'co’nco'rdaret.
1097 2163 1166 2219 Et
1203 2165 1278 2220 ita
1310 2166 1412 2222 hoc
1442 2167 1510 2221 ad
1539 2167 1779 2222 nostram
1825 2168 2154 2238 sumpsimus

559 2251 956 2322 defensionem,
1004 2256 1066 2312 ‘ut
1097 2256 1239 2312 sicut
1283 2257 1406 2314 illos
1445 2258 1538 2328 qui
1566 2260 1835 2328 poterant,
1885 2257 1930 2314 si
1955 2257 2156 2314 voluis-

561 2355 723 2406 sent.
767 2344 952 2402 omnia
999 2350 1300 2404 seeundum
1353 2347 1690 2420 disciplinam
1740 2351 2153 2422 grammaticam

557 2436 825 2506 proferre,
859 2439 954 2494 sed
993 2431 1054 2495 iit
1081 2435 1239 2496 nobis
1263 2437 1782 2506 eondescenderent,
1812 2449 1867 2497 et
1895 2441 2154 2512 simplici-

559 2532 730 2586 tatem
764 2529 1011 2587 veritatis
1043 2546 1151 2586 non
1189 2533 1537 2599 desererent,
1565 2534 1674 2588 'non
1701 2541 1828 2588 sunt
1859 2533 2019 2588 veriti
2056 2533 2154 2588 ali-

558 2635 666 2692 qua
695 2630 884 2676 contra
915 2624 1162 2678 eamdem
1185 2624 1526 2694 disciplinam
1555 2624 1722 2696 loqiii,
1753 2623 2154 2697 reprehendere

557 2706 738 2768 nullus
781 2713 971 2779 debet;
1022 2714 1098 2769 ita
1123 2716 1283 2770 nobis
1311 2716 1534 2770 omnino
1575 2716 1734 2772 debet
1762 2733 1989 2788 parcere
2015 2759 2030 2784 ,
2061 2715 2153 2788 qui

553 2804 773 2862 etiamsi
811 2800 1038 2860 velimus
1072 2803 1252 2861 Omnia
1283 2804 1579 2862 secundum
1621 2811 2034 2878 grammaticam
2076 2807 2156 2866 lo-

555 2893 686 2971 qui,
718 2915 826 2954 non
853 2897 1142 2970 possumus
1167 2941 1182 2965 ,
1217 2899 1263 2955 si
1292 2905 1476 2955 tamen
1509 2899 1668 2956 fidem
1699 2913 1910 2980 rectam
1941 2912 1996 2960 et
2031 2920 2155 2960 sen-

558 2992 678 3048 sum
717 2989 1046 3047 catholicum
1080 2985 1364 3059 tenemus,
1405 2993 1461 3047 in
1490 2987 1685 3064 hisque
1727 2985 1910 3051 verbis
1957 2989 2156 3066 quibus

556 3071 848 3158 possumus
885 3085 1114 3142 dicimus
1139 3127 1154 3152 ,
1206 3085 1349 3142 sicut
1401 3093 1458 3143 et
1495 3105 1591 3144 vos
1621 3101 1648 3130 ιι
1681 3080 1998 3144 testimonio
2036 3087 2156 3146 Pri-

557 3174 729 3230 sciani
774 3175 1095 3242 ostenditis,
1128 3177 1220 3246 qui
1255 3165 1393 3232 dixit
1423 3195 1438 3231 :
1476 3197 1494 3230 ι
1531 3175 1674 3232 Nihil
1714 3179 1861 3235 enim
1891 3195 1958 3234 ex
2001 3168 2148 3235 omni

554 3275 712 3336 parte
736 3257 1041 3339 perfectum
1067 3265 1123 3320 in
1141 3267 1395 3323 humanis
1415 3265 1580 3324 credo
1606 3283 1728 3324 esse
1752 3269 2153 3326 inventionibus

553 3373 735 3430 posse.
749 3353 768 3411 ὀ

622 3447 754 3506 Vill.
786 3441 1171 3522 Assumpsistis
1215 3445 1474 3524 grandem
1515 3449 1782 3520 laborem,
1811 3470 1922 3512 non
1961 3469 2155 3510 neces-

553 3541 780 3606 sarium,
811 3542 967 3612 quasi
1013 3541 1364 3600 defendentes
1412 3546 1820 3615 evangelistam,
1849 3547 1936 3602 vel
1980 3548 2155 3602 inter-

551 3633 794 3706 pretem,
829 3633 974 3704 quod
1018 3651 1127 3692 non
1177 3635 1380 3692 frustra
1428 3638 1513 3692 vel
1560 3639 1892 3709 evangelista
1927 3639 2160 3694 ediderit

549 3721 637 3781 vel
667 3721 936 3797 interpres
965 3721 1308 3804 transtulerit
1337 3727 1536 3800 plurali
1579 3747 1808 3786 numero
1839 3731 2154 3804 sanguines,

546 3811 849 3874 secundum
897 3803 1041 3889 quod
1074 3811 1227 3876 certa
1280 3821 1420 3876 ratio
1465 3821 1801 3892 postulavit:
1830 3840 1995 3894 quam
2037 3841 2154 3881 rem

547 3927 656 3966 non
689 3907 866 3966 solum
895 3928 1002 3966 non
1032 3912 1509 3984 reprehendimus,
1541 3916 1636 3970 sed
1670 3932 1846 3989 neque
1877 3917 1946 3996 ab
1974 3919 2155 3989 impiis

547 3995 854 4058 audivimus
883 4019 1122 4076 unquam
1157 4007 1571 4076 reprehensam.
1598 4005 1667 4062 Et
1692 4023 1818 4064 cum
1845 4001 1901 4064 in
1932 3995 2038 4065 hac
2061 4010 2154 4065 de-

548 4087 793 4146 fensione
835 4090 1120 4162 tantopere
1157 4091 1566 4163 laboraveritis,
1601 4098 1736 4152 nihil
1768 4101 1924 4156 nobis
1967 4113 2150 4158 vestro

547 4173 735 4234 labore
763 4181 1096 4258 innotuistis.
1126 4179 1246 4239 Iam
1277 4188 1424 4242 enim
1455 4186 1762 4258 lcgeramus
1802 4200 2022 4247 sanctos
2053 4193 2151 4248 do-

547 4275 727 4326 ctores
764 4257 842 4325 ita
891 4274 1226 4342 exposuisse,
1274 4277 1420 4346 quod
1465 4257 1734 4348 interpres
1785 4279 1906 4336 ideo
1953 4281 2150 4352 plurali

547 4371 778 4417 numero
821 4364 1112 4436 sanguines
1139 4367 1192 4421 in
1221 4369 1325 4422 hoc
1371 4367 1491 4424 loco
1535 4372 1829 4438 transtulit,
1867 4375 1997 4444 quia
2025 4393 2150 4432 sen-

546 4467 670 4508 sum
696 4455 1060 4526 evangelistae,
1092 4475 1253 4528 quem
1279 4459 1372 4514 ille
1412 4461 1468 4514 in
1509 4448 1698 4518 Grazco
1723 4460 1906 4531 edidit,
1941 4467 2044 4524 hoc
2087 4469 2142 4524 in

2255 1973 2402 2030 runt,
2435 1965 2718 2036 dixerunt;
2745 1985 2844 2025 nos
2871 1979 3001 2029 vero
3029 1987 3318 2046 pauperes,
3349 1985 3410 2032 ut
3439 1990 3733 2050 possumus
3757 1984 3863 2052 per

2255 2057 2538 2126 angustias
2563 2059 2854 2116 verborum
2889 2065 3130 2120 tenuiter
3157 2081 3221 2123 ea
3259 2080 3377 2138 qua:
3407 2070 3656 2126 volumus
3683 2072 3862 2142 signi-

2255 2146 2498 2204 ﬁcamus.
2549 2150 2616 2204 Et
2661 2155 2708 2207 si
2754 2153 2970 2209 illorum
3031 2155 3126 2212 lilii
3175 2173 3395 2226 sumus,
3441 2159 3496 2216 et
3543 2159 3612 2216 ab
3663 2178 3862 2219 eorum

2255 2253 2416 2295 sensu
2451 2249 2506 2296 et
2543 2241 2650 2298 fide
2678 2259 2787 2299 non
2813 2261 3094 2304 erramus:
3123 2251 3267 2320 quod
3309 2253 3363 2306 in
3389 2251 3495 2308 illis
3525 2259 3771 2320 amatur,
3807 2254 3863 2310 in

2255 2332 2416 2388 nobis
2448 2333 2746 2402 toleretur;
2779 2345 2944 2409 atque
2987 2341 3034 2394 is
3068 2341 3156 2396 cui
3188 2341 3464 2412 loquimur
3506 2361 3726 2401 sensum
3780 2353 3866 2402 at-

2255 2426 2462 2492 tendat,
2491 2441 2598 2482 non
2639 2429 2833 2493 verba,
2865 2432 2924 2486 ut
2955 2431 3141 2487 audiat
3169 2435 3462 2489 consilium
3501 2432 3749 2506 Apostoli
3779 2435 3866 2494 di-

2255 2516 2468 2571 centis:
2505 2517 2634 2572 Noli
2663 2521 2829 2576 verbis
2859 2523 3189 2578 contendere.
3223 2521 3293 2578 Et
3334 2543 3347 2580 :
3383 2524 3466 2580 Ne
3501 2525 3567 2582 sit
3597 2527 3862 2601 languens

2255 2607 2395 2661 circa
2423 2611 2734 2680 qmrstiones
2759 2621 2807 2666 et
2831 2629 3033 2684 pugnas
3058 2615 3351 2682 verborum,
3381 2631 3445 2672 ex
3465 2619 3655 2690 quibus
3676 2622 3864 2676 oriun-

2255 2707 2342 2752 tur
2392 2700 2636 2768 incidite,
2687 2705 3064 2774 contentiones,
3117 2707 3474 2780 blasphemia,
3525 2713 3857 2784 suspiciones

2257 2790 2434 2846 νηπίαν.

2324 2879 2415 2936 1x.
2456 2882 2591 2940 Illud
2617 2901 2746 2942 vero
2787 2890 2932 2959 quod
2957 2885 3084 2963 'post
3120 2893 3291 2951 verba
3331 2894 3618 2952 doctorum
3667 2898 3862 2956 verbis

2253 2974 2456 3030 veStris
2481 2975 2872 3044 subjunxistis:
2909 3002 2928 3034 ‹
2957 2981 3037 3039 Ita
3066 2985 3232 3058 igitur
3259 2987 3363 3043 hoc
3393 2996 3500 3044 uno
3525 2986 3696 3046 modo
3731 3005 3866 3062 apo-

2255 3065 2379 3120 stoli
2415 3075 2470 3120 et
2494 3071 2840 3140 evangelistze
2861 3081 2916 3129 et
2941 3078 3110 3133 totius
3139 3077 3334 3135 divinae
3361 3079 3658 3152 Scriptura:
3681 3083 3866 3139 inter-

2255 3167 2462 3228 pretes,
2497 3174 2622 3218 eum
2657 3168 2944 3225 catholicis
2973 3171 3091 3243 ejus
3131 3177 3556 3244 exposit'oribus,
3585 3178 3654 3233 ab
3683 3177 3868 3249 impe-

2257 3250 2398 3307 ritia:
2442 3253 2716 3310 calumnia
2763 3261 3166 3318 rationabiliter
3191 3260 3406 3321 defendi
3453 3277 3679 3338 queunt.
3712 3268 3866 3326 Nihil

2257 3343 2406 3398 enim
2433 3346 2662 3402 omnino
2685 3359 2876 3406 contra
2908 3354 3148 3424 regulam
3183 3360 3549 3427 grammaticce
3571 3351 3861 3429 dixerunt,

2258 3437 2404 3508 quod
2444 3455 2554 3496 non
2596 3443 2674 3498 ita
2721 3455 2814 3499 aut
2859 3449 3001 3504 ratio
3038 3450 3240 3521 aliqua,
3275 3453 3368 3508 aut
3409 3467 3572 3512 causa
3610 3459 3866 3528 mySterii

2259 3530 2368 3586 dici
2410 3535 2670 3604 exigeret.
2695 3557 2714 3590 ι
2744 3535 2828 3594 Ab
2860 3539 2944 3596 his
2972 3544 3152 3600 verbis
3183 3548 3381 3603 vestris
3415 3550 3644 3604 multum
3681 3551 3866 3606 eccle-

2259 3625 2464 3681 siastici
2508 3629 2758 3688 doctores
2789 3633 3088 3691 dissonant.
3137 3637 3428 3710 Exiguitati
3471 3649 3673 3696 nostrae
3707 3641 3866 3698 vide-

2261 3723 2351 3772 tur
2373 3721 2517 3788 quod
2545 3737 2721 3792 neque
2749 3741 2846 3780 vos
2874 3743 3047 3798 neque
3071 3745 3170 3784 nos
3195 3730 3262 3786 de
3287 3731 3390 3786 hac
3418 3747 3477 3786 re
3504 3731 3718 3803 aliquid.
3735 3749 3864 3788 sen-

2255 3807 2363 3866 tire
2411 3821 2505 3867 aut
2549 3815 2728 3872 dicere.
2776 3817 3066 3886 debemus,
3115 3822 3220 3876 nisi
3257 3836 3320 3876 ea
3355 3837 3477 3892 qua:
3521 3823 3864 3882 orthndox'os

2257 3904 2549 3974 magistros
2578 3910 2818 3964 sensisse
2863 3920 2955 3966 aut
3001 3913 3202 3968 diaissc
3242 3913 3490 3984 legimus.
3528 3913 3637 3972 Ista
3675 3915 3862 3974 tamc’n

2260 3993 2590 4054 inconcussa
2639 4009 2693 4054 et
2742 4001 2899 4057 ﬁrma
2953 4006 3250 4060 auctoritas
3301 4006 3518 4062 illorum
3565 4005 3860 4064 ‘auctoruth

2254 4096 2360 4154 est,
2392 4103 2494 4160 per
2514 4105 2650 4160 quos
2679 4091 2912 4162 Spiritus
2937 4103 3157 4152 sanctus
3180 4096 3313 4151 Novi
3341 4105 3396 4152 et
3421 4092 3633 4156 Veteris
3663 4099 3862 4156 Testa-

2253 4181 2422 4234 menti
2457 4182 2728 4238 volumina
2759 4183 3026 4254 confecit;
3073 4192 3140 4246 de
3191 4191 3389 4261 quibus
3439 4189 3567 4246 nulli
3613 4194 3862 4262 unquam

2251 4272 2458 4327 homini
2507 4273 2660 4330 licuit
2709 4286 2802 4332 ant
2847 4275 2975 4335 licet
3001 4285 3240 4352 cegitare
3275 4283 3355 4338 vri
3407 4299 3570 4339 unam
3611 4285 3858 4342 litteram

2249 4363 2408 4418 aliter
2436 4379 2530 4422 eos
2557 4368 2738 4423 dicere
2775 4367 3024 4428 ἀεὶ.ιυὶεώ
3060 4391 3222 4444 quam
3255 4378 3371 4430 dixe
3385 4386 3543 4443 runt,
3589 4367 3856 4448 quoniam

2249 4471 2439 4512 eorum
2468 4463 2765 4518 auctoritas
2797 4463 3004 4521 firmior
3045 4481 3128 4524 est
3158 4469 3296 4522 male
3340 4486 3401 4525 ac
3451 4478 3612 4525 terra.
3657 4479 3884 4527 δερ-νηί

543 4537 742 4601 Latino
772 4543 1074 4601 transferre
1103 4545 1262 4600 aliter
1306 4563 1415 4603 non
1465 4551 1668 4621 potuit;
1715 4571 1822 4609 non
1865 4557 2007 4612 sicut
2047 4576 2144 4615 vos
2169 4581 2223 4642 D
2249 4551 2376 4608 dum
2416 4555 2558 4624 (μιοά
2609 4555 2872 4614 DOminUS
2909 4559 3025 4613 ait:
3061 4557 3300 4616 Facilius
3331 4575 3404 4616 cst
3452 4563 3640 4617 calum
3667 4573 3716 4618 el
3749 4579 3861 4618 ειν·-

547 4631 729 4692 dicitis
757 4647 1044 4710 propterea
1077 4634 1234 4706 fecit,
1262 4641 1392 4711 quia
1428 4643 1482 4697 in
1527 4642 1716 4701 Grazco
1743 4647 2030 4718 pluraliter
2063 4653 2146 4708 in-

545 4727 714 4782 venit.
746 4727 881 4784 Nam
910 4741 1036 4786 sunt
1077 4731 1248 4787 multa
1292 4735 1512 4790 nomina
1553 4754 1672 4808 qtae
1704 4739 1758 4794 in
1790 4740 2020 4798 Ilebrreo
2063 4745 2144 4799 vel

546 4816 738 4874 Grzeco
765 4822 991 4880 alterius
1015 4818 1232 4895 generis
1259 4813 1354 4880 aut
1382 4813 1590 4884 ti'umcri
1616 4845 1738 4886 esse
1767 4833 2140 4900 inveniuntur,

542 4924 656 4966 non
693 4910 810 4980 ejus
835 4914 988 4982 cujus
1014 4915 1142 4972 sunt
1179 4911 1234 4971 in
1283 4918 1556 4977 Latinum.
1589 4923 1701 4978 Nec
1747 4931 1927 4979 tamen
1971 4927 2142 4979 inter-

543 5017 672 5074 pres
707 5003 895 5059 eodem
926 5019 1124 5077 genere
1165 5026 1272 5080 quo
1299 5010 1533 5080 invenit,
1583 5013 1882 5070 transferre
1908 5017 2140 5083 curavit,

535 5091 672 5164 'quia
699 5090 844 5150 nulla
880 5095 1178 5156 necessitas
1218 5092 1492 5174 compulit.
1538 5092 1710 5170 Sicut,
1744 5102 1893 5161 verbi
1935 5109 2132 5178 gratia,

544 5185 774 5258 Spiritus
803 5191 946 5260 apud
977 5189 1256 5263 Hebraeos,
1289 5213 1486 5269 genere
1535 5197 1734 5251 dicitur
1765 5195 2044 5267 feminino,
2081 5199 2136 5258 et

541 5289 668 5332 cum
697 5279 769 5334 sit
812 5280 867 5335 in
907 5281 1101 5340 Latino
1127 5289 1344 5358 generis
1390 5285 1699 5353 masculini,
1741 5289 1918 5346 nullus
1961 5283 2133 5350 inter-

541 5376 752 5440 pretum
783 5371 1108 5435 Hebraicum
1148 5372 1382 5452 sequens
1410 5397 1607 5453 genere
1637 5365 1897 5441 feminino
1929 5387 1986 5444 in
2029 5387 2136 5447 La-

541 5461 658 5518 tino
680 5479 882 5535 ponere
907 5472 1154 5538 tentavit,
1181 5473 1348 5526 etiam
1375 5471 1497 5525 cum
1532 5473 1834 5530 necessitas
1859 5492 2128 5547 posceret.

539 5546 679 5611 Nam
713 5557 989 5617 invenitur
1039 5562 1096 5617 in
1140 5559 1441 5630 Scripturis
1486 5559 1576 5617 ubi
1627 5546 1876 5635 Spiritus
1911 5581 2132 5630 sanctus

2251 4663 2364 4700 ram
2411 4648 2671 4714 transire,
2715 4667 2874 4722 quam
2915 4651 2980 4706 de
3029 4653 3138 4724 lege
3185 4672 3348 4709 unum
3393 4658 3593 4726 apicem
3639 4663 3854 4713 curiae.

2246 4737 2377 4793 Post
2402 4740 2501 4792 hos
2525 4755 2740 4811 quoque
2765 4741 2920 4798 lirnia
2945 4747 3242 4803 auctoritas
3271 4758 3352 4802 est
3383 4746 3738 4819 Septuaginta
3768 4751 3858 4807 ln-

2248 4837 2570 4898 terpretum,
2603 4847 2739 4901 quos
2769 4843 2984 4891 constat
3029 4845 3157 4891 ante
3204 4841 3495 4894 adventura
3538 4841 3749 4896 Dmnini
3803 4842 3858 4896 fe

2249 4919 2517 4978 Hebraico
2543 4924 2596 4978 in
2635 4925 2885 4982 Grmcum
2932 4929 3204 5002 eloquium
3236 4929 3402 4987 Vetus
3437 4929 3856 4990 Testamentum

2245 5016 2609 5073 transtulisse.
2665 5020 2984 5094 Interpretis
3031 5039 3245 5095 quoque
3281 5022 3466 5122 Lnostri
3527 5025 3851 5122 Hieronymi

2237 5108 2542 5179 presbyteri
2569 5111 2743 5168 fidelis
2779 5122 2864 5168 est
2885 5113 3071 5180 editio,
3113 5131 3234 5187 quae
3265 5101 3330 5173 de
3357 5111 3628 5174 Hebraico
3653 5119 3713 5174 in
3735 5101 3842 5174 'l.a-

2237 5200 2410 5254 tinum
2439 5203 2725 5275 magnifice
2755 5205 3053 5262 transtulit.
3105 5206 3351 5266 Fuerunt
3378 5211 3643 5280 praeterea
3675 5210 3850 5282 aliqui

2235 5297 2529 5351 venerandi
2559 5299 2817 5355 catholici
2854 5299 3184 5370 interpretes
3221 5283 3439 5370 Latini,
3487 5306 3580 5378 qui
3609 5301 3848 5378 Septua-

2231 5379 2388 5466 ginta
2425 5395 2720 5450 editionem
2758 5396 2812 5452 in
2841 5397 3094 5452 Latinum
3121 5399 3517 5458 transtulerunt
3543 5405 3845 5476 eloquium.

2235 5480 2408 5570 Extra
2452 5487 2552 5542 hos
2598 5487 2782 5558 itaque
2827 5489 2980 5543 multi
3019 5487 3235 5545 fuerunt
3279 5493 3603 5566 interpretes
3653 5513 3848 5570 repre-

2236 5560 2556 5647 hensibiles,
2581 5589 2636 5636 et
2657 5580 2804 5650 juste
2829 5583 3176 5654 reprehensi;
3206 5579 3348 5642 sicut
3373 5560 3448 5644 illi
3478 5560 3836 5650 famosissimi

1903 5663 2181 5730 BALUle
2209 5673 2444 5732 NOTAE.

613 5758 640 5788 ι
676 5743 1333 5838 .Testimonio‘Prisciolni,
1374 5747 1606 5838 insignis
1631 5741 1993 5838 grammatici,
2039 5770 2132 5838 qui

537 5819 796 5876 manibus
851 5819 1523 5894 emditorumjiominurn
1570 5819 1806 5890 maxime
1857 5819 2135 5894 tereba‘iur

545 5905 646 5962 per
667 5905 764 5949 eas
791 5899 1159 5962 tempestates.
1191 5892 1344 5953 Hunc
1373 5913 1536 5969 porro
1563 5901 1742 5959 locum
1770 5906 1951 5962 laudat
1973 5892 2136 5964 etiam

2247 5771 2429 5846 _Lupus
2460 5769 2829 5846 Ferrariensis
2864 5772 2918 5827 in
2951 5773 3177 5846 epistola
3195 5778 3285 5846 54,
3312 5788 3368 5836 et
3401 5779 3456 5836 in
3480 5781 3620 5841 libro
3644 5765 3716 5842 de
3745 5785 3837 5844 tri.

2241 5843 2348 5899 bus
2374 5843 2797 5914 quaestionilms,
2833 5859 2956 5916 pag.
2984 5843 3124 5902 "235.
