4088 6344
259 417 370 478 £65

1359 426 1489 486 LIB.
1527 380 1903 519 armastis
1936 386 2399 492 rnsnnctsun.

3420 447 3521 507 166

249 538 584 610 interpretes
604 534 962 611 judaizantes;
988 550 1045 599 et
1067 542 1325 611 bsereuci,
1354 545 1590 617 llAquila
1612 549 1843 614 scilicet,
1870 549 1924 610 Α
1948 548 2219 604 mentibus
2267 550 2632 620 apostolorum
2670 552 2901 622 infudit,
2938 557 3298 617 rusticitatem
3343 567 3522 635 petitis

246 638 305 687 et
335 630 660 699 Theodotio,
686 646 754 691 ac
794 632 1181 707 Symmachus;
1212 653 1279 693 ex
1305 639 1501 709 quibus
1529 654 1670 697 unus
1711 642 1840 696 fecit

248 723 387 779 duas
418 724 686 780 editiones
724 725 870 781 inter
896 742 954 783 se
979 728 1339 786 dissonantes.
1387 731 1630 788 Fuerunt
1673 734 1835 787 etiam

244 814 431 870 Latini
463 815 651 887 aliqui,
677 828 813 888 quos
850 818 1212 893 Hieronymus
1234 822 1519 895 presbyter
1544 825 1838 895 reprehen-

244 908 329 963 dit
362 908 421 963 in
450 908 560 964 illis
603 910 789 981 utique
814 912 1243 983 praefationibus,
1273 928 1409 985 quas
1444 916 1738 987 prmposuit
1766 917 1834 970 li-

242 999 364 1057 bris
406 1016 546 1072 quos
573 1003 639 1059 de
664 1002 868 1059 Gracia
895 1004 952 1059 in
980 1004 1235 1061 Latinum
1278 1014 1372 1061 aut
1418 1007 1713 1075 transtulit,
1743 1012 1837 1062 aut

240 1093 597 1161 emendavit;
652 1095 792 1152 sicut
848 1097 905 1155 in
960 1097 1049 1152 illa
1104 1098 1426 1169 praefatibne
1475 1102 1639 1171 quam
1678 1099 1833 1170 juxta

241 1182 493 1241 Grecam
522 1189 952 1245 emendationem
978 1190 1035 1245 in
1064 1189 1205 1246 libro
1242 1188 1387 1248 beati
1414 1191 1516 1248 Job
1550 1194 1707 1261 fecit,
1750 1209 1835 1250 as-

240 1294 433 1334 serens
455 1280 601 1350 quod
626 1280 770 1336 idem
808 1281 946 1337 liber
977 1283 1120 1353 apud
1145 1283 1368 1341 Latinos
1397 1286 1473 1341 ita
1495 1295 1614 1342 erat
1640 1288 1833 1343 decur-

242 1378 411 1437 tatus,
441 1376 827 1443 conrosuﬁue,
857 1381 921 1428 ut
961 1373 1261 1431 fteditatem
1301 1388 1453 1433 suam
1493 1372 1707 1450 publice
1754 1380 1832 1435 le-

238 1464 494 1534 gentibus
520 1466 851 1521 ostenderet.
874 1464 969 1526 Sic
991 1469 1157 1523 etiam
1186 1469 1243 1524 in
1270 1470 1391 1526 aliis
1410 1470 1543 1527 locis
1566 1472 1828 1542 quosdam

238 1556 592 1625 reprehendit
616 1557 963 1630 interpretes.

308 1644 383 1699 Ι.
411 1644 537 1701 Haec
560 1645 631 1702 de
663 1648 1050 1718 interpretibus
1077 1650 1280 1707 idcirco
1307 1653 1381 1707 ita
1416 1651 1666 1722 dicimus,
1697 1656 1826 1726 quia

240 1737 488 1807 magistri
523 1737 789 1808 speciales
814 1755 923 1795 non
952 1746 1139 1798 'omnes
1166 1745 1445 1813 aequaliter
1482 1752 1822 1817 receperunt,

237 1837 336 1886 aut
366 1828 733 1886 indifferenter
759 1831 1134 1900 laudaverunt,
1168 1836 1310 1891 sicut
1343 1852 1439 1893 vos
1468 1838 1649 1894 facere
1677 1841 1825 1896 vide-

1936 650 2034 707 per
2070 655 2164 697 eos
2197 657 2358 711 quam
2388 644 2724 702 nobilitatem
2763 649 3180 722 uniuscujusque
3223 655 3418 728 linguze
3440 660 3520 716 los

1938 738 2122 786 cutum
2154 746 2298 791 esse.
2324 755 2344 788 ι
2390 736 2516 793 Haec
2552 754 2660 809 qua
2704 740 3003 797 intentione
3030 744 3297 814 dixeritis,
3341 750 3520 809 nullus

1936 835 2122 878 eorum
2155 826 2246 894 qui
2274 828 2445 884 otiosa
2472 828 2619 900 loqui
2648 831 2858 898 timent,
2890 834 3218 907 intelligent;
3250 840 3353 895 nisi
3380 840 3521 900 forte

1934 912 2039 968 hoc
2060 915 2225 970 etiam
2263 918 2419 974 nobis
2443 922 2649 979 crimen
2679 927 3064 994 superadditis,
3096 930 3251 999 quasi
3298 934 3516 989 rusticn-

1935 1005 2063 1061 tatis
2088 1010 2547 1079 reprehendamus
2595 1014 2859 1087 Spiritum
2887 1030 3155 1077 sanctam.
3188 1022 3339 1090 Quod
3369 1026 3415 1081 si
3442 1026 3518 1082 ita

1934 1106 2039 1165 est,
2070 1100 2124 1154 id
2152 1110 2259 1168 est,
2290 1103 2383 1157 tali
2414 1104 2711 1164 intentione
2755 1109 2857 1169 ista
2897 1111 3095 1178 dicitis,
3127 1115 3260 1185 quid
3302 1116 3373 1172 ad
3399 1116 3516 1174 htec

1933 1194 2265 1263 respondere
2308 1199 2599 1268 possimus,
2631 1203 2736 1257 nisi
2764 1222 2776 1258 :
2809 1204 2929 1276 ipse
2971 1209 3306 1265 occultorum
3335 1212 3520 1284 cogni-

1934 1289 2043 1350 tor,
2091 1285 2336 1341 cordium
2384 1290 2559 1356 testis,
2608 1300 2881 1350 scrutator
2925 1312 3137 1365 renum,
3180 1302 3519 1372 omnipotens

1932 1373 2076 1432 Deus
2106 1378 2306 1446 videat,
2352 1389 2407 1436 et
2448 1382 2650 1439 audiat.
2690 1386 2859 1442 Extra
2887 1389 2991 1444 hoc
3020 1396 3198 1446 autem
3229 1395 3370 1464 quod
3414 1395 3520 1452 tale

1930 1470 2272 1543 sacrilegium
2294 1472 2452 1530 nobis
2480 1475 2778 1549 impingere
2803 1481 3080 1548 videmini,
3104 1488 3329 1554 apparet
3353 1487 3518 1543 etiam

1928 1562 1986 1616 in
2015 1561 2101 1618 his
2134 1565 2316 1620 verbis
2344 1568 2541 1623 vestris
2580 1572 2724 1639 quod
2753 1571 2829 1626 ita
2857 1574 3105 1630 sentiatis
3131 1577 3198 1633 de
3239 1580 3517 1648 prophetis

1927 1661 1982 1708 et
2012 1655 2287 1725 apostolis,
2319 1666 2380 1712 ut
2423 1674 2530 1714 non
2559 1659 2734 1716 solum
2763 1674 2982 1720 sensum
3010 1668 3432 1735 praedicationis,
3462 1678 3521 1726 et

1926 1746 2115 1803 modos
2137 1749 2223 1805 vel
2248 1760 2566 1821 argumenta
2595 1752 2893 1811 dictibnum
2926 1756 3159 1829 Spiritus
3190 1770 3410 1818 sanctus
3435 1763 3517 1819 eis

1925 1837 2294 1907 inspiraverit,
2347 1844 2441 1897 sed
2487 1843 2653 1898 etiam
2697 1845 2809 1915 ipsa
2862 1848 3165 1918 corporalia
3206 1852 3370 1906 verba
3418 1866 3515 1908 ex-

235 1923 370 1979 mini
389 1963 407 1991 ,
434 1938 610 1995 neque
654 1926 906 1983 omnibus
937 1929 1219 1999 aequaliter
1250 1930 1413 1986 ﬁdem
1441 1931 1821 1988 adhibuerunt.
1852 1924 1900 1984 B
1931 1930 2196 1986 trinsecus
2224 1932 2279 1987 in
2304 1947 2402 1988 ora
2441 1934 2656 1991 illorum
2683 1937 2799 2007 ipse
2827 1938 3162 1996 formaverit.
3189 1941 3341 2009 Quod
3370 1944 3414 1998 si
3440 1944 3518 2001 ita

234 2014 312 2072 De
338 2018 741 2088 expositoribus
780 2018 997 2092 quodue
1037 2023 1207 2079 multo
1235 2014 1398 2096 aliter
1424 2034 1588 2096 quam
1615 2041 1713 2081 vos
1744 2027 1826 2082 di-

234 2110 381 2171 citis.
407 2110 599 2169 beatus
635 2090 817 2170 Pater
839 2090 1172 2188 Augustinus
1218 2090 1514 2176 tenetidtim
1557 2122 1819 2177 tradidit:

233 2202 329 2274 qui
361 2218 472 2260 non
504 2207 681 2262 solum
708 2209 776 2265 de
804 2210 910 2266 illis
953 2213 1045 2283 qui
1079 2213 1392 2285 reprehensi
1427 2224 1554 2271 sunt
1584 2228 1616 2272 a
1643 2218 1825 2273 docto-

232 2294 406 2358 ribus,
436 2297 601 2353 etiam
642 2299 709 2356 de
738 2302 1162 2372 probatissimis,
1190 2296 1244 2360 in
1270 2305 1409 2362 libro
1435 2304 1595 2378 quem
1636 2308 1825 2363 adver-

232 2402 326 2444 sus
350 2387 616 2447 Faustum
657 2392 1009 2451 Manichaeum
1050 2398 1285 2467 scripsit,
1315 2396 1391 2453 ita
1421 2399 1551 2455 dicit
1577 2418 1590 2453 :
1625 2418 1643 2451 ε
1670 2399 1824 2467 Quod

232 2494 406 2552 genus
447 2478 783 2552 litterarum,
822 2487 878 2542 id
923 2492 1040 2555 est,
1080 2492 1509 2562 expositionum,
1546 2506 1652 2547 non
1699 2508 1824 2547 cum

232 2572 490 2629 credendi
516 2578 865 2647 necessitate,
894 2581 988 2636 sed
1013 2596 1137 2636 cum
1166 2582 1445 2650 judicandi
1472 2584 1723 2643 libertate
1748 2584 1825 2640 lc-

232 2668 469 2739 gendum
502 2678 607 2725 est.
650 2670 763 2727 Soli
806 2666 1038 2744 namque
1083 2675 1277 2731 dirinae
1312 2677 1655 2735 auctoritatis
1698 2677 1825 2735 libri

231 2756 446 2830 legendi
467 2756 615 2829 sunt,
641 2777 749 2817 non
792 2779 912 2819 cum
933 2764 1208 2834 judieandi
1250 2767 1521 2835 libertate,
1564 2769 1659 2826 sed
1700 2782 1825 2826 cum

231 2851 492 2906 credendi
526 2855 867 2911 necessitate.
902 2856 1077 2923 Quam
1118 2860 1350 2915 tbrmam
1390 2861 1675 2932 Apostolus
1715 2870 1827 2916 tra-

232 2941 375 2998 didit
418 2943 914 3017 dicens:Spiritus'
940 2948 1099 3004 nolite
1136 2953 1483 3024 exstinguere,
1529 2953 1824 3024 prophetias

231 3031 395 3086 nolite
423 3044 684 3104 spernere,
708 3040 886 3093 omnia
908 3050 1084 3095 autem
1106 3043 1342 3113 probate,
1363 3045 1503 3115 quod
1529 3046 1720 3099 bonum
1749 3052 1826 3099 est

231 3132 423 3191 tenete,
452 3127 517 3181 ab
545 3130 688 3185 omni
711 3133 879 3202 specie
905 3134 1048 3188 inata
1077 3134 1329 3192 abstinete
1355 3154 1463 3193 vos.
1495 3137 1554 3192 In
1583 3140 1685 3193 hoc
1706 3138 1826 3193 loco

230 3217 517 3286 apostolus
543 3217 741 3275 Paulus
767 3224 1085 3292 prophetias
1111 3223 1253 3280 dixit
1279 3227 1555 3282 doctrinas
1580 3235 1635 3282 et
1659 3242 1826 3297 expo-

232 3308 467 3365 litiones
494 3307 801 3377 doctorum,
831 3316 972 3368 sicut
999 3315 1125 3370 alibi
1160 3316 1401 3371 insinuat
1430 3312 1616 3372 dicens
1640 3336 1654 3371 :
1686 3317 1824 3383 Pro-

234 3400 403 3471 pheta
422 3400 530 3455 duo
554 3411 647 3457 aut
674 3412 778 3459 tres
798 3404 1001 3473 dicant,
1027 3414 1075 3459 et
1101 3409 1277 3461 caeteri
1301 3409 1594 3477 diiudicent
1622 3408 1673 3479 (1
1699 3407 1822 3463 Cor.

236 3508 354 3561 xiv,
382 3492 490 3565 29).
516 3496 636 3553 Non
666 3497 811 3553 illam
840 3500 1180 3570 prophetiam
1205 3501 1271 3556 de
1299 3510 1404 3571 qua
1435 3502 1709 3572 apostolus
1734 3502 1828 3557 Pe-

236 3593 359 3641 trus
384 3587 494 3641 ait:
526 3587 653 3643 Non
676 3586 816 3644 enim
842 3590 1107 3645 voluntate
1145 3591 1379 3646 humana
1418 3592 1584 3647 allata
1612 3602 1689 3647 est
1727 3593 1828 3648 ali-

231 3680 449 3751 quando
476 3681 768 3751 prophetia,
794 3680 885 3737 sed
916 3681 1120 3753 Spiritu
1165 3692 1348 3739 sancto
1392 3685 1636 3757 inspirati
1666 3685 1827 3740 locuti

233 3781 360 3827 sunt
388 3770 558 3827 sancti
584 3771 683 3827 Dei
708 3774 965 3828 homines.
991 3794 1012 3827 ι

303 3863 399 3921 XI.
426 3863 554 3921 Haec
580 3866 763 3922 omnia
802 3867 1006 3923 idcirco
1038 3867 1291 3936 dicimus,
1314 3876 1375 3924 ut
1402 3876 1663 3940 appareat
1700 3869 1826 3941 quia

233 3972 408 4032 quam
436 3957 636 4027 injuste
662 3973 695 4015 a
724 3959 878 4015 vobis
918 3960 1293 4029 criminamur,
1335 3978 1460 4018 cum
1510 3962 1690 4017 dicitis
1730 3976 1829 4017 nos

232 4052 663 4124 reprehensores
690 4054 1060 4125 apostolorum
1088 4063 1146 4111 et
1171 4056 1473 4111 divinarum
1521 4056 1830 4126 Scriptura-

230 4158 370 4200 rum
407 4156 543 4211 esse,
584 4150 697 4201 tam
740 4147 941 4218 injuste
978 4148 1063 4202 vel
1102 4147 1283 4219 potius
1309 4148 1340 4189 ι’
1371 4142 1537 4203 multo
1578 4146 1830 4216 injustius

232 4248 589 4308 quoscunque
618 4239 944 4311 interpretes
976 4244 1139 4312 atque
1172 4242 1508 4312 expositores
1538 4243 1832 4312 coiequatis

230 4330 502 4401 apostolis
522 4332 579 4387 et
618 4322 980 4403 evangelistis,
1010 4348 1134 4389 cum
1177 4334 1563 4406 Symmachum
1590 4344 1644 4391 et
1685 4333 1830 4390 Pau-

233 4422 352 4477 lum
384 4431 442 4478 et
477 4423 763 4495 Dydimum
793 4432 849 4479 et
884 4424 1148 4482 Joannem
1190 4442 1295 4481 una
1326 4426 1639 4483 defensione
1670 4428 1832 4482 indif-

235 4511 545 4583 ferentique
573 4514 732 4571 laude
777 4516 968 4588 dignus
1007 4517 1226 4573 ducitis.
1271 4517 1479 4573 Bonum
1522 4525 1605 4573 est
1649 4533 1832 4574 recor-

1930 2020 2164 2084 sentitis,
2188 2032 2391 2092 quanta
2417 2026 2725 2084 absurditas
2746 2039 3003 2099 sequetur
3023 2033 3145 2103 quis
3170 2033 3517 2093 dinumerare

1927 2114 2161 2183 poterit?
2186 2116 2254 2171 Et
2286 2118 2343 2173 in
2370 2120 2562 2189 primis
2598 2122 2839 2192 quidem,
2868 2132 2929 2179 ut
2966 2130 3124 2181 caute
3159 2128 3399 2185 scientias
3426 2143 3519 2185 ve-

1928 2211 2055 2258 strae
2102 2203 2406 2275 loquamur,
2446 2212 2809 2268 recordamini
2861 2215 2992 2285 quid
3036 2216 3245 2288 Moyses
3291 2220 3519 2275 Domino

1927 2294 2092 2361 dicat,
2123 2311 2248 2352 cum
2281 2313 2340 2354 se
2374 2311 2663 2359 excusaret
2697 2319 2768 2360 ne
2809 2305 2876 2360 ad
2905 2305 3245 2364 Pharaonem
3276 2311 3519 2367 mittere-

1927 2394 2039 2455 tur,
2071 2404 2325 2447 asserens
2350 2406 2412 2449 se
2453 2395 2670 2466 gracilis
2712 2412 2833 2452 esse
2878 2400 3031 2455 vocis
3072 2409 3128 2455 et
3160 2400 3519 2471 impeditioris

1927 2477 2142 2552 linguae.
2176 2482 2273 2538 Cui
2321 2485 2581 2542 Dominus
2615 2502 2958 2559 nequaquam
2997 2488 3519 2561 respondit,.Menti-

1928 2573 2034 2640 ris;
2080 2576 2176 2630 sed
2204 2582 2450 2632 annuens
2474 2579 2801 2648 obsecranti,
2829 2582 2907 2635 ait
2931 2600 2944 2635 :
2972 2582 3110 2637 Ecce
3136 2584 3315 2638 Aaron
3352 2586 3521 2655 frater

1928 2674 2072 2731 tuus,
2099 2667 2208 2720 scio
2235 2668 2374 2739 quod
2403 2669 2646 2741 eloquens
2678 2673 2787 2726 sit:
2824 2674 2930 2742 ipse
2964 2675 3062 2727 erit
3085 2672 3334 2745 propheta
3359 2685 3517 2731 tuus:

1927 2762 1985 2808 tu
2014 2754 2243 2826 loqueris
2285 2758 2355 2812 ad
2397 2775 2538 2825 eum,
2568 2769 2617 2814 et
2651 2760 2740 2815 ille
2774 2760 3016 2833 loquetur
3052 2763 3121 2817 ad
3160 2764 3514 2820 Pharaonem.

1925 2843 2204 2902 Attendite
2226 2848 2352 2919 quia
2382 2849 2430 2905 si
2458 2851 2752 2906 secundum
2781 2867 2877 2907 vos
2904 2852 3020 2923 ipsa
3063 2854 3227 2909 verba
3263 2852 3518 2926 corpora-

1927 2938 1997 2993 lia
2027 2940 2083 2994 in
2110 2955 2207 2995 ore
2235 2941 2406 3014 Moysi
2434 2945 2678 2999 sonantia
2708 2943 2825 3013 ejus
2854 2955 3032 3012 erant,
3063 2955 3120 3002 et
3145 2963 3249 3002 vox
3277 2964 3397 3019 quae
3425 2964 3514 3005 so-

1927 3032 2115 3096 nabat,
2144 3049 2311 3103 qaarc
2336 3044 2465 3105 ergo
2491 3037 2709 3107 gracilis
2749 3038 2889 3092 vox?
2917 3052 3085 3108 quare
3124 3054 3253 3110 ergo
3292 3039 3519 3110 impedi~

1928 3123 2034 3178 tier
2062 3127 2276 3181 sermo?
2298 3125 2483 3181 Aaron
2507 3135 2624 3182 erat
2651 3130 2913 3199 prepheta
2940 3129 3130 3199 Moysi,
3156 3129 3366 3200 Moyses
3392 3146 3519 3201 pro-

1926 3215 2088 3289 pheta
2121 3216 2236 3271 Dei.
2279 3214 2459 3284 Quare
2492 3230 2622 3289 ergo
2669 3218 2945 3274 robustior
2988 3235 3092 3273 vox
3126 3228 3180 3274 et
3218 3223 3520 3291 expeditior

1852 3266 1899 3360 C
1928 3266 2110 3362 get—{So
2121 3266 2936 3380 dii—propheta-Eoyslwquam
2984 3312 3037 3365 in
3080 3266 3345 3381 propheta
3390 3313 3524 3369 Dei?

1930 3398 2183 3471 Nunquid
2221 3401 2411 3457 ethoc
2450 3402 2667 3468 vitium,
2697 3402 3055 3474 gracilitatem
3101 3404 3313 3461 scilicet
3348 3405 3523 3473 vocis,

1929 3501 1987 3547 et
2029 3494 2228 3564 linguae
2277 3494 2685 3563 impeditionem
2732 3494 2958 3566 Spiritui
3005 3506 3194 3551 sancto
3232 3496 3525 3552 tribuetis?

1931 3583 2122 3639 Restat
2154 3600 2283 3654 ergo
2313 3594 2371 3639 ut
2408 3587 2548 3641 sicut
2575 3586 2880 3642 ministerio
2906 3587 3152 3659 angelico
3176 3602 3283 3643 vox
3322 3586 3522 3643 articu-

1929 3676 2039 3732 lata
2072 3677 2307 3732 formata
2340 3685 2425 3734 est
2452 3679 2510 3733 in
2536 3694 2634 3734 ore
2660 3679 2844 3744 asinae,
2890 3681 2965 3735 ita
2989 3678 3187 3736 dicatis
3216 3676 3438 3737 fermai'l
3464 3681 3521 3736 in

1930 3784 2027 3824 ore
2059 3770 2468 3839 prophetarum.
2496 3770 2564 3825 Et
2594 3777 2722 3827 tunc
2751 3771 2875 3826 talis
2910 3772 3075 3827 etiam
3102 3768 3410 3829 absurditas
3440 3787 3524 3829 se-

1931 3870 2143 3932 quetur,
2174 3871 2236 3916 ut
2265 3864 2311 3917 si
2349 3863 2443 3916 tali
2467 3864 2628 3918 modo
2654 3865 2820 3918 verba
2848 3873 2904 3919 et
2928 3874 3090 3919 voces
3114 3864 3405 3919 verborum
3432 3880 3524 3919 ac-

1931 3964 2223 4025 ceperunt,
2268 3969 2487 4011 sensum
2536 3956 2870 4026 ignorarent.
2910 3955 3021 4011 Sed
3049 3957 3190 4012 absit
3230 3957 3355 4011 talia
3383 3956 3518 4012 deli.

1932 4058 2178 4106 ramenta
2205 4050 2463 4120 cogitare.
2489 4048 2599 4104 Nos
2621 4049 2666 4103 si
2696 4048 2761 4104 de
2783 4048 3091 4119 eloquentia
3112 4048 3265 4103 Pauli
3292 4049 3524 4120 apostoli

1933 4144 2138 4214 aliquid
2181 4142 2438 4209 diximus,
2479 4145 2647 4198 verba
2699 4140 3010 4214 Hieronymi
3049 4142 3287 4198 doctoris
3339 4144 3523 4215 posui-

1932 4252 2072 4304 mus,
2111 4238 2308 4307 quibus
2337 4237 2390 4291 in
2418 4236 2651 4306 quodam
2681 4235 2801 4291 ioco
2831 4236 2907 4290 ait
2933 4254 2945 4289 :
2982 4253 3000 4286 ι
3034 4235 3134 4303 Qui
3164 4240 3356 4306 putant
3389 4237 3526 4291 Pau-

1933 4328 2045 4382 lum
2069 4328 2225 4397 juxta
2269 4328 2659 4394 humilitatem,
2694 4335 2885 4384 etnon
2928 4343 3057 4383 vere
3103 4329 3334 4393 disisse,
3367 4327 3436 4382 Et
3477 4328 3524 4383 si

1931 4423 2203 4492 imperitus
2231 4434 2348 4475 sum
2369 4428 2622 4485 sermone,
2648 4432 2751 4475 non
2778 4429 2951 4474 tamen
2972 4421 3211 4485 scientia,
3237 4418 3529 4474 defendant

1935 4513 2097 4582 hujus
2142 4512 2247 4567 loci
2282 4511 2745 4582 consequentiam.
2770 4532 2789 4566 ι
2832 4512 2899 4566 Ει
2942 4512 3141 4567 iterum
3178 4529 3191 4565 :
3240 4530 3259 4561 ι
3297 4510 3353 4565 Si
3395 4526 3525 4568 vero

235 4602 362 4659 dari
397 4604 691 4660 verborum
718 4604 967 4674 Domini,
1008 4609 1206 4678 quibus
1238 4609 1314 4663 ait
1340 4628 1351 4661 :
1382 4608 1572 4664 Nonne
1610 4611 1655 4664 εἰ
1698 4619 1831 4664 recte
1858 4671 1900 4678 _
1936 4606 2028 4675 qui
2057 4613 2239 4675 potest
2270 4605 2433 4659 etiam
2456 4602 2612 4673 juxta
2654 4603 2923 4659 sermonis
2967 4604 3179 4673 eloquia
3213 4610 3527 4659 contextum

236 4698 463 4768 σπίναι,
510 4706 560 4753 et
598 4708 704 4753 non
741 4706 874 4754 recte
913 4671 1180 4771 dijudicas
1226 4702 1492 4773 peccasti?
1538 4702 1639 4770 Qui
1686 4704 1831 4758 enim
1857 4671 1911 4731 D
1938 4671 2131 4753 docere
2154 4671 2474 4769 Apostolum
2504 4696 2671 4751 fuisse
2694 4696 3015 4766 perfectum,
3039 4671 3166 4748 etin
3189 4691 3323 4746 artis
3348 4707 3527 4763 gram-

235 4798 391 4846 recte
414 4790 588 4845 ciedit
625 4791 949 4848 catholicam
978 4793 1162 4860 ﬁdem,
1193 4800 1341 4850 recte
1369 4796 1587 4850 videtur
1611 4794 1829 4851 oil‘erre.

236 4881 351 4938 Sed
394 4883 442 4939 si
488 4885 901 4956 quibuscunque
948 4887 1259 4943 doctoribus
1302 4894 1396 4943 aut
1444 4889 1833 4959 interpretibus

235 4986 368 5029 cum
398 4974 659 5045 apostolis
681 4984 736 5030 et
760 4976 1110 5047 evangelistis
1134 4978 1397 5050 mqualem
1426 4980 1833 5036 venerationem

234 5065 455 5132 tribuit,
485 5076 593 5124 non
619 5074 769 5124 recte
796 5068 1007 5135 dividit,
1035 5074 1196 5139 atque
1219 5070 1344 5125 ideo
1368 5078 1577 5141 peccat.

308 5159 429 5215 Ill.
464 5160 596 5216 Post
638 5162 730 5216 illa
770 5177 890 5233 qua:
932 5164 1183 5232 superius
1209 5163 1354 5219 dicta
1383 5172 1511 5219 sunt
1537 5163 1701 5220 verba
1733 5179 1831 5220 no-

234 5258 382 5316 stra,
413 5250 697 5309 addidistis
724 5246 1003 5310 dicentes:
1041 5272 1059 5307 ι
1089 5254 1270 5325 Turpe
1306 5262 1390 5311 est
1431 5257 1578 5311 enim
1608 5256 1831 5312 credere

234 5339 509 5414 Spiritum
556 5342 839 5413 sanetum,
890 5346 982 5417 qui
1038 5346 1279 5403 omnium
1330 5349 1569 5420 gentium
1619 5348 1832 5420 linguas

1934 4793 2145 4848 maticze
2176 4792 2304 4847 vitia
2332 4806 2440 4845 non
2468 4790 2785 4856 incurrisse,
2817 4790 2907 4844 ille
2932 4787 3111 4857 potius
3135 4785 3525 4843 auscultandus

1933 4893 2036 4941 est.
2089 4884 2199 4939 Nos
2242 4884 2672 4953 quotiescunque
2719 4880 3057 4937 soloecismos
3101 4880 3197 4933 aut
3243 4879 3349 4935 tale
3393 4881 3525 4952 quid

1933 4979 2277 5041 adnotamtm,
2322 4988 2430 5032 non
2475 4974 2794 5045 Apostolum
2852 4970 3151 5041 pulsamns,
3193 4978 3255 5025 ut
3288 4972 3527 5028 malivoli

1934 5071 2313 5136 criminantur,
2355 5068 2450 5125 sed
2488 5068 2661 5140 magis
2692 5063 2934 5136 ApostOIi
2972 5068 3273 5120 assertores
3308 5070 3523 5131 Sumus;

1939 5165 2084 5235 quod
2111 5164 2370 5219 Hebraeus
2392 5176 2459 5217 ex
2490 5159 2730 5216 Hebraeis
2753 5154 2958 5228 absque
2980 5157 3237 5213 rhetorici
3261 5158 3527 5213 scribente

1937 5256 2136 5322 nitore,
2163 5256 2453 5311 verborum
2478 5249 2885 5321 compbsitionc,
2912 5256 2967 5304 et
2996 5249 3192 5320 eloquii
3220 5256 3523 5315 venustate,

1938 5362 2217 5420 nunquam
2247 5349 2315 5406 ad
2350 5348 2512 5405 iidem
2540 5343 2742 5401 Christi
2772 5350 2945 5399 totum
2974 5342 3231 5400 mundum
3278 5341 3527 5397 transdu—

1594 5480 1869 5539 BALUZII
1911 5478 2142 5563 noras.

308 5585 341 5616 ι
393 5572 607 5646 Aquila.
651 5573 874 5630 Carolus
919 5573 1144 5646 Magnus
1189 5574 1246 5630 in
1273 5572 1570 5645 Capitulari
1616 5577 1682 5631 de
1722 5593 1831 5631 non

230 5644 544 5728 aderandis
579 5646 903 5728 imaginibus
931 5644 1108 5728 libgmt,
1161 5661 1278 5728 cap:
1329 5644 1397 5699 i5
1431 5666 1442 5700 :
1479 5665 1496 5697 t
1526 5647 1677 5728 Nova
1708 5654 1834 5718 post

228 5715 584 5791 septuaginta
620 5717 633 5771 i
680 5715 975 5799 terpretes,
1013 5715 1437 5800 Theodotionem
1469 5726 1539 5800 .et
1582 5715 1833 5799 Symma-

230 5784 408 5846 chum
434 5784 491 5842 et
524 5786 568 5841 Α
612 5786 661 5845 ii'
688 5803 785 5851 am,
814 5844 821 5849 ,
838 5799 953 5857 sive
978 5794 1142 5851 etiam
1172 5787 1389 5844 beatum
1418 5784 1827 5861 Hieronymum,

230 5861 380 5914 lenis
402 5734 686 5914 απαξήῆϋῖ
712 5829 1015 5914 trahemus.
1068 5876 1087 5913 ι
1129 5854 1206 5914 De
1235 5846 1604 5914 Theodotione
1644 5876 1827 5914 porro.

230 5784 408 5846 etiam
434 5784 491 5842 ét
524 5786 568 5841 Α
612 5786 661 5845 't't'
688 5784 785 5851 ani,
814 5784 953 5857 sise
978 5784 1142 5851 etiam
1172 5787 1389 5844 beatum
1418 5784 1827 5861 Hieronymum,

230 5861 380 5934 legis
402 5784 686 5942 quaertﬁiiil!
712 5829 1015 5942 trahsiatio.
1045 5876 1087 5942 ε»
1129 5846 1604 5942 DeTheodotione
1644 5876 1827 5942 porro,

231 5930 349 6006 qua
386 5930 551 5989 tetate
594 5931 795 5990 vixerit
814 5970 829 5996 ,
868 5930 1133 5988 videndus
1174 5931 1261 5987 vir
1303 5930 1513 5990 clariss.
1564 5931 1831 5989 Henricus

1940 5568 2190 5635 Valesius
2228 5580 2282 5633 in
2311 5574 2753 5633 annotationibus
2784 5568 2851 5633 ad
2877 5568 3170 5633 Eusebium
3199 5573 3295 5630 lib.
3319 5590 3373 5643 v,
3402 5588 3523 5645 cap.

1938 5648 1973 5705 8
1994 5646 2135 5705 Hist.
2165 5649 2375 5705 Ecclcs.
3230 5671 3263 5699 ο

2009 5722 2034 5760 ιι
2072 5720 2242 5801 Μμιιο
2274 5720 2543 5801 iniustius.
2584 5719 2676 5776 Sic
2700 5720 2803 5801 legi
2845 5720 3041 5801 debere
3071 5717 3352 5801 admonuit
3386 5715 3529 5773 Mas-

1939 5806 2104 5867 sonus
2128 5792 2185 5847 in
2216 5784 2415 5867 erratis
2455 5809 2468 5846 :
2501 5794 2723 5867 prorsus
2747 5784 2906 5867 bene.
2950 5790 3087 5845 Nam
3116 5784 3173 5846 in
3200 5784 3391 5847 codice
3413 5803 3521 5847 ms.

1940 5862 2143 5920 diserte
2174 5861 2433 5935 scriptun)
2458 5861 2575 5930 est,
2607 5862 2797 5918 multos
2820 5861 3063 5933 injustas.
