4088 6344
536 342 640 400 167

1522 330 1583 388 S.
1620 324 1970 388 AGOBARDI
2003 321 2314 382 EPISCOPI
2346 312 2834 378 LUGDUNENSIS

3692 293 3797 352 168

526 471 652 517 cere
689 450 979 516 valuisset,
1011 419 1123 505 nisi
1158 444 1581 520 evangelizasset
1621 461 1746 500 eum
1779 460 1889 499 non
1931 442 1987 496 in
2025 456 2112 496 sa-
2137 442 2192 502 Α
2212 435 2575 508 prretitulatur
2617 431 2834 494 scribit,
2865 425 3091 484 dicens:
3126 422 3291 520 sNon
3324 428 3420 520 est
3438 433 3569 520 sane
3595 419 3798 476 mirum

524 548 732 622 pientia
753 544 925 608 verbi,
950 542 1047 598 sed
1075 542 1130 595 in
1159 541 1360 594 virtute
1391 539 1538 594 Dei.»
1572 538 1673 605 Qui
1699 538 1863 593 etiam
1895 536 1951 590 in
1976 549 2114 606 prae-

528 640 829 698 fationibus
859 635 1030 700 Isaiae,
1068 633 1317 688 Jeremize
1339 641 1394 686 et
1426 630 1746 695 Ezechielis,
1773 629 1902 699 quid
1926 630 1990 683 de
2014 625 2117 681 dif-

529 733 761 791 ferentia
788 727 1076 784 locutionis
1103 727 1487 797 prophetarum
1519 739 1708 779 eorum
1742 722 1966 787 dixerit,
1997 719 2118 775 dili-

532 833 718 897 genter
752 819 1100 894 perpendite;
1146 826 1203 873 et
1233 817 1518 872 invenietis
1566 816 1908 871 nobilitatem
1951 812 2117 869 divini

531 919 754 990 eloquii,
780 934 886 973 non
930 915 1227 972 secundum
1273 923 1508 969 vestram
1553 912 1927 973 assertionem,
1970 925 2122 964 more

530 1013 1000 1085 philosophorum,
1031 1009 1086 1064 in
1115 1018 1325 1062 tumore
1350 1016 1405 1062 et
1431 1021 1626 1077 pompa
1654 1019 1776 1062 esse
1805 1003 2120 1070 verborum,

536 1107 630 1162 sed
677 1104 730 1159 in
775 1103 975 1160 virtute
1022 1101 1442 1162 sententiarum,
1488 1099 1784 1154 secundum
1820 1095 1962 1166 quod
2009 1095 2124 1165 ipse

536 1195 823 1265 Apostolus
853 1195 929 1248 ait
954 1208 968 1246 :
1001 1191 1125 1246 Non
1149 1192 1285 1245 enim
1313 1192 1367 1245 in
1395 1206 1629 1244 sermone
1654 1198 1730 1242 est
1761 1203 1976 1257 regnum
2005 1183 2121 1250 Dei,

535 1285 626 1340 sed
672 1285 728 1338 in
773 1285 979 1338 virtute.
1023 1295 1048 1324 ι
1082 1283 1250 1337 Isaias
1301 1296 1517 1351 quoque
1560 1281 1824 1350 prepheta
1874 1275 2124 1348 pOpulum

536 1378 668 1433 dicit
701 1393 821 1432 esse
865 1377 960 1431 alti
1000 1376 1298 1441 sermonis,
1337 1377 1410 1430 ita
1442 1383 1500 1429 ut
1544 1390 1651 1429 non
1676 1361 1869 1442 'possit
1899 1370 2127 1440 intelligi

539 1469 859 1526 disertitudo
897 1469 1093 1539 linguae
1122 1467 1258 1536 ejus,
1293 1468 1347 1522 in
1375 1466 1657 1538 quo-nulla
1705 1473 1788 1520 est
1837 1463 2124 1534 sapientia.

539 1561 606 1616 Et
643 1561 905 1615 Dominus
929 1560 996 1614 ad
1031 1558 1368 1614 Ezechielem
1400 1559 1568 1613 dicit:
1601 1557 1725 1611 Non
1755 1556 1893 1610 enim
1934 1554 2002 1609 ad
2036 1571 2130 1624 po-

537 1652 720 1723 pulum
755 1651 1002 1722 profundi
1036 1652 1288 1706 sermonis
1331 1662 1377 1705 et
1409 1652 1597 1722 ignota:
1636 1650 1829 1720 lingua:
1866 1659 1923 1701 tu
1963 1648 2132 1702 mitte-

542 1743 632 1804 ris,
674 1759 897 1812 quorum
928 1758 1029 1795 non
1058 1743 1223 1806 possis
1253 1742 1439 1796 audire
1481 1758 1788 1796 sermonem.
1819 1741 1897 1794 Ex
1936 1739 2132 1808 quibus

2216 530 2263 586 si
2275 527 2614 598 eloquentior
2625 526 2874 579 videatur
2887 521 2940 574 in
2956 517 3200 590 proprio,
3211 516 3265 570 id
3280 523 3364 570 est
3377 512 3625 577 Hebraeo,
3637 527 3804 582 quam

2218 621 2272 676 in
2293 618 2598 691 peregrino.
2623 616 2676 670 id
2699 624 2782 670 est
2805 612 2993 668 Graeco
3022 623 3290 674 sermone,
3319 623 3426 676 quo
3446 616 3657 662 caetera:
3682 605 3807 674 Epi-

2219 713 2370 770 stolas
2389 720 2514 768 sunt
2535 711 2766 781 scriptae.
2793 727 2811 760 ›
2848 707 2988 763 Ecce
3013 706 3179 762 habes
3201 702 3541 760 disertiorem
3574 699 3806 754 Paulum

2221 806 2277 860 in
2306 819 2412 860 una
2436 802 2660 873 epistola
2687 816 2849 870 quam
2884 798 2939 852 in
2964 797 3198 853 cmteris.
3227 795 3334 851 Sed
3359 803 3537 849 tamen
3564 794 3685 864 ipse
3707 808 3812 848 cae-

2222 904 2352 952 terae
2377 894 2642 966 epistolae,
2670 893 2796 948 licet
2824 892 2879 946 in
2910 904 3164 945 sermone
3189 888 3368 944 minus
3392 889 3460 943 ab
3488 887 3577 942 illa
3606 886 3813 958 aliquid

2221 991 2424 1045 habere
2444 989 2747 1053 videantur,
2779 995 2960 1041 tamen
2997 985 3052 1040 in
3082 984 3296 1040 arcanis
3327 984 3596 1046 sensibus,
3627 998 3814 1039 secre—

2225 1081 2296 1135 tis
2329 1079 2601 1153 mysteriis
2644 1094 2706 1134 ac
2747 1077 2936 1148 figuris
2977 1077 3325 1141 locutionum,
3357 1076 3413 1130 in
3449 1075 3648 1145 quibus
3689 1090 3812 1130 om-

2225 1186 2348 1225 nem
2383 1169 2703 1240 sapientiam
2748 1168 2908 1239 hujus
2946 1168 3130 1222 mundi
3178 1165 3678 1236 incomparabiliter
3719 1181 3814 1220 su-

2227 1270 2438 1332 perant,
2469 1262 2693 1317 minoris
2720 1261 2934 1316 virtutis
2961 1276 3065 1315 non
3096 1269 3239 1315 sunt.

2297 1353 2435 1408 XIV.
2463 1352 2590 1407 Post
2613 1352 2809 1407 multas
2835 1361 2891 1406 et
2917 1368 3108 1423 graves
3132 1350 3454 1415 calumnias,
3471 1330 3624 1421 .quas
3647 1351 3811 1406 nobis

2230 1443 2527 1509 inflixistis,
2559 1444 2805 1509 dicentes
2835 1457 2933 1498 nos
2960 1443 3155 1498 divinae
3196 1442 3484 1498 locutionis
3513 1444 3818 1512 reprelien-

2230 1552 2404 1601 sores,
2431 1535 2721 1592 defenditis
2745 1538 2884 1592 bene
2907 1551 3002 1591 vos
3033 1536 3258 1601 dixisse,
3289 1535 3481 1590 Anima
3503 1537 3718 1607 quando
3746 1538 3817 1590 ad

2232 1645 2421 1698 corpus
2447 1630 2709 1699 pervenit;
2737 1638 2793 1684 et
2819 1629 3033 1684 sumitis
3058 1628 3370 1684 testimonia
3420 1632 3486 1684 de
3515 1627 3818 1700 Scripturis

2233 1720 2522 1776 dicentes:
2556 1719 2787 1790 Spiritus
2838 1720 3014 1774 redeat
3061 1720 3131 1774 ad
3161 1736 3280 1773 eum
3329 1720 3417 1790 qui
3465 1720 3609 1774 dedit
3662 1721 3818 1776 illum

538 1809 709 1903 patet
739 1832 1071 1888 nobilitatem
1111 1849 1281 1888 sacrae
1320 1832 1635 1902 Scripturae,
1682 1847 1788 1885 non
1835 1830 2130 1886 secundum

2249 1809 2403 1879 :Eccl.
2433 1827 2532 1878 xu,
2573 1810 2646 1884 7).
2680 1812 2745 1865 Et
2781 1831 2792 1864 :
2823 1810 3129 1866 Revertatur
3153 1813 3330 1866 anima
3357 1813 3506 1883 pueri
3526 1813 3667 1866 intra
3698 1831 3820 1868 eum

538 1924 887 1995 philosophos
924 1924 980 1978 in
1011 1923 1389 1979 disertitudine
1435 1939 1556 1979 esse
1586 1924 1896 1986 verborum,
1943 1923 1998 1974 in
2027 1935 2132 1989 quo

545 2014 690 2068 nulla
718 2023 803 2069 est
832 2014 1118 2085 sapientia,
1149 2015 1243 2069 sed
1288 2014 1342 2067 in
1379 2013 1618 2083 potentia
1661 2020 1715 2066 ct
1762 2011 1959 2066 astutia
2002 2024 2131 2064 sen-

542 2122 718 2172 suum,
764 2114 926 2177 atque
963 2107 1163 2160 virtute
1203 2107 1626 2170 sententiarum;
1662 2105 1800 2159 sicut
1841 2103 2135 2173 Apostolus

543 2197 819 2263 ostendit,
856 2197 1045 2252 dicens
1071 2216 1083 2250 :
1113 2198 1275 2251 Arma
1314 2195 1515 2250 militia:
1547 2205 1760 2261 nostrae,
1812 2211 1915 2248 non
1947 2211 2135 2247 carna-

545 2286 640 2352 lia,
667 2287 758 2342 sed
795 2288 1025 2358 potentia
1053 2287 1152 2340 Dei
1197 2288 1265 2340 ad
1305 2287 1710 2341 destructionem
1753 2285 2133 2350 munitionum,

543 2377 763 2432 consilia
801 2378 1146 2443 destruentes,
1191 2389 1239 2432 et
1278 2396 1483 2434 omnem
1512 2378 1845 2444 altitudinem
1883 2377 2137 2432 extollen-

544 2474 649 2520 tem
678 2484 732 2520 se
767 2467 1015 2522 adversus
1054 2469 1327 2522 scientiam
1365 2469 1484 2534 Dei,
1519 2478 1567 2523 et
1597 2470 1650 2523 in
1687 2469 2038 2539 captivitatem
2066 2485 2140 2522 re-

544 2559 777 2629 digentes
806 2577 1010 2614 omnem
1047 2559 1367 2616 intellectum
1397 2563 1454 2615 in
1482 2562 1783 2632 obsequium
1825 2560 2039 2615 Christi.
2073 2560 2142 2614 Et

545 2651 744 2705 iterum
773 2669 785 2704 :
823 2648 947 2704 Non
988 2652 1125 2704 enim
1167 2651 1308 2704 misit
1343 2668 1423 2705 me
1455 2651 1698 2706 Christus
1729 2652 2016 2722 baptizare,
2051 2650 2139 2704 sed

545 2740 921 2812 euangelizare,
955 2758 1058 2796 non
1087 2741 1144 2795 in
1171 2743 1431 2812 sapientia
1458 2743 1616 2809 verbi,
1646 2753 1704 2797 ut
1732 2760 1835 2796 non
1863 2751 2143 2796 evacuetur

546 2849 680 2887 crux
708 2829 924 2886 Christi.
955 2833 1022 2886 Et
1050 2849 1267 2888 rursum
1292 2841 1417 2904 post
1443 2834 1623 2904 aliqua
1651 2853 1662 2886 :
1696 2833 1765 2886 Et
1793 2850 1885 2902 ego
1915 2849 2034 2886 cum
2061 2848 2144 2886 ve-

550 2927 740 2981 nissem
768 2927 837 2982 ad
864 2944 972 2993 vos,
1005 2928 1220 2997 fratres,
1245 2930 1358 2982 veni
1388 2944 1493 2981 non
1513 2944 1606 2996 per
1633 2926 2009 2980 sublimitatem
2040 2941 2146 2978 ser-

548 3021 720 3074 monis
751 3029 841 3074 aut
885 3020 1186 3091 sapientiae,
1235 3022 1555 3074 annuntians
1597 3020 1738 3074 vobis
1789 3018 2146 3073 testimonium

552 3108 768 3164 Christi.
794 3111 862 3164 Et
896 3111 1094 3164 iterum
1129 3129 1142 3163 :
1183 3110 1514 3180 Sapientiam
1551 3109 1818 3181 loquimur
1857 3110 1994 3162 inter
2031 3123 2147 3177 per-

2237 1900 2359 1972 (III
2387 1900 2514 1971 Reg.
2547 1917 2682 1967 xm,
2711 1901 2798 1955 21.
2833 1901 2962 1968 Qua:
3013 1903 3322 1958 testimonia
3347 1903 3654 1960 nullatenus
3693 1922 3822 1960 con-

2237 2003 2437 2064 gruunt
2466 1993 2542 2048 rei
2585 1993 2670 2048 cui
2702 1992 3051 2048 defendendae
3092 1993 3438 2049 adhibentur.
3489 1993 3622 2062 Quis
3671 1997 3822 2052 enim

2238 2086 2451 2157 ignorat
2486 2087 2725 2140 animam
2758 2086 2924 2142 semel
2953 2103 2981 2139 a
3015 2086 3125 2141 Deo
3152 2096 3420 2153 creatam,
3461 2089 3825 2144 substantiam

2239 2194 2360 2233 esse
2385 2179 2658 2248 deinceps,
2686 2185 2741 2233 et
2786 2188 3068 2245 aeternam,
3096 2187 3259 2249 atque
3288 2180 3342 2233 in
3371 2195 3469 2235 sua
3515 2181 3825 2235 substantia

2240 2271 2634 2326 immortalem?
2660 2287 2724 2326 ac
2751 2287 2849 2341 per
2881 2272 3003 2336 hoc,
3033 2273 3508 2342 post'solutionem
3555 2276 3824 2345 corporis,

2238 2378 2400 2432 posse
2426 2364 2493 2418 ad
2522 2378 2646 2418 eum
2677 2363 2855 2417 redire
2875 2361 3105 2431 justam,
3135 2373 3191 2417 et
3211 2363 3465 2420 deorsum
3497 2364 3828 2420 descendere

2241 2454 2517 2523 injustam,
2544 2462 2600 2510 et
2623 2455 2762 2508 intra
2793 2469 2990 2524 corpus
3017 2455 3216 2509 reverti
3251 2456 3318 2510 ad
3352 2455 3494 2510 hanc
3525 2456 3691 2510 vitam
3742 2471 3832 2511 re-

2243 2547 2652 2602 suscitandam?
2693 2545 2818 2601 Haec
2846 2546 2912 2600 de
2940 2545 3227 2600 animabus
3271 2561 3303 2599 a
3350 2547 3673 2615 corporibus
3713 2544 3829 2616 jam

2243 2638 2433 2694 solutis
2469 2638 2585 2693 ﬁeri
2616 2639 2794 2693 nullus
2822 2638 3056 2709 ignorat.
3092 2635 3200 2691 Sed
3227 2652 3325 2692 nos
3349 2637 3452 2691 hoc
3479 2639 3836 2707 repreliendi-

2245 2747 2364 2786 mus
2393 2732 2536 2787 quod
2565 2746 2660 2786 vos
2698 2731 2764 2784 de
2813 2730 3100 2784 animabus
3127 2729 3446 2798 corporibus
3482 2727 3834 2785 infundendis

2248 2825 2723 2880 dixistiszAnima
2749 2825 2962 2895 quando
3008 2825 3078 2879 ad
3132 2841 3319 2895 corpus
3361 2824 3608 2896 pervenit.
3661 2822 3834 2889 Quasi

2246 2916 2507 2970 noveritis
2537 2916 2603 2969 de
2627 2931 2734 2986 qua
2765 2916 2985 2986 regione
3013 2916 3283 2980 adveniat,
3310 2914 3641 2969 autforsitan
3659 2912 3835 2967 nostis

2246 3006 2302 3061 in
2339 3023 2446 3077 qua
2474 3006 2693 3078 regione
2713 3007 2895 3075 jaceat
2919 3007 3010 3061 illa
3041 3007 3313 3077 incognita
3362 3005 3638 3069 materies,
3691 3003 3837 3058 unde

2250 3101 2458 3156 animas
2497 3102 2678 3157 dicitis
2705 3103 2884 3156 creari
2931 3102 2984 3155 in
3012 3116 3204 3168 vacuo,
3251 3115 3414 3170 super
3459 3114 3617 3169 quem
3651 3097 3836 3167 aquilo

552 3201 744 3271 fectos;
779 3202 1090 3274 sapientiam
1118 3219 1223 3256 non
1250 3202 1412 3273 hujus
1437 3202 1642 3269 swculi,
1667 3219 1832 3274 neque
1853 3201 2149 3273 principum
2176 3193 2222 3256 C
2252 3202 2512 3249 extensus
2540 3201 2646 3260 est,
2683 3201 2776 3248 aut
2804 3195 2858 3248 in
2886 3194 3235 3250 interioribus
3256 3191 3458 3257 austri,
3489 3191 3574 3245 vel
3606 3191 3840 3246 forsitan

553 3291 712 3361 hujus
747 3291 949 3358 saeculi,
976 3294 1066 3363 qui
1102 3293 1485 3348 destruuntur:
1519 3294 1609 3348 sed
1653 3293 1916 3365 loquimur
1942 3293 2038 3347 Dei
2063 3309 2152 3346 sa-

553 3382 803 3451 pientiam
843 3383 901 3436 in
948 3384 1214 3452 mysterio,
1257 3401 1374 3454 qua:
1418 3385 1728 3440 abscondita
1767 3395 1864 3440 est.
1911 3385 1980 3440 Et
2024 3391 2152 3455 post

558 3487 769 3543 pauca:
811 3473 942 3539 Qua:
963 3484 1011 3529 et
1037 3474 1321 3546 loquimur,
1346 3493 1450 3530 non
1493 3478 1549 3530 in
1575 3477 1743 3532 doctis
1779 3478 2026 3531 humana;
2064 3492 2156 3530 sa-

558 3568 766 3638 pientiae
793 3568 980 3633 verbis,
1006 3569 1096 3623 sed
1127 3571 1181 3623 in
1207 3569 1445 3623 doctrina
1469 3569 1707 3639 spiritus.

632 3656 769 3712 Xlll.
813 3658 952 3714 Ecce
982 3660 1111 3729 quia
1152 3659 1270 3714 laus
1314 3659 1512 3714 divinae
1562 3659 1847 3729 sapientiae
1892 3659 1948 3714 in
1981 3659 2155 3716 sacris

564 3748 842 3818 mysteriis
878 3757 933 3804 et
968 3751 1024 3804 in
1061 3749 1308 3804 doctrina
1355 3749 1582 3819 spiritus
1611 3749 1924 3812 "invenitur,
1958 3765 2067 3803 non
2100 3752 2156 3803 in

565 3839 1044 3895 adinventionibus
1074 3839 1386 3894 verborum.
1427 3841 1535 3895 Vos
1563 3841 1869 3910 sumpsistis
1908 3842 2158 3895 testimo-

562 3929 650 3983 nia
685 3931 828 3985 beati
853 3930 1141 4001 Augustini
1187 3930 1355 3984 multa
1386 3931 1455 3986 de
1494 3931 1654 3986 laude
1696 3931 2028 4001 Scripturm;
2063 3929 2160 3986 sed

567 4034 675 4074 non
702 4021 794 4074 illo
830 4022 991 4076 modo
1035 4036 1132 4076 vos
1179 4021 1434 4087 laudatis,
1467 4037 1572 4092 quo
1613 4022 1856 4077 laudavit
1899 4022 2159 4093 Augusti-

566 4125 689 4174 nus,
719 4119 812 4164 aut
851 4111 1232 4183 Hieronymus,
1265 4114 1604 4179 Ambrosinus,
1639 4124 1803 4184 atque
1841 4114 2160 4186 Gregorius.

567 4200 702 4256 Nam
735 4200 812 4254 illi
861 4200 1200 4270 majestatem
1230 4204 1428 4259 divinae
1468 4205 1758 4259 locutionis
1802 4207 2160 4276 admirantes,

569 4292 664 4346 sed
697 4306 811 4346 rem
841 4291 1168 4348 ineffabilem
1206 4295 1368 4349 fando
1398 4310 1506 4349 non
1531 4295 1889 4365 explicantes,
1916 4301 2164 4369 oppressi

573 4383 744 4453 gloria
776 4383 829 4436 in
856 4383 1014 4438 laude
1043 4383 1160 4453 ejus
1186 4387 1612 4452 succubuerunt,
1637 4402 1759 4442 eum
1789 4390 1962 4460 magis
2001 4392 2167 4447 admi-

574 4475 745 4529 rando
775 4475 1107 4540 sulllcerent,
1133 4492 1295 4546 quam
1327 4476 1614 4548 loquendo.
1658 4480 1759 4536 Vos
1789 4481 1868 4536 sic
1906 4481 2162 4550 laudatis,

2255 3286 2310 3340 in
2335 3294 2458 3341 ortu
2512 3286 2642 3342 solis
2697 3296 2792 3342 aut
2826 3301 3044 3352 occasu,
3094 3295 3189 3340 aut
3238 3285 3381 3339 unde
3430 3284 3609 3339 dicitis
3661 3283 3843 3338 anima

2253 3378 2537 3448 pervenire
2565 3395 2578 3430 :
2612 3379 2800 3447 utique
2827 3379 2950 3434 inde
2973 3378 3260 3448 pervenire
3276 3384 3521 3447 possunt,
3538 3375 3630 3430 ubi
3651 3391 3840 3431 crean-

2256 3479 2365 3537 tur,
2394 3479 2456 3526 ut
2480 3471 2547 3525 ad
2574 3486 2803 3542 corpora
2834 3472 3291 3526 transmittantur.
3340 3469 3449 3525 Sed
3493 3485 3614 3525 cum
3663 3470 3844 3526 dicitis

2256 3579 2348 3618 eas
2384 3565 2689 3633 pervenire,
2716 3578 2824 3617 non
2851 3563 2984 3633 ipsis
3013 3578 3106 3616 eas
3134 3562 3452 3632 corporibus
3480 3569 3694 3617 creatas
3720 3577 3845 3617 cre-

2257 3657 2405 3721 ditis,
2421 3657 2516 3711 sed
2531 3657 2688 3728 longe
2703 3657 2919 3712 alicubi.
2938 3656 3001 3709 Et
3019 3655 3395 3725 inquisivimus
3421 3671 3452 3708 a
3478 3654 3632 3710 vobis
3656 3663 3840 3709 utrum

2260 3746 2315 3800 in
2341 3747 2658 3803 coelestibus
2693 3764 2762 3801 an
2793 3747 2846 3800 in
2875 3747 3053 3816 aliqua
3092 3754 3247 3817 parte
3294 3745 3484 3800 mundi
3512 3745 3584 3800 sit
3613 3745 3727 3815 ipse
3767 3745 3850 3800 lo-

2261 3854 2381 3904 cus,
2410 3839 2497 3894 vel
2523 3848 2676 3894 extra
2703 3839 2982 3893 mundum.
3043 3837 3150 3893 Sed
3196 3840 3262 3893 de
3301 3839 3406 3892 hoc
3431 3837 3503 3892 sit
3553 3845 3612 3891 ut
3662 3835 3848 3902 vultis,

2263 3939 2473 3986 tantum
2502 3940 2561 3985 ut
2589 3930 2960 4002 cujuscunque
2990 3931 3355 3987 testimonium
3381 3946 3506 3986 cum
3543 3930 3850 4002 Augustino

2263 4024 2580 4079 altercantis
2619 4032 2874 4093 tanquam
2904 4022 3148 4093 ejusdem
3199 4022 3486 4094 Augustini
3539 4038 3644 4077 non
3693 4021 3854 4076 nobis

2263 4114 2568 4184 opponatis.
2601 4113 2712 4169 Nos
2741 4124 2922 4170 tamen
2959 4114 3088 4169 illud
3116 4115 3388 4184 praecipue
3436 4113 3727 4170 tenendum
3759 4129 3858 4182 pu-

2266 4215 2466 4273 tamus,
2492 4209 2636 4278 quod
2677 4207 2862 4263 divina
2903 4206 3186 4279 Scriptura
3217 4209 3284 4263 de
3310 4209 3413 4263 hac
3451 4224 3511 4262 re
3537 4207 3714 4270 docet,
3764 4205 3858 4260 di-

2265 4315 2395 4355 cens
2427 4317 2438 4353 :
2473 4299 2745 4365 Quomodo
2779 4301 2944 4355 nescis
2989 4317 3107 4372 qua:
3131 4300 3199 4354 sit
3245 4300 3332 4354 via
3380 4299 3619 4369 spiritus,
3660 4308 3710 4352 et
3745 4314 3860 4368 qua

2267 4393 2473 4446 ratione
2499 4394 2902 4464 compingantur
2932 4411 3051 4447 ossa
3084 4393 3140 4446 in
3167 4402 3344 4446 ventre
3384 4390 3741 4462 pra'gnantis;
3773 4391 3858 4444 sic

2270 4486 2437 4539 nescis
2488 4501 2644 4556 opera
2674 4486 2791 4550 Dei,
2826 4486 2913 4557 qui
2945 4485 3236 4555 fabricator
3263 4492 3339 4538 est
3364 4484 3618 4542 omnium.
3665 4482 3864 4538 Eccle-

573 4577 630 4624 ut
672 4570 828 4626 laude
865 4578 1046 4625 vestra
1089 4570 1260 4640 magis
1294 4571 1612 4638 minoretur,
1653 4589 1813 4644 quam
1861 4585 2161 4647 augeatur:
2191 4555 2245 4614 D
2271 4575 2475 4631 siastici
2501 4591 2713 4646 quoque
2735 4555 2985 4632 doctores
3033 4577 3086 4630 in
3139 4575 3251 4630 suis
3301 4574 3643 4644 dogmatibus
3693 4573 3862 4628 fidem

577 4664 830 4732 quoniam
860 4662 912 4716 in
951 4663 1035 4717 his
1073 4679 1193 4733 quae
1223 4664 1564 4720 extrinsecus
1595 4675 1741 4731 sunt,
1781 4667 1965 4723 dicitis
2013 4670 2169 4724 nobi-

574 4753 784 4810 litatem
830 4757 1132 4828 linguarum
1188 4756 1525 4814 ministrasse
1568 4759 1842 4829 Apostolis
1903 4761 2167 4830 Spiritum

576 4857 850 4912 sanctum,
886 4858 946 4902 ut
987 4849 1214 4906 confuse
1251 4858 1306 4905 et
1347 4850 1719 4908 indifferenter
1744 4869 1867 4908 cum
1910 4854 2168 4923 apostolis

577 4955 770 4995 omnes
817 4941 1142 5012 interpretes
1172 4951 1227 5000 et
1269 4960 1619 5016 quoscunque
1665 4947 2006 5016 expositorcs
2049 4946 2167 5000 lau-

579 5032 720 5086 detis
746 5039 802 5087 et
835 5031 1154 5091 defendatis.
1183 5035 1318 5092 Nam
1347 5039 1416 5105 si,
1442 5039 1739 5094 secundum
1774 5054 1884 5103 vos,
1919 5038 2170 5094 omnibus

583 5123 894 5179 auctoribus
923 5125 1228 5184 divinorum
1268 5129 1533 5186 librorum
1567 5130 1892 5185 exteriorem
1920 5131 2172 5186 nobilita-

582 5225 689 5270 tem
720 5218 1004 5288 :equaliter
1055 5223 1382 5278 ministravit
1430 5223 1667 5295 Spiritus
1705 5234 1954 5290 sanctus;
2000 5241 2172 5296 quare

581 5324 722 5363 unus
742 5309 1047 5381 Apostolus,
1081 5315 1132 5370 id
1159 5326 1242 5372 est
1267 5316 1486 5379 Paulus,
1520 5316 1780 5372 disertior
1818 5319 2092 5373 invenitur
2118 5321 2172 5376 in

584 5398 844 5459 llebraiea
867 5405 1048 5479 lingua
1074 5423 1238 5479 quam
1265 5409 1318 5462 in
1340 5407 1548 5472 Graeca,
1574 5409 1714 5463 sicut
1734 5409 2027 5479 prmdictus
2049 5411 2175 5467 Hie-

585 5508 843 5567 ronymus
879 5501 935 5556 in
973 5502 1291 5570 praefatione
1345 5500 1598 5570 Epistolas
1644 5517 1764 5572 quae
1797 5505 1865 5558 ad
1919 5503 2177 5562 Hebraeos

2274 4669 2564 4724 tenendam
2592 4668 2912 4732 docuerunt,
2946 4669 3184 4722 animam
3235 4681 3342 4722 non
3371 4681 3493 4722 esse
3535 4673 3746 4736 partem
3776 4665 3866 4720 di-

2271 4762 2410 4815 vina:
2459 4761 2774 4816 substantia:
2820 4759 2903 4814 vel
2949 4769 3179 4825 naturze,
3219 4774 3322 4815 nec
3367 4773 3491 4814 esse
3539 4773 3660 4812 eam
3707 4757 3868 4828 prius

2273 4867 2434 4920 quam
2450 4851 2660 4919 corpori
2684 4851 3007 4916 misceatur;
3037 4851 3130 4906 sed
3156 4859 3284 4906 tunc
3296 4865 3417 4905 eam
3431 4850 3607 4906 creari
3638 4849 3867 4920 quando

2272 4949 2329 4994 et
2357 4957 2552 5012 corpus
2583 4951 2821 5006 creatur,
2854 4943 2938 4998 cui
2996 4943 3283 4997 admisceri
3315 4942 3546 4996 videtur.
3601 4939 3865 4996 Philoso-

2275 5035 2506 5104 phorum
2537 5036 2824 5091 sementim
2869 5036 3058 5092 dicunt
3085 5050 3206 5090 esse
3236 5035 3473 5099 animam
3503 5035 3657 5106 prius
3691 5046 3867 5103 quam

2276 5134 2533 5181 nascatur
2559 5127 2614 5182 in
2642 5144 2870 5199 corpore
2896 5147 2908 5182 :
2942 5129 3086 5199 quod
3118 5144 3304 5184 verum
3327 5142 3448 5183 esse
3476 5125 3637 5181 nullis
3663 5140 3870 5196 appro-

2278 5219 2437 5274 batur
2464 5221 2680 5276 indiciis
2708 5240 2720 5275 :
2755 5237 2881 5276 nam
2909 5230 3091 5276 utrum
3122 5229 3248 5277 ante
3289 5219 3599 5284 fuissemus,
3628 5232 3731 5273 nec
3759 5217 3871 5287 ipsi

2278 5313 2548 5380 novimus,
2591 5330 2692 5368 nec
2731 5316 2853 5384 quis
2887 5315 3165 5370 hominum
3213 5314 3360 5369 dicat
3413 5313 3699 5368 habemus.
3741 5308 3869 5366 Non

2279 5413 2365 5461 est
2386 5421 2516 5478 ergo
2551 5406 2902 5476 quaerendum
2943 5407 3087 5477 quod
3144 5404 3499 5477 querendum
3552 5401 3729 5475 magis
3777 5407 3878 5455 est

2280 5500 2637 5555 irridendum.

827 5655 858 5682 ο
1937 5619 2211 5677 BALUZII
2245 5616 2478 5677 NOTAE.

658 5741 686 5771 ι
705 5727 880 5804 Isaias
892 5743 1094 5804 quoque
1105 5728 1378 5804 propheta.
1399 5727 1457 5784 In
1475 5745 1576 5786 ms.
1607 5730 1844 5804 itemque
1867 5733 1920 5788 in
1934 5733 2173 5789 editione

589 5797 824 5857 Μεδεοηὶ
849 5797 1109 5869 scriptum
1130 5797 1248 5854 erat
1269 5799 1442 5856 Isaias
1453 5818 1657 5873 quoque
1680 5797 2035 5876 philosophus,
2059 5815 2167 5862 etc.

2281 5732 2468 5801 Itaque
2497 5745 2620 5786 cum
2663 5738 2939 5786 constaret
2965 5723 3156 5788 vitium
3179 5745 3301 5787 esse
3324 5729 3568 5798 librarii,
3593 5742 3704 5786 non
3732 5740 3880 5788 vero

2279 5802 2570 5876 Agobardi,
2595 5803 2774 5859 locum
2808 5802 2957 5859 illum
2987 5803 3160 5860 libere
3186 5803 3542 5861 correximus.
