4088 6344
1351 317 1502 382 LIB.
1522 311 1891 390 ADVERSUS
1929 312 2394 381 FREDEGISUM.

3418 320 3522 377 170

310 433 433 491 XV.
487 404 693 489 Dein'de
744 432 1121 505 interrogastis
1164 446 1296 498 nos,
1342 438 1525 484 utrum
1575 426 1722 483 aliud
1764 425 1837 480 sit
1863 427 1906 487 Α
1941 425 1995 481 id
2027 430 2171 497 quod
2197 431 2359 484 homo
2382 428 2559 485 factus
2585 439 2690 498 est,
2717 434 2976 502 pertinet,
3017 433 3070 489 id
3093 435 3373 506 est,.quod
3417 433 3523 490 foro

237 527 410 592 Deus,
452 527 600 582 aliud
653 528 877 591 veritas,
912 527 988 580 ita
1040 535 1100 579 ut
1127 525 1272 580 Deus
1319 525 1435 595 ipse
1471 524 1676 577 veritas
1720 537 1830 576 non

236 620 333 676 sit.
358 619 515 675 llanc
544 629 783 674 vestram
822 617 1306 690 interrogationem
1345 615 1398 669 in
1432 622 1639 669 tantum
1669 614 1834 668 mira-

235 727 385 776 mur,
413 719 472 764 ut
498 717 751 781 putemus
790 725 887 765 vos
915 709 1063 762 illam
1109 707 1347 777 jocando
1389 714 1444 760 et
1476 706 1699 761 ridendo
1747 705 1832 759 di-

235 812 442 861 ctasse.
491 803 623 870 Quis
671 802 877 858 audivit
908 801 1068 856 talem
1111 799 1640 871 interrogationem?
1686 796 1834 852 Nun-

234 897 372 968 quid
399 896 448 950 si
473 895 618 952 aliud
648 895 850 964 aliquid
879 895 1081 949 veritas
1116 893 1294 958 fuerit,
1320 891 1433 961 jam
1460 893 1602 946 Deus
1633 892 1835 946 veritas

234 1003 347 1044 non
385 987 535 1044 erit?
560 987 734 1042 Dicite
769 1002 885 1051 vos,
909 986 954 1042 si
979 985 1288 1054 ubicunque
1317 985 1370 1038 in
1397 984 1572 1039 sacris
1595 983 1834 1053 Scriptu-

231 1080 316 1134 ris
365 1079 573 1134 veritas
619 1079 954 1144 nominatur,
1008 1093 1223 1147 semper
1275 1077 1416 1132 Deus
1459 1076 1834 1148 intelligendus

234 1172 359 1227 est?
411 1171 573 1227 Certe
624 1185 722 1225 nos
767 1170 999 1225 dicimus
1057 1169 1374 1238 frequenter
1420 1168 1475 1223 in
1538 1167 1834 1238 Scripturis

232 1262 516 1318 nominari
569 1263 855 1318 veritatem
888 1301 904 1327 ,
966 1276 1087 1330 qua:
1145 1260 1418 1316 contraria
1478 1267 1562 1316 est
1613 1259 1836 1313 menda~

235 1355 362 1420 cio;
389 1354 724 1419 sicutetiam
753 1353 891 1408 solet
925 1353 1200 1408 nominari
1236 1353 1479 1408 charitas
1528 1352 1833 1417 hominum,

235 1446 482 1511 dilectio,
512 1461 633 1516 qua:
657 1445 932 1500 contraria
961 1453 1048 1500 est
1082 1446 1228 1511 odio,
1262 1453 1318 1500 et
1348 1444 1664 1510 concordia,
1713 1459 1835 1512 quae

232 1539 485 1610 opposita
528 1548 615 1594 est
638 1539 941 1594 discordiae.
977 1539 1118 1610 Ergo
1167 1540 1260 1594 ubi
1291 1538 1490 1593 Paulus
1517 1539 1593 1592 ait
1625 1553 1641 1590 :
1686 1534 1835 1592 Veri-

235 1645 402 1690 tatem
427 1636 545 1690 dico
572 1636 628 1690 in
666 1634 875 1690 Christo
905 1634 1055 1697 Jesu,
1092 1652 1197 1688 non
1237 1635 1482 1698 mentior,
1509 1632 1590 1687 sic
1635 1629 1834 1686 intelli-

235 1730 397 1801 gitis,
427 1729 581 1799 quasi
609 1728 835 1793 diceret,
871 1728 1038 1783 Deum
1072 1728 1214 1793 dico,
1240 1734 1336 1782 aut
1359 1725 1635 1781 Christum
1685 1724 1828 1792 dico,

1939 534 2084 574 mam
2116 523 2258 577 servi
2281 524 2575 594 accipiens,
2609 527 2797 580 habitu
2827 535 2913 582 est
2949 526 3203 583 inventus
3243 537 3304 584 ut
3333 530 3520 597 homo,

1936 615 2028 684 qui
2059 617 2245 686 utique
2269 617 2486 673 habitus
2526 621 2694 690 coepit
2738 636 2804 674 ex
2847 631 3132 692 tempore:
3166 622 3235 676 de
3281 623 3399 691 ipso
3441 632 3524 678 ta-

1937 717 2062 756 men
2097 705 2396 776 eodemque
2443 706 2660 763 Christo
2706 709 2908 765 dictum
2951 720 3054 777 est,
3091 726 3216 766 cum
3250 713 3307 766 in
3346 712 3522 769 forma

1937 791 2032 847 Dei
2083 804 2249 850 esset.
2293 817 2310 849 ι
2343 797 2410 851 Ει
2453 807 2576 867 post
2605 815 2820 870 pauca:
2855 818 2873 852 ι
2929 801 3180 857 Nondum
3228 818 3361 873 ergo
3406 813 3528 860 erat

1937 882 2189 942 Christus
2231 890 2375 958 quod
2403 905 2522 946 esse
2572 894 2757 964 cmpit,
2791 909 2915 948 cum
2953 894 3304 966 semetipsum
3333 895 3525 952 exina-

1936 976 2096 1044 nivit,
2137 993 2246 1033 non
2273 978 2504 1036 formam
2528 982 2623 1038 Dei
2646 984 2926 1052 amittens,
2959 986 3053 1040 sed
3102 985 3334 1041 formam
3375 987 3526 1044 servi

1937 1071 2228 1141 accipiens.
2266 1093 2284 1126 ι
2321 1074 2461 1130 Ecce
2488 1078 2655 1132 verba
2678 1079 2822 1133 beati
2850 1079 3172 1150 Augustini,
3217 1081 3284 1138 de
3329 1082 3528 1152 quibus

1935 1177 2034 1219 vos
2066 1165 2232 1221 vultis
2263 1168 2540 1226 afﬁrmare
2589 1173 2759 1230 Deum
2807 1175 3046 1234 Verbum
3080 1176 3282 1234 Christi
3325 1193 3526 1234 nomen

1936 1255 2090 1323 prius
2137 1273 2244 1312 non
2276 1259 2533 1317 habuisse
2557 1279 2724 1333 quam
2755 1281 2883 1322 caro
2927 1265 3128 1322 factum
3173 1276 3277 1336 est,
3327 1284 3452 1324 cum
3497 1283 3530 1324 e

1937 1350 2213 1404 contrario
2234 1351 2571 1422 Augustinus
2584 1356 2645 1425 in
2662 1358 2919 1426 praedicta
2944 1360 3215 1416 sententia
3244 1360 3419 1416 dicat:
3443 1358 3526 1414 De

1935 1438 2048 1510 ipso
2069 1451 2244 1496 tamen
2266 1444 2548 1518 eodemque
2575 1445 2783 1503 Christo
2809 1450 3009 1504 dictum
3035 1461 3110 1506 est
3136 1468 3154 1507 :
3181 1449 3314 1506 Cum
3338 1453 3394 1507 in
3417 1451 3529 1522 for-

1937 1550 2024 1589 ma
2045 1534 2145 1591 Dei
2189 1549 2340 1593 esset.
2384 1541 2525 1597 Ecce
2569 1542 2739 1599 habes
2783 1543 3058 1601 Christum
3107 1545 3392 1618 informa
3429 1545 3527 1602 Dei

1934 1641 2073 1691 esse,
2106 1628 2302 1686 deinde
2328 1630 2560 1688 formam
2607 1634 2749 1689 servi
2775 1637 3050 1706 accepisse
3081 1656 3094 1692 :
3122 1653 3287 1719 quam
3333 1637 3524 1709 utique

1936 1728 2231 1790 antequam
2247 1723 2539 1795 acciperet,
2560 1727 2799 1782 nondum
2822 1739 2938 1802 erat
2962 1729 3107 1784 ﬁlius
3131 1730 3369 1786 hominis
3388 1771 3403 1797 ,
3429 1729 3527 1785 sed

237 1796 297 1875 in
320 1796 540 1875 Christo
563 1818 712 1876 Jesu.
742 1819 852 1874 Aut
871 1819 964 1874 ubi
986 1818 1062 1872 ait
1085 1833 1099 1872 :
1124 1817 1451 1888 Deponentes
1476 1816 1830 1882 mendacium,
1862 1796 1911 1857 Β
1938 1810 2109 1868 Filius
2121 1813 2239 1881 Dei,
2260 1824 2438 1875 tamen
2463 1819 2736 1877 Christus.
2770 1799 2973 1878 Iterum
2986 1824 3322 1896 Augustinus
3349 1796 3485 1880 dicit
3510 1841 3525 1878 :

235 1913 518 1984 loquimini
563 1914 832 1967 veritatem
875 1911 1228 1982 unusquisque
1258 1926 1375 1964 cum
1424 1909 1662 1979 proximo
1715 1925 1834 1974 suo,

236 2006 418 2076 ipsum
462 2004 636 2060 Deum
664 2004 964 2076 intelligitis
1006 2003 1315 2058 veritatem.
1367 2001 1434 2054 Et
1480 2000 1696 2064 iterum,
1744 2000 1837 2055 ubi

235 2099 510 2168 scriptum
533 2106 654 2153 est:
696 2095 810 2150 Rea:
828 2098 918 2166 qui
941 2095 1145 2166 judicat
1186 2095 1240 2148 in
1297 2093 1512 2147 veritate
1559 2108 1834 2162 pauperes,

235 2190 464 2244 thronus
494 2188 607 2256 eius
635 2189 692 2242 in
715 2197 969 2242 a'ternum
990 2184 1309 2256 ﬁrmabitur.
1342 2183 1410 2237 Et
1447 2184 1644 2238 iterum
1675 2200 1690 2238 :
1733 2181 1837 2236 La-

236 2284 386 2338 bium
414 2282 648 2336 veritatis
673 2282 886 2350 [irmum
925 2282 1044 2335 erit.
1076 2280 1135 2335 Et
1169 2294 1384 2334 rursum
1413 2296 1424 2332 :
1461 2277 1562 2343 Qui
1607 2277 1839 2348 loquitur

216 2377 515 2453 'veritatem
543 2375 599 2428 in
642 2373 798 2427 corde
830 2389 946 2426 suo.
985 2370 1044 2426 In
1086 2370 1323 2427 Jeremia
1372 2385 1584 2440 quoque
1610 2387 1624 2422 :
1652 2367 1836 2422 Omnis

238 2467 448 2520 amicus
479 2463 848 2533 fraudulenter
867 2463 1089 2527 incedet,
1117 2472 1165 2516 et
1204 2463 1473 2516 veritatem
1527 2477 1630 2515 non
1661 2459 1838 2531 loque-

238 2567 351 2611 tur.
378 2557 448 2612 Et
471 2556 625 2612 Oscae
663 2574 677 2610 :
715 2556 837 2610 Non
872 2565 947 2609 est
981 2555 1119 2608 enim
1145 2555 1360 2619 veritas,
1388 2563 1434 2607 et
1463 2570 1566 2606 non
1594 2562 1665 2606 est
1679 2552 1839 2622 justi-

239 2647 340 2714 tia,
382 2657 432 2702 et
461 2665 564 2702 non
585 2656 661 2702 est
689 2646 1049 2700 misericordia
1074 2645 1174 2699 Dei
1196 2646 1250 2698 in
1270 2654 1431 2698 terra.
1458 2644 1524 2698 Et
1549 2645 1604 2698 in
1627 2644 1839 2697 Zacha-

239 2740 329 2796 ria
368 2754 384 2793 :
420 2737 708 2793 Veritatem
751 2748 799 2792 et
831 2738 1096 2808 judicium
1133 2737 1278 2806 pacis
1299 2736 1544 2807 judicate
1573 2736 1627 2788 in
1673 2735 1838 2805 portis

237 2833 450 2887 vestris.
478 2830 730 2900 Nunquid
761 2831 838 2885 sic
867 2829 1096 2900 intelligi
1135 2829 1355 2900 poterit,
1405 2829 1563 2898 quasi
1611 2828 1838 2894 diceret,

241 2924 418 2979 Deum
462 2923 703 2992 judicale
751 2922 804 2975 in
863 2920 1039 2990 portis
1093 2921 1328 2974 vestris?
1383 2919 1525 2974 Ecce
1565 2919 1734 2974 habes
1786 2919 1840 2973 in

243 3015 548 3086 Scripturis
591 3014 908 3082 frequenter
940 3011 1047 3066 dici
1073 3011 1384 3077 veritatem,
1430 3027 1536 3065 non
1566 3024 1667 3080 pro
1725 3011 1843 3080 ipso

242 3106 384 3172 Deo,
414 3107 508 3162 sed
532 3121 634 3176 pro
662 3105 753 3160 illa
789 3105 989 3159 virtute
1026 3119 1146 3175 qua:
1176 3103 1423 3174 opposita
1453 3111 1540 3158 est
1563 3101 1842 3172 iniustitiae

239 3211 301 3257 et
325 3200 574 3256 falsitati.
611 3200 867 3254 Attamen
890 3212 999 3253 non
1029 3197 1172 3253 sicut
1210 3212 1308 3252 vos
1351 3196 1536 3261 vultis,
1587 3205 1646 3249 ut
1702 3194 1844 3249 Deus

242 3294 370 3366 ipse
403 3294 606 3348 veritas
634 3309 743 3348 non
773 3291 877 3357 sit,
926 3291 1024 3346 sed
1054 3290 1240 3359 potius
1266 3297 1328 3345 ut
1369 3297 1424 3344 et
1458 3288 1603 3344 Deus
1644 3288 1846 3342 veritas

244 3391 348 3444 sit.

328 3477 474 3533 XVI.
521 3478 720 3534 Deinde
750 3493 879 3534 vero
920 3493 1046 3534 cum
1079 3477 1279 3532 vestris
1330 3474 1659 3547 syllogismis
1706 3475 1850 3530 afﬁr-

225 3586 410 3630 _rnare
448 3570 698 3636 uitimini,
727 3570 1066 3626 Christianos
1095 3585 1200 3624 non
1226 3568 1396 3625 fuisse
1418 3584 1610 3624 omnes
1631 3576 1849 3624 sanctos

244 3663 596 3734 patriarchas
625 3671 680 3716 et
717 3663 1036 3733 praphetas,
1086 3675 1242 3732 reges
1295 3667 1350 3714 et
1401 3659 1744 3723 sacerdotes,
1793 3658 1848 3713 in

249 3752 437 3821 Veteri
473 3751 844 3817 Testamento,
876 3751 1120 3805 dicentes
1171 3750 1330 3804 nobis
1365 3768 1377 3803 :
1416 3768 1435 3801 ι
1473 3749 1532 3804 Si
1567 3765 1660 3804 eos
1689 3748 1849 3804 Chri-

247 3846 461 3900 stianos
515 3843 778 3910 dicendo,
840 3858 935 3898 eos
965 3858 1085 3899 esse
1137 3843 1416 3899 afﬁrmare
1466 3842 1650 3907 vultis,
1710 3842 1851 3896 mul—

251 3946 371 3991 tum
399 3945 484 3991 est
512 3936 806 3991 absurdum
854 3946 914 3989 ut
955 3935 1251 3990 Christiani
1300 3943 1485 3990 essent
1532 3935 1848 4004 priusquam

250 4029 526 4085 Christus.
563 4049 582 4080 ι
625 4028 766 4082 Ecce
799 4027 996 4098 quibus
1031 4027 1212 4082 verbis
1240 4027 1454 4097 negatis
1497 4035 1718 4080 sanctos
1754 4027 1852 4081 Ve-

249 4123 393 4178 teris
419 4120 757 4176 Testamenti
809 4120 1150 4174 Christianos
1182 4118 1370 4174 fuisse.
1401 4117 1507 4173 Sed
1559 4119 1729 4173 multo
1758 4133 1852 4188 pe-

243 4214 342 4285 jus
369 4214 584 4284 negatis
612 4212 702 4266 illo
732 4221 973 4282 tempore
996 4227 1105 4266 non
1129 4226 1249 4267 esse
1268 4211 1569 4287 Christum.
1598 4210 1846 4277 Credite,

251 4305 585 4360 venerabilis
614 4303 888 4374 magister,
917 4303 1045 4373 quia
1077 4304 1122 4358 si
1148 4303 1425 4358 dixissetis
1463 4319 1477 4356 :
1519 4322 1537 4354 ‹
1573 4301 1688 4358 Non
1709 4303 1852 4358 dice-

250 4399 459 4454 bantur
485 4395 804 4459 Christiani,
839 4415 858 4446 ›
876 4410 1046 4465 parva
1076 4394 1305 4449 forsitan
1321 4403 1467 4449 esset
1489 4394 1846 4465 blasphemia.

253 4489 396 4545 Cum
441 4496 625 4542 autem
676 4487 875 4552 dicitis,
933 4485 1059 4541 Non
1105 4495 1255 4540 erant
1294 4485 1605 4550 Christiani,
1651 4486 1850 4555 injuste

255 4590 469 4639 tantam
513 4580 916 4636 multitudinem
964 4587 1280 4635 sanctorum
1317 4579 1728 4649 blasphematis.
1768 4577 1854 4632 Si-

253 4673 376 4728 mili
395 4673 563 4728 etiam
589 4671 751 4726 modo
773 4671 817 4726 si
845 4671 912 4725 de
936 4670 1166 4726 Domino
1182 4667 1310 4724 Jesu
1332 4669 1551 4725 Christo
1577 4671 1850 4736 diceretis,

259 4785 280 4817 ι
320 4764 566 4819 Necdum
593 4765 661 4819 ab
678 4763 930 4818 omnibus
960 4762 1210 4818 ﬁdelibus
1235 4761 1522 4817 manifeste
1561 4764 1856 4818 vocabatur

253 4857 537 4922 Christus,
573 4876 590 4908 ι
620 4855 901 4911 tolerabile
914 4863 1078 4910 esset.
1097 4852 1167 4907 At
1193 4870 1318 4909 cum
1349 4854 1554 4919 dicitis,
1589 4852 1710 4908 Non
1741 4864 1854 4908 erat

253 4947 524 5013 Christus,
558 4957 672 5002 tam
705 4947 927 5018 grandis
953 4947 1307 5017 blasphemiae
1342 4956 1444 5012 est,
1479 4955 1668 5001 utnon
1717 4946 1857 5000 mul-

253 5048 378 5095 tum
411 5041 577 5095 distet
606 5041 675 5096 ab
707 5039 797 5094 illa
819 5039 969 5094 Pauli
1000 5039 1344 5094 Samosateni
1371 5040 1781 5110 prredicatione.

329 5129 498 5185 XVII.
527 5129 736 5185 Deinde
783 5127 1130 5200 subjungitis,
1173 5130 1329 5199 quasi
1366 5131 1722 5184 exhortantes
1757 5145 1856 5185 nos

255 5241 322 5281 ac
347 5225 625 5280 dicentes:
649 5244 668 5275 ‹
704 5223 812 5280 Sed
839 5225 1112 5293 quomodo
1125 5225 1364 5278 nondum
1383 5232 1504 5279 erat
1526 5224 1810 5278 Christus?
1833 5244 1851 5276 ι

253 5318 470 5387 Legitis
491 5318 690 5373 librum
721 5317 1018 5387 supradicti
1053 5317 1198 5370 beati
1231 5315 1408 5370 Patris
1430 5315 1743 5386 Augustini,
1774 5328 1862 5372 ca-

255 5411 438 5483 pitulo
463 5409 516 5475 6,
559 5418 615 5465 et
662 5410 865 5480 ponitis
913 5409 1092 5480 ipsum
1122 5408 1440 5478 capitulum,
1474 5407 1644 5463 multo
1692 5407 1858 5462 alium
1885 5401 1898 5412 “

257 5519 488 5559 sensum
514 5502 891 5557 continentem
928 5516 1091 5569 quam
1124 5514 1224 5553 vos
1247 5499 1482 5554 sentitis.
1510 5499 1567 5552 In
1587 5499 1678 5553 illo
1714 5499 1859 5554 enim

258 5596 507 5668 capitulo
534 5595 799 5665 scriptum
823 5603 936 5648 est:
969 5613 986 5644 ι
1011 5592 1145 5649 Cum
1174 5608 1304 5664 ergo
1333 5592 1534 5648 Christi
1566 5609 1764 5649 nomen
1794 5609 1861 5649 ex

256 5704 330 5747 eo
354 5689 433 5744 illi
463 5689 536 5744 sit
566 5688 711 5759 quod
760 5687 1022 5758 scriptum
1064 5694 1169 5754 est,
1223 5685 1386 5741 Una‘it
1417 5697 1466 5741 te
1505 5687 1668 5754 Deus,
1718 5688 1861 5743 Deus

259 5793 391 5838 tuus
417 5781 532 5837 oleo
562 5778 929 5835 essultationis
954 5796 1063 5850 pra:
1092 5779 1436 5851 participibus
1459 5782 1580 5835 tuis.
1612 5779 1765 5838 Unde
1792 5782 1860 5837 ad

633 5893 911 5954 PATROL.
959 5891 1120 5956 CIV.

1946 1921 1966 1954 ‹
1995 1902 2241 1960 Nondum
2269 1922 2400 1980 ergo
2421 1919 2543 1965 erat
2574 1911 2824 1968 Christus
2851 1914 2996 1983 quod
3023 1914 3193 1984 erepit
3218 1929 3361 1980 esse,
3401 1929 3530 1970 cum

1940 1999 2292 2068 semetipsum
2335 2001 2660 2057 exinanivit.
2697 2023 2716 2056 ι
2758 2002 2900 2060 Ecce
2928 2013 2984 2059 et
3034 2004 3123 2060 hic
3164 2003 3417 2061 Christus
3444 2003 3529 2059 di-

1939 2087 2100 2154 citur,
2143 2091 2236 2158 qui
2278 2092 2518 2148 nondum
2569 2103 2691 2149 erat
2718 2095 2822 2150 hoc
2869 2095 3014 2166 quod
3040 2111 3160 2152 esse
3189 2097 3374 2168 coepit,
3406 2111 3532 2152 cum

1939 2180 2292 2249 semetipsum
2315 2183 2632 2251 exinanivit,
2666 2185 2719 2240 id
2741 2194 2828 2242 est
2852 2188 3036 2242 homo.
3063 2186 3196 2243 Nam
3228 2188 3356 2260 quid
3385 2187 3532 2243 aliud

1938 2283 2059 2323 esse
2086 2272 2270 2341 coepit,
2304 2274 2410 2329 nisi
2454 2275 2635 2341 homo,
2680 2291 2804 2332 cum
2849 2277 3082 2333 formam
3111 2279 3256 2335 servi
3289 2279 3535 2350 accepit?

1940 2358 2100 2417 Certe
2148 2363 2482 2435 Augustinus
2514 2383 2622 2422 non
2671 2368 2788 2424 ait:
2822 2369 2946 2424 Non
2988 2380 3099 2425 erat
3147 2369 3387 2426 Christus
3442 2371 3536 2442 qui

1939 2457 2246 2525 essecwpit;
2271 2458 2389 2524 sed,
2419 2458 2475 2512 Ν
2480 2475 2546 2514 οη
2573 2471 2686 2514 erat
2707 2462 2848 2532 quod
2878 2479 2987 2517 esse
3002 2465 3168 2534 coepit.

1929 2612 1935 2615 ε
2012 2543 2196 2601 XVIII.
2253 2549 2388 2604 Nam
2427 2551 2472 2605 si
2502 2551 2753 2608 Christus
2792 2565 2917 2610 ante
2969 2555 3194 2612 Mariam
3227 2573 3339 2614 non
3391 2565 3534 2628 erat,

1941 2636 2072 2704 quid
2102 2645 2185 2691 est
2228 2640 2372 2707 quod
2399 2639 2688 2710 Apostolus
2710 2643 2789 2698 ait
2820 2662 2832 2697 :
2870 2642 3112 2700 Christus
3151 2646 3310 2700 Jesus
3341 2646 3457 2700 heri
3482 2655 3535 2702 et

1942 2727 2118 2792 hodie,
2152 2729 2260 2799 ipse
2287 2740 2332 2784 et
2355 2733 2408 2786 in
2441 2733 2637 2788 sazcula
2668 2733 2880 2807 (Helm,
2906 2751 3028 2803 xui,
3060 2738 3156 2809 8)?
3199 2737 3258 2793 Si
3286 2737 3539 2798 Christus

1930 2832 2051 2893 non
2083 2829 2224 2885 erat,
2256 2830 2308 2876 et
2351 2823 2528 2878 sancti
2579 2825 2794 2880 Veteris
2840 2825 3176 2882 Testamenti
3227 2843 3336 2884 non
3381 2838 3541 2886 erant

1944 2910 2245 2967 Christiani
2272 2931 2286 2980 ;
2319 2931 2488 2985 quare
2527 2917 2726 2972 iterum
2745 2917 3042 2988 Apostolus
3068 2919 3201 2974 dicit
3231 2938 3242 2973 :
3277 2919 3541 2974 Memores

1945 3018 2106 3062 estote
2127 3009 2265 3080 quod
2289 3011 2576 3081 aliquando
2598 3029 2686 3066 vos
2699 3023 2873 3083 gentes
2898 3015 2954 3067 in
2976 3031 3158 3080 carne,
3188 3015 3278 3083 qui
3297 3013 3542 3068 dicimini

1872 3149 1918 3214 Ο
1947 3104 2292 3172 prwpulium,
2326 3104 2390 3157 ab
2414 3121 2475 3157 ea
2514 3121 2632 3176 qua:
2681 3104 2881 3160 dicitur
2907 3107 3236 3160 circumcisio
3264 3107 3321 3160 in
3344 3121 3538 3172 carne,

1950 3211 2112 3250 manu
2164 3195 2344 3264 facta;
2374 3198 2498 3268 quia
2527 3198 2688 3252 eratis
2737 3197 2830 3250 illo
2863 3207 3090 3269 tempore
3144 3199 3256 3252 sine
3305 3195 3540 3264 Christo,

1950 3284 2166 3339 alienati
2183 3304 2214 3339 a
2232 3289 2625 3343 conversatione
2650 3286 2844 3353 Israel,
2875 3298 2923 3342 et
2953 3289 3179 3359 hospites
3203 3296 3543 3343 testamento-

1950 3393 2091 3440 rum,
2124 3378 2487 3446 promissionis
2533 3395 2677 3450 spem
2713 3395 2818 3434 non
2845 3379 3114 3444 habentes,
3137 3388 3184 3434 et
3216 3379 3328 3434 sine
3349 3378 3461 3432 Deo
3484 3378 3541 3433 in

1950 3470 2147 3525 mundo
2187 3472 2406 3543 (ΕρΙιεδ.
2457 3489 2516 3538 ιι,
2568 3474 2657 3540 Il,
2706 3475 2816 3548 12).
2862 3475 3002 3531 Ecce
3048 3475 3340 3548 Apostolus
3385 3477 3546 3531 docet

1951 3572 2140 3633 gentes
2161 3565 2278 3619 sine
2305 3565 2525 3622 Christo
2556 3566 2725 3623 fuisse
2747 3567 2839 3622 illo
2872 3576 3140 3640 tempore,
3174 3568 3392 3638 quando
3417 3581 3545 3637 pro-

1951 3655 2228 3712 missionis
2265 3673 2415 3727 spem
2449 3659 2685 3715 habebat
2719 3658 2906 3716 Israel.
2939 3661 3007 3715 Et
3029 3661 3160 3731 quid
3185 3670 3271 3716 est
3315 3660 3542 3715 dicere:

1951 3743 2135 3800 Eratis
2159 3747 2269 3801 sine
2301 3747 2535 3815 Christo,
2575 3749 2794 3804 alienati
2844 3768 2877 3805 a
2905 3751 3302 3806 conversatione
3345 3748 3542 3815 Israel,

1952 3836 2060 3890 nisi
2113 3839 2330 3907 oLquue
2355 3841 2762 3908 demonstrare,
2798 3859 2904 3898 non
2951 3843 3120 3898 fuisse
3159 3843 3278 3897 sine
3323 3842 3546 3898 Christo

1950 3927 2116 3983 Israel
2144 3939 2396 4016 tempore.
2422 3934 2838 4002 promissionis?
2869 3935 2926 3989 Si
2967 3933 3216 3990 Christus
3247 3950 3355 3990 non
3391 3943 3542 4003 erat,

1953 4034 2128 4090 neque
2150 4021 2476 4089 Christiani;
2503 4040 2602 4079 cur
2645 4025 2789 4079 idem
2817 4025 3108 4096 Apostolus
3146 4028 3212 4081 de
3237 4026 3419 4099 Moyse
3469 4027 3551 4082 di-

1954 4110 2030 4164 cit
2062 4128 2074 4163 :
2110 4109 2338 4183 Negavit
2382 4131 2436 4168 se
2481 4132 2592 4169 esse
2627 4115 2800 4185 ﬁlium
2847 4116 2975 4187 ﬁlia:
3014 4117 3336 4186 Pharaonis,
3376 4120 3546 4192 magis

1954 4202 2147 4273 eligens
2177 4206 2336 4276 aﬂligi
2371 4223 2489 4260 cum
2515 4207 2707 4278 populo
2740 4207 2861 4274 Dei,
2883 4227 3039 4280 quam
3066 4211 3371 4282 temporalis
3420 4228 3546 4282 pec-

1956 4298 2060 4348 cati
2091 4297 2282 4352 habere
2312 4299 2734 4368 jocunditatem;
2765 4303 2992 4373 majores
3021 4305 3231 4378 divitias
3278 4306 3546 4364 wstimans

1955 4388 2200 4443 thesauro
2239 4389 2636 4462 zEgyptiorum,
2668 4394 3043 4466 improperium
3071 4395 3288 4452 Christi.
3317 4397 3549 4470 Aspicis-

1876 4518 1930 4579 D
1957 4480 2044 4534 bat
2068 4482 2208 4534 enim
2254 4483 2311 4536 in
2362 4486 2838 4541 remunerationem
2869 4487 3057 4557 (Hebr.
3083 4506 3164 4555 χι,
3210 4490 3302 4554 24,
3332 4489 3446 4561 25).
3487 4489 3547 4547 Si

1957 4575 2057 4629 sub
2084 4573 2201 4645 lege
2230 4575 2392 4645 positi
2420 4576 2696 4632 Christum
2747 4587 2801 4635 et
2835 4580 2964 4636 boni
3002 4597 3108 4636 non
3142 4581 3446 4647 coluerunt,
3489 4591 3548 4640 et

1955 4665 2081 4719 mali
2111 4681 2221 4720 non
2277 4673 2658 4736 tentaverunt,
2698 4686 2797 4725 cur
2843 4673 3042 4726 iterum
3087 4672 3220 4726 dicit
3257 4672 3325 4727 de
3361 4673 3546 4730 colen-

1958 4759 2103 4814 tibus
2147 4776 2271 4815 eum
2300 4780 2311 4814 :
2340 4760 2595 4817 Bibebant
2618 4765 2682 4818 de
2710 4766 2941 4836 spiritali
2981 4767 3316 4836 consequenti
3339 4784 3426 4824 eos
3456 4786 3549 4840 pe-

1958 4860 2060 4906 tra.
2100 4849 2259 4906 Petra
2281 4863 2454 4907 autem
2480 4865 2592 4908 erat
2624 4853 2885 4910 Christus.
2910 4857 2986 4911 De
3004 4858 3342 4912 tentantibus
3365 4873 3497 4916 vero
3527 4874 3544 4915 :

1961 4941 2144 5015 Neque
2165 4954 2419 5000 tentemus
2444 4945 2735 5013 Christum,
2773 4949 2904 5002 sicut
2949 4947 3164 5018 quidam
3194 4966 3377 5005 eorum
3426 4960 3544 5008 ten-

1959 5045 2218 5102 taverunt,
2246 5046 2294 5090 et
2320 5055 2352 5090 a
2379 5039 2701 5109 serpentibus
2725 5038 3010 5111 perierunt.
3040 5037 3177 5094 Nam
3204 5049 3265 5096 ut
3283 5043 3550 5101 noveritis

1960 5127 2062 5181 sub
2109 5127 2226 5198 lege
2276 5142 2385 5182 non
2430 5129 2605 5184 solum
2647 5129 3007 5192 Christianos.
3060 5133 3156 5187 sed
3202 5133 3365 5189 etiam
3405 5135 3544 5192 ﬁlios

1962 5219 2165 5276 Christi
2215 5220 2400 5287 fuisse,
2441 5224 2624 5279 audite
2675 5225 2872 5278 iterum
2916 5223 3270 5294 Apostolum:
3319 5227 3549 5286 Deccbat

1960 5312 2118 5376 enim,
2149 5313 2345 5382 inquit,
2375 5331 2492 5368 eum
2532 5323 2742 5384 propter
2759 5331 2913 5385 quem
2945 5318 3146 5382 omnia,
3190 5328 3238 5372 et
3261 5335 3354 5390 per
3392 5336 3548 5390 quem

1962 5407 2162 5471 omnia,
2181 5408 2270 5478 qui
2299 5407 2492 5462 multos
2511 5405 2650 5474 ﬁlios
2674 5406 2730 5460 in
2755 5405 2980 5477 gloriam
3007 5408 3329 5475 adduxerat,
3353 5419 3547 5465 aucto-

1962 5515 2071 5552 rem
2103 5499 2290 5553 salutis
2334 5515 2515 5552 eorum
2539 5514 2634 5569 per
2653 5499 2922 5568 passiones
2970 5507 3350 5556 consummari.
3389 5501 3550 5557 Anna

1961 5602 2140 5649 mater
2168 5590 2437 5647 Samuelis
2463 5605 2626 5646 orans
2651 5591 2706 5646 in
2737 5592 2937 5664 templo
2965 5593 3096 5648 dicit
3125 5609 3140 5648 :
3172 5592 3434 5649 Dominus
3446 5591 3549 5664 jx-

1963 5688 2156 5742 dicabit
2183 5686 2312 5755 fines
2337 5693 2509 5751 terraz,
2534 5694 2584 5740 et
2605 5686 2750 5741 dabit
2782 5689 3061 5759 imperium
3093 5690 3202 5759 regi
3237 5703 3355 5755 suo,
3387 5694 3436 5742 et
3458 5701 3554 5741 sun

1966 5777 2199 5832 blimabit
2223 5791 2387 5835 cornu
2418 5773 2616 5832 Christi
2642 5778 2746 5833 sui.
2779 5778 2847 5835 Et
2876 5779 2980 5834 hoc
3006 5785 3063 5834 et
3088 5779 3142 5835 in
3169 5778 3264 5835 illo
3301 5787 3550 5850 tempore

3151 5893 3194 5959 ϐ
