4088 6344
155 353 375 418 ,1⁸13

1372 356 1589 414 EPIST.
1629 357 1723 414 AD
1762 333 2125 424 PROCERES
2162 321 2451 416 PALATII.

3445 359 3551 430 1η

257 485 323 542 in
362 480 608 538 omnibus
631 437 963 557 adimpletur.
1000 478 1069 554 Et
1101 478 1327 536 iterum:
1353 476 1476 548 Ipse
1496 486 1571 532 est
1597 476 1736 532 enim
1754 491 1861 546 pax
1887 473 1941 536 Α
2035 451 2198 531 XXll.
2231 475 2289 532 Si
2314 478 2436 550 quis
2459 482 2642 548 autem
2663 474 2732 531 ad
2752 476 2870 533 haec
2887 476 3254 549 obiiciendum
3276 481 3552 552 putaverit

263 587 475 641 nostra,
503 576 593 648 qui
635 575 753 644 fecit
785 581 1004 637 utraque
1051 589 1236 637 unum,
1266 581 1314 626 et
1356 572 1584 625 medium
1609 571 1859 641 parietem

260 671 536 733 maceriae,
551 672 754 724 solvens
781 667 1110 723 inimicitiam
1127 668 1182 722 in
1210 683 1366 722 carne
1385 684 1505 732 sua,
1533 665 1692 737 legem
1710 682 1858 731 man-

259 763 517 820 datorum
550 761 771 826 decretis
794 778 1076 826 eracuans,
1099 769 1158 814 ut
1203 760 1336 815 duos
1372 761 1566 816 condat
1592 761 1648 814 in
1671 769 1860 814 semet-

260 855 452 929 ipsum,
485 855 544 924 in
573 870 736 922 unum
782 869 970 916 norum
1006 852 1292 918 hominem,
1338 852 1534 924 faciens
1562 868 1766 923 pacem,
1809 859 1858 906 et

261 943 618 1017 reconcilians
653 929 833 1008 ambos
865 946 919 998 in
953 961 1058 999 uno
1087 961 1305 1014 rorpore
1345 944 1456 1000 Deo
1485 961 1580 1015 per
1611 960 1856 1024 crucem,

259 1037 586 1108 interﬁciens
641 1037 994 1114 inimicitiam
1031 1038 1089 1104 in
1147 1039 1444 1109 semetipso.
1508 1037 1578 1093 Et
1631 1039 1856 1114 ueniens

255 1127 642 1199 euangelizavit
679 1144 863 1199 pacem
887 1127 1141 1200 nobisqui
1165 1127 1316 1199 longe
1361 1129 1562 1198 fuistis,
1585 1139 1637 1184 ιι
1674 1145 1855 1200 pacem

258 1220 343 1274 his
365 1219 458 1289 qui
487 1235 687 1289 prope;
716 1219 967 1291 quoniam
988 1236 1083 1290 per
1102 1219 1276 1290 ipsum
1309 1221 1561 1275 habemus
1584 1237 1856 1282 accessum

259 1311 418 1379 ambo
445 1312 498 1365 in
527 1329 641 1379 uno,
660 1311 849 1382 spiritu
879 1312 950 1366 ad
978 1311 1213 1367 Patrem.
1247 1311 1392 1384 Ergo
1427 1312 1547 1383 jam
1585 1330 1692 1370 non
1728 1315 1854 1369 estis

257 1405 490 1475 hospites
515 1414 564 1462 et
594 1405 834 1472 adventu,
872 1405 963 1462 sed
989 1407 1113 1461 estis
1133 1407 1268 1462 cives
1300 1417 1633 1471 sanctorum,
1682 1408 1856 1470 ει,άο-

258 1499 465 1556 ικεειὶεἱ
497 1498 618 1569 Dei,
657 1499 1069 1572 supertediﬁcati
1092 1516 1248 1571 super
1279 1499 1680 1568 fundamentum
1717 1516 1852 1572 apo-

255 1591 516 1646 stolarum
543 1599 593 1645 et
638 1592 1030 1662 prophetarum,
1078 1591 1191 1663 ipso
1237 1608 1442 1648 summa
1481 1593 1728 1664 angulari
1772 1593 1854 1654 la-

256 1681 383 1754 pide
411 1680 619 1736 Christo
637 1679 798 1750 .Jesu,
815 1682 872 1735 in
891 1697 994 1752 quo
1033 1681 1316 1751 mdiﬁcatio
1342 1691 1640 1738 constructa
1667 1685 1852 1742 crescit

257 1771 318 1826 in
344 1773 592 1844 templum
618 1783 862 1839 sanctum
881 1774 954 1834 in
981 1772 1234 1839 Domino,
1264 1775 1452 1846 inquo
1469 1784 1518 1829 et
1545 1792 1631 1830 vos
1659 1776 1852 1835 θυέεάί-

1961 566 2112 640 illud,
2139 569 2283 638 quod
2310 569 2363 624 in
2391 569 2550 635 lsaia,
2574 567 2655 630 vel
2683 569 2739 623 in
2759 567 3104 641 Apocalypsi,
3129 585 3326 626 nomen
3348 585 3550 630 novum

1960 658 2181 725 dicitur,
2211 661 2354 732 quod
2382 660 2568 732 procul
2599 659 2768 732 duino
2793 658 3166 730 Christianum
3189 662 3548 735 intelligitur;

1957 754 2341 830 sciatsanctos
2370 755 2618 830 doctores
2641 756 2718 812 ita
2748 756 3116 827 intellexisse,
3146 766 3207 816 ut
3235 773 3434 814 novum
3461 760 3550 816 dia

1958 854 2135 914 catur,
2182 858 2472 922 propterea
2520 850 2648 920 quia
2695 864 2868 921 nuper
2899 850 3230 923 dispersum,
3261 866 3372 908 non
3421 850 3561 922 quia

1957 956 2132 1013 nuper
2162 941 2440 1000 inventum
2465 960 2482 1011 ;
2521 959 2587 1014 ac
2618 958 2715 1015 per
2738 945 2842 1001 hoc
2872 960 2982 1010 non
3012 944 3221 1002 novella
3249 945 3338 1002 vel
3376 962 3553 1017 nuper

1958 1043 2146 1090 exorta
2173 1042 2256 1106 est
2281 1032 2716 1092 Christianorum
2746 1035 2956 1108 religio,
2984 1037 3078 1093 sed
3118 1037 3186 1093 ah
3211 1037 3328 1108 ipsa
3360 1037 3548 1093 mundi

1957 1125 2166 1199 origine
2193 1125 2548 1191 descendens,
2577 1119 2766 1182 eadem
2793 1127 3012 1183 Christo
3049 1127 3276 1202 doctore
3305 1137 3360 1184 et
3391 1128 3551 1184 iusti-

1956 1224 2157 1284 tutore.
2187 1216 2323 1288 Nam
2356 1218 2480 1276 inde
2515 1219 2583 1273 ah
2610 1219 2768 1274 initio
2795 1221 3031 1295 speciem
3065 1217 3406 1292 formamque
3428 1236 3550 1276 sus~

1955 1311 2182 1381 piciens.
2222 1310 2392 1365 Porro
2435 1311 2501 1366 de
2542 1312 2747 1366 unitate
2780 1309 3017 1366 ﬁdelium
3061 1312 3276 1368 Veteris
3308 1327 3374 1368 ac
3410 1312 3548 1367 Novi

1957 1404 2290 1460 Testamenti
2321 1404 2517 1478 beatus
2547 1402 2910 1476 Hieronymus
2952 1403 3120 1459 dicit:
3160 1423 3179 1455 ‹
3229 1403 3346 1472 Quo
3386 1405 3547 1460 modo

1954 1498 2101 1572 enim
2139 1513 2329 1552 omnes
2354 1497 2408 1551 in
2435 1497 2770 1568 protoplasto
2808 1495 2982 1554 Adam
3010 1498 3242 1554 necdum
3283 1499 3398 1554 nati
3427 1482 3546 1554 ιυὸ-

1955 1591 2211 1656 riuntur;
2259 1591 2336 1645 ita
2375 1605 2597 1654 omnes,
2637 1590 2801 1646 etiam
2845 1589 2899 1644 hi
2947 1589 3042 1661 qui
3081 1599 3210 1650 ante
3253 1590 3548 1647 adventum

1954 1682 2154 1740 Christi
2181 1683 2295 1738 nati
2322 1690 2472 1752 sunt,
2503 1683 2557 1738 in
2588 1683 2828 1746 secundo
2849 1682 3023 1740 Adam
3051 1683 3427 1740 vivificantur;
3465 1691 3550 1740 at-

1955 1792 2060 1847 que
2087 1777 2162 1830 ita
2193 1775 2253 1830 fit
2282 1783 2342 1830 ut
2365 1783 2420 1829 et
2464 1791 2564 1830 nos
2591 1774 2695 1845 legi
2723 1775 3155 1841 servierimusin
3184 1776 3456 1847 patrihus,
3491 1771 3554 1833 et}

254 1865 496 1930 scamini
541 1866 598 1920 in
643 1863 1005 1930 habitaculum
1047 1864 1148 1920 Dei
1195 1865 1254 1920 in
1299 1863 1508 1936 Spiritu
1536 1877 1738 1930 sancto,
1783 1869 1852 1932 Et
1880 1854 1928 1914 Β
1957 1867 2034 1922 illi
2061 1867 2233 1938 gratia
2260 1866 2537 1922 salventur
2564 1865 2618 1919 in
2643 1863 2788 1920 ﬁliis.
2826 1884 2845 1917 ι
2877 1865 2994 1932 ⁴[διε
3019 1866 3327 1924 intellectus
3353 1868 3549 1925 Eccle-

253 1955 430 2028 quare
458 1957 600 2012 hanc
622 1956 940 2026 Ecclesiam,
981 1957 1084 2024 hoc
1109 1972 1352 2028 corpus,
1379 1960 1522 2027 quod
1553 1968 1637 2014 est
1683 1960 1855 2032 pleni:

255 2049 396 2119 tudo
418 2049 630 2120 capitis,
660 2049 764 2104 hoc
788 2049 1164 2120 -unum,_,quod
1188 2065 1257 2112 ex
1294 2058 1523 2120 utraque
1549 2051 1702 2118 fecit,
1749 2054 1854 2110 hos

253 2142 510 2212 conditos
535 2143 588 2196 in
636 2142 960 2212 semetipso,»
1002 2143 1102 2198 bos
1137 2143 1326 2199 ambos
1368 2145 1748 2204 reconciliatos
1791 2146 1852 2206 in

252 2251 365 2291 uno
413 2251 644 2305 corpore
692 2235 804 2291 Deo
852 2251 950 2306 per
969 2251 1212 2302 crucem,
1264 2238 1406 2293 hanc
1433 2238 1851 2298 aedificationem

250 2338 654 2397 constructam,
684 2329 788 2392 hoc
820 2331 1078 2398 templum
1105 2339 1355 2388 sanctum
1385 2331 1439 2385 in
1469 2331 1719 2397 Domino,
1746 2334 1851 2390 hoc

252 2421 627 2477 habitaculum
658 2421 752 2475 Dei
797 2421 852 2476 in
897 2421 1129 2491 spiritu,
1162 2423 1324 2478 vultis
1355 2424 1428 2478 ita
1473 2424 1761 2491 dividere,
1791 2433 1853 2481 ut

252 2511 404 2567 aliud
426 2575 430 2578 ,
452 2511 529 2566 illi
577 2511 798 2578 fuerint,
830 2511 978 2567 aliud
1005 2528 1108 2568 nos
1151 2514 1356 2570 simus?
1383 2514 1524 2580 Quid
1553 2530 1683 2585 ergo
1723 2531 1852 2586 pros

251 2606 358 2662 fuit
387 2607 536 2676 quod
559 2622 658 2676 per
678 2615 843 2676 caput
871 2606 1133 2664 habemus
1163 2622 1446 2662 accessum
1469 2608 1628 2664 ambo
1658 2609 1712 2664 in
1743 2625 1851 2664 uno

247 2699 448 2769 Spiritu
502 2699 572 2754 ad
597 2697 846 2764 Patrem,
871 2699 918 2754 si
946 2699 1153 2754 nullam
1195 2701 1633 2760 communionem
1688 2700 1853 2756 habet

250 2790 411 2852 radix
448 2789 604 2846 olivae
645 2789 1036 2852 cumoleastro
1072 2791 1176 2848 sibi
1227 2791 1470 2847 inserto?
1499 2791 1696 2848 Tribus
1745 2791 1852 2849 Rue

250 2880 382 2947 ben,
409 2890 466 2938 et
492 2880 819 2948 tribusGad,
851 2897 917 2940 ac
965 2883 1190 2959 dimidia
1218 2884 1395 2943 tribus
1425 2882 1698 2949 Manasse,
1724 2897 1849 2952 pro-

1953 1962 2050 2018 site
2077 1960 2362 2016 catholica:
2387 1959 2672 2024 convenit,
2708 1974 2832 2028 quae
2859 1959 3071 2014 Veteris
3099 1967 3154 2016 et
3182 1959 3321 2017 Novi
3358 1961 3550 2022 Testa-

1953 2053 2127 2108 menti
2148 2068 2314 2107 unam
2347 2053 2543 2107 asserit
2570 2051 3000 2121 providentiam,
3031 2067 3134 2108 nec
3174 2053 3462 2125 distinguit
3490 2054 3549 2114 in

1955 2149 2199 2212 tempore
2235 2157 2371 2212 quos
2411 2141 2726 2198 conditione
2770 2143 3018 2196 sociavit.
3054 2141 3256 2200 Omnes
3292 2144 3548 2200 aedificati

1953 2235 2122 2291 simus
2153 2249 2316 2303 super
2345 2233 2756 2289 fundamentum
2789 2234 3155 2304 apostolorum
3175 2244 3234 2292 et
3256 2236 3550 2306 propheta--~

1953 2345 2112 2394 rum,
2161 2329 2477 2384 continente
2520 2343 2621 2383 nos
2668 2327 2913 2397 angulari
2952 2327 3134 2397 lapide
3170 2327 3296 2385 Jesu
3326 2330 3551 2386 Christo

1952 2419 2183 2475 Domino
2211 2429 2420 2485 nostro,
2449 2419 2542 2488 qui
2571 2418 2702 2475 fecit
2728 2426 2958 2490 utraque
2984 2435 3153 2475 unum
3174 2460 3190 2487 ,
3227 2430 3286 2478 et
3309 2422 3552 2479 medium

1951 2513 2216 2582 parietem
2243 2511 2532 2582 dissipans,
2571 2511 2916 2566 inimicitiam
2959 2513 3246 2584 utriusque
3281 2515 3461 2584 populi
3491 2515 3551 2574 in

1953 2618 2051 2668 sua
2080 2617 2246 2657 carne
2281 2601 2572 2668 destruxit,
2619 2608 2676 2656 et
2716 2602 2956 2672 antiquae
2999 2602 3135 2673 legis
3176 2603 3553 2664 difﬁcultatem

1951 2696 2390 2768 evangelicorum
2425 2694 2741 2765 dogmatum
2776 2693 3092 2765 integritate
3127 2697 3378 2752 mutavit.
3409 2699 3553 2756 Vere

1952 2791 2010 2848 in
2031 2790 2250 2847 Christo
2276 2804 2416 2845 unus
2450 2789 2609 2858 panis
2645 2803 2870 2854 sumus,
2917 2795 2976 2844 et
3021 2789 3130 2845 duo
3172 2790 3553 2848 consensimus

1955 2900 2122 2958 super
2148 2893 2382 2948 terram;
2423 2891 2479 2938 et
2507 2882 2778 2953 quomodo
2803 2897 2906 2939 nos
2930 2897 3092 2952 super
3115 2883 3413 2954 pmphetas
3432 2884 3556 2942 fun-

249 2980 441 3041 pterea
481 2981 908 3036 construxerunt
940 2972 1115 3030 altare
1158 2974 1300 3029 ultra
1353 2972 1669 3041 Iordanem,
1720 2963 1896 3049 quia‘
1955 2978 2069 3036 dati
2092 2993 2302 3043 sumus,
2327 2977 2407 3032 ita
2441 2982 2498 3031 et
2530 2974 2857 3045 patriarchae
2877 2975 2993 3046 jam
3021 2973 3394 3045 apostolorum
3428 2975 3556 3034 fun—

245 3061 363 3133 jam
399 3063 661 3122 timebant
693 3081 812 3132 vos,
847 3083 918 3122 ne
948 3066 1206 3123 diceretis
1230 3067 1358 3134 illis,
1384 3081 1510 3124 cum
1553 3066 1849 3128 Jordanem
1954 3072 2174 3129 damine
2196 3071 2582 3127 constiterunt.
2623 3069 2702 3124 De
2724 3068 2954 3126 Domino
2988 3084 3208 3140 quoque
3235 3068 3366 3127 Jesu
3391 3068 3555 3146 Chris-

251 3157 620 3224 transissent:
669 3157 788 3220 Non
843 3158 1127 3227 pertinetis
1175 3159 1245 3214 ad
1300 3174 1421 3225 nos,
1475 3171 1502 3200 α
1553 3173 1663 3214 non
1715 3159 1850 3238 estis
1891 3212 1896 3214 .
1953 3171 2042 3220 sto
2061 3162 2353 3233 prtedictus
2372 3162 2573 3217 doctor
2615 3161 2728 3215 ait:
2774 3179 2794 3213 ι
2848 3159 3149 3231 Postquam
3191 3164 3263 3218 ob
3299 3169 3552 3223 nostram

251 3245 593 3316 Christiani,,
629 3249 748 3307 sine
794 3249 1014 3306 Christo
1053 3251 1216 3316 estis;
1271 3251 1400 3321 quia
1451 3251 1686 3306 necdum
1730 3258 1851 3306 erat
1877 3245 1924 3311 C
1955 3254 2186 3313 salutem
2214 3252 2283 3314 de
2307 3252 2548 3323 Virginis
2573 3259 2731 3307 utero
2760 3252 3016 3322 dignatus
3040 3261 3126 3308 est
3150 3253 3336 3320 nasci,
3365 3255 3464 3313 Dei
3487 3265 3552 3316 et

249 3340 530 3402 Christus.
554 3343 696 3398 Nihil
719 3344 942 3408 omnino
964 3344 1144 3409 differt
1165 3345 1312 3400 aliud
1339 3345 1484 3399 inter
1503 3343 1625 3400 illos
1649 3352 1705 3400 et
1725 3360 1847 3413 nos,

252 3432 372 3488 nisi
409 3434 536 3514 quia
577 3444 917 3491 sacramenta
963 3435 1158 3492 salutis
1203 3451 1324 3506 quae
1357 3451 1458 3506 per
1491 3437 1848 3492 mediatorem

251 3535 483 3597 operata
515 3536 638 3582 sunt
681 3537 906 3598 propter
928 3544 1030 3594 nos
1057 3537 1114 3584 et
1153 3540 1375 3599 propter
1421 3528 1562 3594 illos,
1593 3543 1692 3583 nos
1741 3527 1848 3595 sale

249 3625 388 3672 vant
411 3619 704 3687 praeterita,
732 3619 854 3675 illos
883 3617 1086 3685 futura,
1141 3619 1268 3689 quia
1297 3634 1418 3689 quae
1443 3634 1544 3674 nos
1573 3618 1848 3684 credimus

249 3716 314 3767 et
341 3718 584 3766 tenemus
622 3712 922 3780 praeterita,
956 3712 1035 3767 illi
1067 3712 1416 3767 crediderunt
1459 3727 1524 3766 ac
1557 3718 1850 3766 tenuerunt

248 3799 470 3867 futura;
508 3812 565 3857 et
594 3803 669 3858 illi
684 3789 764 3860 'in
793 3805 907 3860 sola
943 3805 1277 3861 conscientia
1307 3814 1363 3861 et
1404 3804 1594 3876 ﬁguris
1640 3802 1850 3858 futuro-

247 3913 400 3962 rum,
431 3913 531 3952 nos
555 3899 720 3953 etiam
752 3899 806 3953 in
843 3898 1058 3969 publica
1102 3897 1463 3969 professione,
1487 3897 1630 3953 votis
1653 3904 1710 3951 et
1745 3912 1847 3950 au-

247 3993 598 4048 nuntiatlone
617 3993 1022 4064 prasteritarum
1052 4008 1232 4048 rerum
1285 4007 1410 4048 cum
1447 3991 1849 4062 signiﬁcatione

251 4083 631 4144 tractabilium
667 4092 1172 4150 sacramentorum;
1216 4083 1360 4140 sicut
1383 4091 1440 4138 et
1488 4083 1565 4138 illi
1617 4084 1726 4138 duo
1753 4083 1848 4153 qui

247 4194 420 4233 unum
444 4177 660 4233 hotrum
698 4180 752 4233 in
784 4177 999 4248 falango
1034 4179 1346 4247 portabant,
1378 4192 1546 4231 unum
1589 4191 1727 4245 opus
1775 4176 1850 4230 fa-

251 4269 476 4324 ciebant
527 4270 919 4336 indifferenter,
967 4269 1071 4324 nisi
1123 4269 1247 4339 quia
1296 4268 1544 4323 eumdem
1602 4268 1846 4334 botrum,

249 4373 398 4414 unus
417 4369 541 4430 post
565 4361 810 4426 dorsum,
842 4362 981 4416 alter
1004 4371 1130 4416 ante
1162 4361 1353 4416 faciem
1381 4361 1683 4425 habebant;
1709 4361 1850 4415 sicut

249 4459 310 4506 et
340 4451 417 4506 illi
465 4453 557 4523 qui
601 4453 994 4524 prmcedentes,
1047 4462 1102 4508 et
1128 4461 1440 4522 sequentes,
1492 4452 1723 4507 Domino
1769 4453 1851 4506 in-

248 4544 425 4599 trauti
454 4543 798 4601 Hierusalem
821 4545 1062 4600 clamant
1087 4544 1322 4600 Osanna.

1955 3346 2238 3407 hominum
2257 3343 2422 3398 homo
2441 3341 2694 3406 Christus
2714 3340 2875 3399 Jesus
2893 3350 3177 3412 sequester
3197 3353 3286 3402 est
3303 3345 3498 3404 dictus.
3520 3365 3548 3408 ι

1952 3437 2262 3507 Antequam
2287 3452 2420 3493 vero
2448 3437 2731 3492 hominum
2760 3451 2960 3508 corpus
2979 3446 3308 3504 assumeret,
3331 3446 3388 3496 et
3406 3449 3552 3498 esset

1955 3531 2100 3600 apud
2124 3529 2342 3586 Patrem
2366 3537 2422 3586 et
2455 3543 2650 3587 omnes
2676 3537 2896 3588 sanctos
2930 3540 3068 3600 quos
3095 3529 3376 3602 Scriptura
3396 3546 3552 3591 omne

1952 3629 2244 3689 memorat,
2279 3622 2400 3680 sine
2424 3622 2797 3679 additamenta
2818 3621 3056 3678 hominis
3073 3661 3092 3688 ,
3123 3638 3284 3694 quem
3312 3625 3550 3681 necdum

1954 3722 2326 3785 assumpserat
2349 3754 2367 3781 ,
2417 3713 2689 3770 mediator
2725 3713 3118 3772 tantummodo
3175 3723 3552 3785 nuncupatum;

1954 3809 2075 3879 Ipse
2097 3809 2296 3880 quippe
2321 3808 2563 3878 pretioso
2587 3807 2851 3878 sanguine
2878 3822 2978 3863 suo
3002 3816 3060 3862 et
3089 3822 3190 3863 nos
3209 3816 3266 3862 et
3284 3806 3427 3873 illos,
3453 3823 3552 3872 pa-

1955 3900 2228 3958 triarchas
2263 3899 2470 3955 scilicet
2503 3907 2560 3954 et
2587 3898 2882 3968 prophetas
2907 3936 2926 3962 ,
2971 3898 3038 3952 de
3083 3896 3373 3951 maledicto
3415 3895 3551 3968 legis

1955 3991 2206 4050 redemit.
2233 3990 2432 4048 Omnes
2457 3991 2602 4046 enim
2630 4003 2698 4044 ex
2726 3989 2832 4046 fide
2861 3987 3066 4045 Christi
3083 3985 3370 4056 iustiﬁcati
3392 3997 3548 4050 sunt.

1958 4089 2239 4159 Siquidem
2275 4089 2551 4144 Abraham
2588 4087 2724 4144 vidit
2764 4090 2908 4146 diem
2941 4088 3186 4157 Christi,
3232 4098 3289 4147 et
3331 4087 3550 4146 lmtatuﬂ

1956 4189 2081 4248 est;
2121 4188 2177 4236 et
2211 4180 2426 4252 Moyses
2451 4179 2685 4250 majores
2716 4181 2937 4236 divitias
2973 4181 3265 4237 aestimavit
3287 4179 3552 4236 thesauro

1955 4274 2358 4348 A‘ngptiorum,
2397 4274 2788 4346 improperium
2809 4272 3031 4330 Christi.
3055 4271 3370 4346 Aspiciebat
3399 4269 3552 4327 enim

1956 4370 2013 4426 in
2039 4368 2558 4426 remunerationem.

1617 4634 1893 4694 BALUZII
1931 4633 2168 4694 ΝΟΤᾸΕ.

326 4741 358 4802 9
376 4727 526 4802 iti’on
555 4729 678 4802 estis
712 4727 1022 4802 Christiani.
1064 4728 1179 4802 "Hic
1206 4727 1569 4802 Fredegisum
1611 4728 1851 4802 graviter
1877 4739 1928 4799 Ῑ)
1955 4745 2094 4798 quos
2125 4727 2308 4802 laudat
2328 4726 2596 4802 Beronius
2615 4725 2854 4802 ininitio
2879 4723 3032 4802 Appa

247 4799 456 4857 refellit
485 4800 806 4872 Agebardus
825 4842 840 4866 ,
867 4801 1008 4872 quod
1044 4801 1243 4855 dixerit
1266 4797 1607 4872 patriarchas
1638 4797 1850 4856 Veteris

248 4870 592 4927 Testamcn'ti
625 4888 735 4928 non
767 4870 934 4927 fuisée
960 4870 1322 4926 Christianos.
1354 4870 1422 4924 Et
1454 4879 1853 4926 consentaueos

245 4943 752 5014 habetAgobardus
771 4941 1043 5004 Justinum
1072 4951 1369 5013 martyrem
1391 4951 1447 4998 et
1464 4940 1851 5013 Augustinum;

3037 4729 3188 4780 ratus
3217 4722 3286 4780 ad
3307 4701 3550 4784 Annales

1959 4794 2392 4929 Ecclefgasticos.
2447 4799 2581 4856 Vide
2632 4796 2832 4855 librum
2893 4794 3155 4853 adversus
3210 4794 3546 4855 Amalarium

1960 4889 2081 4945 cap.
2188 4911 2202 4928 .

255 5082 3514 5114 mw

1041 5196 1478 5277 i‘ISTOLA
1530 5193 1666 5279 AD
1743 5168 2254 5280 raocuaes
2330 5166 2755 5275 PALATII

607 5383 886 5449 eoum
924 5345 1374 5450 eumcerruu
1413 5387 1664 5448 IMPIUM
1701 5335 2176 5476 Demensuo
2211 5360 2655 5446 JUDAICORUM
2699 5330 3204 5439 maculosum.

316 5611 571 5681 Dominis
599 5605 654 5681 ἐι
681 5622 1067 5692 sanctissimis,
1096 5611 1448 5694 beatissimis,
1475 5623 1858 5710 viris‘illustriq

1966 5607 2070 5694 bis
2097 5633 2148 5688 ο,
2176 5615 2428 5675 Ililduino
2457 5593 2598 5673 sacri
2633 5607 2818 5679 palatii
2847 5597 3076 5674 antistiti
3121 5610 3273 5690 [AI.,
3303 5617 3550 5676 archica-

1608 5718 1883 5772 BALUZil
1921 5718 2156 5772 NOTAE.
3271 5755 3276 5762 .

1920 5714 1968 5770 N
2020 5714 2156 5770 re.
3271 5755 3276 5762 .

323 5825 356 5886 ε
385 5811 655 5869 unauna
684 5799 822 5868 έάσγί
861 5810 1049 5886 palatii
1083 5811 1327 5876 antistiti,
1363 5810 1417 5866 id
1460 5816 1567 5886 est,
1605 5715 1883 5886 ξτῗξίξέι
1956 5716 2518 5886 :mcepioiudovgci
2547 5787 2629 5886 iui
2658 5815 2759 5886 pro
2793 5787 3113 5886 ῌῑειῖρὴειάο
3135 5787 3406 5886 episeopo
3441 5787 3552 5884 ut.

239 5883 493 5968 pellano,
521 5886 611 5944 vel
639 5873 1182 5958 summoicapellano,
1210 5873 1324 5958 quo
1348 5884 1512 5944 modo
1543 5873 1774 5941 vocatur
1797 5877 1858 5937 in
1889 5939 1928 5952 ρ
1957 5873 2286 5948 tisconensi,
2324 5875 2470 5947 quod
2501 5883 2689 5935 exstat
2719 5874 2794 5935 in»
2816 5873 3146 5941 bibliotheca
3173 5873 3548 5935 Cluniacensi.
