4088 6344
536 255 639 313 175

1500 253 1557 313 S.
1599 254 1951 317 AGOBARDI
1989 254 2295 316 EPISCOPI
2333 255 2816 317 LUGDUNENSIS

3713 269 3812 327 176

525 365 800 445 pellano],
835 375 892 427 et
917 378 945 411 ι
975 367 1148 426 Walae
1210 369 1419 437 abbati,
1482 368 1802 443 Agobardus
1851 373 2118 431 servulus.
2149 383 2203 446 Α
2224 372 2496 444 praecipue
2525 373 2580 429 in
2610 373 2925 445 apostolicis
2953 375 3150 435 litteris
3172 380 3319 438 omni
3347 382 3469 441 luce
3502 382 3707 443 clarius
3727 387 3815 445 de—

519 501 524 505 -
598 462 833 521 Noverit
852 463 1216 546 mansuetudo
1244 469 1429 520 vestra
1466 465 1887 546 prudentissima
1921 465 2154 521 idcirco'

525 569 619 610 me
646 554 712 610 ad
729 562 1034 625 .utrumque
1059 555 1474 626 praesumpsisse
1513 571 1634 626 quae
1667 565 1968 628 sequuntur
1989 557 2126 613 scri-

524 648 680 714 bere,
707 635 966 719 quoniam
995 649 1204 720 absque
1236 649 1492 722 anmiguo
1516 664 1614 707 vos
1655 651 1781 707 novi
1799 649 1803 654 ’
1821 651 2126 722 praecipuos

524 751 582 799 et
603 757 742 814 pene
768 741 912 798 solos
939 742 994 798 in
1023 743 1112 797 via
1140 742 1236 799 Dei
1272 755 1398 800 esse
1422 741 1699 812 adiutores
1721 740 2125 800 1iChi-istianis-

524 834 649 890 simi
673 834 1041 905 imperatoris,
1065 842 1123 890 et
1140 841 1429 906 propterea
1457 834 1512 890 in
1534 834 1737 906 palatio
1757 850 1880 891 esse
1907 846 1930 875 ε
1954 851 2123 891 unum

524 942 760 998 semper,
789 935 846 983 et
875 927 902 968 σι
931 928 1165 984 alterum
1198 927 1534 1000 frequenter,
1563 937 1623 984 ut
1650 931 1702 985 in
1727 930 1982 1000 operibus
2009 930 2126 1002 pie-

523 1023 656 1079 tatis
679 1037 800 1094 quae
822 1023 1026 1100 absque
1046 1023 1194 1079 omni
1217 1037 1406 1080 errore
1432 1025 1744 1096 quaerenda,
1775 1025 2122 1094 invenienda,

523 1113 754 1170 tenenda
785 1123 943 1180 sunt,
990 1130 1089 1170 vos
1131 1115 1208 1170 illi
1237 1116 1673 1187 prudentissimis
1712 1117 1907 1172 vestris
1931 1133 2125 1190 sugge-

525 1210 794 1266 stionibus
806 1211 930 1266 sitis
943 1212 1325 1269 exhortatores
1340 1223 1419 1277 et,
1437 1213 1640 1278 utdixi,
1660 1211 1952 1281 adjutores.
1974 1213 2125 1269 Scri-

523 1301 607 1373 psi
655 1299 960 1357 sinceritati
990 1309 1188 1356 vestrae
1221 1301 1462 1371 singulos
1493 1302 1688 1358 breves
1716 1297 2018 1368 indiculos‘,
2048 1303 2124 1359 si-

525 1391 792 1464 guillcans
827 1393 980 1448 vobis
1027 1393 1320 1464 quamdam
1351 1393 1610 1448 feminam
1635 1408 1704 1449 ex
1737 1393 2018 1450 Judaismo
2053 1396 2123 1452 ad

524 1480 1002 1539 Christianismum
1053 1485 1224 1555 gratia
1275 1481 1478 1540 Christi
1529 1484 1886 1552 translatam,
1932 1503 2124 1558 graves

522 1575 936 1647 persecutiones
961 1576 1232 1632 sustinere
1256 1583 1484 1647 propter
1505 1575 1664 1632 {idem
1692 1593 1855 1648 quam
1870 1579 2125 1651 suscepit

525 1664 752 1733 Christi,
780 1681 920 1738 quas
953 1682 1052 1738 per
1084 1667 1256 1737 ipsius
1280 1665 1496 1723 femina:
1533 1668 1868 1724 breviculum
1897 1671 2125 1741 potestis

2226 473 2581 521 monstratur.
2621 465 2876 537 Legimus
2913 484 3150 541 namque
3199 472 3253 527 in
3299 473 3406 530 ﬁne
3456 476 3712 547 Epistolas
3752 481 3819 536 ad

2222 553 2594 626 Philippenses
2617 555 2716 628 (Iv,
2744 555 2835 628 22)
2867 558 2940 613 ita
2967 577 2982 613 :
3016 558 3264 617 Salutant
3301 580 3389 619 vos
3418 581 3596 621 omnes
3623 570 3817 636 sancti,

2222 645 2452 702 maxime
2479 656 2654 701 autem
2685 649 2774 719 qui
2798 649 2865 704 de
2893 646 3122 706 Caesaris
3152 651 3308 707 domo
3334 667 3475 710 sunt.
3507 656 3681 724 Quem
3714 659 3818 715 im-

2221 739 2528 812 piissimum
2550 739 2822 796 Neronem
2852 741 3019 798 l’uisse
3046 759 3209 800 nemo
3237 747 3362 817 quis
3395 747 3640 816 dubitet;
3668 749 3822 819 cujus

2223 834 2550 891 domesticos
2595 843 2651 890 et
2685 825 2967 892 ministres
3012 837 3148 894 aulae
3191 837 3354 910 regiae
3391 840 3571 897 nullus
3595 843 3825 916 ambigit

2222 926 2606 998 praedicatione
2623 926 2916 996 apostolica
2943 943 3257 995 conversos,
3275 946 3552 1002 nunquam
3567 933 3824 1004 baptismi

2224 1019 2396 1090 gratia
2423 1017 2754 1075 sanctiﬁcari
2783 1020 3049 1091 potuisse,
3077 1022 3123 1077 si
3153 1020 3273 1091 ejus
3307 1038 3471 1094 super
3499 1025 3605 1080 hac
3634 1040 3697 1081 re
3722 1041 3822 1083 vo-

2223 1109 2406 1166 luntas
2424 1113 2518 1166 aut
2537 1111 2826 1183 permissio
2847 1120 3292 1182 exspectaretur;
3317 1115 3409 1184 qui
3433 1115 3674 1173 maximo
3696 1133 3823 1188 per-

2223 1199 2520 1256 secutionis
2545 1207 2775 1266 terrore,
2794 1215 2900 1256 non
2928 1200 3102 1258 solum
3124 1202 3452 1270 incredulos,
3475 1220 3544 1260 ne
3567 1191 3635 1260 ad
3657 1205 3824 1263 ﬁdem

2222 1293 2494 1358 venirent,
2524 1291 2857 1359 deterrebat,
2887 1293 2983 1349 sed
3023 1294 3188 1349 etiam
3214 1295 3500 1352 credentes
3529 1311 3559 1350 a
3588 1295 3696 1352 ﬁde
3731 1297 3828 1354 de»

2217 1383 2390 1456 jicere
2421 1384 2726 1440 insistebat.
2761 1384 2914 1441 Unde
2942 1393 3000 1440 et
3032 1385 3179 1455 ipsos
3205 1385 3376 1443 duces
3415 1401 3481 1442 ac
3527 1388 3828 1458 magistros

2224 1478 2349 1536 ﬁdei
2377 1478 2719 1545 Christianae,
2752 1495 2983 1551 quorum
3006 1482 3252 1538 doctrina
3275 1490 3447 1541 totum
3475 1499 3612 1555 pene
3631 1486 3827 1543 orbem

2224 1578 2414 1627 contra
2461 1587 2558 1627 sua
2599 1572 2736 1628 scita
2765 1573 2983 1628 videbat
3017 1573 3218 1630 Christi
3266 1574 3391 1630 ﬁdei
3439 1576 3824 1649 subjugatum,

2225 1663 2519 1719 novissima
2561 1663 2762 1720 furoris
2811 1664 2895 1719 sui
2936 1655 3584 1723 atrocitate-trucidavit.
3615 1669 3672 1724 ln
3704 1671 3828 1740 epi-

525 1771 890 1829 coguoscere:
937 1760 991 1814 in
1021 1757 1132 1831 qua
1153 1775 1214 1815 re
1239 1766 1349 1814 tam
1374 1758 1646 1816 excellens
1667 1760 2010 1832 eleemosyna
2031 1777 2127 1817 vo-
2154 1758 2201 1818 B
2229 1755 2365 1810 83-013
2387 1769 2602 1824 quoque
2631 1755 2700 1809 ad
2729 1754 3097 1821 Timotheum.
3117 1763 3402 1826 postquam
3437 1772 3536 1828 pro
3569 1759 3829 1816 omnibus

525 1849 611 1905 bis
638 1857 841 1915 manet,
874 1859 935 1906 ut
960 1851 1028 1908 de
1055 1851 1203 1906 nulla
1237 1850 1346 1906 alia
1371 1851 1544 1920 possit
1572 1865 1694 1908 esse
1733 1853 1928 1924 major.
1968 1852 2123 1908 Nunc

525 1936 712 1998 autem
751 1957 978 1999 causam
1026 1941 1187 2012 hujus
1213 1942 1640 2012 persecutionis,
1690 1959 1811 2014 quae
1852 1951 1908 1999 et
1955 1942 2124 1999 fomes

524 2033 679 2105 impii
723 2035 933 2090 erroris
970 2049 1092 2090 esse
1114 2041 1324 2104 potest,
1362 2049 1450 2088 me
1476 2034 1632 2089 vobis
1657 2034 2003 2104 signiﬁcante
2031 2049 2122 2089 co-

524 2140 789 2198 gnoscere
843 2125 1165 2197 dignamini.
1221 2124 1504 2193 Quoddam
1560 2132 1893 2197 praeceptum
1952 2123 2122 2180 Judaei

522 2217 937 2285 circumferunt,
955 2218 1098 2290 quod
1121 2218 1225 2274 sibi
1249 2219 1435 2274 datum
1459 2219 1528 2273 ab
1549 2219 1876 2290 imperatore
1895 2218 2125 2290 glorian-

523 2319 651 2376 tur,
701 2311 756 2366 in
787 2327 896 2381 quo
940 2310 1252 2367 mntinetur
1301 2322 1325 2351 ο
1373 2318 1434 2365 ut
1481 2312 1808 2381 mancipium
1837 2309 2122 2366 Iudaicum

523 2401 730 2472 absque
755 2402 1034 2458 voluntate
1059 2401 1262 2458 domini
1292 2402 1376 2458 sui
1403 2417 1565 2458 nemo
1585 2459 1589 2462 ,
1608 2403 1867 2473 haptizet.
1900 2401 2054 2469 Quod
2090 2417 2123 2456 a

523 2492 683 2548 nobis
706 2494 930 2549 omnino
951 2508 1059 2548 non
1085 2492 1350 2558 creditur,
1374 2502 1434 2548 ut
1459 2484 1650 2548 aifacie
1674 2492 2123 2549 Christianissimi

522 2591 580 2638 et
623 2584 855 2654 piissimi
898 2584 1242 2654 imperatoris
1274 2592 1384 2638 tam
1411 2582 1696 2639 contraria
1740 2583 2124 2640 ecclesiasticae

521 2675 723 2746 regula:
751 2674 822 2730 sit
841 2689 1063 2747 egressa
1094 2675 1384 2730 sententia.
1418 2675 1581 2731 Novit
1607 2675 1753 2730 enim
1781 2676 1985 2746 optime
2011 2676 2124 2731 Deo

521 2765 774 2822 amabilis
802 2766 1090 2837 prudentia
1109 2772 1324 2832 vestra,
1349 2767 1624 2838 quomodo
1646 2767 1715 2822 ab
1738 2767 1894 2822 initio
1920 2767 2124 2824 sanctis

523 2859 786 2931 apostolis
814 2873 977 2929 super
1013 2859 1115 2914 hac
1162 2875 1224 2915 re
1266 2860 1337 2914 ab
1379 2860 1494 2930 ipsa
1525 2860 1766 2916 Veritate
1793 2869 2124 2931 praeceptum

521 2953 613 3016 sit,
644 2951 845 3024 quibus
871 2953 1079 3022 absque
1105 2950 1214 3007 ulla
1249 2951 1582 3008 discretione
1602 2967 1979 3023 personarum,
2003 2952 2126 3009 abs-

520 3061 628 3119 que
651 3045 760 3100 ulla
789 3045 1112 3115 exceptione
1136 3044 1531 3111 conditionum,
1561 3045 1891 3117 generaliter
1915 3045 2122 3102 dictum

2224 1847 2536 1904 hominibus
2566 1848 2714 1903 orari
2739 1855 2795 1903 et
2818 1839 3224 1905 obsécrationes
3256 1850 3372 1904 ﬁeri
3400 1852 3660 1923 praecepit
3683 1853 3831 1924 Apo-

2223 1939 2414 2006 stolus,
2446 1940 2512 1994 ad
2540 1949 2844 1996 extremum
2871 1941 3091 1997 intulit:
3131 1939 3249 1997 Hoc
3275 1943 3415 1997 enim
3446 1944 3640 1999 bonum
3668 1954 3748 2000 est
3777 1955 3830 2002 et

2223 2042 2493 2104 acceptum
2523 2049 2701 2088 coram
2726 2032 2998 2090 Saluatore
3037 2045 3214 2090 nostro
3244 2035 3378 2102 Deo,
3405 2039 3496 2108 qui
3525 2054 3706 2094 omnes
3731 2039 3833 2094 lto-

2223 2125 2390 2178 mines
2419 2123 2525 2180 vult
2553 2125 2724 2181 salvos
2748 2126 2885 2196 ﬁeri,
2917 2136 2966 2181 et
3000 2127 3071 2181 ad
3097 2128 3445 2199 cognitionem
3474 2129 3710 2185 veritatis
3735 2147 3828 2184 ve-

2226 2216 2358 2271 nire.
2391 2213 2540 2272 Unus
2567 2218 2706 2273 enim
2733 2218 2896 2284 Deus,
2927 2236 3066 2274 unus
3094 2229 3141 2274 et
3165 2220 3428 2276 mediator
3455 2221 3554 2276 Dei
3577 2231 3629 2277 et
3657 2223 3836 2278 homi-

2226 2322 2353 2361 num
2381 2307 2538 2362 homo
2574 2305 2816 2364 Christus
2843 2310 3036 2376 Iesus,
3078 2312 3169 2382 qui
3207 2311 3350 2365 dedit
3380 2312 3715 2381 semetipsum
3749 2329 3834 2368 re.

2225 2396 2577 2470 demptionem
2605 2416 2700 2471 pro
2728 2402 2988 2457 omnibus.
3022 2403 3091 2457 Et
3114 2403 3182 2458 ad
3208 2403 3406 2469 Titum,
3429 2393 3720 2475 postquam
3743 2420 3834 2460 se-

2227 2506 2343 2556 nes,
2377 2499 2434 2546 et
2457 2507 2616 2558 anus,
2647 2493 3097 2561 adulescentulas,
3118 2494 3382 2565 juvenes,
3434 2511 3652 2562 servos,
3693 2513 3834 2554 con-

2229 2582 2382 2653 gruis
2427 2585 2714 2654 praeceptis
2767 2585 3115 2641 instruendos
3165 2600 3287 2641 esse
3332 2588 3678 2652 monstravit,
3727 2588 3835 2644 hoc

2226 2676 2389 2730 modo
2415 2676 2684 2731 conclusit
2710 2694 2722 2730 :
2765 2678 3023 2748 Apparuit
3045 2679 3183 2734 enim
3210 2679 3385 2750 gratia
3409 2678 3510 2734 Dei
3537 2678 3835 2736 Saluatoris

2225 2767 2394 2822 nostri
2420 2768 2662 2823 omnibus
2686 2769 3007 2835 hominibus,
3056 2770 3303 2826 erudiens
3331 2788 3457 2836 nos,
3504 2779 3562 2826 et
3605 2779 3832 2828 caetera.

2230 2856 2289 2913 Si
2324 2873 2476 2929 ergo,
2508 2868 2568 2914 ut
2591 2860 2711 2915 istis
2735 2861 2999 2932 exemplis
3028 2861 3474 2919 manifestissime
3503 2865 3836 2934 comproba-

2230 2958 2343 3017 tur,
2373 2951 2625 3008 voluntas
2653 2952 2750 3008 Dei
2796 2953 3094 3010 Salvatoris
3127 2955 3301 3010 nostri
3325 2962 3411 3010 est
3436 2969 3628 3010 omnes
3657 2955 3838 3012 homi-

2229 3062 2329 3103 nes
2353 3047 2532 3103 salvos
2565 3048 2700 3114 ﬁeri,
2732 3057 2788 3102 et
2817 3049 2884 3104 ad
2908 3049 3238 3120 agnitionem
3266 3048 3512 3105 veritatis
3537 3049 3750 3117 venire,
3780 3058 3838 3106 et

520 3146 644 3194 est:
687 3136 889 3192 Euntes
929 3136 1111 3192 docete
1140 3152 1321 3192 omnes
1357 3145 1570 3206 gentes,
1604 3137 1929 3207 baptisantes
1957 3154 2044 3192 eos
2069 3138 2126 3192 in
2153 3124 2198 3189 C
2228 3153 2328 3210 per
2364 3154 2532 3193 unum
2568 3139 2928 3195 mediatorem
2957 3139 3054 3194 Dei
3082 3149 3138 3194 et
3178 3139 3491 3205 hominum,
3544 3139 3639 3210 qui
3684 3139 3839 3196 dedit

527 3233 740 3287 nomine
769 3227 950 3285 Patris
979 3239 1029 3285 et
1065 3227 1194 3283 Filii
1220 3239 1269 3284 et
1305 3227 1535 3300 Spiritus
1563 3230 1753 3284 sancti.
1785 3229 1852 3285 Et
1887 3229 2121 3284 iterum:

523 3321 726 3379 Euntes
751 3322 808 3376 in
833 3321 1088 3376 ntundum
1112 3322 1437 3386 universum,
1467 3320 1750 3390 predicate
1779 3318 2124 3390 Euangelium

521 3413 665 3467 omni
705 3422 984 3468 creatum.
1026 3409 1131 3477 Qui
1169 3409 1485 3476 crediderit,
1514 3418 1562 3463 et
1591 3408 1892 3479 baptizatus
1931 3408 2123 3478 fuerit,

522 3506 698 3562 salvus
724 3505 844 3560 erit.
895 3504 1051 3574 Quod
1077 3513 1134 3560 et
1162 3504 1237 3560 illi
1268 3512 1324 3560 et
1359 3519 1551 3560 omnes
1578 3505 1839 3575 deinceps
1866 3503 2124 3560 ecclesia-

522 3597 646 3652 stici
691 3603 934 3652 rectores
961 3595 1111 3651 omni
1144 3593 1253 3650 ﬁde
1297 3602 1353 3650 et
1391 3596 1700 3651 constantia
1743 3595 2119 3662 observantes,

520 3706 632 3746 non
681 3689 856 3747 solum
906 3705 1093 3746 servos
1141 3689 1510 3760 quorumlibet
1559 3690 1843 3746 hominum
1867 3730 1884 3756 ,
1929 3705 2122 3746 verum

521 3784 686 3840 etiam
714 3782 972 3854 conjuges
994 3791 1051 3839 et
1079 3783 1295 3839 soboles
1322 3784 1710 3853 imperatorum
1740 3791 1796 3838 et
1813 3782 2120 3852 consulum,

521 3883 577 3931 et
602 3875 949 3948 praedicando
971 3875 1039 3931 ad
1064 3875 1224 3931 ﬁdem
1251 3882 1594 3939 convertere,
1615 3882 1673 3930 et
1690 3889 1984 3930 conversos
2005 3875 2124 3930 nul-

520 3968 627 4023 lius
650 3977 958 4040 exspectata
983 3969 1204 4025 licentia
1232 3969 1513 4038 baptizare
1532 3969 1756 4024 minime
1778 3968 2118 4024 dubitarunt.

523 4056 679 4126 Quod
705 4076 830 4116 cum
860 4061 916 4116 in
949 4061 1183 4116 aliorum
1211 4060 1379 4132 gestis
1400 4059 1560 4116 facile
1585 4061 1658 4116 sit
1695 4076 2118 4135 recognoscere,

2228 3235 2578 3304 semetipsum
2599 3235 3024 3305 redemptionem
3043 3250 3142 3305 pro
3158 3234 3435 3301 omnibus,
3453 3234 3831 3302 reconciliari;

2226 3328 2273 3384 si
2300 3326 2460 3397 hujus
2486 3328 2661 3399 gratia
2693 3327 3149 3384 reconciliationis
3168 3334 3223 3381 et
3249 3327 3440 3383 salutis
3467 3327 3726 3383 omnibus
3747 3326 3827 3383 iu-

2227 3419 2542 3476 differentiar
2578 3421 2784 3486 illuxit,
2815 3421 2938 3491 quis
2969 3421 3138 3476 tantae
3180 3419 3409 3475 bonitati
3449 3419 3544 3476 Dei
3575 3418 3832 3490 injuriam

2228 3512 2412 3568 facere
2452 3520 2777 3584 praesumat,
2822 3514 3072 3584 ponendo
3107 3513 3280 3585 legem
3310 3513 3649 3569 miserationi
3677 3513 3831 3582 ejus,

2229 3611 2285 3665 et
2312 3604 2381 3660 ad
2410 3604 2697 3659 arbitrium
2723 3604 3012 3676 impiorum
3039 3619 3160 3660 eam
3184 3604 3598 3675 implorantibus
3631 3605 3834 3676 imper-

2229 3694 2468 3751 tiendam
2495 3695 2896 3758 constituendo,
2936 3711 3168 3765 quorum
3193 3696 3629 3777 pertin_acissima
3658 3695 3832 3766 perﬂ-

2229 3786 2317 3842 dia
2362 3802 2472 3842 non
2520 3786 2694 3842 solum
2742 3787 3015 3843 neminem
3066 3803 3288 3842 suorum
3317 3787 3385 3842 ad
3415 3787 3576 3844 ﬁdem
3624 3786 3832 3844 Christi

2227 3878 2494 3948 permittit
2541 3879 2817 3942 accedere,
2853 3879 2947 3934 sed
2991 3879 3156 3934 etiam
3195 3877 3482 3935 credentes
3521 3878 3738 3950 publice
3773 3887 3832 3936 et

2227 3971 2439 4026 occulte
2459 3971 2840 4042 blasphemare
2858 3981 2912 4026 et
2935 3970 3193 4026 detestari
3218 3984 3324 4024 non
3346 3971 3561 4026 cessat?
3583 3968 3831 4041 Denique

2226 4069 2283 4117 et
2319 4061 2410 4132 pie
2452 4061 2928 4119 considerantibus
2971 4063 3319 4134 perspicuum
3365 4069 3451 4117 est
3498 4063 3642 4133 quod
3684 4077 3831 4120 unus

1881 4173 2153 4232 BALUle
2187 4171 2424 4230 ΝΟΤῙΕ.

521 4267 810 4324 Habebunt
831 4268 977 4322 enim
999 4266 1271 4337 principes
1294 4267 1468 4322 nostri
1496 4265 1551 4321 in
1582 4265 1786 4337 palatio
1811 4283 1912 4323 suo
1934 4281 2123 4337 quem-

521 4340 669 4411 piam
704 4337 1060 4411 ecclesiastici
1087 4338 1293 4411 ordinis
1323 4338 1532 4411 virum,
1551 4338 1644 4411 qui
1674 4339 1885 4411 ceteris
1905 4337 2122 4411 prtemij

527 4406 716 4475 iteret,
757 4409 960 4480 dictum
1005 4409 1074 4463 ob
1113 4409 1217 4464 hoc
1262 4410 1404 4464 sacri
1441 4406 1630 4480 palatii
1674 4406 1994 4474 antistitem;
2033 4408 2121 4480 vel

524 4482 664 4535 sacri
701 4479 888 4550 palatii
926 4479 1403 4550 arcliiepiscOpum,
1437 4477 1494 4550 si
1515 4479 1803 4548 episcopus
1833 4488 1998 4535 esset.
2028 4477 2121 4535 Sic

526 4549 874 4606 llildcbaldus
895 4549 1699 4619 Coloniensis'archiepiscOpus
1728 4559 1956 4604 vocatur
1982 4551 2123 4604 sacri

522 4621 710 4704 palatii
729 4622 1150 4704 archiepiscopus
1175 4621 1228 4675 in
1232 4620 1572 4746 gradatione
1593 4621 1811 4706 concilii
1838 4621 1977 4745 ᾗ)μά
2009 4620 2122 4675 Μο-

522 4700 767 4746 nuntiam
802 4691 969 4746 habiti
993 4707 1137 4746 anno
1162 4693 1222 4746 81
1297 4710 1310 4745 :
1341 4708 1387 4746 IS
1415 4707 1532 4746 inse
1562 4707 1817 4746 mnnrum
1902 4689 2122 4746 ildebal-

522 4689 767 4760 guntiam
802 4689 969 4748 habiti
993 4689 1137 4747 anno
1162 4689 1270 4748 815
1297 4710 1310 4745 :
1341 4692 1387 4747 is
1415 4692 1532 4761 ipse
1562 4691 1817 4746 nimirum
1852 4689 2123 4746 Hildebal-

523 4763 626 4820 dus
656 4777 818 4833 quem
862 4763 915 4833 in
963 4763 1165 4833 palatio
1207 4779 1305 4820 suo
1329 4762 1530 4818 habere
1558 4769 1679 4830 post
1705 4761 2120 4833 Angilramnum

522 4831 694 4904 cupiit
717 4831 946 4904 Carolus
967 4831 1214 4904 Magnus,
1246 4843 1306 4890 ut
1339 4841 1492 4903 patet
1515 4847 1580 4886 ex
1613 4847 1823 4904 canone
1845 4832 1915 4904 576
1942 4833 2123 4904 conci-

522 4903 578 4957 lii
605 4902 1122 4960 Francol‘ordiensiS.
1145 4902 1459 4960 Antistilem
1483 4917 1612 4971 ergo
1635 4902 1775 4971 sacri
1803 4903 1987 4971 palatii
2014 4902 2123 4958 Hil-

521 4973 746 5045 duiuum
770 4981 946 5039 vocat,
978 4973 1120 5045 quod
1147 4990 1394 5045 summus
1420 4969 1568 5045 esset
1604 4969 1952 5045 capella—nus,
1971 4989 2122 5028 eam-

520 5043 754 5114 demque
782 5045 852 5098 ob
885 5042 1108 5100 causam
1144 5043 1327 5114 Lupus
1357 5042 1722 5114 Ferrariensis
1764 5043 1908 5114 hunc
1941 5043 2119 5114 ipsum

520 5111 844 5187 llilduinum
864 5114 916 5170 in
944 5115 1169 5187 epistola
1201 5111 1295 5187 fol
1328 5120 1489 5168 vocat
1508 5111 1980 5168 ecclesiasticarum
2006 5130 2121 5169 ma-

518 5184 763 5254 gistrum.
802 5183 934 5242 Nam
965 5183 1210 5248 abbates,
1243 5185 1288 5241 si
1319 5199 1502 5240 rerum
1526 5197 1805 5254 summam
1850 5193 2115 5253 tenerent,

520 5253 926 5328 prmlatosiolim
955 5257 1122 5315 fuisse
1143 5253 1629 5328 episcopis,_etiam
1658 5253 1710 5309 in
1738 5255 1976 5328 synodis,
2001 5257 2118 5327 jam

519 5323 680 5398 antea
723 5327 1104 5384 adnotavimus
1145 5323 1213 5398 a'd
1257 5323 1551 5398 coucilium
1593 5323 1888 5381 Vemehse.
1930 5323 2119 5398 Neque

519 5394 575 5450 id
607 5397 743 5452 adeo
770 5399 927 5453 vetus
951 5408 1054 5463 est,
1078 5397 1211 5468 quin
1237 5403 1294 5450 et
1316 5394 1528 5468 Sugerii
1557 5412 1772 5522 quoque
1795 5412 1910 5453 aevo
1931 5398 1984 5454 in
2013 5394 2116 5456 usu

522 5465 722 5522 fuerit.
750 5474 811 5522 ut
833 5477 983 5522 natet
1016 5484 1080 5522 ex
1111 5468 1232 5522 Vita
1261 5466 1379 5522 eius
1410 5483 1529 5522 can.
1601 5507 1612 5520 .

522 5465 725 5541 fuerit,
750 5474 811 5541 ut
832 5477 983 5541 patet
1016 5465 1379 5541 erg—Vitaejus
1399 5465 1536 5541 icapﬁ.‘
1559 5465 1612 5522 2.

590 5549 620 5610 ει
657 5536 1034 5610 παιῶαὸὸᾳζξ
1059 5536 1372 5610 Corbeiensi
1403 5539 1458 5594 in
1476 5536 1710 5610 ἀἰωρθεί
1736 5539 2113 5610 Ambianensi,

519 5607 869 5694 utiodiximus
889 5610 959 5667 ad
981 5609 1179 5667 librum
1200 5608 1269 5666 de
1288 5609 1566 5681 Baptismo
1585 5609 1936 5669 Judaicorum
1959 5607 2115 5672 man;

519 5695 809 5738 aptorum.

573 5695 1096 5808 ιῗοὲλῗξλεὲακεαίηιὶ
1124 5749 1471 5824 imperatoris,
1501 5754 1756 5812 Ludovici
1792 5754 1871 5812 Pii

2146 4447 2200 4508 D

2303 4274 2326 4303 ο
2359 4262 2533 4319 Unum
2557 4281 2778 4334 semper,
2806 4264 2859 4320 id
2884 4271 2988 4327 est,
3014 4263 3348 4320 Hilduinum.
3378 4263 3513 4321 Nam
3539 4266 3702 4324 istum
3729 4281 3834 4323 ne-

2226 4350 2380 4407 cesse
2415 4343 2534 4390 erat
2567 4336 2805 4391 residere
2841 4336 2894 4391 in
2924 4334 3148 4407 palatio,
3179 4345 3404 4407 propter
3429 4352 3625 4394 causas
3648 4338 3834 4395 eccle-

2227 4405 2502 4480 siasticas.
2532 4407 2667 4462 Vide
2701 4423 2823 4480 qua:
2853 4405 3195 4480 de'munere'
3222 4405 3641 4480 archicapellani
3681 4409 3834 4466 dixi-

2228 4494 2350 4532 mus
2374 4478 2442 4548 ad
2468 4477 2674 4548 Lupum
2704 4477 3129 4534 Ferrariensem.

2297 4548 2323 4588 ει
2364 4547 2600 4622 Alterum
2632 4549 2948 4622 frequenter,
2993 4551 3047 4606 id
3080 4558 3192 4622 est,
3239 4549 3481 4613 Walam',
3518 4567 3626 4622 quo
3651 4551 3834 4622 pluri-'

2223 4636 2373 4675 mum
2420 4619 2677 4674 utebatur
2725 4619 3032 4676 Ludovicus
3076 4620 3131 4675 in
3181 4619 3610 4676 administranda
3652 4619 3834 4677 'renn—

2223 4691 2384 4816 Bucar,
2415 4698 2476 4744 ut
2499 4698 2648 4761 patet
2677 4706 2745 4746 ex
2767 4690 3062 4748 Paschasio
3092 4691 3367 4748 Radberto
3409 4692 3466 4748 in
3500 4691 3618 4750 Vita
3657 4690 3833 4749 Adal-

2261 4778 2324 4816 ar
2365 4779 2400 4815 ι.

2261 4778 2400 4816 al‘ﬂl.

2297 4843 2321 4871 ε
2361 4830 2429 4905 Ut
2463 4831 2785 4905 mancipium
2810 4831 3118 4889 Iudaicum.
3146 4834 3364 4905 Optimo
3391 4851 3516 4905 Jure
3553 4836 3832 4893 excande-

2297 4851 2321 4871 ε
2361 4851 2429 4886 Ut
2463 4851 2785 4903 mancipium
2810 4851 3118 4889 Juaatcum.
3146 4851 3364 4905 υριιηιο
3419 4851 3516 4892 ure
3553 4851 3831 4893 excande-

2221 4901 2674 4992 iii‘.§$9l?ifd“_5.
2697 4905 2959 4992 ξίὲγειέειιε
2988 4918 3318 4992 nimus!“
3342 4851 3498 4992 illud.
3526 4909 3670 4992 (ιυοᾲ
3699 4916 3831 4964 erat

2220 4976 2555 5049 contrarium
2584 4976 2816 5049 vetustis
2837 4976 3136 5049 canonibus
3169 4984 3225 5032 et
3245 4978 3459 5049 legibus
3489 4976 3824 5049 principum.

2221 5044 2356 5099 Nam
2383 5047 2548 5102 etiam
2579 5046 2637 5100 in
2655 5055 2854 5120 nostra
2882 5047 3055 5102 Gallia
3082 5044 3371 5120 concilium
3397 5044 3632 5120 primum
3664 5044 3832 5107 Mati-

2220 5131 2486 5192 sconense
2524 5117 2715 5192 servis
2739 5125 3062 5192 potestatem
3095 5117 3307 5192 fecerat
3347 5117 3829 5192 su‘scipiendigba-

2219 5187 2496 5264 ptismum,
2517 5187 2680 5247 etiam
2700 5187 2886 5246 invitis
2905 5188 3159 5264 dominis.
3175 5187 3657 5264 _Et_C9nstautinus
3676 5189 3824 5264 Aug.

2219 5259 2288 5314 ad
2333 5258 2567 5342 Felicem
2607 5273 2810 5342 papam
2851 5262 3126 5342 scribens,
3163 5259 3371 5342 Judaais
3408 5263 3478 5342 in.
3503 5258 3825 5342 universum

2217 5331 2467 5402 permisit
2493 5329 2859 5406 Christianam
2886 5331 3203 5406 religionem
3227 5333 3501 5406 amplecti,
3536 5334 3827 5406 vetuitque

2219 5400 2290 5484 ne
2314 5409 2544 5484 propter
2571 5400 2917 5484 hoc__facinus
2943 5400 3241 5484 quidquam
3255 5400 3523 5484 aliudaéis
3546 5400 3831 5484 inquietu-

2215 5470 2361 5547 dinis
2394 5470 2479 5547 vel
2504 5470 3025 5547 molestiaepatiatur
3051 5470 3236 5547 isiqui
3249 5474 3469 5547 Christo
3497 5470 3696 5532 nomen
3726 5477 3828 5533 de-

2217 5542 2380 5599 derit.
2433 5543 2625 5618 ltaque
2666 5542 2947 5618 probabile
2971 5542 3279 5618 iAgobardo
3321 5546 3498 5602 visum
3547 5562 3656 5618 non
3711 5557 3822 5616 est,

2215 5614 2756 5689 praeceptumilluda
2779 5614 3062 5674 Ludovico
3076 5618 3429 5689 imperatore,
3454 5618 3546 5688 qui
3567 5617 3698 5675 Pius
3720 5614 3828 5689 per

2216 5685 2861 5771 antonOmasiarnuictus
2897 5696 3012 5771 est,
3042 5685 3251 5771 editum
3275 5685 3600 5771 fuisse,’quo
3635 5685 3822 5746 mani-

2219 5756 2354 5813 festa
2385 5755 2709 5814 contumelia
2743 5758 3084 5830 irrogabatur
3108 5759 3312 5821 nomini
3336 5755 3646 5822 Christiano
