4088 6344
242 367 354 427 1⁸1⁸1

1335 365 1552 430 EPIST.
1588 375 1683 432 AD
1719 370 2089 434 PROCERES
2127 370 2420 428 PALATII.

3439 379 3541 442 ιη

237 485 596 559 omnipotens
642 479 809 548 Deus,
857 481 1099 538 omnium
1143 483 1393 540 conditor
1427 494 1482 542 et
1530 489 1843 548 moderator
1867 495 1922 554 Α
1944 494 2323 558 sequerentur.
2350 483 2536 541 Laesus
2560 489 2646 541 est
2672 482 2957 542 Philemon
2987 499 3019 542 a
3048 500 3212 544 servo
3239 486 3538 565 Onesimo,

237 579 597 651 iustissimus,
629 576 722 647 qui
755 576 991 648 primum
1011 575 1289 632 hominem
1309 577 1378 634 de
1402 587 1563 636 terra:
1590 581 1719 639 limo
1736 583 1845 640 for-

241 673 453 739 mavit,
495 678 553 726 et
586 669 653 726 de
677 677 828 726 costa
857 669 974 740 ejus
1019 667 1350 740 adjutorium
1375 671 1454 727 illi
1483 673 1713 730 similem
1741 677 1844 734 sibi

243 763 414 828 fecit,
446 761 651 834 quique
675 777 742 816 ex
771 760 852 816 eis
886 775 1047 816 omne
1072 776 1241 832 genus
1271 762 1568 821 humanum
1595 768 1750 838 quasi
1776 784 1845 826 ex

242 869 356 910 uno
381 851 531 909 fonte
551 860 608 908 et
631 867 739 908 una
763 851 948 908 radice
967 854 1306 923 propagavit,
1331 870 1520 913 omnes
1537 859 1698 916 unius
1717 875 1848 918 con-

243 945 472 1002 ditionis
494 943 707 1002 fecerit.
745 944 817 1000 Et
844 944 972 1002 licet
995 947 1234 1016 peccatis
1263 947 1623 1019 exigentibus,
1648 949 1845 1020 justis-

244 1040 389 1096 simo
419 1049 476 1097 et
515 1039 888 1098 occultissimo
915 1041 1033 1112 ejus
1069 1043 1308 1115 judicio,
1336 1044 1428 1101 alii
1473 1047 1705 1104 diversis
1747 1049 1848 1105 ho-

245 1128 475 1185 noribus
507 1129 807 1197 sublimati,
838 1130 929 1186 alii
959 1133 1237 1189 servitutis
1259 1133 1394 1206 jugo
1420 1135 1663 1207 depressi
1687 1145 1844 1207 sunt,

247 1225 326 1282 ita
372 1234 557 1282 tamen
602 1239 633 1280 a
679 1225 853 1282 servis
900 1227 1180 1298 corporale
1223 1229 1586 1286 ministerium
1615 1231 1848 1290 dominis

172 1382 194 1388 ν
247 1317 502 1393 exhiberi
523 1317 908 1384 10rdinaverit,
948 1325 1008 1373 ut
1042 1331 1068 1360 ι
1111 1320 1424 1376 interiorem
1468 1321 1743 1380 hominem
1777 1325 1847 1382 ad

248 1408 543 1480 imaginem
570 1425 725 1465 suam
759 1410 1060 1476 conditum,
1087 1411 1220 1466 nulli
1247 1412 1557 1480 hominum,
1586 1416 1719 1471 nulli
1745 1433 1845 1472 an-

247 1501 515 1573 gelorum,
553 1501 688 1557 nulli
715 1503 937 1558 omnino
964 1512 1254 1571 creaturae,
1281 1507 1377 1562 sed
1407 1507 1510 1564 sibi
1533 1508 1634 1564 soli
1661 1508 1849 1565 volue-

251 1595 328 1651 rit
351 1609 474 1650 esse
497 1595 821 1666 subjectum.
854 1595 1008 1652 Unde
1028 1605 1085 1652 et
1108 1597 1164 1652 in
1187 1597 1306 1668 lege
1338 1615 1456 1666 sua,
1485 1600 1553 1657 de
1576 1602 1684 1658 hac‘
1701 1619 1848 1659 men-

250 1687 327 1742 tis
351 1687 631 1754 servitute,
675 1703 797 1758 quze
845 1687 920 1743 illi
964 1697 1172 1744 tantum
1219 1691 1482 1760 debetur,
1528 1695 1840 1752 mandavit:

248 1777 537 1834 Dominum
561 1779 733 1836 Deum
753 1789 903 1836 tuum
931 1781 1137 1838 timebis
1155 1823 1170 1848 ,
1202 1793 1254 1838 et
1281 1784 1360 1839 illi
1401 1785 1506 1842 soli
1531 1789 1746 1843 servies.
1777 1790 1847 1846 Et

1947 581 2116 650 quem
2131 577 2334 635 Paulus
2364 575 2641 650 apostolus
2667 577 2724 634 in
2753 576 2986 635 vinculis
3007 579 3218 650 positus
3237 582 3306 638 ad
3336 583 3544 644 Christi

1947 669 2110 728 ﬁdem
2143 670 2434 736 convertit,
2465 670 2608 726 sacri
2644 669 2989 742 baptismatis
3013 670 3164 730 fonte
3191 672 3400 743 abluit;
3439 693 3543 735 nec

1947 779 2112 835 super
2141 763 2225 818 his
2249 761 2532 819 Philemon
2559 764 2943 835 conqueritur,
2983 765 3080 822 sed
3121 765 3289 822 etiam
3316 769 3546 827 creden-

1946 866 2061 915 tem
2087 865 2250 926 atque
2285 855 2622 928 baptizatum
2649 857 2806 928 quasi
2836 857 3050 914 viscera
3091 857 3336 931 Apostoli
3371 862 3545 920 susci-

1945 949 2063 1022 piat
2087 948 2433 1004 admonetur.
2450 947 2598 1017 Quas
2621 964 2724 1006 nos
2750 949 3105 1007 auctoritates
3129 951 3284 1022 sequi
3311 953 3542 1024 cupien-

1946 1049 2051 1108 tes,
2077 1050 2135 1098 et
2158 1047 2510 1114 praeceptum,
2535 1041 2681 1112 quod
2701 1041 2859 1112 quasi
2882 1056 2951 1098 ex
2976 1041 3242 1112 imperiali
3268 1041 3547 1114 profertur

1947 1133 2299 1198 auctoritate,
2330 1131 2635 1204 transgredi
2665 1139 2990 1200 metuentes,
3034 1133 3179 1189 inter
3204 1133 3312 1190 duo
3355 1150 3546 1192 versa-

1945 1239 2070 1280 mur
2096 1223 2356 1294 pericula.
2397 1221 2454 1279 Si
2484 1223 2630 1300 enim
2655 1232 2986 1296 praeceptum
3015 1223 3146 1280 illud
3168 1214 3545 1294 observamus,

1945 1313 2203 1386 neglectis
2228 1311 2615 1370 ecclesiasticis
2649 1313 2876 1387 regulis,
2899 1313 3070 1372 Deum
3105 1315 3464 1385 oﬂ‘endimus;
3495 1319 3546 1377 si

1946 1407 2046 1462 has
2073 1407 2371 1476 sequimur,
2403 1405 2748 1476 imperatoris
2790 1407 3221 1480 indignationem
3251 1425 3504 1468 veremur
3525 1397 3560 1480 ς’

1946 1497 2183 1553 maxime
2208 1512 2334 1552 cum
2364 1497 2393 1538 ι)
2420 1497 2680 1569 magister
2709 1498 3006 1555 inﬁdelium
3036 1498 3346 1558 Iudaeorum
3369 1503 3549 1561 inces-

1945 1595 2134 1642 santer
2156 1585 2314 1644 nobis
2335 1587 2700 1644 commiuetur
2720 1602 2781 1643 se
2795 1599 2817 1628 ο
2839 1589 3037 1646 missos
3056 1591 3124 1645 de
3138 1591 3341 1662 palatio
3368 1592 3546 1648 addu-

1946 1675 2182 1744 cturum,
2210 1678 2301 1749 qui
2337 1695 2436 1750 pro
2464 1679 2770 1735 istiusmodi
2794 1680 2957 1736 rebus
2987 1697 3086 1737 nos
3108 1682 3352 1754 judicent
3380 1693 3436 1739 et
3463 1684 3548 1740 di-

1946 1771 2235 1842 stringant.
2269 1771 2400 1839 Quae
2424 1786 2514 1826 res
2536 1787 2645 1826 non
2677 1771 2850 1826 solum
2889 1771 3048 1829 nobis
3075 1774 3548 1844 perturbationem

247 1870 544 1942 Apostolus
591 1872 842 1927 eumdem
891 1873 1209 1930 interiorem
1257 1875 1531 1934 hominem
1581 1881 1648 1934 ab
1695 1882 1842 1936 omni

1949 1860 2144 1930 aﬁ‘ert;
2183 1878 2371 1918 verum
2404 1863 2570 1919 etiam
2599 1863 2681 1918 eis
2715 1863 2807 1933 qui
2835 1863 2902 1918 ad
2931 1864 3092 1921 ﬁdem
3118 1864 3277 1922 facile
3298 1863 3547 1925 converti

247 1975 412 2019 sexus
439 1962 755 2019 diversitate
772 2004 788 2030 ,
818 1964 887 2020 ab
922 1967 1069 2021 omni
1109 1967 1407 2025 conditoris
1435 1978 1491 2026 et
1518 1974 1734 2042 generis
1759 1975 1847 2030 di-

246 2052 454 2106 stantia
480 2052 712 2111 liberum
739 2071 860 2112 esse
885 2057 1287 2126 demonstrans,
1313 2061 1387 2117 ita
1419 2063 1612 2120 docet:
1641 2066 1848 2138 Exspa-

241 2141 439 2199 liantes
468 2162 556 2199 ros
579 2156 803 2225 ueterem
828 2149 1089 2204 hominem
1120 2168 1240 2206 cum
1273 2153 1476 2208 actibus
1500 2155 1616 2226 ejus
1637 2197 1651 2222 ,
1678 2167 1728 2212 et
1757 2160 1845 2214 in-

245 2236 470 2290 duentes
495 2255 707 2306 norum,
739 2257 859 2295 eum
885 2242 976 2314 qui
1003 2254 1283 2299 renovatur
1306 2247 1362 2300 in
1390 2249 1732 2318 agnitionem,
1763 2270 1847 2308 se-

243 2327 481 2382 cundum
519 2331 800 2402 imaginem
829 2333 944 2404 ejus
972 2337 1064 2406 qui
1092 2337 1284 2392 creavit
1323 2355 1442 2392 eum
1465 2356 1485 2405 ;
1521 2341 1611 2395 ubi
1640 2360 1745 2398 non
1768 2353 1844 2400 est

244 2417 457 2488 gentilis
492 2430 540 2473 et
563 2419 809 2488 Judwus,
840 2425 1172 2480 circumcisio
1203 2437 1251 2482 et
1274 2432 1613 2499 prwputium,
1641 2425 1848 2490 Barba-

245 2524 340 2561 rus
369 2519 421 2563 et
450 2508 670 2581 Scytha,
696 2530 878 2570 servus
905 2525 955 2570 et
985 2515 1150 2584 liber;
1177 2518 1269 2574 sed
1300 2520 1476 2574 omnia
1505 2531 1554 2576 et
1590 2522 1645 2576 in
1675 2527 1846 2580 omni-

244 2603 344 2656 bus
370 2602 637 2660 Christus.

313 2693 452 2750 Cum
483 2711 618 2768 ergo
647 2697 704 2754 hi
724 2700 816 2770 qui
844 2701 912 2756 ad
941 2701 1270 2774 baptismum
1297 2708 1542 2776 veniunt,
1567 2725 1666 2781 per
1693 2711 1846 2783 agni-

244 2787 452 2842 tionem
497 2787 776 2847 Creatoris
820 2793 876 2848 in
924 2793 1186 2854 interiore
1231 2799 1452 2857 homine
1475 2802 1566 2872 qui
1599 2802 1668 2858 ab
1695 2803 1846 2858 omni

238 2879 526 2936 servitutis
545 2883 856 2939 conditione
876 2883 1013 2941 liber
1039 2896 1142 2952 est,
1169 2900 1532 2959 renoventur;
1557 2907 1678 2962 quae
1704 2893 1846 2949 ratio

243 2985 371 3026 esse
400 2980 582 3042 potest
614 2983 675 3029 ut
696 2975 750 3030 id
779 2977 922 3032 servi
961 2977 1168 3050 absque
1195 2982 1466 3051 permissu
1499 2981 1844 3040 dominorum

239 3079 480 3120 suorum
497 3069 759 3140 consequi
787 3069 1184 3140 prohibeantur
1207 3114 1223 3141 ,
1254 3088 1356 3131 nec
1385 3076 1594 3133 servire
1623 3078 1704 3134 eis
1732 3077 1844 3134 Deo

237 3157 438 3224 liceat,
481 3161 588 3217 nisi
629 3161 906 3218 licentiam
944 3164 1013 3220 ab
1047 3165 1359 3224 hominibus
1389 3169 1845 3239 impetraverint?

1946 1961 2233 2024 poterant,
2267 1965 2534 2026 quantum
2586 1956 2800 2027 ingerat
2849 1957 3314 2029 impedimentum,
3347 1970 3547 2019 vestra

1946 2058 2032 2105 est
2057 2050 2360 2121 prudentiae
2387 2051 2682 2106 mstimare.
2707 2049 2881 2117 Unde,
2910 2051 3104 2108 Patres
3128 2054 3458 2111 sanctissimi
3481 2071 3546 2113 ac

1946 2144 2059 2202 Deo
2091 2146 2476 2213 amantissimi,
2524 2147 2640 2202 haec
2677 2154 2866 2202 nostra
2911 2147 3150 2217 pericula
3178 2148 3336 2218 quasi
3363 2157 3548 2204 vestra

1945 2237 2050 2307 piis
2070 2238 2268 2294 animis
2293 2237 2718 2308 perpendentes,
2756 2236 3078 2292 intercedite
3105 2235 3246 2308 apud
3280 2238 3549 2294 Christia-

1945 2330 2233 2386 nissimum
2255 2341 2309 2385 et
2329 2330 2816 2387 clementissimum
2838 2331 3247 2400 imperatorem,
3281 2339 3340 2386 ut
3360 2331 3550 2402 hujus-

1946 2423 2092 2479 modi
2132 2424 2574 2494 impedimentum
2613 2423 2682 2480 de
2716 2431 2906 2480 sancta
2953 2422 3196 2480 Ecclesia
3243 2423 3548 2492 auferatur,

1945 2527 2002 2574 et
2030 2519 2175 2574 inter
2198 2518 2369 2574 multa
2399 2527 2454 2573 et
2478 2518 2718 2573 maxima
2745 2533 2867 2588 quae
2896 2517 3141 2588 piissime
3165 2527 3216 2574 et
3243 2517 3552 2587 justissima

1945 2610 2002 2666 in
2023 2610 2224 2666 tradito
2254 2619 2312 2666 et
2339 2617 2665 2665 conservato
2711 2609 2813 2664 sibi
2853 2624 2887 2664 a
2921 2606 3142 2664 Christo
3171 2609 3414 2679 disponit
3440 2608 3550 2665 im-

1945 2705 2116 2775 pario,
2147 2706 2312 2760 etiam
2341 2705 2469 2761 huic
2499 2703 2579 2760 rei
2606 2697 2826 2774 prapter
2858 2717 3100 2757 amorem
3139 2701 3312 2773 ipsius
3339 2700 3547 2757 Christi

1946 2798 2459 2854 misericordissima
2505 2805 2562 2852 et
2606 2796 2767 2852 solita
2809 2795 3052 2851 bonitate
3103 2801 3425 2860 succurrat;
3477 2809 3548 2850 ne

1946 2887 2162 2954 animai,
2187 2903 2254 2943 ex
2284 2888 2482 2958 quibus
2520 2902 2654 2959 grex
2699 2885 2943 2942 ﬁdelium
2988 2887 3177 2958 augeri
3207 2893 3460 2956 poterat,
3492 2893 3551 2941 et

1945 2995 2046 3052 pro
2074 2995 2304 3050 quarum
2339 2963 2570 3035 salutem
2612 2979 2667 3032 in
2703 2977 2896 3033 diebus
2946 2977 3221 3046 passionis
3250 2974 3550 3030 Dominica

1947 3070 2016 3126 ab
2040 3070 2334 3128 universali
2360 3069 2602 3126 Ecclesia
2628 3067 2742 3124 Deo
2770 3067 2796 3108 δ
2822 3065 3037 3138 publice
3066 3065 3424 3138 supplicatur,
3449 3064 3549 3121 ob-

1947 3162 2176 3218 sistente
2229 3161 2532 3218 infidelium
2587 3169 2645 3216 et
2686 3160 2801 3216 Deo
2849 3159 3256 3217 adversantium
3312 3156 3544 3224 duritia,

234 3249 406 3306 Certe
433 3251 487 3306 in
512 3253 742 3323 epistola
771 3255 839 3310 ad
877 3254 1226 3313 Timotheum
1267 3259 1411 3316 idem
1438 3260 1733 3331 Apostolus
1760 3261 1841 3317 sic
1867 3247 1912 3311 C
1943 3256 2108 3312 etiam
2142 3256 2274 3312 dicti
2301 3254 2559 3326 praecepti
2587 3254 2879 3310 occasione
2907 3251 3105 3308 diaboli
3135 3250 3343 3321 laqueis
3370 3265 3546 3306 remao

232 3343 540 3413 prmeepit:
571 3344 878 3419 Quicunque
920 3357 1060 3403 sunt
1090 3349 1185 3404 sub
1216 3349 1350 3422 jugo
1386 3353 1552 3418 servi,
1600 3352 1842 3408 dominos

234 3449 374 3487 suos
403 3436 545 3489 omni
567 3435 760 3493 honore
801 3438 988 3510 dignos
1027 3430 1384 3509 a'rbitrentur,
1425 3459 1490 3498 ne
1518 3459 1707 3498 nomen
1733 3443 1842 3500 Do-

236 3528 383 3580 mini
410 3537 458 3581 et
483 3528 722 3585 doctrina
748 3530 1154 3603 blasphemetur.
1190 3533 1296 3602 Qui
1319 3545 1494 3591 autem
1517 3535 1700 3608 ﬁdeles
1735 3537 1839 3592 Ita-

234 3617 366 3672 bent
393 3618 664 3687 dominos,
691 3637 810 3676 non
857 3633 1192 3680 contemnant
1213 3665 1228 3691 ,
1276 3627 1403 3697 quia
1447 3627 1640 3697 fratres
1668 3636 1790 3681 sunt
1814 3643 1837 3696 δ

233 3711 334 3766 sed
355 3713 520 3783 magis
545 3715 793 3781 sentiant,
808 3717 932 3785 quia
953 3703 1134 3787 ﬁdeles
1155 3728 1297 3784 sunt,
1321 3728 1379 3776 et
1397 3729 1596 3776 caatera
1619 3720 1674 3793 (I
1698 3719 1834 3776 Tim.

232 3817 318 3867 vr,
357 3803 432 3874 l).
464 3803 523 3859 ln
551 3805 750 3876 quibus
779 3808 962 3864 verbis
991 3809 1274 3867 evidenter
1307 3813 1374 3868 de
1403 3813 1658 3870 omnibus
1682 3813 1842 3870 Chri-

233 3893 438 3950 stianis
466 3897 663 3962 servis,
696 3899 792 3953 sed
831 3914 1062 3970 quorum
1091 3901 1184 3955 alii
1213 3902 1483 3969 ﬁdelibus,
1523 3903 1614 3959 alii
1644 3903 1842 3961 inﬁde-

234 3985 384 4040 libus
404 3987 642 4045 dominis
666 3991 1000 4060 serviebant,
1033 3993 1291 4064 loquitur.
1325 3996 1394 4051 Et
1432 4006 1616 4052 tamen
1645 3997 1838 4054 inﬁde--

233 4077 375 4133 lium
397 4079 741 4136 dominorum
765 4084 937 4138 servis
957 4096 1229 4158 praecepta
1251 4088 1567 4143 constituit:
1594 4089 1686 4160 qui
1712 4097 1842 4146 tunc

235 4170 432 4242 utique
463 4173 638 4230 adhuc
671 4175 1012 4234 inﬁdelitatis
1038 4178 1254 4234 vinculo
1295 4188 1609 4236 tenerentur
1635 4181 1836 4238 obstri-

233 4267 340 4332 eti,
373 4267 419 4322 si
448 4268 502 4323 in
528 4269 630 4325 hac
665 4285 727 4326 re
752 4284 942 4327 eorum
981 4271 1178 4341 quibus
1205 4274 1514 4331 serviebant
1552 4275 1838 4332 arbitrium

1945 3357 2112 3404 neant
2137 3333 2444 3418 implicatze.
2477 3346 2638 3403 Certe
2664 3346 2720 3402 in
2750 3344 2922 3401 sacris
2947 3342 3249 3420 canonibus
3275 3341 3547 3398 constitu-

1945 3445 2081 3503 tum,
2113 3445 2174 3494 ut
2201 3439 2247 3493 si
2276 3438 2368 3508 qui
2400 3452 2469 3492 ex
2496 3435 2576 3491 eis
2606 3437 2674 3490 ad
2703 3435 3034 3508 baptismum
3060 3433 3342 3496 venerint,
3381 3432 3426 3489 si
3451 3446 3548 3487 vo-

1942 3530 2104 3587 luerit
2133 3531 2443 3602 episcopus,
2469 3528 2554 3586 vel
2582 3527 2810 3600 quilibet
2838 3527 3099 3593 ﬁdelium,
3129 3525 3432 3582 redimendi
3451 3539 3549 3582 eos

1943 3624 2143 3681 habeat
2192 3632 2516 3696 potestatem
2569 3623 2750 3695 (Vide
2796 3621 2889 3678 lib.
2945 3621 3010 3676 de
3045 3620 3179 3676 Iud.
3230 3619 3500 3692 superstit.
3527 3657 3546 3685 ,

1941 3733 2064 3788 cap.
2100 3716 2176 3788 6).
2205 3716 2360 3785 Quod
2387 3733 2490 3772 nos
2521 3715 2879 3770 libentissime
2915 3713 3100 3770 facere
3125 3713 3406 3784 cupimus;
3438 3711 3546 3768 hoc

1942 3807 2317 3863 tantummodo
2339 3806 2680 3877 postulantes
2706 3813 2767 3860 ut
2792 3805 2873 3862 eis
2902 3805 3153 3860 veniendi
3186 3804 3253 3859 ad
3278 3803 3441 3858 ﬁdem
3468 3801 3547 3858 fa-

1942 3899 2118 3956 cultas
2149 3897 2318 3953 libera
2357 3896 2646 3952 tribuatur.
2695 3893 2808 3950 Nec
2854 3895 2958 3950 hoc
2993 3894 3228 3949 dicimus
3273 3891 3420 3960 quod
3460 3891 3545 3949 eis

1944 3987 2086 4043 ﬁlios
2136 3985 2221 4042 vel
2267 4001 2456 4042 servos
2505 4000 2696 4039 eorum
2739 3982 3006 4038 violenter
3051 3981 3379 4038 auferendos
3419 3995 3545 4038 esse

1943 4077 2264 4143 sentiamus,
2293 4076 2389 4132 sed
2416 4083 2476 4129 ut
2505 4075 2844 4132 venientibus
2865 4075 2932 4130 ad
2959 4072 3123 4130 ﬁdem
3146 4073 3215 4128 ab
3237 4070 3545 4132 inﬁdelibus

1945 4170 2167 4227 licentia
2197 4184 2306 4226 non
2337 4174 2582 4241 negetur.

1621 4367 1897 4426 BALUZII
1936 4367 2172 4426 NOTAE.

313 4449 548 4543 inliner.
573 4455 725 4543 [ιονιξξ
754 4455 824 4539 ad
852 4445 1135 4543 imaginem
1159 4476 1331 4543 suam.
1360 4460 1677 4543 Agobardus
1697 4476 1834 4543 ergo

233 4523 649 4581 similitudinem
677 4527 771 4584 Dei

233 4595 584 4673 animaanpn
611 4607 792 4673 a_ut_em
822 4595 1148 4673 incorpore.
1183 4600 1318 4657 Vide
1344 4611 1499 4658 notas
1537 4603 1605 4658 ad
1632 4603 1834 4673 episto-

232 4666 352 4739 lam
405 4665 475 4739 3_0
511 4667 646 4739 Lupi
683 4665 1048 4728 Ferrariensis
1092 4681 1146 4728 et
1184 4673 1253 4729 ad
1298 4673 1495 4729 librant
1540 4675 1605 4730 de
1638 4665 1837 4729 Tribus

236 4735 674 4814 Quaestionibds,
709 4757 831 4814 pag.
865 4741 990 4797 471.
1021 4742 1138 4798 Alia
1169 4747 1320 4800 fuere
1354 4742 1663 4800 Judzeorum
1701 4745 1834 4800 deli-

232 4815 524 4888 ramenta,
571 4813 664 4888 qui
705 4813 902 4883 corpus
936 4815 1233 4888 humanum
1283 4817 1351 4872 ad
1400 4817 1690 4888 imaginem
1737 4815 1834 4888 Dei

232 4878 450 4956 factum
485 4878 879 4950 putabantfut
917 4885 1235 4956 Agobardus
1273 4887 1462 4943 scribit
1500 4878 1555 4942 ὶῖι
1591 4886 1733 4942 libro
1767 4887 1836 4943 de

231 4947 1012 5028 Iudaicis'superstitionibus,
1043 4973 1164 5028 cap.
1198 4959 1284 5013 10.
1317 4959 1436 5027 Quo
1475 4959 1596 5014 loco
1634 4957 1837 5013 Masso-

809 4544 930 4612 qute
955 4538 1039 4585 est
1077 4531 1132 4584 in
1173 4531 1427 4612 nomine,
1456 4531 1740 4612 constituit
1776 4531 1830 4586 in
1858 4533 1913 4592 D

2011 4460 2038 4500 ά
2082 4456 2300 4515 Publice
2339 4458 2687 4530 supplicatur,
2719 4455 2975 4530 nimirum
3013 4469 3114 4525 pro
3156 4454 3542 4530 Judmi_s,_pro

1977 4546 2170 4585 uorum
2203 4526 2558 4586 conversione
2585 4527 2812 4599 singulis
2848 4527 3007 4581 annis
3053 4536 3174 4581 orat
3212 4526 3454 4581 Ecclesia
3483 4527 3541 4585 in

1937 4548 2131 4657 giebus
2163 4601 2440 4657 Passionis
2466 4601 2780 4657 Dominicm.
2809 4607 2868 4652 ut
2891 4597 2966 4651 ait
2985 4596 3323 4657 Agobardus,
3354 4597 3406 4651 id
3431 4606 3539 4657 est.

1978 4603 2131 4678 iebus
2163 4601 2440 4678 Passionis
2466 4596 2780 4678 Dominieze,
2809 4597 2966 4678 ut_ait
2982 4596 3323 4678 Agabardus,
3354 4597 3406 4651 id
3431 4606 3539 4678 est,

1943 4673 2078 4730 feria
2105 4683 2301 4745 quarta
2332 4673 2552 4750 Majoris
2573 4670 2952 4750 Hebdomadm.
2981 4668 3172 4750 Eustat
3193 4668 3335 4750 enim
3363 4669 3543 4750 oratio

1943 4761 2064 4820 quae
2092 4737 2206 4800 tum
2239 4737 2498 4820 temporis
2517 4743 2732 4816 publice
2746 4738 3269 4820 a_sacerdotibus
3294 4737 3535 4820 Ecclesia

1943 4808 2204 4893 fecitatur
2235 4808 2477 4893 pro:liac
2517 4808 2702 4893 causa.
2746 4812 3037 4893 l'ihabanus
3083 4808 3136 4893 i_u
3178 4808 3316 4893 libro
3347 4819 3538 4893 contra

1945 4878 2371 4962 Judmosicap._4
2395 4887 2621 4962 loquens
2651 4885 2717 4962 de
2747 4881 2960 4962 {udaeis
2983 4897 2998 4933 :
3020 4898 3056 4962 ,ς
3095 4878 3208 4934 lmo
3242 4888 3297 4934 et
3314 4880 3540 4962 pejores

1945 4960 2236 5024 haereticis,
2255 4949 2424 5016 'sicut
2451 4949 2544 5013 eos
2582 4953 2820 5011 Ecclesia
2844 4949 3120 5024 catholica
3156 4966 3278 5024 esse
3303 4949 3535 5020 Iudicat,

233 5035 364 5103 nus
396 5022 674 5103 adnotavit
712 5027 764 5081 in
787 5022 1046 5103 margine
1084 5022 1199 5086 haec
1227 5022 1538 5086 Judtiaorum
1581 5028 1838 5100 ﬁgmenta
1938 5047 2060 5103 qum
2093 5032 2145 5086 in
2175 5022 2364 5086 diebus
2389 5027 2682 5086 Dominicu:
2704 5022 2980 5078 Passionis
3017 5029 3139 5103 post
3167 5022 3452 5103 haereticos
3478 5032 3537 5078 et

231 5093 292 5148 in
313 5091 532 5178 ρει-11³1³.
549 5111 766 5178 quoque
787 5097 913 5178 legi.

313 5162 345 5202 δ
385 5161 768 5243 Diagisjeginf.
801 5161 1134 5243 Judajorum.
1169 5171 1461 5243 Evrardus.
1505 5169 1640 5228 Vide
1677 5187 1841 5243 supra

233 5233 569 5360 iuonogs'ad
609 5233 805 5295 librum
841 5242 906 5297 de
935 5241 1210 5314 Baptismo
1248 5242 1602 5300 Judaicorum
1638 5233 1842 5301 manci-

234 5319 292 5378 pt
335 5321 442 5378 ru”
463 5346 476 5360 .

275 5321 396 5360 ιοιύ
404 5321 455 5360 m
463 5346 476 5360 .

315 5387 338 5416 ε
383 5375 576 5435 Missos
605 5380 671 5436 de
689 5381 910 5454 palatio,
939 5383 993 5441 id
1017 5394 1120 5454 est,
1149 5387 1346 5444 missos
1373 5384 1694 5444 dominicos.

1936 5093 2334 5166 schismaticos,
2367 5111 2422 5156 et
2448 5115 2615 5171 prope
2639 5108 2895 5168 paganos,
2928 5107 3027 5171 pro
3053 5093 3132 5148 eis
3162 5105 3304 5148 orat.
3347 5113 3364 5145 ι
3397 5093 3548 5171 lt_em-

1940 5189 2061 5244 cap.
2090 5172 2158 5228 59
2193 5189 2207 5228 :
2247 5193 2265 5224 σ
2298 5163 2412 5248 lino
2449 5163 2850 5227 'corum'véram
2882 5163 3134 5248 salutem,
3167 5180 3267 5248 pro
3291 5179 3399 5247 qua
3425 5165 3538 5248 E9.

1941 5243 2105 5302 clesia
2148 5245 2458 5300 solemniter
2493 5255 2652 5297 orare
2695 5243 3006 5300 consuevit,
3051 5243 3541 5306 veraciterinqui-

1940 5325 2154 5381 rentes,
2201 5330 2481 5374 servemus
2517 5325 2645 5383 erga
2689 5322 2784 5363 eos
2831 5306 3256 5364 ecclesiasticam
3305 5305 3535 5362 sinceri.

1938 5397 2130 5447 tatem.
2162 5407 2182 5444 ι
