4088 6344
511 333 618 393 185

1473 324 1533 383 S.
1572 323 1922 383 AGOBARDI
1955 320 2267 381 EPISCOPI
2304 320 2800 385 LUGDUNENSIS

3691 325 3797 384 ιθι

507 432 695 509 autem
715 421 884 495 inpio
898 398 1083 481 Achaz
1109 418 1165 476 in
1186 402 1330 477 libro
1345 416 1794 489 Paralipomenon
1819 417 2103 488 Scriptura
2129 416 2185 478 Α
2208 432 2334 469 num
2365 419 2583 474 extollat
2610 437 2712 487 me,
2740 420 2899 476 datus
2925 431 3002 477 est
3028 420 3159 476 mihi
3179 414 3428 476 stimulus
3443 413 3624 476 carnis
3641 433 3798 490 mea,

503 525 763 586 testatur,
796 518 1020 575 dicens:
1064 514 1180 582 Ipse
1220 531 1313 589 per
1354 531 1409 569 se
1454 530 1547 569 rex
1591 512 1770 567 Actias
1815 508 2102 565 immolavit

508 611 612 669 diis
643 609 896 666 Damasci
942 609 1181 664 victimas
1234 597 1628 679 percussoribus
1676 605 1811 670 suis,
1842 612 1892 657 et
1920 602 2055 656 dixit
2081 614 2100 653 :

508 705 601 762 Dii
628 721 806 777 regum
841 687 1377 775 Syrite‘auxiliantur
1417 702 1534 766 eis;
1564 717 1693 771 quos
1745 692 1857 769 ego
1884 696 2105 768 placabo

507 798 714 863 hostiis,
746 806 794 852 et
814 785 1192 851 aderunt'mihi
1214 812 1233 850 :
1255 810 1382 851 cum
1410 810 1440 848 e
1469 793 1744 849 contrario
1774 790 1876 862 ipsi
1904 789 2104 845 fuerint

508 888 667 943 ruina
701 886 841 957 ejus,
872 895 928 943 et
959 887 1218 942 universo
1270 885 1475 941 lsraeli.
1519 883 1620 952 Qui
1661 883 1783 962 sint
1808 886 2002 936 autem
2029 879 2104 935 dii

507 978 775 1049 gentium,
807 977 1050 1035 ostendit
1076 976 1388 1042 Psalmista,
1435 990 1560 1031 cum
1595 974 1727 1029 dicit
1759 992 1771 1025 :
1814 970 2007 1027 Omnes
2027 971 2104 1025 dii

506 1071 742 1140 gentium
771 1069 1059 1125 daemonia.
1094 1063 1399 1139 Apostolus
1443 1080 1660 1137 quoque
1687 1064 1758 1119 ad
1788 1062 2103 1119 Corinthios

505 1162 562 1217 in
593 1162 836 1233 Epistola
865 1163 1083 1233 prima:
1124 1160 1258 1229 Qua:
1307 1159 1604 1226 immolant,
1656 1148 1865 1229 inquit,
1903 1167 2101 1229 gentes,

507 1253 784 1312 daemoniis
810 1255 1110 1321 immolant,
1131 1265 1179 1310 et
1212 1271 1314 1310 non
1337 1254 1468 1310 Deo.

576 1346 669 1403 IX.
708 1347 861 1415 Quod
888 1356 1088 1422 autem
1141 1346 1304 1403 etiam
1352 1347 1504 1418 impii
1533 1352 1590 1401 et
1634 1344 1819 1400 fideles
1849 1343 2103 1416 malignis

508 1439 784 1496 interdum
816 1440 1104 1495 tradantur
1151 1439 1429 1510 spiritibus
1460 1440 1527 1495 ad
1552 1439 1983 1509 percutiendum,
2021 1438 2115 1517 ιιι-1

510 1533 680 1590 storia
718 1532 864 1588 beati
892 1531 994 1587 Job
1035 1533 1156 1589 luce
1186 1531 1385 1587 clarius
1415 1529 1769 1586 manifestat:
1804 1529 1897 1584 ubi
1923 1538 1978 1584 ct
2005 1544 2103 1584 ex-

505 1626 709 1696 peditio
736 1625 954 1682 Satanae
976 1634 1034 1682 et
1062 1626 1157 1681 Dei
1181 1625 1468 1696 permissio
1504 1631 1694 1697 aperte
1747 1622 2101 1687 describitur,

506 1724 563 1772 et
592 1716 659 1771 ad
682 1724 1009 1783 extremum,
1060 1725 1187 1787 post
1213 1717 1410 1771 damna
1439 1730 1643 1781 rerum,
1670 1721 1794 1784 post
1824 1708 2013 1768 funera
2042 1712 2104 1766 li-

2207 506 2426 579 angelus
2460 508 2699 579 Satanae,
2731 513 2822 583 qui
2847 530 2929 568 me
2957 514 3266 585 colaphizet.

2206 606 2209 607 ⁷
2275 601 2343 656 X.
2387 603 2647 660 Terrores
2691 607 2856 661 etiam
2907 608 3323 664 tribulationum
3368 623 3468 679 per
3515 609 3799 668 (Immone!

2204 692 2323 749 ﬁeri
2350 696 2404 750 in
2435 695 2575 753 libro
2606 696 2899 768 Sapientia:
2926 700 3157 772 legimus
3204 719 3217 755 :
3251 700 3343 755 ubi
3373 716 3501 757 cum
3544 710 3804 758 narraret

2207 784 2487 859 Scriptura
2517 789 2583 844 de
2612 791 3058 860 percussionibus
3080 791 3322 864 Egypti,
3347 808 3483 863 quas
3503 809 3603 865 per
3628 794 3806 850 malos

2204 881 2427 951 angelos
2472 881 2745 937 immissas
2789 882 3081 938 Psalmista
3122 884 3496 950 demonstrat,
3542 884 3622 939 ait
3661 884 3809 940 inter

2205 964 2311 1029 alia
2337 989 2352 1028 :
2386 975 2570 1047 Neque
2595 977 2734 1029 enim
2764 992 2882 1046 quae
2909 975 3207 1031 continebat
3236 975 3357 1030 illos
3386 975 3659 1047 spelunca,
3694 977 3811 1031 sine

2204 1065 2392 1119 timore
2420 1066 2744 1121 custodiebat
2769 1085 2787 1122 :
2823 1069 3078 1137 quoniam
3104 1068 3307 1122 sonitus
3334 1068 3658 1123 descendens
3688 1086 3809 1139 per-
3836 1062 3843 1067 ⁷

2205 1156 2449 1210 turbabat
2477 1155 2621 1222 illos,
2650 1167 2700 1212 et
2726 1176 2963 1229 persona:
2988 1160 3162 1229 tristes
3192 1167 3526 1230 apparentes,
3555 1174 3810 1218 pavorem

2203 1242 2312 1301 illis
2354 1249 2676 1318 praestabant
2731 1249 2884 1322 (Sap.
2920 1266 3069 1317 xvu,
3117 1248 3197 1323 4).
3230 1247 3386 1304 Unde
3430 1257 3485 1305 et
3528 1248 3809 1319 Propheta

2204 1338 2595 1407 protectionem
2621 1338 2720 1394 Dei
2748 1340 2867 1395 viro
2888 1339 3040 1410 justo
3068 1339 3357 1410 promittit,
3385 1338 3571 1394 dicens
3600 1357 3614 1393 :
3642 1338 3809 1394 Scuto

2206 1430 2555 1485 circumdabit
2577 1441 2626 1485 te
2654 1432 2844 1487 veritas
2876 1434 3013 1503 ejus.
3058 1432 3185 1486 Non
3214 1431 3418 1487 timebis
3445 1449 3477 1486 a
3507 1433 3697 1487 timore
3716 1448 3813 1485 no-

2207 1531 2414 1589 cturno,
2442 1541 2473 1576 a
2502 1523 2697 1593 sagitta
2735 1522 2943 1578 volante
2970 1540 3064 1594 per
3089 1522 3253 1589 diem,
3283 1540 3315 1577 a
3348 1523 3552 1594 negotio
3595 1538 3812 1592 peram-

2211 1611 2424 1668 bulante
2452 1615 2509 1667 in
2526 1613 2774 1677 tenebris,
2799 1614 2864 1668 ab
2886 1612 3102 1668 incursu
3131 1623 3180 1668 et
3202 1614 3467 1668 daemonio
3487 1613 3810 1669 meridiano.

2212 1702 2321 1759 Has
2355 1704 2541 1774 itaque
2570 1705 2918 1760 adversarias
2943 1704 3245 1775 potestates
3290 1719 3321 1758 a
3351 1703 3464 1759 Deo
3485 1711 3816 1774 exspectare

507 1808 730 1875 lion-um,
764 1825 889 1865 cum
915 1824 977 1865 os
1010 1808 1153 1865 illius
1181 1818 1236 1865 ei
1258 1824 1478 1864 carnem
1514 1808 1611 1862 Dei
1639 1823 1803 1861 manu
1836 1805 1984 1877 tangi
2015 1821 2109 1860 ex-
2135 1791 2185 1851 B
2213 1806 2269 1853 et
2292 1797 2607 1854 desiderare
2631 1806 2958 1869 potestatem
2988 1795 3221 1853 feriendi
3250 1805 3306 1852 et
3330 1796 3564 1852 nocendi
3593 1804 3651 1851 et
3693 1795 3814 1853 Do-

506 1902 859 1971 postulasset,
888 1911 942 1958 et
976 1901 1239 1958 Dominus
1281 1900 1646 1973 permitteret,
1696 1896 1924 1954 dicens:
1971 1888 2115 1950 Ecce

504 1993 564 2050 in
589 2012 751 2051 manu
772 2005 890 2050 -tua
917 2004 1033 2051 est:
1064 2003 1420 2050 verumtamen
1460 1994 1694 2047 animam
1749 1991 1896 2045 illius
1937 2006 2108 2055 serva,

510 2085 714 2143 dictum
748 2088 814 2143 de
840 2103 906 2143 eo
935 2094 1024 2143 est
1050 2107 1062 2141 :
1098 2086 1358 2158 Egressus
1385 2086 1552 2156 igitur
1581 2085 1753 2141 Satan
1779 2102 1811 2138 a
1837 2083 1975 2153 facie
2000 2082 2111 2136 Do-

505 2176 658 2244 mini,
719 2179 978 2250 percussit
1022 2177 1125 2233 Iob
1165 2176 1338 2232 ulcere
1374 2162 1599 2241 pessimo
1651 2194 1684 2229 a
1725 2173 1911 2245 planta
1962 2173 2109 2244 pedis

510 2284 679 2341 usque
708 2271 779 2324 ad
818 2271 1059 2326 verticem
1107 2270 1224 2341 ejus
1255 2268 1378 2343 (Iob
1401 2286 1464 2336 ιι,
1497 2268 1573 2341 7).
1602 2268 1957 2346 Infirmitates
1978 2281 2113 2336 quo-

512 2372 620 2427 que
638 2368 695 2414 et
717 2350 1032 2432 languores,
1056 2361 1253 2431 quibus
1277 2360 1354 2431 pii
1382 2358 1469 2415 vel
1493 2359 1644 2429 impii
1660 2358 1842 2413 multo
1869 2364 2113 2426 tempore

507 2450 848 2525 afﬂiguntur,
902 2470 1001 2526 per
1053 2454 1228 2509 malos
1283 2453 1506 2526 angelos
1565 2453 1807 2523 inrogari
1853 2452 2114 2507 Dominus

506 2545 750 2603 ostendit
787 2546 843 2601 in
870 2546 1164 2617 Evangelia
1202 2564 1214 2601 :
1254 2546 1346 2615 qui
1377 2561 1502 2600 cum
1546 2546 1614 2600 de
1657 2544 1910 2610 muliere,
1944 2559 2109 2614 quam

507 2636 759 2707 spiritum
792 2636 1130 2711 infirmitatis
1166 2636 1461 2692 habentem
1517 2636 1635 2707 ipse
1661 2641 1971 2700 sanaverat,
2009 2634 2114 2688 Ar-

504 2718 887 2802 chisynagogo'
923 2728 1282 2784 calumnianti
1334 2727 1710 2798 responderet,
1762 2724 1962 2795 adjecit
1989 2732 2115 2796 post

505 2822 689 2894 aliqua
718 2842 731 2877 :
766 2822 923 2878 Hanc
949 2833 1127 2878 autem
1155 2822 1325 2891 ﬁliam
1361 2821 1610 2884 Abrahae,
1657 2836 1819 2891 quam
1874 2818 2111 2891 alligavit

507 2910 745 2967 Satanas
792 2928 910 2967 ecce
941 2911 1234 2967 octodecim
1261 2910 1440 2974 annis,
1494 2925 1599 2963 non
1643 2908 1874 2979 oportuit
1921 2908 2054 2962 solvi
2078 2926 2112 2963 a

505 3003 838 3059 vinculoisto
881 3003 966 3058 die
1000 3003 1206 3059 sabbati
1232 3002 1422 3057 tuine
1456 3008 1541 3057 est
1586 3000 1729 3071 quod
1778 3001 1968 3057 beatus
2012 2999 2113 3057 Pe-

506 3101 626 3150 trus
652 3094 709 3149 in
734 3086 737 3089 ’
762 3093 991 3150 Actibus
1045 3092 1433 3165 apostolorum,
1492 3108 1616 3148 cum
1647 3093 1714 3148 de
1769 3093 2112 3150 mirabilibus

506 3185 727 3243 Domini
752 3158 1098 3257 loqueretur,
1122 3186 1201 3241 ait
1224 3186 1291 3242 de
1317 3200 1385 3241 eo
1460 3184 1564 3251 Qui
1591 3186 1928 3256 pertransivit
1957 3185 2110 3241 bene—
2137 3158 2183 3220 C

507 3280 752 3350 faciendo
794 3290 844 3337 et
872 3280 1114 3337 sanando
1145 3297 1323 3335 omnes
1350 3296 1622 3351 oppressos
1651 3297 1684 3333 a
1721 3278 1953 3345 diabolo,
1978 3297 2110 3351 quo-

507 3373 654 3429 niam
684 3373 829 3429 Deus
864 3382 979 3428 erat
1026 3389 1148 3428 cum
1199 3371 1312 3449 illo.
1346 3372 1549 3427 Paulus
1578 3387 1795 3443 quoque
1834 3373 2110 3443 apostolus

505 3471 777 3530 Philetum
803 3482 859 3531 et
881 3475 1279 3545 Hermogenem
1305 3474 1440 3530 dicit
1466 3488 1526 3529 se
1551 3474 1842 3529 tradidisse
1870 3472 2107 3541 Satanae,

507 3575 570 3623 ut
595 3569 871 3625 discerent
890 3584 999 3624 non
1026 3568 1430 3639 blasphemare.
1452 3566 1531 3622 De
1554 3582 1619 3623 eo
1644 3576 1826 3621 autem
1852 3568 1946 3637 qui
1969 3582 2108 3623 uxo-

506 3675 629 3716 rem
658 3661 833 3732 patris
855 3661 938 3716 sui
959 3660 1216 3725 habebat,
1246 3657 1543 3716 Corinthiis
1578 3658 1652 3713 ita
1682 3657 1957 3728 loquitur:
1988 3657 2105 3728 Ego

507 3752 722 3823 quidem
738 3751 924 3808 absens
951 3768 1192 3823 corpore,
1237 3766 1468 3822 prtesens
1518 3758 1693 3804 autem
1745 3750 1956 3820 spiritu,
1984 3748 2106 3819 jam

496 3840 743 3912 judicavi
777 3851 835 3896 ut
857 3858 1089 3914 prtesens
1126 3834 1247 3896 eum
1271 3841 1362 3912 qui
1397 3840 1474 3894 sic
1514 3849 1760 3909 operatus
1807 3838 1984 3905 est,in
2012 3855 2108 3893 no-

504 3938 645 3994 mine
667 3938 884 3993 Domini
908 3939 1075 3994 nostri
1096 3936 1227 3993 Iesu
1265 3936 1485 4002 Christi,
1518 3934 1851 4007 congregatis
1881 3934 2027 3989 vobis
2055 3942 2104 3989 et

504 4042 620 4081 meo
654 4029 869 4098 spiritu,
912 4045 1033 4083 cum
1084 4028 1273 4082 virtute
1320 4014 1538 4080 Domini
1568 4021 1723 4091 Iesu,
1762 4025 1972 4080 tradere
1999 4026 2104 4081 hu-

497 4119 743 4190 jusmodi
780 4130 984 4174 satana:
1011 4121 1069 4173 in
1109 4120 1381 4173 interitum
1429 4119 1628 4185 carnis,
1666 4126 1725 4172 ut
1750 4120 1970 4190 spiritus
1997 4120 2107 4175 sal-

505 4227 604 4266 vus
631 4211 702 4266 sit
726 4210 782 4265 in
807 4210 894 4264 die
925 4208 1142 4265 Domini
1168 4208 1321 4263 Iesu.
1351 4207 1490 4262 Hinc
1524 4208 1591 4262 de
1617 4209 1798 4278 seipso
1822 4210 1968 4279 quod
1991 4210 2105 4280 jam

507 4299 1063 4359 commemoravimus
1098 4300 1215 4355 ait:
1247 4297 1319 4353 Et
1364 4314 1428 4353 ne
1471 4298 1782 4369 magnitudo
1829 4299 2107 4356 revelatio-

2214 1891 2399 1946 minus
2441 1891 2781 1946 demonstrat
2818 1892 2876 1945 in
2911 1890 3228 1963 Evangelio,
3271 1890 3364 1945 ubi
3412 1890 3491 1944 ait
3530 1889 3818 1965 discipulis

2214 1974 2375 2041 suis.
2414 1983 2534 2039 Hac
2564 1995 2712 2039 nocte
2761 1982 2994 2040 Satanas
3033 1984 3277 2054 expetivit
3304 2000 3412 2047 vos,
3456 1991 3515 2037 ut
3553 1983 3817 2038 cribraret

2213 2078 2350 2131 sicut
2375 2077 2630 2131 triticum.
2663 2077 2733 2131 Et
2756 2075 3065 2140 Psalmista,
3098 2091 3223 2131 cum
3266 2076 3396 2131 dicit
3434 2092 3449 2129 :
3482 2075 3552 2131 In
3578 2075 3718 2146 ipsa,
3760 2075 3823 2132 id

2214 2176 2320 2233 est,
2347 2169 2402 2224 in
2432 2176 2614 2233 nocte,
2644 2167 3038 2238 pertransibunt
3068 2183 3246 2221 omnes
3283 2167 3461 2221 bestite
3500 2166 3670 2232 silvae,
3721 2183 3819 2221 ca—

2215 2260 2314 2315 tuli
2356 2260 2565 2315 leonum
2610 2260 2896 2329 rugientes,
2926 2269 2985 2313 ut
3009 2258 3221 2329 rapiant
3260 2270 3309 2313 et
3336 2244 3575 2329 quwrant
3623 2274 3657 2312 a
3702 2256 3821 2313 Deo

2215 2369 2389 2408 escam
2418 2351 2551 2415 sibi;
2583 2359 2638 2406 et
2663 2350 2851 2406 multis
2886 2351 3007 2406 aliis
3032 2351 3169 2407 locis
3194 2351 3390 2406 divinae
3419 2350 3743 2421 Scriptura.

2285 2445 2378 2501 X1.
2402 2430 2489 2500 ‘Et
2509 2460 2658 2511 cum,
2686 2445 2828 2501 sicut
2849 2461 3014 2516 supra
3034 2445 3293 2510 diximus,
3326 2458 3434 2499 non
3465 2457 3682 2513 semper
3708 2457 3814 2499 nec

2215 2541 2273 2595 in
2300 2540 2553 2596 omnibus
2580 2539 2826 2595 diabolus
2853 2538 3087 2610 accipiat
3110 2544 3462 2611 potestatem,
3494 2551 3712 2607 semper
3737 2542 3823 2590 ta-

2216 2649 2342 2689 men
2371 2633 2538 2688 habet
2563 2633 2618 2688 in
2646 2631 2901 2689 omnibus
2924 2641 2980 2688 et
3004 2647 3104 2703 per
3125 2632 3311 2688 omnia
3336 2631 3706 2687 omnimodam
3722 2645 3823 2688 no-

2217 2724 2375 2780 cendi
2402 2724 2760 2789 voluntatem,
2789 2724 3027 2779 maxime
3056 2723 3113 2779 in
3143 2722 3265 2779 illos
3302 2723 3478 2778 inhiat
3505 2723 3726 2793 quibus,
3759 2730 3823 2777 ut

2217 2819 2425 2874 dictum
2452 2827 2557 2886 est,
2588 2818 2888 2891 praevalere
2919 2834 2977 2875 se
3027 2834 3186 2891 posse
3215 2819 3381 2882 videt,
3420 2834 3487 2874 eo
3530 2818 3678 2890 quod
3707 2817 3824 2873 sint

2217 2913 2427 2983 exiguae
2456 2911 2584 2967 fidei
2619 2922 2675 2966 et
2712 2911 2871 2966 vacui
2915 2911 3158 2982 pondere
3192 2910 3443 2966 rationis.
3475 2909 3545 2965 Et
3580 2909 3706 2965 inde
3733 2915 3823 2964 est

2217 3007 2364 3077 quod
2412 2997 2642 3083 pueros,
2674 3002 2995 3076 ac'puellas,
3046 3012 3105 3060 et
3140 3005 3362 3060 hebetes
3390 3018 3636 3074 quosque
3682 3002 3822 3073 deji-

2217 3112 2345 3153 cere
2390 3096 2629 3157 videtur,
2677 3090 2742 3152 et
2772 3096 3003 3173 maculis
3055 3095 3357 3151 exustionis
3408 3103 3623 3149 notare.
3662 3093 3823 3162 Quod

2215 3191 2405 3260 Utique
2431 3188 2606 3246 fidelis
2630 3191 2883 3261 quisque,
2918 3197 2973 3245 et
3002 3189 3216 3244 ratione
3260 3188 3548 3259 prteditus,
3579 3202 3707 3243 cum
3740 3186 3824 3242 vi-

2216 3282 2328 3347 det,
2361 3289 2456 3335 aut
2482 3270 2655 3347 audit,
2687 3296 2785 3336 cor
2813 3283 2879 3336 ad
2913 3279 3080 3335 solius
3109 3278 3210 3335 Dei
3240 3278 3491 3334 timorem
3521 3274 3699 3344 levat,
3722 3277 3823 3349 qui

2216 3392 2324 3431 non
2350 3377 2742 3448 permittit‘nos
2770 3375 2967 3430 tentari
2996 3390 3161 3446 supra
3188 3372 3244 3429 id
3270 3372 3415 3444 quod
3446 3372 3591 3428 ferre
3624 3388 3829 3444 possu-

2215 3483 2357 3522 mus.
2403 3467 2558 3522 Sicut
2595 3465 2905 3521 faciendum
2954 3475 3040 3521 est
3090 3466 3278 3532 etiam,
3333 3480 3459 3519 cum
3516 3465 3826 3521 bestiarum
3892 3516 3895 3519 ,

2215 3557 2472 3614 dentibus
2497 3565 2592 3612 aut
2618 3557 2981 3628 undecunque
3006 3557 3093 3613 vel
3116 3557 3427 3627 ubicunque
3456 3555 3825 3630 ﬂagellamur,

2216 3649 2303 3704 vel
2334 3649 2469 3704 alios
2498 3648 2759 3720 ﬂagellari
2791 3649 3173 3719 conspicimus.

2288 3739 2402 3795 XII.
2433 3738 2587 3807 Quod
2610 3755 2742 3794 vero
2768 3738 2846 3793 illi
2877 3739 2943 3794 de
2980 3739 3177 3808 quibus
3211 3738 3369 3795 nobis
3396 3738 3728 3806 innotuistis,
3747 3738 3830 3796 ad

2214 3831 2438 3888 easdem
2487 3830 2751 3887 ecclesias
2796 3830 2852 3883 in
2904 3830 3101 3899 quibus
3148 3830 3535 3899 percutiuntur
3586 3845 3829 3887 concur-

2213 3934 2360 3991 runt,
2412 3933 2468 3980 et
2510 3922 2774 3994 quidquid
2804 3929 3047 3991 possunt,
3099 3923 3335 3987 donant;
3390 3936 3491 3977 nos
3538 3922 3828 3979 credimus

2215 4019 2439 4076 omnino
2471 4018 2615 4088 quod
2638 4015 2942 4072 terroribus
2969 4014 3181 4084 decepti
3209 4015 3316 4070 hoc
3345 4012 3572 4078 faciant,
3595 4010 3827 4083 perdito

2146 4116 2147 4119 “
2216 4112 2443 4169 consilio
2472 4110 2719 4165 meliore.
2747 4120 2773 4147 η
2797 4106 2988 4161 Melius
3016 4106 3163 4161 enim
3191 4105 3459 4173 facerent,
3492 4105 3537 4161 si
3564 4119 3659 4160 sua
3678 4116 3828 4173 pau-

2214 4207 2438 4277 peribus
2471 4212 2529 4259 et
2557 4203 2585 4242 b
2616 4201 2922 4273 hospitibus
2947 4207 3259 4271 erogarent,
3288 4209 3345 4255 et
3370 4200 3439 4255 ad
3458 4199 3829 4270 presbyteros

2214 4301 2473 4357 Ecclesia:
2500 4304 2806 4363 currerent,
2837 4306 2859 4335 ο
2898 4295 3137 4367 ungendi
3176 4294 3316 4362 oleo,
3346 4294 3643 4351 sesundum
3666 4306 3831 4361 pm

561 4433 569 4439 .
864 4396 867 4403 ‘
1873 4392 2110 4447 BALUZ:

2210 4394 2421 4447 VOTA‘I.
2474 4399 2481 4407 '

864 4396 867 4403 ι
1918 4392 1962 4446 Α
2408 4433 2421 4447 ⁸
2474 4399 2481 4407 .

581 4502 609 4531 ι
646 4486 839 4543 Melius
876 4490 1016 4542 enim
1054 4489 1305 4558 facerent.
1337 4484 1565 4541 Videtur
1590 4485 1849 4558 damnare
1873 4392 2493 4558 Eosldbluzinpliglifalvi
2526 4485 2607 4540 tit.
2636 4484 2688 4551 6,
2718 4500 2838 4558 cap.
2875 4483 2967 4558 49,
2998 4483 3310 4558 et,_tit.___f23,_
3327 4498 3457 4558 cap:
3481 4481 3568 4538 10.
3596 4480 3827 4558 Lupum

509 4559 751 4619 donariis
776 4556 1063 4614 illustrant
1082 4557 1373 4612 memorias
1399 4565 1722 4627 martyrum,
1746 4556 1872 4611 dum
1908 4558 1987 4613 ait
2010 4556 2105 4614 eos

508 4630 706 4687 melius
737 4629 994 4693 facturos,
1025 4629 1072 4683 si
1098 4644 1196 4683 sua
1221 4626 1553 4698 pauperibus
1573 4634 1628 4681 et
1656 4626 1961 4698 hospitibus
1986 4644 2107 4685 ero-

506 4701 814 4782 garent._l_li
835 4701 986 4782 enim
1009 4706 1136 4755 sunt
1167 4699 1294 4781 viva
1315 4697 1520 4782 Christi
1558 4697 1779 4767 templa.
1812 4697 2107 4782 Nequenta-

509 4768 635 4827 inen
671 4771 907 4827 arbitror
934 4771 1062 4826 hinc
1092 4768 1387 4839 sumpsisse
1416 4769 1722 4835 Erasmum,
1751 4785 1873 4824 cum
1904 4768 1959 4824 in
1988 4770 2107 4826 Col-

506 4842 691 4914 loquio
712 4841 781 4914 de
808 4842 1245 4914 peregrinatione
1256 4840 1544 4914 religionis
1568 4856 1697 4914 ergo
1726 4840 2106 4914 aitquarnplu-

507 4856 691 4914 loquio
714 4856 781 4897 oe
808 4856 1241 4912 peregrinatione
1268 4856 1544 4911 religionis
1568 4856 1630 4895 er

507 4913 678 4969 rimos
711 4910 947 4983 invisere
971 4911 1189 4983 quidem
1215 4904 1460 4967 divorum
1489 4856 1662 4982 templ:

509 4998 675 5053 quam
725 4982 1010 5053 minimum
1052 4983 1284 5049 donare,
1334 4983 1635 5053 dictitantes
1674 4998 1789 5053 eam
1828 4982 2105 5053 pecuniam

507 5052 711 5125 rectius
746 5052 993 5125 collocari
1028 5054 1085 5107 in
1123 5070 1327 5125 egenos.
1371 5053 1513 5109 Sane
1554 5052 1984 5125 subveniendum
2022 5061 2108 5109 est

506 5123 821 5195 necessitati
849 5121 1174 5193 pauperum,
1217 5126 1341 5195 quis
1380 5124 1580 5195 negat?
1610 5121 1733 5195 Sed,
1754 5131 1939 5195 tamen
1971 5123 2105 5179 inte-
2178 5176 2183 5187 ,

508 5196 616 5267 rim
647 5194 965 5267 negligenda
1006 5211 1112 5250 non
1151 5193 1250 5267 est
1267 5193 1471 5252 domus
1492 5193 1585 5248 Dei
1604 5194 1740 5267 λιιιί
1770 5193 2007 5267 ῥῇῃξηιιιε
2034 5195 2104 5250 ad

506 5263 707 5323 librum
724 5263 1048 5322 vi'Salviani
1082 5266 1149 5323 de
1196 5266 1602 5323 Gubernat’one
1629 5264 1746 5318 Dei.
1776 5264 1911 5319 Vide
1941 5281 2104 5323 porro

504 5334 822 5393 Antidotum
857 5336 1064 5393 Erasmi
1105 5338 1161 5393 in
1197 5338 1542 5408 Epitaphium
1580 5334 1770 5408 Paulae
1805 5334 2101 5408 ab__l_licro-
2151 5344 2157 5355 “

1280 5406 1537 5463 aunoium
1576 5407 1627 5460 in
1660 5422 1778 5477 cap.
1813 5406 1848 5461 6
1884 5406 2008 5461 libri
2035 5408 2104 5463 de
2150 5418 2155 5423 ‘

507 5423 671 5479 nymo
706 5408 1074 5479 conscriptum
1093 5450 1107 5473 ,
1140 5416 1195 5463 et

505 5475 937 5552 Cura_Ecclesi:e
954 5498 1055 5552 pro
1077 5480 1292 5552 miseris
1315 5487 1369 5534 et
1390 5475 1741 5549 pauperibus.

578 5550 607 5591 ι’
651 5549 973 5622 Ηοσρὶιίὑιιδῖ
1013 5549 1367 5622 Hospitalitas
1402 5564 1598 5622 magno
1627 5549 1831 5622 tumin
1857 5565 1956 5622 usu
1983 5558 2103 5622 erat

503 5622 645 5690 apud
673 5619 991 5679 Ecclesiam.
1020 5619 1139 5675 Lib.
1168 5638 1182 5674 ι
1226 5619 1544 5689 Capitular.,
1570 5636 1690 5690 cap.
1720 5621 1788 5675 75
1821 5639 1832 5673 :
1864 5638 1881 5671 ι
1913 5619 1977 5673 Et
2000 5621 2103 5676 hoc

502 5692 661 5747 nobis
694 5702 1008 5762 competens
1044 5699 1099 5746 et
1133 5691 1441 5746 venerabile
1482 5692 1716 5757 videtur,
1746 5702 1805 5746 ut
1833 5691 2098 5761 hospites,

502 5764 776 5833 peregrini
811 5770 1159 5833 etpauperes
1204 5763 1883 5833 susceptionesgcgulares
1918 5769 1972 5816 et
2003 5777 2095 5833 ea-

504 5830 730 5893 nonicas
753 5846 853 5909 per
870 5830 989 5892 loca
1002 5830 1219 5892 diversa
1241 5830 1495 5894 habeant.
1530 5852 1551 5891 ›
1580 5830 1716 5895 Vide
1735 5833 1970 5910 capitula
1994 5832 2096 5896 Ca-

1656 4926 1707 4977 a,
1737 4911 1830 4966 sed
1846 4910 2105 4967 'nihil’aut
2152 4976 2157 4981 η

2210 4559 2616 4614 Ferrariensem
2651 4572 2738 4627 ep.
2768 4552 2829 4610 Π
2852 4597 2868 4623 ,
2898 4556 2998 4622 42,
3026 4556 3096 4610 45
3116 4555 3255 4627 ,55,
3282 4555 3343 4627 7_l
3372 4552 3408 4627 ;’
3426 4552 3619 4627 Ionam
3640 4552 3832 4627 Aug-Ae-

2209 4631 2503 4685 liancnsem
2533 4629 2586 4681 in
2615 4622 2707 4682 lib'.
2740 4644 2777 4681 ιι
2820 4622 2886 4682 dc
2917 4626 3261 4682 Institutione
3297 4624 3535 4690 Laicali,
3571 4640 3686 4694 cap.
3708 4622 3823 4694 29,

2207 4711 2262 4757 et
2292 4701 2444 4756 alios.
2475 4698 2870 4769 HOSpitalitatis
2909 4713 3075 4769 porro
3106 4697 3412 4769 encomium
3445 4692 3664 4769 enarrat
3688 4692 3829 4749 nil-4

2205 4772 2464 4828 debertus
2494 4771 2545 4823 in
2575 4765 2819 4840 pluribus
2846 4765 3110 4840 epistolis.
3141 4767 3278 4823 Vide
3304 4766 3607 4823 Launoium
3633 4765 3687 4820 in
3715 4778 3829 4823 ca-

2206 4844 2319 4914 pite
2336 4843 2378 4914 _8_
2405 4841 2684 4914 librimox
2709 4840 2931 4914 laudati.

2280 4926 2302 4953 ο
2333 4911 2573 4984 Ungendi
2591 4911 2725 4975 oleo,
2750 4926 2815 4966 eo
2834 4911 3092 4966 nimirum
3114 4926 3235 4984 quo
3245 4909 3510 4984 ardebant
3528 4907 3830 4984 latnpadgs

2207 4985 2275 5040 ad
2302 4979 2546 5053 sepulcra
2569 4991 2867 5053 martyrum
2892 4979 3158 5052 appensai.
3190 4980 3324 5036 Nam
3348 4982 3515 5053 multa
3542 4979 3827 5053 miracula

2242 5072 2304 5111 er
2332 5050 2639 5123 hujusmodi
2672 5050 2851 5108 oleum
2879 5050 2994 5108 ﬁeri
3023 5054 3367 5108 consuevissc
3389 5068 3455 5107 ex
3477 5050 3821 5123 Augustino,

2242 5072 2304 5111 ρι’
2332 5072 2639 5123 ιιιῃιιειῐιοσι
2672 5072 2851 5108 Oll‘llm
2879 5072 2993 5108 neri
3023 5072 3367 5108 COIISllCVISSC
3389 5072 3455 5107 ex
3477 5072 3821 5121 Allgusuuo,

2204 5072 2547 5182 li‘heodoreto
2579 5132 2633 5179 et
2655 5125 2777 5181 aliis
2799 5126 3022 5180 adnotat
3053 5123 3319 5178 Baronius
3339 5124 3405 5177 ad
3426 5132 3625 5177 annum
3647 5119 3832 5177 Chri-

2206 5199 2274 5254 sti
2316 5198 2406 5254 55.
2446 5196 2682 5253 Aﬁ'eram
2720 5204 2931 5251 tantum
2971 5195 3147 5251 locum
3180 5194 3465 5265 Augustini
3511 5209 3575 5249 ex
3616 5202 3735 5261 cap.
3770 5193 3827 5265 8

2205 5270 2326 5326 libri
2363 5286 2480 5326 χχιι
2518 5270 2586 5324 de
2620 5266 2852 5323 Civitate
2889 5267 2982 5322 Dei
3016 5285 3028 5321 :
3067 5285 3085 5317 ι
3132 5266 3368 5320 Rursum
3415 5265 3614 5320 ibidem
3657 5264 3826 5332 apud

2205 5358 2305 5397 nos
2353 5341 2541 5397 lreuzei
2587 5339 2869 5408 cujusdam
2916 5337 3212 5393 collectarii
3254 5333 3430 5401 ﬁlius,
3482 5333 3825 5408 aegritudine

2205 5413 2505 5468 exstinctus
2536 5421 2636 5466 est.
2656 5407 2911 5480 Cumque
2944 5423 3142 5480 corpus
3164 5408 3373 5480 jaceret
3407 5407 3684 5480 exanime,
3727 5413 3824 5460 at.-

2154 5540 2158 5544 .
2204 5499 2309 5554 que
2335 5484 2456 5539 aliis
2491 5477 2838 5554 gementibus
2858 5488 2913 5535 et
2938 5477 3318 5554 plangentibus
3343 5478 3615 5554 essequim
3638 5489 3825 5547 para-

2203 5550 2409 5619 r'entur,
2444 5550 2744 5609 amicorum
2774 5552 2893 5621 ejus
2918 5550 3140 5623 quidam
3173 5551 3317 5623 inter
3343 5550 3587 5623 aliorum
3609 5561 3821 5623 conso-

2202 5616 2427 5681 lantium
2476 5625 2639 5680 verba
2688 5616 2955 5694 suggessit
2998 5631 3058 5677 ut
3094 5620 3331 5694 ejusdgm
3363 5619 3621 5691 martyris
3648 5616 3817 5690 (Ste-

2152 5728 2157 5731 -
2201 5698 2389 5768 phaui)
2421 5698 2540 5755 oleo
2567 5692 2774 5767 corpus
2788 5692 3199 5767 perungeretur.
3236 5692 3467 5750 Factum
3493 5698 3599 5758 est,
3630 5698 3687 5747 et
3712 5703 3821 5751 ro-

2201 5770 2355 5826 vixit.
2386 5778 2421 5825 s‘
2716 5792 2721 5797 '
