4088 6344
251 350 362 413 185
792 400 795 401 ν
1398 354 1730 413 EPISTOLA
1767 355 1861 409 AD
1900 353 2354 412 MATFREDUM.
3405 360 3513 422 186

250 477 476 541 ceptum
504 466 874 539 evangelicum
900 474 957 522 et
990 471 1364 540 apostolicum,
1396 486 1517 527 cum
1534 471 1756 540 jejuniis
1783 482 1837 527 et
1864 477 1917 535 Α
1941 472 2208 533 dicentem
2240 492 2252 527 :
2297 470 2552 543 Nunquid
2593 472 2813 541 offeram
2852 469 2961 526 Deo
3008 470 3432 529 Italocaut‘omata
3461 483 3512 530 et

250 563 625 627 orationibus;
663 562 858 632 quibus
896 563 1093 618 sociari
1126 565 1289 620 debet
1309 565 1667 636 eleemosyna.
1698 566 1835 622 Nam
1935 565 2124 619 vitulos
2146 565 2458 620 anniculos?
2486 565 2740 637 Nunquid
2765 564 2968 634 placari
2990 573 3157 636 potest
3178 563 3433 620 Dominus
3453 565 3513 620 in

253 656 303 713 si
343 663 531 712 essent
557 654 711 725 signa
756 653 1080 721 sanitatum,
1110 671 1230 727 quae
1276 657 1387 713 Deo
1431 657 1697 728 largiente
1737 674 1836 728 per
1938 652 2169 709 millibus
2213 660 2458 722 arietum,
2502 665 2594 710 aut
2638 656 2693 711 in
2742 654 2922 711 multis
2966 654 3197 710 millibus
3243 655 3510 711 hircorum

252 748 457 804 merita
505 753 819 801 sanctorum
865 761 1122 802 concessa
1174 748 1505 815 viderentur,
1541 766 1837 807 concursus

254 840 328 895 ad
356 839 551 895 eadem
580 837 701 893 loca
725 852 1062 909 consequens
1090 847 1267 905 esset;
1293 849 1350 895 et
1377 842 1423 896 si
1449 841 1651 912 aliquid
1688 842 1840 897 obla-

254 933 471 987 tionum
497 932 574 987 ibi
601 931 827 986 daretur
857 946 1007 986 more
1034 932 1427 999 ecclesiastico,
1459 942 1515 990 et
1539 935 1837 990 secundum

253 1023 670 1094 dispositionem
696 1022 940 1087 Patrum,
972 1030 1117 1078 esset
1141 1025 1327 1095 utique
1356 1023 1693 1081 fructuosum
1722 1028 1838 1095 ipso

252 1129 366 1170 usu
391 1115 805 1170 misericordiae.
841 1113 996 1170 Nunc
1023 1124 1207 1172 autem
1242 1118 1370 1187 quia
1398 1118 1678 1189 cupiditati
1705 1133 1840 1190 quo-

252 1207 507 1262 rumdam
535 1214 590 1262 et
615 1206 859 1262 avaritiae
891 1204 1239 1274 famulantur,
1284 1223 1393 1263 non
1442 1208 1636 1264 exinde
1664 1209 1835 1264 hono-

254 1306 415 1354 ratur
451 1297 616 1365 Deus,
656 1310 685 1340 ι
735 1312 836 1353 nec
886 1298 1214 1368 pauperibus
1271 1299 1627 1354 succurritur.
1690 1297 1841 1355 Hanc

252 1390 405 1446 enim
458 1404 577 1446 rem
620 1390 666 1444 si
714 1390 1007 1445 secundum
1055 1389 1388 1445 voluntatem
1441 1389 1537 1445 Dei
1595 1397 1837 1461 agerent,

247 1480 404 1551 juxta
436 1479 576 1550 quod
606 1495 704 1550 per
730 1494 919 1535 omnes
944 1488 1161 1535 sanctas
1190 1479 1501 1549 Scripturas
1529 1495 1650 1534 eam
1697 1480 1840 1535 Deus

251 1574 570 1630 hominibus
598 1574 764 1629 voluit
791 1574 1052 1640 indicari;
1100 1574 1304 1629 scirent
1334 1574 1520 1643 utique
1545 1588 1708 1643 quam
1749 1589 1841 1628 su-

252 1669 499 1724 blimiter
522 1678 578 1724 et
605 1668 1000 1724 admirabiliter
1020 1666 1181 1737 hujus
1201 1668 1279 1722 rei
1309 1667 1556 1722 semitam
1580 1665 1839 1722 Dominus

253 1759 634 1816 demonstrare
662 1760 914 1831 dignatus
941 1759 1011 1814 sit
1047 1774 1147 1829 per
1190 1757 1470 1833 Michaeam
1515 1756 1835 1828 prOphetam

1934 752 2243 823 pinguium?
2294 752 2548 827 Nunquid
2594 755 2731 811 dabo
2774 757 3174 827 primogenitum
3205 771 3378 811 meum
3418 770 3515 826 pro

1935 845 2126 902 scelere
2170 864 2305 915 meo,
2336 849 2565 919 fructum
2608 849 2802 904 ventris
2830 850 2933 904 mei
2965 865 3060 921 pro
3085 857 3293 920 peccato
3320 848 3513 903 animat

1936 954 2065 993 mete
2083 940 2109 992 ?
2144 939 2214 994 Et
2240 955 2363 994 cum
2413 941 2469 995 in
2499 941 2585 997 his
2609 941 2860 997 omnibus
2886 948 3130 1013 negetur,
3180 939 3516 996 subinl‘ertur

1937 1027 2083 1083 illico
2109 1029 2165 1084 in
2190 1031 2387 1099 quibus
2413 1031 2675 1087 Dominus
2715 1032 2919 1103 placari
2944 1032 3133 1103 possit,
3168 1047 3291 1087 cum
3337 1031 3512 1087 dicit:

1937 1114 2189 1175 Indicabo
2217 1121 2332 1188 tibi,
2365 1136 2395 1175 ο
2423 1122 2597 1189 homo,
2625 1122 2750 1193 quid
2778 1123 2845 1177 sit
2868 1121 3079 1187 bonum,
3107 1130 3156 1176 et
3176 1121 3303 1193 quid
3330 1120 3511 1176 Domi-

1940 1227 2037 1265 nus
2062 1220 2262 1283 quierat
2299 1229 2333 1266 a
2372 1220 2440 1267 te.
2474 1210 2660 1283 Utique
2685 1212 2857 1283 facere
2883 1213 3169 1284 judicium,
3201 1221 3249 1267 et
3294 1210 3515 1282 diligere

1939 1303 2370 1370 misericordiam,
2402 1313 2452 1358 et
2492 1303 2773 1359 sollicitum
2805 1304 3073 1360 ambulare
3096 1320 3214 1358 cum
3257 1303 3511 1359 Deo'tuo.

1942 1390 2095 1447 Sicut
2135 1394 2282 1448 enim
2332 1395 2756 1464 reprehensibile
2798 1404 2883 1451 est
2918 1411 3033 1451 rem
3076 1409 3375 1467 pauperum
3404 1407 3512 1449 non

1938 1485 2264 1553 pauperibus
2291 1486 2648 1552 distribuere;
2678 1487 2757 1542 sic
2784 1486 3201 1554 infructuosum,
3229 1487 3277 1542 si
3299 1501 3362 1541 ea
3390 1500 3513 1555 quae

1939 1576 2200 1632 deberent
2233 1577 2490 1634 Ecclesia:
2527 1579 2762 1634 debitam
2801 1580 3156 1635 reverentiam
3211 1576 3517 1633 exhibenti-

1937 1666 2061 1733 bus,
2111 1669 2342 1740 erogari,
2395 1669 2705 1739 cupiditatis
2754 1677 2887 1725 testu
2947 1668 3357 1732 anhelantibus,
3414 1663 3510 1723 vel

1938 1774 2102 1814 avare
2137 1760 2400 1816 servanda
2434 1761 2521 1816 vel
2553 1761 2821 1817 abutenda
2848 1760 3071 1832 prodige
3099 1757 3466 1816 conferantur.

1611 1862 1883 1921 BALUZII
1920 1865 2149 1923 NOTAE.

325 1957 509 2035 {Nee
550 1956 863 2035 pauperibus
908 1961 1250 2035 succurritur.
1277 1955 1657 2035 _Existim_abat
1707 1971 1837 2027 ergo
1865 1964 1911 2023 Β
1938 1962 2721 2035 conservandisnonlahorent
2745 1972 3001 2033 tanquam
3024 1979 3123 2035 pro
3144 1964 3253 2019 aris
3267 1972 3322 2020 et
3348 1962 3516 2019 focis?

247 2029 572 2101 Agobardus
597 2028 892 2084 oblationes
918 2045 1038 2100 qua:
1064 2028 1201 2097 ﬁunt
1227 2028 1293 2082 ad
1316 2028 1605 2101 memorias
1629 2036 1835 2101 martyf

252 2099 535 2180 rum_rem
579 2115 699 2155 esse
740 2099 1064 2180 pauperum,
1098 2113 1285 2180 neque
1328 2099 1572 2180 inventas
1612 2111 1737 2180 esse
1767 2099 1837 2180 ad

253 2170 508 2227 alendam
533 2168 938 2240 prtepositorilm
965 2170 1284 2240 avaritiam,
1303 2176 1397 2222 aut
1421 2168 1626 2233 luxum,
1646 2169 1739 2240 vel
1763 2169 1836 2240 ad

250 2242 424 2295 vitam
448 2238 783 2295 commodius
813 2241 1191 2295 transeundam
1226 2255 1241 2292 :
1274 2239 1455 2308 itaque
1488 2252 1580 2293 eas
1611 2238 1837 2293 oblatio—

252 2326 355 2366 nes
382 2326 504 2366 esse
531 2311 918 2365 convertendas
935 2312 987 2364 in
1015 2310 1263 2365 solatium
1288 2324 1609 2379 pauperum,
1635 2309 1837 2378 alioqui

251 2382 399 2437 enim
438 2380 731 2450 pessimum
768 2395 887 2437 esse
923 2395 1112 2435 earum
1139 2396 1313 2435 usum.
1345 2379 1417 2434 At
1444 2380 1604 2434 hodie
1640 2388 1839 2449 quotus

1937 2029 2180 2105 Denique
2203 2033 2435 2103 plurima
2462 2034 2575 2089 loca
2603 2042 2745 2099 sunt,
2775 2029 2971 2105 inclyta
2998 2029 3146 2089 certe
3170 2050 3268 2105 per
3304 2035 3535 2105 indige-'

1937 2103 2409 2176 nasadvenasqne
2429 2143 2444 2168 ,
2476 2105 2672 2176 quibus
2702 2121 2804 2160 non
2837 2103 2974 2160 alius
3011 2103 3212 2160 certior
3248 2114 3342 2160 aut
3367 2104 3519 2159 lucu-

1937 2171 2134 2244 lentior
2164 2171 2359 2228 fundus
2384 2171 2680 2244 estfquam
2709 2175 2800 2244 qui
2838 2191 2905 2231 ex
2934 2176 3293 2241 oblationibus
3320 2188 3516 2244 prove-

1939 2242 2036 2296 nit.
2071 2243 2136 2297 Et
2162 2244 2320 2317 laudo
2355 2242 2578 2299 istorum
2605 2242 2878 2317 pietatem.
2907 2246 3011 2301 Sed
3040 2246 3191 2301 valde
3218 2242 3512 2317 optandum

1938 2323 2090 2386 esset
2107 2322 2165 2367 ut
2195 2314 2427 2386 aliquam
2454 2332 2582 2386 erga
2605 2314 2867 2386 pauperes
2899 2317 3216 2372 charitatem
3250 2314 3515 2386 haberent

1939 2383 1977 2437 ii
2007 2385 2203 2454 quibus
2237 2383 2651 2455 colllgendai‘ufn
2691 2383 3021 2442 oblationum
3056 2402 3186 2442 cura
3220 2383 3517 2441 committi-

252 2452 487 2529 quisque
536 2452 751 2529 tandem
791 2461 874 2505 est
912 2466 1098 2506 eorum
1134 2452 1224 2529 qui
1370 2465 1493 2504 aras
1517 2459 1843 2529 sanctorum
1942 2452 2046 2518 tur,
2082 2470 2181 2509 nec
2206 2470 2300 2511 eas
2327 2452 2537 2512 tantum
2558 2458 2628 2515 ad
2650 2459 2891 2513 ornanda
2918 2456 3114 2529 templa
3143 2464 3356 2513 mortua
3386 2467 3520 2511 con-

254 2522 480 2584 sedent,
511 2522 598 2577 cui
625 2537 941 2591 persuasum
974 2538 1079 2576 non
1118 2521 1190 2576 sit
1217 2520 1353 2575 nihil
1381 2536 1447 2575 ex
1481 2520 1843 2591 oblationibus
1942 2532 2237 2579 verterent.

250 2591 507 2647 decidere
536 2590 724 2647 debere
757 2592 1101 2664 pauperibus,
1126 2592 1327 2662 quique
1347 2606 1446 2661 pro
1473 2591 1713 2647 donariis
1736 2590 1841 2645 illis

251 2697 3479 2733 ——-———-———-——-—-———-——-——————-——-——————

889 2805 1023 2883 AD
1076 2802 1723 2884 MATFBEDUM
1798 2802 2333 2882 PROCEBEM
2408 2806 2826 2885 PALATII
2862 2863 2885 2900 ,

1316 2956 1853 3016 DEPLORATORIA
1888 2957 1979 3014 DE
2015 2954 2433 3015 INJUSTITIIS.

1696 3072 2098 3091 ψ

328 3136 581 3195 Virorum
596 3135 1044 3208 praesuntissimo
1061 3141 1226 3205 atque
1255 3133 1624 3190 illustrissimo
1647 3146 1674 3175 ι
1696 3133 1831 3189 Mat-
1856 3140 1901 3203 C
1930 3135 2034 3190 bus
2057 3133 2087 3173 1³
2125 3132 2434 3188 ministrum
2458 3130 2804 3201 imperatoris
2830 3138 2885 3188 et
2923 3128 3134 3202 imperii
3151 3172 3168 3200 ,
3195 3140 3253 3188 et
3271 3147 3384 3205 prae
3409 3148 3517 3192 cat-

245 3230 407 3288 fredo
445 3229 762 3302 Agobardus
786 3228 845 3282 in
880 3226 1096 3283 Christo
1135 3227 1365 3281 Domino
1404 3225 1742 3282 viviﬁcatore
1769 3240 1833 3282 ac

247 3324 533 3381 salvatore
566 3330 748 3379 nostro
779 3322 951 3376 vitam
979 3328 1036 3375 et
1063 3319 1292 3375 salutem
1326 3328 1605 3375 aeternam.

329 3412 570 3470 Obsecro
592 3410 1144 3483 priecellentissimam
1168 3409 1473 3466 claritatem
1512 3417 1749 3465 vestram
1774 3417 1836 3465 ut

245 3506 527 3578 patienter
562 3512 616 3559 et
653 3505 950 3561 clementer
992 3502 1181 3558 audire
1210 3503 1462 3573 dignetur
1501 3516 1624 3572 quae
1658 3500 1833 3557 ﬁdelis

246 3599 500 3670 suggerit
544 3596 793 3654 servulus
836 3615 850 3650 :
886 3596 1033 3667 quia,
1085 3604 1220 3651 teste
1248 3596 1363 3651 Deo
1410 3596 1505 3666 qui
1553 3604 1829 3652 scrutatur

241 3691 415 3748 corda
444 3699 500 3746 et
526 3706 705 3755 renes,
730 3705 838 3745 non
866 3688 970 3744 alia
998 3690 1294 3745 intentione
1320 3689 1459 3753 dico,
1485 3688 1590 3744 nisi
1611 3696 1833 3759 propter

238 3781 550 3853 profectum
588 3781 969 3853 prosperitatis
991 3789 1187 3837 vestrae
1230 3780 1514 3851 praesentis
1538 3780 1744 3849 pariter
1775 3788 1831 3835 et

240 3872 465 3929 futurar.
518 3872 910 3944 Omnipotens,
961 3873 1352 3942 sempiternus,
1407 3880 1462 3926 et
1519 3871 1832 3926 misericors

241 3964 412 4031 Deus,
451 3966 593 4035 apud
643 3979 805 4035 quem
840 3963 975 4019 nihil
1014 3964 1365 4035 praeteritum,
1403 3963 1539 4017 nihil
1587 3963 1831 4017 futurum

241 4065 356 4122 est,
381 4056 476 4112 sed
512 4056 695 4112 omnia
718 4055 988 4110 volumina
1011 4055 1332 4111 saeculorum
1360 4070 1482 4124 quae
1516 4054 1658 4124 apud
1684 4068 1829 4108 mor-

242 4146 387 4202 tales
432 4156 487 4202 et
521 4146 848 4215 temporales
876 4145 1183 4210 volvuntur,
1217 4145 1643 4216 intemporaliter
1686 4144 1828 4216 apud

239 4254 375 4295 eum
420 4238 711 4309 praesentia
753 4245 1087 4306 permanent,
1137 4236 1300 4308 elegit
1343 4252 1440 4293 vos
1487 4245 1611 4293 ante
1640 4236 1826 4293 mundi

244 4329 703 4386 constitutionem
728 4326 970 4384 futurum
999 4329 1202 4386 nostris
1226 4328 1547 4400 periculosis
1572 4328 1832 4398 tempori-

1942 3226 2075 3281 teris
2117 3225 2496 3281 honoriﬁcavit
2537 3232 2593 3281 et
2633 3224 2843 3289 ditavit,
2878 3239 2988 3279 non
3033 3224 3205 3281 solum
3248 3228 3513 3295 exterius,

1939 3332 2130 3373 verum
2163 3317 2329 3372 etiam
2372 3316 2617 3380 interius,
2650 3315 2936 3385 prudentia
2960 3315 3232 3384 videlicet,
3269 3315 3506 3389 iustitia,

1938 3409 2260 3468 fertitudine
2288 3416 2343 3463 et
2388 3408 2765 3479 temperantia,
2807 3405 3001 3477 quibus
3026 3407 3319 3464 secundum
3363 3407 3511 3465 Scri-

1935 3512 2128 3576 pturas
2162 3502 2296 3558 nihil
2325 3501 2508 3557 utilius
2534 3507 2618 3556 est
2660 3499 2716 3555 in
2754 3497 2865 3553 vita
2899 3497 3167 3565 hominis;
3206 3499 3513 3556 constituit-

1938 3607 2044 3663 que
2078 3607 2176 3648 vos
2214 3592 2270 3646 in
2302 3590 2471 3646 latere
2496 3601 2520 3630 ε
2554 3603 2739 3645 rerum
2768 3603 3033 3652 summam
3062 3590 3332 3659 regentis;
3376 3596 3513 3660 qua-

1933 3691 2092 3740 tenus
2129 3690 2184 3739 et
2223 3685 2280 3740 in
2328 3683 2680 3755 dispositione
2718 3682 2995 3753 aequitatis
3045 3681 3121 3737 illi
3163 3684 3358 3739 essetis
3406 3681 3513 3740 suf-

1931 3774 2212 3849 fragator,
2259 3783 2316 3831 et
2369 3775 2426 3830 in
2470 3763 3308 3831 remuneratione'beatitudinis
3347 3773 3513 3845 parti.

1934 3884 2079 3939 ceps.
2126 3865 2280 3922 Nunc
2323 3865 2491 3936 igitur
2532 3864 2660 3935 quid
2704 3863 3046 3935 potissimum
3099 3863 3315 3934 expedit
3354 3864 3515 3918 devo-
3550 3858 3553 3867 ’

1932 3962 2157 4016 tissimus
2196 3958 2483 4015 intentioni
2523 3966 2721 4013 vestra:
2748 3995 2763 4021 ,
2803 3955 2909 4010 nisi
2945 3963 3004 4009 ut
3037 3955 3186 4009 omni
3225 3955 3514 4011 conamine

1933 4051 2189 4121 omnique
2232 4050 2433 4105 mentis
2457 4048 2670 4114 adnisu,
2711 4047 2787 4101 ita
2816 4046 2871 4100 in
2896 4044 3303 4115 dispositionem
3329 4060 3513 4102 rerum

1935 4142 2282 4213 sagacissime
2315 4138 2576 4207 vigiletis,
2623 4146 2684 4191 ut
2725 4136 3062 4206 opprimatur
3094 4134 3376 4207 iniquitas,
3414 4136 3509 4193 de-

1936 4240 2179 4288 struatur
2217 4230 2368 4287 fraus
2412 4238 2468 4284 et
2508 4228 2686 4293 dolus,
2715 4218 3005 4298 dissipetur
3029 4227 3292 4299 pravitas,
3322 4235 3512 4282 conte-
3550 4267 3559 4275 .

1935 4333 2089 4382 ratur
2115 4324 2433 4390 crudelitas,
2469 4323 2712 4394 erigatur
2734 4320 2966 4393 iustitia,
2993 4320 3303 4377 consoletur
3329 4316 3504 4374 humi-
3548 4354 3555 4365 ι

1598 4436 1872 4493 BALUZII
1908 4434 2137 4492 NOTAE.

317 4560 344 4589 ι
385 4547 674 4618 Matfredo.
705 4547 804 4605 Vel
830 4564 897 4604 ex
931 4548 1047 4603 solo
1084 4547 1241 4603 istius
1278 4547 1517 4618 epistolm
1555 4548 1709 4601 titulo
1732 4563 1827 4616 pa-
1852 4530 1906 4592 D
1931 4548 2095 4602 taniae
2121 4562 2246 4618 rege
2269 4562 2332 4618 ac
2352 4546 2672 4617 proceribus
2696 4545 2878 4616 palatii
2902 4540 3232 4618 conspiravit
3253 4537 3512 4618 adversus

236 4628 325 4676 tet
351 4620 530 4674 virum
556 4619 724 4675 fuisse
758 4635 965 4689 magnae
990 4618 1312 4689 dignationis
1338 4626 1390 4673 et
1413 4618 1752 4672 auctoritatis
1775 4620 1827 4685 in

236 4691 449 4761 palatio
480 4688 741 4761 Ludovici
768 4688 871 4745 Pii.
896 4689 1030 4761 Nam
1054 4688 1109 4744 et
1134 4688 1441 4743 Ludovicus
1464 4690 1577 4758 ipse
1596 4704 1720 4742 eum
1742 4705 1833 4744 vo-
1862 4730 1865 4735 »

237 4769 336 4816 cat
380 4761 558 4815 virum
608 4760 873 4814 illustrem
932 4760 986 4813 in
1032 4768 1300 4829 praecepto
1352 4775 1451 4829 pro
1507 4761 1832 4814 monasterio

235 4831 428 4886 Graue
472 4831 525 4883 in
576 4829 635 4885 S.
678 4830 896 4884 dioecesi
938 4829 1269 4899 Urgellensi,
1301 4830 1453 4897 cujus
1486 4838 1694 4899 partem
1738 4830 1833 4884 ali-

278 4916 410 4970 nam
441 4915 584 4970 anuo
610 4902 889 4969 superiore
913 4900 1181 4970 edidimus
1207 4900 1259 4953 in
1288 4901 1431 4955 notis
1454 4900 1521 4954 ad
1548 4900 1831 4970 epistolam

278 4918 410 4954 nam
441 4918 584 4954 anno
610 4918 889 4969 superiore
913 4918 1181 4955 euiuimus
1207 4918 1259 4953 1n
1288 4918 1431 4955 unus
1454 4918 1521 4954 au
1548 4918 1831 4970 epustonam

232 4918 311 5041 39
348 4969 484 5041 Lupi
517 4969 902 5041 Ferrarieusis.
929 4968 1023 5025 Sic
1043 4985 1171 5041 ergo
1193 4970 1615 5040 aitimperator:
1650 4989 1667 5023 ι
1702 4971 1834 5025 Mat-

235 5039 431 5095 fredus
458 5055 640 5095 comes
661 5040 747 5095 vir
768 5040 978 5095 illuster
997 5039 1183 5095 adiens
1209 5039 1556 5095 serenitatem
1580 5041 1832 5097 culminis

234 5111 441 5174 nostri,
458 5119 563 5165 etc.
587 5130 604 5161 ι
621 5110 700 5164 Ac
714 5110 965 5165 comitem
989 5110 1205 5179 quidem
1216 5109 1655 5166 Aurelianeusem
1667 5111 1832 5166 fuisse
1868 5140 1869 5143 η

235 5188 556 5262 constat-ex
583 5180 888 5262 Adreu‘aldo
907 5179 1424 5262 _l.“loriacensi"li_b.'i
1442 5222 1457 5248 ,
1481 5196 1631 5262 βίῳ..
1764 5182 1831 5262 de

238 5250 521 5305 Miraculis
543 5250 715 5304 sancti
742 5248 1037 5315 Benedicti,
1067 5259 1121 5306 et
1143 5267 1207 5307 ex
1235 5250 1356 5306 Vita
1379 5248 1634 5306 Ludovici
1658 5250 1738 5304 Pii
1763 5251 1832 5307 ad

236 5336 333 5391 an.
366 5320 492 5374 8‘29.
529 5318 627 5375 [llo
656 5320 839 5388 itaque
874 5330 1110 5391 tempore
1145 5319 1308 5376 Jonas
1342 5321 1622 5390 episcopus
1659 5320 1831 5375 Aure—

237 5390 507 5445 lianeusis
550 5392 617 5445 ad
665 5405 787 5445 eum
834 5391 979 5445 misit
1025 5392 1191 5446 libros
1242 5402 1350 5448 tres
1383 5392 1449 5447 de
1491 5391 1830 5448 Institutione

240 5460 490 5523 Laicali,
535 5461 635 5531 qui
669 5477 699 5515 a
738 5462 933 5531 domno
973 5461 1114 5516 Luca
1152 5462 1577 5531 Dacheriogediti
1619 5469 1745 5516 sunt
1772 5462 1828 5516 in
1872 5516 1878 5521 ,

241 5539 395 5586 tomo
416 5529 594 5613 punio
618 5530 921 5613 Spicilegii;
946 5546 1067 5613 cum
1087 5540 1245 5587 antea
1266 5532 1394 5588 editi
1416 5529 1643 5613 fuissent
1664 5532 1829 5613 Duaci

239 5616 389 5655 anno
432 5602 581 5663 1645
612 5619 676 5657 ex
713 5603 878 5656 veteri
919 5604 1103 5657 coiice
1140 5620 1241 5659 ms.
1293 5603 1465 5658 sancti
1505 5603 1732 5658 Amandi
1773 5603 1828 5658 in
1878 5658 1879 5663 η

241 5668 474 5744 Pabula,
503 5688 632 5727 cura
660 5673 722 5726 D.
746 5672 1047 5744 lldephonﬁsi
1068 5672 1458 5744 Goetghebueri
1482 5673 1831 5728 bibliotheca-
1874 5702 1879 5741 χ

240 5742 317 5814 rii
344 5744 588 5814 ejusdem
617 5742 1134 5814 monasteriiLAnno
1165 5742 1286 5800 dein
1325 5744 1428 5799 8'50
1452 5747 1533 5813 (ut
1573 5745 1830 5813 incapite

241 5813 533 5886 trigesimo
558 5822 713 5873 sexto
733 5821 922 5871 narrat
945 5813 1247 5889 Theganus)
1271 5831 1393 5873 cum
1417 5814 1643 5889 Pippino
1661 5814 1830 5887 Aqui-

1932 4609 2261 4692 Ludovicum
2285 4609 2463 4692 Pium,
2486 4632 2645 4692 quem
2668 4609 2734 4672 de
2750 4609 3210 4692 _regno_e_xpellere
3234 4609 3508 4692 valebunt.

1933 4688 2041 4765 _Sed_
2087 4689 2216 4765 huic
2257 4677 2763 4765 pessimo-facinori
2811 4677 3029 4765 {institit-
3064 4680 3319 4765 Ludovici
3368 4677 3512 4765 illius

1930 4756 2516 4815 Ludovicuszursum
2555 4758 2611 4813 in
2643 4767 2826 4829 partes
2867 4756 3102 4829 Letharij
3141 4764 3261 4806 cum
3301 4756 3511 4829 caeteris

1930 4830 2300 4905 perduellibus
2322 4818 2693 4905 transgressus
2719 4837 2972 4905 estaan
2996 4823 3131 4905 ἕᾷὅ,
3163 4834 3395 4905 eumque
3430 4818 3512 4905 fu:

1930 4889 2165 4974 gieutem
2194 4901 2250 4953 in
2280 4889 2507 4974 Italiam':
2513 4907 2763 4974 secutus,
2775 4893 3059 4974 _il_l_ie_9biit
3080 4905 3237 4974 anno
3273 4889 3376 4974 8ξῦ
3396 4930 3411 4955 ,
3451 4889 3511 4973 ut

1930 4961 2096 5025 tradit
2116 4976 2305 5025 auctor
2325 4968 2460 5024 Vita:
2489 4961 2874 5024 Ludovici'Pii.
2905 4963 3039 5019 Vide
3079 4961 3426 5018 Sirmundum
3451 4961 3509 5016 in

1930 5041 2076 5096 notis
2101 5042 2169 5095 ad
2195 5039 2573 5105 Theodult‘um,
2602 5055 2721 5110 pag.
2756 5037 2876 5110 39L

2004 5110 2032 5151 δ
2071 5110 2373 5181 Ministrum
2400 5112 2528 5181 imp.
2556 5102 2854 5181 et-itrtperit',
2953 5110 3063 5181 est,
3085 5103 3393 5181 ministrum
3414 5115 3510 5181 pa-

1929 5180 2051 5252 latii
2076 5188 2132 5252 et
2169 5180 2324 5252 regni
2355 5199 2369 5234 :
2398 5172 2709 5252 ministrum
2732 5173 2915 5252 palatii
2933 5175 3101 5252 ,‘quia
3127 5188 3233 5228 non
3260 5172 3508 5252 discede-

1931 5251 2076 5325 bata
2099 5242 2269 5325 latere
2296 5250 2583 5319 Principis,
2604 5242 3007 5325 principemque
3025 5244 3202 5325 locum
3222 5242 3363 5325 apud
3382 5257 3508 5297 eum

1931 5323 2227 5398 obtinebat,
2262 5312 2592 5398 secretorum
2604 5312 2729 5389 'ejus
2754 5312 3020 5398 particeps
3038 5324 3100 5398 et
3116 5312 3506 5398 consiliorum;

1931 5393 2240 5468 ministrum
2259 5391 2470 5462 imperii
2493 5391 2607 5468 sive
2628 5387 2804 5468 regni,
2826 5387 2951 5458 quia
2970 5395 3169 5468 praeter
3189 5387 3507 5468 comitatum

1928 5453 2395 5525 Aurelianensem,
2427 5461 2513 5515 cui
2548 5453 2767 5528 speciali
2803 5453 2929 5513 cura
2969 5453 3509 5528 invigilaretenehg-

1932 5542 2041 5599 tur,
2063 5534 2294 5589 maxima
2317 5522 2443 5601 pars
2459 5522 2709 5601 cura-rum
2727 5528 2982 5585 Ludovici
3002 5527 3057 5582 in
3077 5522 3509 5581 administrando
3562 5554 3567 5561 π

1931 5604 2161 5674 imperio
2181 5611 2298 5657 erat
2320 5600 2500 5670 penes
2532 5600 2869 5674 Matfredum.
2916 5670 2962 5674 __
3137 5666 3160 5674 _
3235 5648 3259 5674 _.

2003 5661 2026 5713 ἒ
2071 5674 2265 5743 Rerum
2299 5661 2571 5743 summum
2613 5672 2855 5743 regentis,
3002 5677 3107 5743 est,
3137 5661 3506 5743 Ludo_v_ici_Pii
3560 5690 3565 5697 -

1931 5742 2287 5825 imperatoris,
2322 5742 2532 5825 aeujus
2562 5731 2730 5799 latere
2778 5731 2891 5801 non
2922 5731 3235 5801 discedebat
3284 5731 3508 5792 Matin-

1931 5817 2052 5885 dus,
2085 5813 2166 5870 uti
2184 5812 2299 5887 jam
2327 5814 2579 5873 diximus.
