4012 6338
513 386 610 454 liti

1509 383 1565 441 s.
1608 373 1957 443 AGOBARDI
1994 371 2303 437 EPISCOPI
2339 360 2825 436 LUGDUNENSIS

3691 373 3811 437 191

506 510 822 574 lucernam,
853 503 1056 562 everrit
1079 503 1330 569 domum,
1363 502 1640 572 quaesivit,
1670 510 1726 556 et
1756 499 1978 555 invenit.
2011 496 2105 552 Di—
2131 496 2254 556 Aet
2308 492 2616 547 habitabant
2661 497 2715 546 in
2765 501 2813 546 te
2863 491 2965 561 ﬁlii
3019 491 3116 545 tui.
3168 488 3240 544 Et
3283 488 3528 562 gaudebit
3572 506 3809 560 sponsu

509 606 654 662 citur
697 610 751 658 et
780 610 972 663 mater,
1016 597 1155 653 sicut
1183 597 1298 667 ipse
1333 611 1432 664 per
1473 594 1666 648 Isaiam
1713 592 1971 662 loquitur,
2014 589 2098 644 di-

511 713 640 755 cens
671 711 686 751 :
723 693 997 761 Quomodo
1023 692 1070 745 si
1100 692 1184 744 cui
1221 699 1390 743 mater
1425 687 1716 751 blanditur,
1750 686 1823 738 ita
1851 700 1942 754 ego
1971 699 2098 737 con-

511 790 711 845 solabor
773 805 879 842 vos.
935 786 1072 840 Vere
1123 783 1269 838 enim
1319 791 1374 836 et
1418 790 1592 836 mater
1631 789 1689 833 et
1740 779 1956 832 domina
1993 781 2098 839 est,

509 883 683 938 virtus
710 889 764 936 et
792 877 1076 950 sapientia,
1108 875 1365 932 fortitudo
1394 882 1448 928 et
1477 873 1671 944 gloria,
1699 869 2028 924 resurrectio
2047 873 2104 921 et

510 975 621 1029 vita
641 1014 655 1036 ,
689 972 776 1026 via
805 980 860 1026 et
887 970 1118 1033 veritas,
1149 966 1476 1023 illuminatio
1515 973 1571 1018 et
1601 963 1777 1030 salus,
1819 969 1873 1016 et
1905 969 2103 1017 caetera
2147 1020 2155 1027 ,

591 1065 842 1118 iusmodi.

514 1068 842 1138 hujusmodi.

588 1159 652 1212 V.
697 1156 830 1210 Illud
853 1169 1067 1225 quoque
1097 1169 1201 1208 non
1227 1152 1407 1206 minus
1435 1147 1803 1218 mirum,quod
1821 1144 2028 1228 ancilla
2050 1151 2107 1200 et

512 1249 685 1306 amica
712 1249 878 1303 etiam
907 1255 1082 1301 mater
1112 1245 1322 1300 Domini
1349 1244 1429 1298 sui
1452 1259 1572 1299 esse
1597 1249 1797 1312 potest,
1832 1239 1921 1294 illo
1947 1237 2105 1294 modo

513 1357 620 1413 quo
651 1340 913 1395 Dominus
940 1340 1016 1392 ait
1050 1356 1063 1392 :
1096 1336 1405 1405 Quicunque
1425 1336 1562 1389 enim
1591 1334 1767 1401 fecerit
1790 1323 2126 1414 uoluntatem:

513 1429 697 1488 Patris
727 1433 848 1495 mei,
875 1431 964 1501 qui
989 1431 1044 1483 in
1071 1429 1211 1483 ctelis
1240 1439 1338 1491 est,
1377 1428 1486 1498 ipse
1518 1442 1666 1480 meus
1691 1424 1857 1494 frater
1878 1432 1927 1476 et
1955 1417 2110 1476 soror

511 1533 562 1577 et
591 1533 758 1577 mater
777 1531 877 1576 est.
913 1520 1065 1588 Quod
1101 1528 1156 1574 et
1189 1517 1482 1590 Apostolus
1515 1517 1582 1571 de
1612 1531 1670 1570 se
1699 1517 1814 1585 ipso
1844 1515 1921 1568 ait
1956 1533 1968 1566 :
2007 1511 2104 1566 Fi-

513 1613 626 1668 lioli
670 1615 795 1678 mei,
821 1630 950 1685 quos
985 1612 1178 1667 iterum
1198 1610 1438 1682 parturio
1476 1609 1639 1662 donec
1671 1607 1930 1676 formetur
1953 1601 2118 1660 Chri-'

513 1717 624 1762 stus
658 1709 711 1762 in
740 1709 900 1762 vobis.

592 1799 672 1854 Vl.
715 1798 841 1880 Haec
888 1797 1206 1868 multiplicia
1253 1795 1474 1851 nomina
1531 1793 1714 1862 sponsi
1763 1801 1820 1847 et
1867 1806 2097 1862 sponsae,

2201 602 2357 655 super
2385 601 2652 655 sponsam,
2685 594 2735 638 et
2787 583 3034 655 gaudebit
3063 599 3218 654 super
3264 593 3313 638 te
3355 582 3498 638 Deus
3547 592 3685 637 tuus.
3733 582 3812 639 Et

2200 679 2490 751 Apostolus
2515 686 2699 750 aperte
2725 679 2984 744 ostendit,
3017 680 3203 734 dicens
3230 697 3242 733 :
3274 677 3423 733 Sicut
3446 679 3582 733 enim
3605 694 3810 749 corpus

2203 785 2364 822 unum
2412 777 2530 834 est,
2582 779 2630 822 et
2666 769 2894 824 membra
2942 769 3095 824 habet
3142 768 3338 832 multa,
3393 770 3570 822 omnia
3619 781 3809 824 autem

2202 863 2432 919 membra
2457 865 2692 935 corporis
2735 881 2853 919 cum
2882 875 2984 920 sint
3015 861 3204 930 multa,
3232 881 3395 918 unum
3422 881 3608 935 corpus
3646 872 3810 932 sunt,

2203 957 2276 1011 ita
2313 966 2362 1011 et
2401 956 2662 1011 Christus.
2708 956 2917 1012 Etenim
2954 959 3010 1012 in
3045 974 3151 1012 uno
3190 959 3378 1028 spiritu
3413 975 3587 1012 omnes
3617 974 3712 1012 nos
3748 957 3813 1014 in

2202 1064 2366 1102 unum
2398 1064 2584 1120 corpus
2615 1047 2867 1119 baptizati
2894 1066 3075 1102 smnus
3099 1090 3113 1114 ,
3153 1048 3257 1102 sive
3283 1047 3463 1102 Juda’i
3483 1088 3498 1113 ,
3539 1049 3641 1103 sive
3669 1065 3814 1118 gen-

2205 1139 2319 1195 tiles
2341 1182 2354 1204 ,
2388 1141 2493 1194 sire
2523 1141 2685 1205 servi,
2727 1141 2831 1195 sive
2858 1140 3039 1204 liberi,
3083 1151 3132 1195 et
3160 1157 3336 1195 omnes
3376 1141 3431 1195 in
3467 1159 3570 1196 uno
3605 1142 3810 1211 spiritu

2205 1233 2368 1303 potati
2408 1250 2610 1287 sumus.
2659 1232 2796 1300 Quia
2833 1231 3084 1290 videlicet
3109 1233 3254 1289 hanc
3282 1233 3543 1289 unitatem
3572 1233 3813 1305 spiritus

2206 1309 2408 1382 Christi
2441 1325 2590 1382 facit.

2277 1417 2410 1474 Vlll.
2452 1418 2575 1474 Haec
2621 1428 2748 1474 sunt
2785 1435 2906 1490 quae
2952 1419 3301 1475 inell‘abiliter
3340 1417 3814 1489 iucundissimam

2207 1518 2470 1582 praestant
2495 1511 2869 1566 avocationem
2895 1512 2997 1582 piae
3021 1520 3076 1566 et
3103 1510 3246 1566 ﬁdeli
3276 1512 3474 1566 anima:
3498 1553 3512 1578 ,
3546 1520 3599 1566 et
3631 1511 3814 1568 talem

2208 1602 2605 1668 avocationem,
2637 1601 2810 1672 qualis
2857 1603 2912 1657 in
2957 1603 3216 1674 praesenti
3255 1602 3366 1657 vita
3415 1617 3483 1658 ex
3522 1611 3816 1658 creatura-

2210 1711 2328 1750 rum
2377 1694 2832 1764 contemplatione
2876 1694 3022 1748 nulla
3075 1708 3196 1750 esse
3245 1703 3460 1766 potest,
3499 1702 3582 1761 et,
3625 1703 3682 1748 ut
3724 1693 3814 1748 ita

2210 1787 2388 1843 dicam
2432 1777 2789 1852 conﬁdenter,
2831 1787 2885 1842 in
2917 1788 3170 1843 omnibus
3203 1788 3460 1860 operibus
3486 1787 3580 1843 Dei
3606 1787 3814 1842 visibi-

513 1887 716 1946 Christi
754 1867 809 1944 et
852 1861 1137 1953 Ecclesiie,
1169 1903 1278 1942 non
1311 1889 1377 1941 de
1417 1861 1685 1956 aliquibus
1725 1861 2179 1957 gestisbists-'B
2207 1881 2348 1938 libus
2384 1891 2441 1938 et
2489 1881 2851 1937 invisibilibus
2886 1881 3032 1936 nulla
3079 1882 3273 1937 similis
3319 1881 3548 1936 inveniri
3595 1888 3812 1951 potest.

514 1980 642 2036 ricis
669 1982 834 2051 (sicut
878 1990 979 2047 est,
1029 1995 1152 2034 cum
1199 1978 1478 2049 Scriptura
1522 1980 1588 2033 dc
1634 1977 1794 2042 Sara,
1832 1971 2125 2043 Rebecca,’

513 2071 715 2129 Rachel
766 2074 1024 2145 loquitur,
1073 2072 1128 2126 in
1173 2073 1368 2142 quibus
1423 2069 1756 2139 conjunctio'
1793 2068 1998 2124 Christi
2051 2077 2109 2123 et

514 2161 771 2221 Ecclesia:
800 2165 1030 2237 ﬁgurata
1071 2163 1209 2236 est),
1242 2178 1342 2218 nec
1369 2163 1433 2218 de
1469 2177 1535 2216 eo
1572 2161 1858 2216 locutionis
1884 2175 2103 2232 genere,

513 2269 620 2324 quo
659 2257 715 2310 in
757 2258 917 2311 rebus
965 2254 1313 2312 sensibilibus
1361 2253 1718 2326 signiﬁcativa
1766 2255 2107 2324 przenuntia--

517 2349 666 2402 tione
688 2349 976 2418 ponuntur
1011 2347 1174 2419 (sicut
1215 2355 1299 2402 est
1327 2361 1481 2401 mons
1518 2347 1710 2401 domus
1737 2346 1984 2412 Domini,
2015 2347 2107 2401 ubi

517 2453 676 2494 mons
713 2441 996 2494 Dominum
1036 2448 1093 2494 et
1135 2438 1328 2493 domus
1373 2425 1658 2493 ecclesiam
1711 2437 2004 2509 signiﬁcat)
2053 2445 2112 2492 et

515 2528 685 2584 multa
716 2528 1039 2597 hujusmodi,
1074 2536 1352 2597 assumpta
1399 2537 1555 2591 sunt;
1600 2527 1694 2582 sed
1723 2525 1790 2579 de
1828 2525 1935 2580 illis
1974 2525 2109 2580 locis

517 2623 609 2678 ubi
641 2623 694 2676 in
727 2621 870 2677 illam
900 2623 1211 2677 ordinatam
1246 2620 1614 2675 narrationem
1649 2627 1924 2690 gestorum
1957 2617 2106 2673 Scri-

517 2723 638 2769 tura
666 2715 1012 2783 exsequitur,
1043 2715 1142 2769 sed
1168 2721 1379 2768 tantum
1411 2712 1644 2768 diversis
1670 2709 1980 2778 hujusmodi
2007 2701 2108 2765 nol

513 2804 750 2859 minibus
779 2797 1058 2859 Christum
1081 2812 1137 2858 et
1162 2803 1463 2858 Ecclesiam
1493 2802 1718 2866 indicat,
1747 2808 1801 2855 et
1829 2800 1883 2854 in
1913 2802 2111 2869 quibus

511 2897 691 2952 nullus
722 2898 795 2951 ita
840 2897 1102 2967 insipiens
1148 2903 1231 2952 est
1275 2904 1338 2950 ut
1371 2894 1517 2949 aliud
1543 2894 1894 2964 quaerendum
1925 2893 2112 2948 existi-

515 2997 647 3055 met,
674 2988 779 3044 nisi
805 2987 1081 3044 Christum
1108 2996 1167 3043 et
1199 2987 1522 3043 Ecclesiam.

586 3077 699 3133 Vll.
742 3077 986 3132 Miranda
1020 3092 1150 3132 vero
1179 3077 1492 3133 Conditoris
1528 3076 1838 3147 benignitas
1873 3074 2112 3130 ostendi-

510 3177 633 3236 tur;
666 3184 790 3226 cum
839 3177 992 3224 tanta
1033 3170 1243 3225 unitate
1281 3182 1307 3210 ι
1352 3184 1551 3240 corpus
1589 3169 1754 3238 capiti
1806 3170 2106 3235 adhaereat,
2137 3211 2182 3274 Ο

512 3268 566 3316 et
599 3269 761 3332 caput
790 3260 1006 3332 corpori
1053 3262 1369 3330 praesideat,
1421 3261 1562 3317 sicut
1601 3261 1869 3332 Propheta
1915 3263 2113 3318 decan-

518 3361 596 3409 tat
648 3372 661 3408 :
718 3353 903 3408 Induit
955 3370 1036 3407 me
1078 3355 1392 3409 vestimentis
1441 3352 1663 3417 salutis,
1708 3363 1756 3408 et
1808 3354 2110 3408 indumento

503 3445 733 3516 justitiw
760 3446 1102 3500 circumdedit
1133 3463 1214 3499 me
1237 3445 1390 3516 quasi
1415 3460 1665 3515 sponsum
1695 3446 1998 3500 decoratum
2023 3461 2112 3498 co-

514 3553 681 3601 rona,
716 3545 766 3592 et
791 3538 942 3608 quasi
973 3555 1220 3608 sponsam
1251 3547 1495 3592 ornatam
1537 3535 1819 3590 monilibus
1858 3537 1988 3590 suis.
2043 3536 2113 3592 Et

515 3637 640 3700 post
674 3630 855 3702 aliqua
902 3648 917 3686 :
968 3629 1245 3685 Habitabit
1287 3631 1424 3684 enim
1466 3629 1668 3697 iuvenis
1721 3644 1840 3682 cum
1885 3625 2124 3698 virgine,

2207 1973 2283 2028 De
2333 1973 2435 2027 hac
2479 1972 2800 2027 avocatione
2831 1971 3094 2026 Dominus
3131 1971 3381 2042 praecipit
3419 1986 3516 2042 per
3557 1969 3816 2040 Prophe-

2209 2074 2316 2118 tam
2349 2081 2360 2118 :
2397 2062 2697 2134 Loquimini
2737 2062 2807 2116 ad
2844 2079 2937 2118 cor
2968 2054 3255 2128 Israel,'et
3297 2073 3508 2118 avocate
3543 2079 3678 2116 eant.
3719 2061 3817 2120 De

2206 2154 2310 2210 hac
2361 2156 2526 2211 etiam
2578 2155 2660 2209 vir
2706 2170 2828 2210 cum
2875 2171 2985 2225 quo
3032 2164 3114 2210 est
3155 2155 3296 2210 Deus
3343 2156 3395 2209 in
3439 2156 3647 2210 visione
3690 2171 3817 2226 qua

2206 2246 2443 2301 erudivit
2473 2261 2598 2301 eum
2629 2254 2807 2300 mater
2833 2261 2951 2311 sua,
2984 2247 3215 2317 mystico
3259 2260 3528 2308 sermone,
3557 2245 3634 2300 sic
3662 2261 3818 2315 prm-

2207 2339 2383 2408 cipit:
2428 2337 2564 2392 Date
2607 2339 2834 2392 siceram
2875 2337 3227 2398 maerentibus,
3278 2347 3326 2391 et
3380 2333 3674 2392 vinum'bis
3708 2338 3816 2407 qui

2207 2444 2391 2483 amaro
2428 2438 2549 2483 sunt
2589 2429 2786 2482 animo.
2823 2427 3038 2492 Bibant,
3078 2438 3125 2481 et
3160 2425 3535 2482 obliviscantur
3562 2427 3817 2496 egestatis

2208 2536 2337 2584 sua’,
2376 2529 2423 2574 et
2461 2518 2663 2574 doloris
2688 2519 2772 2572 sui
2804 2536 2907 2572 non
2939 2517 3280 2572 recordentur
3308 2516 3554 2587 amplius.
3595 2516 3674 2571 De
3701 2517 3816 2573 hac

2209 2618 2263 2665 et
2313 2609 2640 2676 Psalmista,
2679 2625 2801 2665 cum
2851 2610 3068 2665 beatum
3117 2609 3326 2663 diceret
3368 2623 3492 2663 eum
3551 2608 3643 2678 qui
3697 2623 3817 2664 non

2211 2703 2449 2773 respexit
2473 2704 2527 2757 in
2557 2703 2858 2757 vanitatem
2886 2711 2941 2756 et
2966 2702 3211 2757 insanias
3240 2700 3427 2765 falsas,
3457 2700 3542 2755 vel
3572 2701 3718 2756 sicut
3749 2699 3816 2757 in

2209 2795 2476 2851 Hebraico
2528 2795 2766 2865 legitur,
2823 2796 2890 2849 ad
2937 2794 3220 2864 superbias
3267 2787 3601 2865 pompasque
3656 2807 3819 2850 men-

2211 2886 2386 2952 dacii,
2435 2886 2490 2940 in
2517 2887 2717 2956 quibus
2763 2895 2888 2942 sunt
2930 2887 3277 2942 avocationes
3324 2885 3626 2941 carnalium
3657 2901 3820 2943 men-

2211 2981 2380 3046 tium,
2431 2981 2712 3051 subjunxit
2765 2998 2779 3036 :
2820 2979 2992 3035 Multa
3041 2980 3250 3050 fecisti,
3285 2990 3343 3034 tu
3391 2978 3615 3034 Domine
3665 2978 3818 3036 Deus

2210 3090 2359 3127 meus
2383 3113 2398 3138 ,
2445 3073 2712 3142 mirabilia
2752 3082 2844 3127 tua
2871 3114 2886 3139 ,
2919 3081 2969 3126 et
3007 3073 3408 3133 coaitationibus
3441 3071 3545 3126 tuis
3580 3088 3687 3127 non
3733 3081 3816 3128 est

2212 3165 2302 3235 qui
2328 3164 2518 3219 similis
2549 3165 2618 3219 sit
2643 3167 2740 3220 tui.

2285 3256 2376 3312 IX.
2408 3257 2550 3328 Ergo
2573 3257 2882 3328 quicunque
2903 3251 3308 3330 praedicationis
3327 3249 3562 3313 ollicium
3594 3266 3649 3311 et
3674 3257 3704 3297 δ
3735 3255 3817 3312 lo-

2214 3366 2338 3406 cum
2368 3349 2648 3420 regiminis
2695 3351 2974 3421 suscepit,
3007 3358 3062 3405 et
3108 3337 3333 3421 negligit
3372 3349 3426 3404 in
3466 3349 3550 3404 his
3581 3349 3819 3408 summis

2214 3437 2398 3508 rebus,
2430 3442 2572 3511 quod
2604 3451 2687 3496 est
2715 3457 2987 3497 summum
3013 3441 3400 3498 misericordia:
3431 3441 3547 3509 Dei,
3577 3457 3816 3498 avocare

2214 3537 2420 3591 amicos
2459 3534 2719 3599 ﬁdelium,
2761 3542 2815 3588 et
2858 3533 3054 3605 quaerit
3099 3533 3528 3590 consolationem
3577 3542 3635 3588 et
3685 3548 3815 3588 avo-

2213 3627 2488 3683 catiOnem
2515 3636 2543 3686 ,ο
2578 3624 2633 3680 in
2663 3624 2900 3691 divitiis,
2942 3625 2996 3680 in
3045 3623 3073 3666 ἀ
3111 3625 3453 3682 ornamentis
3491 3625 3810 3692 metallicis,

1877 3745 2156 3802 BALUle
2193 3741 2426 3802 NOTAE.

587 3851 613 3880 ει
654 3838 856 3911 Corpus
904 3839 1083 3912 capiti,
1113 3840 1314 3912 idest,
1354 3840 1605 3912 Christus
1640 3840 1916 3896 Ecclesiae.
1949 3838 2106 3894 Chri-

511 3917 628 3966 stus
655 3910 801 3965 enim
829 3921 916 3966 est
945 3910 1106 3980 caput
1131 3981 1139 3982 ί
1162 3910 1435 3966 Ecclesize.
1487 3912 1738 3982 Episc0pi
1766 3920 1947 3982 autem
1976 3919 2105 3982 sunt

512 3982 756 4052 membra
811 3979 1060 4052 corporis
1113 3981 1339 4047 Christi,
1399 3979 1548 4052 quod
1571 3991 1656 4038 est
1685 3979 1976 4037 Ecclesia.
2012 3979 2105 4036 Sic

512 4051 657 4122 enim
688 4051 878 4122 scribit
903 4051 1203 4122 Gregorius
1231 4052 1249 4106 l
1279 4051 1510 4122 papaad
1541 4052 1860 4108 Januarium
1892 4052 2106 4107 archie-

553 4120 798 4192 iscopum
848 4120 1217 4192 Calaritaituni
1268 4120 1362 4176 lib:
1400 4141 1434 4183 ι,
1468 4125 1629 4191 epist.
1673 4125 1742 4178 60
1775 4143 1787 4176 :
1828 4141 1846 4173 ‹
1901 4121 1958 4176 Si
1990 4123 2105 4192 ipse

561 4190 774 4244 ominus
805 4199 998 4262 noster
1013 4191 1299 4245 viduarum
1329 4209 1388 4246 se
1416 4190 1672 4247 maritum
1701 4190 2106 4262 orphanorum-

511 4275 616 4331 que
644 4271 852 4330 patrem
885 4259 1181 4332 Scripturae
1207 4277 1374 4316 sacra:
1419 4262 1713 4332 proﬁtetur
1769 4259 2103 4327 testimonio,

511 4330 612 4386 nos
669 4346 885 4402 quoque
919 4330 1164 4387 membra
1215 4330 1457 4401 corporis
1493 4330 1610 4402 ejus
1664 4333 1730 4387 ad
1784 4332 2106 4387 imitandum

514 4409 677 4470 caput
705 4401 918 4458 summo
956 4403 1213 4457 debemus
1264 4403 1462 4457 mentis
1495 4401 1690 4458 aﬁ‘ectu
1739 4403 2040 4458 intendere.
2079 4423 2098 4457 ι

514 4470 650 4527 Vide
679 4475 928 4528 eumdem
959 4472 1282 4542 Gregorium
1310 4473 1402 4528 lib.
1461 4490 1525 4541 ιι,
1584 4475 1742 4544 epist.
1801 4473 1891 4539 57,
1923 4483 1978 4529 et
2007 4475 2102 4530 lib.

514 4559 611 4596 vn.
671 4545 831 4596 epist.
866 4543 987 4596 uo.

513 4559 611 4604 vn,
671 4545 831 4604 epist.
866 4545 987 4596 110.

866 4561 1144 4684 1rblgprminis
1183 4617 1427 4686 suscepit.
1462 4616 1697 4686 Audiant
1723 4615 1980 4686 episcopi.
2011 4616 2104 4672 Ait

513 4682 830 4755 Agebardus
864 4682 988 4738 eum
1017 4686 1106 4754 qui
1139 4682 1545 4755 praedicationis
1578 4682 1812 4741 ofﬁcium
1843 4682 2102 4743 et'locum

509 4753 789 4827 regiminis
818 4753 1060 4827 suscepit
1077 4753 1155 4808 et'
1183 4757 1427 4827 negligit,
1462 4773 1793 4826 operamque
1822 4757 1915 4811 dat
1938 4773 2104 4812 vena-

508 4822 667 4898 tioni,
720 4822 1088 4898 aucupationi,
1156 4822 1464 4898 piscationi,
1498 4822 1853 4898 exterisque
1916 4829 2097 4884 saeculi

417 4919 421 4922 ·
507 4893 944 4961 oblectamentis,
1000 4893 1169 4967 hunc
1208 4897 1523 4967 episcopum
1558 4915 1664 4954 non
1696 4893 1835 4962 esse,
1885 4900 1980 4953 sed
2009 4900 2102 4954 de-

508 4973 833 5039 structoer
872 4968 1054 5039 operis
1076 4966 1196 5033 Dei,
1225 4966 1288 5022 ac
1318 4985 1416 5039 per
1446 4970 1547 5026 hoc
1598 4969 1900 5038 adjutorem
1944 4969 2100 5024 Anti-

507 5036 724 5112 christi.
763 5035 882 5112 Non
909 5035 924 5037 ⁷
945 5035 1334 5112 abhorrebata
1362 5042 1632 5095 sententia
1663 5035 1971 5112 'Agobardi
1993 5040 2099 5094 Ar-

510 5106 742 5184 nulphus
773 5109 1060 5184 episcopus
1113 5108 1536 5184 Aurelianensis,
1597 5106 2102 5184 cninhzecadver-

510 5177 618 5252 sus
657 5178 967 5252 episcopum
1024 5177 1328 5252 Romanum
1389 5181 1731 5252 eloqucrctur
1786 5184 1841 5236 in
1891 5177 2100 5252 Synodo

507 5247 804 5324 _Rbemensi
839 5249 1099 5324 adversus
1153 5247 1513 5324 Arn_u|pltum',
1571 5270 1691 5324 cap.
1747 5253 1816 5324 28
1850 5272 1862 5306 :
1902 5247 2100 5324 Quid

509 5319 676 5383 hunc,
705 5320 908 5388 inquit,
940 5321 1223 5376 reverendi
1253 5319 1463 5388 Patres,
1492 5325 1546 5378 in
1578 5319 1799 5380 sublimi
1835 5323 1974 5378 solio
2013 5338 2101 5377 re-

510 5389 799 5464 sidentem,
829 5398 980 5445 veste
1013 5407 1284 5461 purpurea
1330 5403 1384 5450 et
1413 5411 1579 5449 aurea
1612 5396 1934 5457 radiantem,
1967 5393 2099 5464 quid

508 5459 674 5532 hunc,
703 5462 945 5532 inquam,
974 5459 1094 5517 esse
1117 5459 1414 5519 censetis?
1450 5465 1719 5519 Nimirum
1751 5465 1795 5519 si
1826 5459 2098 5520 charitate

509 5530 836 5605 destituitur,
893 5534 1113 5605 solaque
1165 5535 1394 5589 scientia
1453 5536 1667 5590 inﬂatur
1717 5544 1771 5590 et
1795 5534 2106 5598 extollitur,

506 5599 876 5674 Antichristus
900 5615 984 5661 est
1012 5599 1067 5660 i'n
1097 5605 1298 5674 templo
1331 5605 1424 5660 Dei
1467 5605 1686 5672 sedens,
1743 5615 1797 5661 et
1826 5622 1884 5660 se
1911 5613 2098 5661 osten-

509 5670 640 5748 dens
701 5685 955 5745 tanquam
1018 5676 1090 5730 sit
1149 5670 1315 5748 Deus.
1354 5695 1371 5726 ι
1410 5675 1476 5748 Et
1537 5670 1749 5748 semper
1804 5678 1980 5732 visum
2012 5683 2097 5748 est

509 5740 751 5819 alienum
785 5740 828 5800 a-
840 5747 1102 5819 dignitate
1130 5745 1450 5819 sacerdotali
1481 5740 1830 5819 mec_nlaribus
1861 5747 2096 5819 negotiis

507 5820 561 5886 et
586 5816 1038 5872 sollicitudinibus
1065 5816 1251 5886 mundi
1281 5817 1554 5886 occupari.
1582 5817 1728 5873 Istud
1753 5820 1898 5873 enim
1927 5816 2095 5874 etiam

508 5883 566 5943 in
603 5886 797 5955 scipsis
823 5887 1046 5957 culpant
1071 5885 1310 5959 episcopi
1333 5887 1390 5944 in
1413 5883 1621 5962 Synodo
1646 5889 1944 5949 Parisiensi
1967 5904 2095 5949 con-

2211 3838 2420 3910 gregali
2474 3853 2563 3910 an.
2611 3837 2717 3894 829
2745 3839 2814 3910 ad
2862 3836 3195 3910 Ludovicum
3251 3837 3407 3910 Pium
3460 3838 3809 3910 scribentes:

2217 3908 2236 3959 ἆ
2285 3908 2610 3964 Sacerdotes
2637 3909 2837 3978 partim
2877 3908 3218 3980 negligentia,
3245 3909 3806 3980 partimignorantia,

2209 3981 2409 4050 partim
2439 3980 2760 4049 cupiditate,
2793 3980 2846 4034 in
2885 3979 3234 4035 saecularibus
3253 3979 3494 4050 negotiis
3523 3986 3576 4034 et
3603 3980 3810 4037 sollici-

2212 4050 2490 4116 tudinihus
2519 4051 2705 4106 mundi
2754 4050 2897 4106 ultra
2963 4065 3128 4120 quam
3151 4050 3438 4106 debuerint
3471 4066 3531 4106 se
3567 4066 3807 4123 occupa-

2212 4129 2424 4176 verunt.
2466 4141 2484 4173 ι
2705 4145 2707 4148 ‘

2284 4202 2305 4230 ο
2327 4190 2419 4264 _ln
2455 4191 2672 4246 divitiis.
2713 4191 3182 4264 Damnat_divi_tias
3211 4191 3267 4264 in
3318 4191 3608 4264 episcopo,
3623 4199 3686 4264 ut
3713 4191 3809 4264 qui

2209 4261 2413 4324 Christi
2445 4264 2699 4333 pauperis
2745 4262 2923 4316 locum
2950 4262 3006 4317 in
3057 4261 3300 4318 Ecclesia
3331 4261 3532 4318 teneat.
3577 4261 3688 4320 Sed
3718 4261 3808 4318 ih-

2211 4333 2423 4404 telligit,
2453 4333 2668 4404 opinor,
2701 4348 2824 4387 eum
2850 4334 3162 4404 episcopum
3183 4349 3302 4389 esse
3321 4333 3681 4404 culpandum,
3712 4333 3809 4404 qui

2211 4403 2415 4459 divitiis
2447 4403 2588 4458 male
2634 4404 2820 4468 utitur,
2854 4404 2922 4458 ad
2954 4403 3140 4458 luxum
3191 4403 3464 4470 videlicet,
3523 4403 3592 4459 ad
3627 4403 3780 4460 Ιίὺίᾶὶ

2212 4488 2357 4538 nem,
2392 4475 2700 4541 avaritiam,
2727 4483 2783 4530 et
2830 4481 3026 4529 caetera
3053 4473 3321 4529 malarum
3350 4474 3613 4530 mentium
3646 4474 3804 4532 vitia.

2129 4579 2183 4638 D
2209 4543 2345 4628 Nam
2375 4545 2766 4638 qui'panper'els
2792 4546 2985 4638 nutrit,
3031 4545 3297 4638 ecclesias
3343 4547 3596 4610 aediﬁcat,
3630 4545 3806 4638 mittit

2247 4618 2297 4670 ni
2330 4616 2554 4686 pepulos
2584 4617 2636 4670 in
2683 4617 2786 4671 ﬁde
2815 4617 3106 4679 instruant,
3149 4616 3196 4671 is
3223 4631 3353 4672 vero
3408 4631 3692 4684 nunquam
3719 4623 3809 4674 sat

2243 4687 2510 4758 ivesAerit,
2552 4687 2766 4741 tametsi
2797 4686 3093 4758 immensos
3120 4687 3315 4742 habeat
3337 4689 3646 4742 thesauros.
3809 4746 3824 4758 ο

2273 4757 2316 4830 d‘
2345 4754 2680 4830 Ornamentis
2710 4754 3004 4830 metallicis.
3038 4757 3183 4812 Istud
3233 4758 3409 4830 ipsum
3431 4759 3672 4830 graviter
3700 4772 3799 4814 ex-

2204 4826 2625 4898 probrathmalis
2683 4827 2956 4898 episcopis
3007 4836 3230 4882 sanctus
3258 4826 3582 4884 'Berna'rdus
3629 4831 3805 4884 abbas

2203 4896 2636 4970 Clarevallensis,
2664 4896 2733 4952 ad
2783 4896 3077 4970 Henricum
3123 4898 3498 4956 Senonensem
3528 4900 3805 4970 archiepi-

2203 4983 2426 5038 scopum
2486 4969 2772 5023 scribens:
2813 4987 2832 5020 ‹
2864 4967 3118 5023 Clamant
3166 4985 3297 5026 vero
3350 4970 3500 5034 nudi,
3557 4967 3801 5026 clamant

2205 5037 2461 5111 famelici,
2495 5047 2922 5111 conqueruntur,
2961 5048 3026 5111 et
3045 5039 3236 5111 dicunt
3265 5059 3276 5094 :
3306 5040 3481 5096 Dicite
3505 5038 3799 5111 pontiﬁces

2202 5109 2256 5162 in
2293 5108 2448 5163 freno
2480 5107 2768 5179 quid‘l‘acit
2797 5125 2988 5165 aurum
3012 5110 3035 5164 ?
3066 5108 3323 5180 Nunquid
3349 5107 3542 5166 aurum
3569 5128 3596 5166 a
3639 5109 3801 5168 freno

2201 5180 2415 5250 repellit
2442 5178 2617 5250 frigus
2671 5181 2784 5236 sive
2831 5180 3120 5237 esuriem?
3156 5178 3410 5237 Iumenta
3470 5182 3802 5252 gradiuntur

2201 5260 2398 5322 onusta
2450 5251 2700 5322 gemmis,
2731 5260 2785 5307 et
2817 5258 3001 5307 nostra
3053 5267 3159 5307 non
3191 5253 3397 5307 curatis
3451 5251 3611 5308 crura
3652 5251 3798 5307 nuda

2200 5320 2487 5393 caligulis?
2515 5322 2735 5390 Annuli,
2766 5323 3050 5388 catenulaa,
3079 5323 3466 5389 tintinnabula,
3489 5331 3545 5377 et
3572 5324 3799 5379 clavatz

2199 5393 2450 5465 quaedam
2480 5393 2750 5463 corrigim,
2805 5395 3080 5465 multaque
3127 5393 3255 5465 talia
3293 5403 3406 5448 tam
3436 5395 3679 5465 speciosa
3703 5408 3798 5449 oo-

2197 5461 2420 5535 loribus,
2454 5461 3266 5535 quam“ponderibus’pretiosa,
3302 5461 3574 5521 mulorum
3598 5465 3798 5535 depen-

2199 5533 2328 5589 dent
2364 5533 2702 5601 cervicibus;
2737 5535 2967 5590 l'ratrum
2997 5533 3182 5590 autem
3210 5536 3472 5593 lateribus
3500 5551 3602 5591 nec
3625 5533 3794 5592 semi-

2198 5605 2396 5659 cinctia
2461 5606 2786 5662 miserantes
2836 5606 3123 5676 apponitis.
3172 5626 3190 5658 »
3233 5606 3418 5676 Neque
3447 5607 3798 5670 abinstitu-

2201 5623 2396 5659 cmcna
2461 5623 2786 5662 miserantes
2836 5623 3123 5676 apponitis.
3172 5626 3190 5658 ι
3233 5623 3274 5661 LV
3351 5623 3418 5663 ue
3447 5623 3794 5670 animusu-

2201 5685 2314 5728 tore
2343 5684 2395 5729 et
2420 5687 2574 5746 patre
2625 5692 2724 5732 suo
2773 5677 3024 5732 dissentit
3054 5677 3249 5734 Petrus
3281 5623 3700 5734 aarevallensis
3734 5676 3794 5732 in

2198 5746 2428 5820 epistola
2459 5749 2770 5820 quamsub
2811 5749 3030 5820 nomine
3075 5747 3202 5816 Jesu
3239 5748 3441 5820 Christi
3468 5750 3687 5818 scripsit
3718 5746 3796 5804 ad

2197 5816 2568 5901 innocentium
2620 5818 2685 5874 Vl
2733 5817 3242 5901 papametcuriam
3304 5816 3605 5901 Romanam
3646 5832 3795 5876 anno

2199 5886 2356 5946 1555.
2394 5887 2530 5948 Nam
2552 5889 2609 5949 in
2635 5886 2820 5965 capite
2834 5889 2904 5949 50
2927 5890 3004 5950 ita
3039 5889 3280 5964 loquitur
3307 5909 3322 5953 :
3365 5910 3384 5949 ι
3417 5891 3793 5951 Exhortamur
