4012 6338
181 283 291 344 193

1014 276 1236 336 EPIST.
1276 277 1371 335 AD
1405 273 1743 334 CLERICOS
1779 271 1871 331 ET
1909 267 2283 332 MONACHOS
2318 267 2626 328 LUGDUN.

3365 267 3473 330 194

177 398 293 453 sin
329 393 738 462 venationibus,
780 394 1232 465 aucupationibus
1267 409 1331 449 ac
1370 392 1783 465 piscationibus,
1812 400 1945 466 Aet
2001 391 2133 448 licet
2180 391 2232 445 in
2288 389 2459 445 oculis
2510 387 2764 443 humanis
2818 387 3074 444 sacerdos
3121 401 3243 445 esse
3289 387 3478 445 videa-

176 496 257 550 et,
291 487 441 559 quod
481 485 638 557 pejus
663 493 766 552 est,
799 487 854 541 in
881 486 911 525 ιι
961 485 1464 552 comessationibus,
1503 493 1559 540 et
1605 484 1781 540 ebrie-

178 580 423 644 tatibus,
460 587 516 633 et
546 578 698 634 sonis
725 577 948 633 musicis
970 618 986 643 ,
1025 578 1167 633 sicut
1199 576 1462 632 Dominus
1506 592 1606 648 per
1633 591 1780 646 pro-

177 672 408 744 phetam
435 668 757 736 detestatur,
786 669 974 725 dicens
1003 686 1017 723 :
1057 667 1148 724 Va:
1172 670 1262 740 qui
1285 669 1597 741 consurgitis
1627 685 1782 724 mane

178 763 252 819 ad
297 763 606 817 ebrietatem
656 762 960 817 sectandam
983 803 998 827 ,
1060 772 1108 816 et
1159 763 1451 833 potandum
1499 779 1661 834 usque
1711 761 1780 816 ad

176 872 474 927 vesperam,
504 864 565 908 ut
594 855 711 910 vino
743 856 994 910 cestuetis.
1027 853 1268 922 Cithara,
1310 865 1358 910 et
1399 856 1536 926 lyra,
1568 865 1616 909 et
1644 863 1781 925 tym-

177 964 382 1019 panum
411 988 426 1013 ,
467 957 516 1002 et
566 947 725 1013 tibia,
760 955 810 1000 et
853 947 1031 1001 vinum
1083 947 1139 1001 in
1186 949 1430 1003 conviviis
1467 947 1687 1013 vestris;
1732 955 1782 1000 et

178 1053 310 1108 opus
337 1037 558 1092 Domini
605 1054 710 1092 non
737 1039 996 1108 respicitis
1013 1078 1028 1104 ,
1065 1055 1158 1094 nec
1201 1054 1360 1111 opera
1383 1056 1637 1094 manuum
1664 1038 1781 1110 ejus

178 1129 556 1184 consideratis.
596 1128 705 1185 Iste
757 1129 882 1185 talis
920 1145 1027 1184 non
1060 1139 1145 1187 est
1191 1129 1406 1200 adiutor
1451 1131 1585 1197 Dei,
1639 1131 1784 1186 sicut

176 1220 384 1278 Paulus
428 1223 549 1277 ait:
600 1221 697 1277 Dei
744 1222 882 1277 enim
922 1239 1104 1277 sumus
1152 1223 1443 1294 adjutores.
1490 1223 1590 1278 Dei
1639 1222 1784 1294 agri-

177 1316 396 1371 cultura
434 1318 582 1383 estis,
630 1315 728 1370 Dei
774 1315 1059 1386 aediﬁcatio
1109 1317 1252 1371 estis.
1303 1315 1409 1372 Sed
1446 1324 1531 1372 est
1563 1316 1780 1372 destru-

177 1416 300 1464 ctor
347 1409 536 1476 operis
583 1407 718 1474 Dei,
759 1423 824 1464 ac
860 1423 960 1480 per
1010 1409 1116 1466 hoc
1161 1407 1377 1475 adiutor
1421 1409 1779 1475 Antichristi;

1886 492 1993 547 tur,
2033 495 2056 524 ο
2110 483 2165 539 in
2206 484 2378 539 oculis
2402 492 2583 537 tamen
2624 481 2721 537 Dei
2747 496 2854 536 non
2881 489 3012 536 est:
3057 481 3182 551 quia
3225 483 3477 539 veniente

1887 577 2118 633 Domino
2154 579 2223 633 ad
2262 576 2563 648 judicium,
2605 576 2899 643 dividetur,
2946 585 3001 632 et
3036 591 3163 648 pars
3193 577 3311 648 ejus
3349 592 3474 632 cum

1886 669 2192 725 infidelibus
2235 679 2485 740 ponetur,
2531 678 2588 723 et
2629 669 2696 724 de
2739 667 2990 740 qualibus
3031 667 3296 738 scriptum
3337 675 3422 722 est
3457 683 3471 722 :

1894 760 2018 816 Vidi
2045 761 2233 832 impios
2264 761 2491 831 sepultos
2518 774 2536 812 :
2565 760 2654 832 qui
2685 761 2842 815 etiam
2884 777 3002 814 cum
3030 759 3202 814 adhuc
3229 759 3472 827 viverent,

1884 854 1944 909 in
1985 852 2100 908 loco
2143 863 2324 909 sancto
2381 863 2566 918 erant,
2621 861 2669 908 et
2723 851 3083 907 laudabuntur
3134 852 3192 905 in
3244 851 3476 918 civitate,

1880 947 2032 1018 quasi
2070 944 2339 1015 justorum
2367 961 2602 1016 operum.
2635 943 2825 1000 Nullus
2857 959 2988 1013 ergo
3017 958 3085 999 ex
3114 941 3201 997 his
3232 942 3341 997 dux
3376 955 3475 1012 po-

1881 1037 1992 1110 puli
2021 1037 2116 1092 Dei
2145 1051 2267 1092 esse
2295 1036 2476 1102 debet,
2506 1050 2575 1091 ne
2607 1042 2913 1106 quaerentes
2940 1048 3107 1106 regna
3137 1033 3380 1089 cmlestia
3415 1031 3472 1086 in

1883 1128 2096 1185 foveam
2147 1129 2459 1199 demergat,
2505 1128 2598 1183 ubi
2645 1127 2761 1197 ipse
2798 1125 3003 1196 judicio
3050 1125 3145 1181 Dei
3194 1120 3476 1180 demersus

1885 1231 1988 1286 est,
2023 1223 2165 1279 sicut
2191 1221 2453 1276 Dominus
2493 1221 2559 1276 ad
2601 1221 2821 1275 beatum
2871 1219 2972 1274 Job
3001 1219 3359 1286 demonstrat,
3392 1217 3478 1272 di-

1886 1329 2016 1370 cens
2042 1333 2054 1368 :
2089 1313 2152 1369 Si
2174 1303 2346 1368 habes
2378 1312 2651 1366 brachium
2677 1314 2812 1367 sicut
2839 1312 3028 1368 Deus?
3053 1312 3121 1366 Et
3150 1313 3474 1383 quibusdam

1887 1406 2226 1477 interpositis
2256 1420 2271 1459 :
2301 1404 2574 1460 Absconde
2601 1421 2687 1460 eos
2707 1446 2721 1473 ,
2750 1404 2924 1475 inquit
2944 1445 2960 1473 ,
2997 1403 3052 1459 id
3078 1412 3181 1471 est,
3213 1406 3475 1477 superbos

1550 1519 1824 1577 BALUZII
1863 1517 2099 1576 NOTAE.

179 1613 326 1686 quod
346 1627 459 1696 non
495 1613 746 1696 nimium“
761 1611 881 1670 sitis
901 1613 1118 1696 curioso
1150 1612 1492 1696 spectabiles
1511 1612 1780 1696 equitatu,

179 1683 289 1740 lion
341 1685 492 1741 circa
536 1701 634 1740 vos
695 1685 1006 1740 discurrant
1053 1683 1414 1739 hinnientium
1465 1683 1781 1738 frendentes

178 1757 328 1811 acies
356 1756 717 1820 caballorum,
753 1772 860 1811 non
892 1770 1024 1810 auro
1047 1756 1263 1811 curiose
1298 1756 1578 1826 tingantur
1604 1753 1780 1820 frena,

176 1841 280 1882 nec
303 1842 375 1881 ex
411 1827 607 1897 sericis
642 1826 761 1882 lora
809 1834 1206 1897 componantur
1237 1826 1364 1890 filis,
1410 1842 1531 1897 non,
1553 1834 1782 1896 argento

177 1897 419 1953 calcaria
459 1896 708 1961 rutilent,
766 1914 877 1954 non
925 1896 1200 1968 squarleto
1257 1896 1609 1968 spectabilive
1652 1911 1782 1968 pur-

177 1983 317 2094 pura
354 1976 612 2039 tegantur
645 1968 809 2051 sellae,
847 1983 948 2051 uec
972 1966 1228 2040 ‘pretiosi
1274 1966 1573 2049 pendentes
1611 1966 1781 2049 conli-

255 2040 373 2094 lent
409 2054 578 2094 zonas
623 2039 763 2094 clavi
796 2048 1061 2094 micantes
1095 2055 1248 2094 auro.
1292 2054 1392 2094 nec
1434 2053 1660 2093 murteis
1689 2053 1781 2092 ea-

255 2040 373 2094 lent
409 2037 578 2094 ionas
623 2039 763 2094 clavi
796 2037 1061 2095 micantes
1095 2055 1248 2102 auro,
1277 2037 1392 2095 inec
1434 2037 1660 2093 muricis
1689 2053 1782 2092 ea-

182 2111 437 2167 rumdem
487 2111 875 2181 corrigiarum.
907 2119 1133 2165 ornatus
1171 2111 1342 2166 soleat
1393 2109 1638 2181 redolere
1670 2109 1780 2163 tin-

180 2189 420 2253 cturam,
448 2197 560 2236 non
586 2180 768 2253 eboris
798 2181 1202 2253 pulchritudine
1236 2180 1423 2253 obryzi
1448 2180 1532 2253 vel
1567 2180 1781 2253 argenti

178 2251 459 2324 metallive
487 2252 984 2323 pretiosi'cujusvis
1002 2253 1227 2324 alterius
1247 2251 1498 2324 g'ltllpltls
1521 2251 1779 2306 sellarum

181 2322 761 2394 conclavetamictus,
794 2322 901 2379 non
939 2323 1162 2378 micanti
1191 2322 1488 2394 pectoralia
1528 2331 1782 2393 legantur

181 2401 362 2466 ostro,
401 2409 505 2466 uec
552 2392 864 2466 feiirescens
895 2409 973 2466 ex,
999 2410 1132 2449 auro
1185 2392 1409 2466 gestetis
1435 2392 1638 2458 frenos,
1672 2409 1780 2466 non

181 2463 530 2536 radiantibus
579 2464 808 2520 fastuosi
859 2465 1148 2536 sonipedes
1176 2463 1472 2520 onerentur
1528 2464 1778 2536 gemmis,

180 2542 292 2589 etc.
324 2555 355 2616 γ»
400 2534 479 2590 Ex
507 2545 820 2616 pervetusto
849 2533 1054 2616 codice.
1091 2544 1278 2616 nostro
1323 2551 1423 2590 ms.
1460 2535 1604 2616 unde
1635 2533 1783 2616 frag-

183 2615 434 2676 mentum
496 2605 643 2661 aliud
679 2622 822 2661 anno
877 2607 1156 2676 superiore
1188 2608 1396 2662 editum
1429 2613 1512 2660 est
1544 2605 1601 2660 in
1635 2605 1781 2660 notis

179 2677 250 2732 ad
283 2675 500 2750 Lupum
532 2675 964 2750 Ferrariensem,
1002 2693 1125 2750 pag.
1159 2677 1286 2750 478.

255 2760 284 2787 ι
323 2746 393 2801 In
421 2747 801 2803 venationibus.
841 2747 1050 2818 Quippe
1075 2746 1301 2803 vetitum
1326 2747 1597 2819 episcopis
1631 2746 1780 2819 alere

180 2832 366 2879 canes,
397 2827 494 2873 aut
524 2819 868 2874 venationem
905 2817 1162 2874 εἰει-θεῖε
1191 2838 1203 2873 :
1240 2821 1293 2873 in
1318 2817 1482 2889 quam
1532 2833 1645 2873 rem
1669 2817 1782 2872 val-

182 2889 252 2944 de
281 2889 515 2971 celebris
544 2898 630 2972 est
663 2905 848 2972 canori
863 2889 931 2944 55
961 2891 1151 2972 synodi
1187 2889 1514 2972 Agathensis
1541 2908 1553 2942 :
1595 2909 1612 2940 ι
1649 2889 1780 2972 _Epi-

182 2960 388 3029 scopis,
410 2960 768 3031 presbyteris.
799 2960 1137 3026 diaconibus,
1171 2960 1336 3015 canes
1361 2960 1428 3014 ad
1450 2961 1776 3024 venandum,

181 3039 278 3101 aut
312 3031 627 3101 accipitres,
689 3031 892 3087 habere
937 3046 1043 3086 non
1075 3031 1254 3086 liceat.
1293 3031 1447 3099 Quod
1473 3031 1518 3085 si
1539 3031 1664 3101 quis
1700 3039 1781 3085 ta-

182 3099 317 3182 lium
333 3099 704 3182 personarum
729 3102 785 3182 iu
816 3101 922 3182 hac
945 3101 1223 3182 voluptate
1271 3103 1522 3157 detectus
1558 3099 1774 3182 fuerit;
1807 3118 1852 3182 ρ

182 3172 229 3227 si
261 3174 551 3254 episcopus
607 3181 712 3238 est,
765 3173 938 3254 tribus
991 3173 1271 3254 mensibus
1325 3188 1384 3228 se
1417 3173 1723 3254 suspendat
1747 3188 1778 3226 a

180 3243 607 3315 communione;
646 3244 952 3315 presbyter,
1003 3243 1212 3298 duobus
1258 3243 1537 3315 mensibus
1563 3257 1624 3298 se
1655 3244 1779 3298 abs-

181 3314 400 3379 tineat;
434 3313 695 3370 diaconus
742 3313 892 3377 vero,
927 3315 997 3370 ab
1031 3315 1178 3370 omni
1214 3313 1390 3370 oﬂicio
1416 3313 1500 3369 vel
1540 3329 1782 3368 commu-

182 3384 358 3456 uione
421 3384 668 3439 cessabit.
727 3405 747 3438 ι
804 3385 940 3440 Vide
993 3387 1158 3440 etiam
1210 3400 1475 3441 canonem
1523 3393 1778 3456 quartum

182 3453 588 3524 Epaonensem,
625 3465 680 3512 et
703 3456 975 3511 decimum
1015 3456 1228 3512 tertium
1270 3453 1778 3511 canonem'concilii

182 3523 607 3581 Matisconensis
665 3527 910 3582 secundi.
981 3525 1379 3582 Carlomannus
1440 3528 1694 3596 princeps
1723 3527 1780 3580 in

183 3596 400 3669 synodo
429 3597 512 3651 cui
549 3609 756 3669 martyr
791 3597 1101 3669 Bonifacius
1125 3598 1416 3654 interfuit:
1459 3616 1477 3647 ι
1528 3597 1638 3652 Nec
1669 3612 1778 3651 non

183 3667 395 3740 etuillas
431 3667 764 3740 venationes,
793 3678 849 3723 et
879 3668 1170 3740 sylvaticas
1194 3670 1509 3740 vagationes
1535 3683 1779 3740 cumca-

185 3735 366 3800 nibus,
408 3737 659 3794 omnibus
705 3740 879 3795 servis
909 3735 1027 3794 'Dei
1081 3735 1480 3803 interdiximus,
1530 3737 1780 3794 similiter

184 3815 246 3860 ut
278 3808 569 3891 accipitres
615 3818 670 3891 et
703 3809 945 3866 falcones
994 3826 1102 3891 non
1161 3809 1780 3891 habeant..‘)“\.’euatio:

186 3879 482 3952 nem_ei_iim
504 3880 562 3952 in
587 3880 840 3952 episcopo
863 3881 1103 3952 graviter
1119 3879 1778 3952 reprehenditNicolausl

186 3949 681 4021 apudGratianu’m
724 3949 997 4017 dist.'34,
1051 3949 1589 4021 cap—Quorumdam.
1618 3951 1778 4004 Item-

185 4033 312 4092 que,
338 4020 595 4077 Nicolaus
625 4021 668 4075 ll
706 4024 760 4077 in
793 4022 1057 4087 Decretis,
1107 4020 1227 4092 cap.
1263 4023 1335 4076 6:
1378 4040 1396 4072 ι
1439 4022 1507 4077 Ut
1538 4020 1776 4091 episcopi

187 4098 241 4144 et
267 4091 456 4148 clerici
507 4108 658 4148 arma
695 4109 802 4148 non
840 4093 1051 4160 ferant;
1115 4091 1291 4163 neque
1340 4093 1556 4147 venatui
1600 4107 1778 4215 neqlue

187 4163 423 4215 aucupio
448 4165 719 4215 studeant.
766 4183 784 4215 ›
819 4163 1003 4215 ltanue
1053 4179 1147 4215 eos
1170 4165 1260 4215 aui
1292 4165 1582 4215 venatione
1631 4163 1700 4215 de
1722 4178 1778 4215 e-

186 4163 423 4230 aucupio
448 4165 719 4220 studeant.
766 4183 784 4216 »
819 4163 1003 4234 Itaque
1053 4179 1147 4219 eos
1170 4165 1260 4234 qui
1292 4165 1582 4218 venatione
1631 4163 1779 4234 dele-

187 4241 430 4306 ctantur,
457 4235 648 4306 lubens
670 4233 1040 4306 revocaverim
1067 4236 1132 4289 ad
1155 4251 1219 4289 ea
1239 4251 1358 4306 quae
1381 4233 1782 4306 singulisChri-

187 4303 383 4376 §tianis
431 4306 506 4360 ait
549 4305 782 4374 Prosper
829 4305 883 4360 in
916 4303 1272 4376 peroratione
1323 4305 1444 4361 libri
1476 4303 1562 4360 'de
1592 4304 1780 4359 Gloria

189 4372 494 4446 Beguoque
559 4372 934 4432 Sanctorum?
970 4396 988 4426 ‹
1034 4375 1092 4430 Si
1117 4378 1351 4432 venandi
1406 4384 1488 4430 est
1539 4376 1776 4442 affectio,

188 4443 387 4513 inquit,
405 4443 596 4502 habes
655 4457 870 4503 montes
902 4447 1218 4511 altissimos,
1273 4463 1464 4501 cervos
1520 4446 1782 4501 velociter

186 4491 561 4588 gpbstolorum
631 4491 1124 4588 prolilietarumque
1177 4491 1321 4572 dlicta
1375 4526 1776 4588 percurrentes.
1804 4491 1860 4551 D

237 4588 372 4660 abes
395 4596 452 4643 et
476 4588 530 4643 in
580 4587 785 4658 campis
817 4587 1052 4660 petram,
1092 4587 1361 4660 refugium
1396 4587 1784 4660 eryciis_etle-

186 4657 440 4727 poribus,
470 4674 608 4729 quos
660 4657 715 4714 in
740 4657 1086 4730 simplicitate
1113 4657 1291 4715 cordis
1325 4657 1573 4714 Christus
1599 4657 1784 4730 Domi-

186 4742 291 4782 nus
314 4743 416 4797 per
451 4745 578 4801 suos
609 4745 774 4801 canes
803 4729 1054 4795 venatur,
1087 4741 1148 4784 ut
1195 4730 1366 4801 spinis
1406 4737 1630 4801 careant
1653 4729 1786 4801 deli-

186 4806 426 4854 ctorum.
470 4821 489 4854 ι
530 4799 663 4858 Vide
687 4800 882 4857 Jonam
914 4799 1359 4857 Aurelianensem
1386 4801 1442 4856 in
1489 4799 1629 4856 libro
1655 4800 1788 4856 nde

185 4866 540 4938 Institutione
572 4871 802 4938 Laicali,
835 4888 954 4938 cap.
984 4872 1075 4927 25.

260 4939 290 4979 δ
348 4937 850 4999 Comessationibus.
892 4937 1088 4998 Mirum
1129 4951 1214 4999 est
1267 4949 1378 4997 tam
1433 4941 1699 4998 sollicitos
1729 4942 1785 4996 in

186 5010 296 5084 hoc
327 5009 501 5068 fuisse
530 5022 765 5079 veteres,
797 5024 859 5070 ut
880 5013 1084 5070 nullam
1121 5014 1464 5070 occasionem
1487 5013 1787 5084 praetermi-

187 5081 365 5157 serim
401 5085 733 5157 admonendi
759 5087 1046 5157 episcopos
1072 5094 1135 5141 ut
1163 5101 1194 5140 a
1217 5081 1709 5157 comessationibus
1731 5090 1789 5157 et

188 5153 479 5228 ebrietate,
515 5153 873 5228 abstinerent,
920 5153 1077 5226 juxta
1111 5165 1437 5228 praeceptum
1487 5154 1673 5228 Pauli,_
1693 5154 1788 5228 qui

187 5224 363 5297 edixit
401 5227 714 5297 episcopum
741 5224 940 5283 debere
988 5224 1130 5284 esse'
1152 5243 1258 5282 non
1285 5224 1625 5297 vinolentum.
1653 5224 1791 5297 lusi-

185 5295 315 5370 guis
352 5295 449 5351 est
479 5295 797 5370 Hieronymi
845 5299 996 5355 locus
1041 5315 1125 5370 ex;
1158 5296 1651 5370 commen_t_ario__i_n
1693 5295 1790 5352 Mi-

185 5365 405 5440 chaeaiu
430 5365 777 5440 prophetam,
813 5370 1017 5426 relatus
1041 5386 1072 5425 a
1094 5368 1356 5440 Gratiano
1373 5368 1515 5440 dist.
1551 5365 1640 5440 5_5_,
1665 5381 1783 5438 cap.

183 5435 220 5491 4
248 5455 265 5491 :
295 5455 328 5512 Δ‹
364 5435 625 5512 Ecclesiae
647 5441 942 5511 principes,
965 5441 1161 5512 inquit,
1185 5439 1279 5512 qui
1302 5437 1514 5512 deliciis
1536 5435 1786 5502 afﬂuunt,

185 5517 246 5563 et
294 5507 439 5565 inter
474 5507 665 5582 epulas
693 5507 856 5582 atque
907 5507 1159 5568 lascivias
1203 5507 1539 5582 pudicitiam
1596 5523 1790 5582 serva:

185 5593 343 5653 rese
400 5579 650 5653 credunt,
687 5579 1041 5653 propheticus
1087 5579 1271 5639 seruio
1306 5581 1588 5653 describit,
1647 5579 1792 5653 quod

186 5651 454 5724 ejiciendi
483 5654 594 5709 sint
627 5651 703 5710 de?
717 5651 971 5724 spatiosis
1017 5654 1288 5718 domibus,
1318 5652 1588 5724 lautisque
1613 5651 1794 5724 convi;

189 5721 319 5786 viis,
344 5731 413 5808 ‘et
445 5724 617 5808 multo
641 5721 829 5808 labore
865 5727 1037 5808 epulis
1067 5724 1408 5808 conquisitis,
1453 5721 1516 5778 et
1541 5721 1794 5808 trajiciendi

189 5803 424 5870 Propter
473 5796 645 5854 malas
689 5792 1048 5876 cogitationes
1103 5805 1160 5856 et
1183 5792 1350 5867 opera
1391 5810 1508 5853 sua.
1541 5795 1610 5851 Et
1636 5795 1682 5853 si
1712 5792 1795 5850 vis

1888 1611 2033 1685 scire
2058 1623 2171 1685 quo
2193 1607 2446 1678 ejiciendi
2470 1617 2627 1685 sunt,
2653 1607 3005 1685 Ev‘arngelium
3052 1611 3206 1685 lege:
3237 1609 3306 1666 In
3336 1620 3476 1685 tene-

1889 1680 2267 1765 bras_scilicet
2316 1681 2637 1765 exterior‘es,
2682 1681 2771 1765 ubi
2804 1680 2928 1765 gerit
2984 1680 3138 1765 [lctus
3193 1692 3241 1765 et
3277 1683 3476 1765 stridor

1811 1724 1859 1784 Β
1886 1753 2144 1828 dentium.
2182 1752 2376 1806 Annon
2403 1724 2675 1828 confusio
2711 1761 2766 1808 et
2803 1724 3137 1828 ignominia"
3150 1724 3254 1819 est,
3277 1724 3475 1828 ἶεεῖιῖίι

1887 1823 2230 1906 crucifixum,
2274 1823 2593 1904 magistrum
2645 1823 3184 1906 pauperum_,.'atque
3232 1824 3475 1906 esurien-

1888 1901 2021 1967 tem,
2056 1894 2213 1948 fartis
2234 1894 2532 1967 praedicare
2564 1894 2904 1967 corporibus,
2927 1894 3364 1967 jejuniorumque
3386 1895 3476 1950 do-

1885 1966 2117 2037 ctrinam
2174 1971 2433 2037 rubentes
2497 1965 2698 2037 buccas
2755 1965 3156 2037 emine'ntiaque
3215 1965 3310 2021 ora
3350 1981 3476 2037 pro-

1883 2034 2075 2091 ferre?
2117 2056 2135 2087 ι
2161 2035 2242 2108 _Et
2283 2035 2508 2108 Maguus
2532 2035 2620 2108 ille
2655 2036 2951 2107 Gregorius
2976 2034 3168 2108 liini,
3195 2034 3471 2108 epistfu,

1885 2108 2092 2163 acriter
2125 2105 2656 2179 objurgat’Natalem
2711 2105 3022 2179 episcopum
3077 2105 3471 2179 Salonitanum,

1883 2180 2028 2248 quod
2064 2177 2320 2234 derelicta
2368 2177 2628 2246 pastorali
2655 2177 2808 2243 cura,
2864 2177 2994 2235 solis
3015 2194 3074 2235 se
3097 2178 3360 2234 conviviis
3388 2193 3476 2234 oc-

1883 2257 2128 2321 cuparet.
2145 2249 2319 2321 uUnde
2345 2258 2416 2321 et
2437 2249 2687 2321 eumdem
2719 2249 2964 2305 Natalem
3027 2249 3140 2321 (qui
3183 2249 3477 2321 reprehgii-

1883 2317 2094 2391 sionem
2131 2319 2377 2391 Gregorii
2395 2319 2460 2391 in
2489 2319 2673 2388 jocum
2696 2329 2973 2386 verterat;
3005 2317 3315 2391 e'x'emplum
3347 2317 3477 2391 all'e-

1885 2406 2013 2446 rens
2047 2388 2281 2446 Abrahae
2303 2400 2359 2447 et
2379 2390 2563 2462 “Isaac,
2603 2407 2833 2460 quorum
2877 2408 3018 2448 unus
3043 2388 3266 2462 angelos,
3290 2388 3477 2462 convi-

1881 2461 1972 2532 vio
2035 2469 2347 2532 exceperat,
2384 2461 2522 2517 alter
2564 2477 2693 2517 vero
2747 2464 2976 2518 satiatus
3043 2460 3476 2517 benedictionem

1883 2530 1994 2586 filio
2015 2530 2285 2600 dederat),
2324 2544 2544 2603 postea
2571 2548 2787 2588 rursum
2822 2533 3100 2588 admonuit
3145 2532 3422 2603 abstinere
3444 2545 3474 2586 a

1883 2601 2428 2682 conviviisLscripta
2465 2603 2727 2682 ad__eum_
2757 2603 3172 2682 elegantissima
3220 2601 3475 2682 epistola,

1881 2688 2003 2743 qua:
2032 2683 2118 2729 est
2148 2674 2214 2728 57
2244 2671 2484 2743 ejusdem
2508 2673 2652 2727 libri.
2687 2673 2754 2727 Et
2782 2671 2930 2742 patet
2960 2673 3208 2728 convivia
3249 2671 3338 2725 illa
3365 2687 3475 2743 non

1881 2742 2052 2825 fuisse
2115 2742 2407 2825 admodum
2442 2742 2792 2824 Christiana;
2828 2759 2950 2825 curn
2972 2747 3172 2825 prg’eter
3216 2742 3478 2825 tetuli-Ign-

1884 2815 2014 2869 tiam
2062 2824 2117 2871 et
2161 2815 2536 2877 voracitatem,
2596 2814 2760 2868 etiam
2789 2830 2818 2868 a
2855 2809 3292 2869 Christianorum
3326 2809 3480 2867 diffa-

1881 2886 2118 2941 matione
2155 2900 2260 2940 non
2286 2885 2648 2948 abstinerent,
2693 2898 2959 2954 nemoque
2989 2900 3058 2939 ex
3111 2883 3368 2954 irrisione
3391 2897 3479 2936 re-

1880 2958 2332 3039 prehenderetur.
2371 2955 2507 3010 Nam
2542 2955 2789 3010 convivia
2846 2952 3226 3026 episcoporum
3276 2952 3478 3008 debent

1880 3041 2002 3083 esse
2037 3043 2176 3083 seria
2185 3066 2198 3080 .

1945 3108 1968 3136 ο
2007 3098 2075 3154 1η
2107 3097 2274 3153 oculis
2305 3107 2480 3152 tamen
2505 3097 2604 3152 Dei
2641 3114 2746 3152 non
2774 3106 2869 3152 est.
2907 3096 2999 3152 Ait
3028 3111 3158 3165 ergo
3208 3110 3332 3151 eum
3379 3094 3473 3165 qui

1884 3171 1952 3224 ad
1981 3169 2352 3238 episcopatum
2377 3179 2600 3224 vocatus
2635 3178 2738 3234 est,
2766 3169 2813 3223 si
2851 3168 3032 3224 saeculi
3061 3166 3476 3238 oblectamentis

1882 3237 2147 3310 indulget,
2170 3237 2233 3294 in
2263 3239 2436 3295 oculis
2466 3239 2562 3294 Dei
2591 3255 2695 3294 non
2718 3254 2840 3294 esse
2868 3239 3226 3310 sacerdotem,
3258 3237 3476 3310 tametsi

1881 3308 2170 3383 personam
2197 3311 2450 3383 episcopi
2483 3319 2635 3383 gerat
2663 3325 2850 3383 coram
2882 3309 3191 3383 hominibus
3234 3308 3476 3383 adeoque
3534 3361 3535 3364 η

1882 3378 2173 3451 episcopus
2197 3378 2319 3437 esse
2366 3378 2638 3437 videatur.
2671 3380 2762 3436 Sic
2811 3389 3035 3451 sanctus
3069 3378 3390 3451 Ambrosius
3418 3378 3472 3431 in

1882 3449 2256 3525 capite—tertio
2292 3452 2414 3508 libri
2451 3451 2518 3525 de
2540 3452 2814 3525 Diguitate
2843 3449 3216 3525 sacerdotali,
3251 3449 3477 3525 loquens

1883 3521 2117 3595 deimalo
2139 3525 2412 3595 episc0po,
2439 3524 2515 3595 ait
2540 3542 2553 3577 :
2599 3521 2633 3575 (⁷
2656 3521 2979 3595 Pronuntiut
3014 3521 3160 3595 enim
3183 3521 3475 3595 episcopus

1885 3588 2197 3662 bujusmod'i
2232 3596 2299 3648 ad
2324 3588 2625 3665 'pOpulum,
2666 3593 2853 3650 dicens
2883 3613 2896 3648 :
2934 3593 3044 3648 Pax
3071 3588 3244 3647 vobis.
3293 3588 3476 3646 Oculis

1882 3667 2102 3734 quidem
2132 3664 2440 3720 carnalibus
2474 3664 2687 3721 videtur
2717 3665 2871 3734 quasi
2907 3665 3193 3734 episcopus
3215 3675 3467 3732 magnus,

1881 3744 1939 3818 et
1969 3735 2488 3818 diuinis‘iutuilibug
2537 3736 2822 3818 inspicitur
2844 3736 3113 3818 .lepr‘osu's
3161 3747 3408 3804 magnus.
3447 3750 3469 3786 ι

1883 3805 1976 3861 Sic
2001 3806 2343 3861 Marcellinus
2371 3815 2425 3861 et
2448 3804 2739 3862 Faustinus
2769 3807 2825 3860 in
2844 3804 3049 3860 Libello
3069 3804 3321 3867 Prccum,
3346 3816 3473 3872 pag.

1881 3876 1974 3941 46,
2015 3879 2168 3932 aiunt
2226 3879 2487 3947 quosdam
2540 3878 2822 3999 episcopos
2872 3876 3114 3946 perﬁdiae
3145 3873 3474 3927 Arianorum

1883 3947 2292 3999 subscripsisse.
2334 3967 2352 3997 ι
2390 3959 2450 3999 ut
2471 3948 2722 3999 eniscona
2749 3963 2779 3999 e
2802 3961 2998 3999 nomen
3051 3943 3189 3999 anud
3219 3941 3469 3996 homines

1883 3943 2292 4018 subscripsisse,
2334 3967 2352 3997 ι
2390 3959 2450 4002 ut
2471 3943 2779 4018 episcopale
2802 3943 2998 4018 nomen
3051 3943 3189 4014 apud
3219 3943 3469 4018 homines

1882 4012 2122 4072 retinere
2170 4012 2522 4083 viderentur;
2560 4012 2702 4085 quod
2733 4019 2919 4088 utique
2943 4015 3056 4088 jam
3085 4012 3473 4088 'apud__Dgim

1883 4096 2009 4159 post
2040 4088 2468 4158 subscriptiones
2495 4081 2696 4158 impias
2724 4081 3158 4159 non'habcbant.‘
3189 4105 3208 4136 ι
3241 4083 3331 4139 Sic
3354 4081 3477 4136 Ful-

1919 4159 2099 4213 entius
2131 4156 2741 4235 Ruspensisepiscopus
2765 4160 2818 4213 in
2853 4159 3030 4228 capite
3057 4156 3234 4235 primo
3277 4161 3474 4235 contra

1927 4245 2208 4286 ermonem
2244 4225 2552 4295 Fastidiosi,
2591 4225 2666 4285 ait
2707 4246 2852 4296 eum,
2883 4225 3099 4284 tametsi
3149 4225 3472 4298 presbyterii

1884 4303 2148 4375 honorem
2181 4302 2236 4375 i_n
2260 4293 2860 4375 couSpectuihominum
2893 4300 3125 4375 ceperit,
3150 4293 3331 4375 coram
3359 4293 3467 4375 Do—

1885 4374 2036 4428 mino
2068 4389 2174 4426 non
2201 4369 2474 4427 habuisse.
2529 4374 2732 4428 Eadem
2763 4370 2863 4426 fuit
2895 4369 3163 4426 sententia
3191 4369 3474 4422 haeretico-

1885 4459 2008 4498 rum
2071 4443 2462 4513 Albigcnsium,
2518 4445 2630 4513 qui,
2679 4451 2740 4497 ut
2789 4443 3051 4513 Rogerius
3097 4443 3167 4513 de
3205 4435 3472 4513 _llo_ved_cu

1887 4515 2080 4587 tradit,
2101 4504 2354 4587 dicebant
2378 4533 2390 4567 :
2430 4504 2458 4564 «7
2481 4504 2626 4585 quod
2642 4522 2851 4587 essent
2871 4504 3171 4587 fordinandi
3201 4509 3258 4563 in
3287 4504 3474 4587 Eccle-

1885 4584 1965 4660 sia
1999 4571 2241 4660 episcopi
2268 4592 2326 4639 et
2352 4571 2695 4660 presbyteri;
2734 4593 2789 4642 et
2840 4584 2887 4640 si
2921 4583 3054 4638 tales
3103 4595 3209 4660 non
3257 4571 3475 4660 ordina-

1884 4652 2084 4710 bantiir
2119 4652 2307 4727 quales
2331 4652 2701 4727 praecipiebat,
2727 4672 2836 4711 non
2870 4661 3054 4727 essent
3081 4652 3337 4727 episcopi,
3373 4660 3474 4727 nec

1884 4718 2214 4802 presbyteri,
2247 4718 2349 4782 sed
2387 4718 2514 4798 Iupi'
2531 4718 2778 4802 rapaces,
2813 4718 3196 4802 hypocritat'et
3221 4718 3473 4802 seducto-

1887 4791 1994 4852 res.
2036 4791 2069 4848 »⁷
2097 4791 2297 4852 Verum
2322 4791 2466 4854 recte
2495 4791 2812 4854 adnotatum
2837 4791 2917 4849 est
2941 4811 2972 4848 a
2996 4793 3130 4847 viris
3175 4791 3474 4846 eruditissi-

1885 4868 2011 4932 mis,
2039 4883 2161 4922 eam
2185 4883 2307 4923 esse
2331 4878 2670 4925 constantem
2722 4867 2977 4922 Ecclesiae
3033 4862 3315 4919 catholicm
3347 4875 3472 4916 sen-

1889 4940 2138 5003 tentiain,
2202 4953 2270 4993 ex
2329 4940 2575 4995 doctrina
2639 4938 3014 4994 etlraditione
3051 4933 3348 5004 apostolica
3381 4933 3474 4987 de-

1889 5011 2258 5081 scendentem,
2301 5011 2466 5065 etiam
2528 5010 2830 5081 improbum
2875 5003 3178 5081 hominem,
3212 5003 3474 5061 canonice

1889 5080 2224 5144 ordinatum,
2249 5096 2377 5136 vere
2405 5076 2744 5137 sacerdotem
2781 5093 2845 5132 ac
2875 5077 2968 5133 Dei
3000 5076 3302 5146 adjutorem
3328 5089 3472 5130 esse.

1889 5151 2024 5206 Nam
2059 5151 2105 5205 si
2138 5152 2254 5206 haec
2285 5154 2468 5211 regula
2507 5169 2612 5206 non
2635 5158 2780 5207 esset
2806 5157 2979 5211 certa,
3037 5149 3312 5204 horrenda
3341 5162 3478 5202 con-

1888 5222 2030 5278 fusio
2063 5218 2684 5286 turbassetEcclesiam,
2716 5221 2882 5276 etiam
2914 5220 2968 5274 in
3005 5219 3176 5276 initiis
3212 5218 3475 5275 Christia-

1889 5293 2075 5351 nismi.
2111 5292 2247 5348 Nam
2278 5302 2337 5348 et
2367 5293 2533 5349 Judas
2557 5292 2730 5347 malus
2765 5299 2902 5356 erat,
2928 5291 3022 5362 qui
3054 5299 3234 5346 tamen
3263 5297 3479 5361 aposto-

1890 5364 1974 5420 lus
1990 5363 2198 5436 Christi
2228 5364 2352 5420 fuit.
2392 5365 2471 5436 Et
2492 5363 2689 5420 multos
2712 5372 2899 5436 postea
2934 5362 3123 5436 variis
3147 5362 3480 5436 temporibus

1890 5435 2064 5507 malos
2115 5437 2399 5507 episcupos
2452 5432 2830 5507 fuisseinemo
2874 5432 3170 5507 negaverit.
3234 5432 3478 5503 Denique

1892 5505 2238 5564 Christus—ait
2261 5505 2484 5561 scribas
2507 5515 2565 5561 et
2595 5505 2899 5562 Pharisteos
2951 5505 3155 5560 sedisse
3192 5518 3361 5574 super
3389 5519 3472 5560 ca-

1893 5578 2146 5634 thedram
2178 5577 2367 5648 Moysi.
2401 5576 2591 5648 Itaque
2635 5579 2717 5634 sic
2743 5577 3027 5649 scripsisse
3071 5573 3288 5649 videtur
3339 5573 3470 5649 Ago-_

1892 5649 2096 5722 bardus
2154 5645 2530 5722 vehementer,
2591 5659 2653 5706 ut
2704 5645 2990 5722 episcopos
3048 5645 3366 5722 admoueret
3397 5647 3477 5701 sui

1894 5719 2079 5796 ofﬁcii,
2115 5727 2172 5796 et
2215 5726 2274 5772 ut
2300 5718 2695 5796 _in_tel|igerent
2737 5715 3007 5796 quantum
3049 5717 3163 5796 Deo
3197 5715 3477 5796 displiceat

1895 5790 2042 5849 mala
2075 5789 2316 5861 episcopi
2345 5791 2481 5859 vita.
2509 5789 2530 5793 ⁷
2764 5789 2785 5816 “’
3069 5793 3090 5803 ’“
3292 5789 3302 5812 ³
