4012 6338
1499 301 1556 358 S.
1593 298 1952 359 AGOBARDI
1988 296 2301 361 EPISCOPI
2333 301 2825 363 LUGDUNENSIS

3699 306 3826 365 200

514 420 662 479 vobis
707 425 850 487 sunt,
897 418 1107 475 obsecro
1150 419 1427 474 consenior
1473 429 1523 475 et
1571 422 1712 476 testis
1754 418 1953 476 Christi
1988 435 2115 489 pas-
2144 425 2198 486 Α
2220 421 2492 491 Ιαηῑαηε;
2547 442 2709 497 neque
2771 425 3097 480 dominantes
3143 424 3201 479 in
3250 423 3403 479 cleris
3427 462 3443 489 ,
3494 423 3589 479 sed
3634 424 3827 495 fama

518 512 766 573 sianum.
819 513 909 583 qui
958 520 1007 567 et
1055 510 1171 581 ejus
1213 528 1333 582 qua:
1378 513 1435 566 in
1484 512 1661 582 futuro
1714 511 1992 567 revelanda
2035 521 2112 565 est

521 601 707 675 gloriae
752 603 1182 670 communicator,
1228 613 1428 676 pascite
1465 607 1555 677 qui
1593 615 1667 659 est
1706 607 1763 659 in
1803 605 1947 659 vobis
1993 620 2112 675 gre-

525 711 640 768 gem
667 694 785 761 Dei,
834 695 1162 766 providentes
1205 711 1313 750 non
1347 704 1543 760 coacte,
1585 694 1676 750 sed
1713 704 1993 766 spontanee
2027 709 2111 748 se-

526 786 758 841 cundum
805 784 1009 851 Deum;
1059 801 1222 858 neque
1274 790 1442 858 turpis
1489 785 1624 843 lucri
1674 786 1868 858 gratia,
1909 783 2001 840 sed
2029 799 2117 838 vo-

2221 518 2348 588 facti
2398 519 2570 589 gregis
2614 533 2680 573 ea:
2712 518 2931 584 animo;
2972 527 3019 572 et
3068 533 3188 572 cum
3229 516 3533 589 apparuerit
3571 516 3825 590 princeps

2219 621 2512 684 pastorum,
2541 610 2834 683 perciuietis
2855 607 3302 666 immarcescibilis
3329 607 3514 679 gloria:
3535 623 3824 663 coronam.

2221 706 2408 760 Amen.

527 911 3822 948 MM

1061 1043 1370 1175 LIBER
1450 1038 1845 1171 CONTRA
1922 1010 2285 1167 EOBUMV
2362 1004 3262 1164 SUPERSTITIONEM

686 1270 807 1342 QUI
841 1268 1162 1329 PICTURIS
1192 1253 1287 1326 ΪΞἾ
1319 1243 1722 1326 lMAGleDS
1757 1263 2187 1323 SANCTORUM
2224 1258 2695 1320 ADORATIONIS
2749 1253 3154 1323 OBSEQUIUM
3197 1253 3673 1314 DEFERENDUM

1972 1358 2254 1416 PUTANT
2296 1370 2346 1413 ι.

2109 1479 2205 1500 —

692 1567 934 1624 Primum
967 1570 1295 1636 praeceptum
1328 1561 1572 1633 decalogi
1599 1568 1685 1617 est
1710 1559 1925 1617 dicente
1970 1560 2120 1617 Deo:
2150 1564 2199 1625 B
2226 1558 2407 1622 mina,
2444 1552 2843 1609 similitudinem
2869 1549 3106 1605 omnium
3124 1547 3489 1620 jumentorum
3533 1564 3655 1621 quia
3694 1558 3837 1606 εωιι

524 1662 640 1735 Ego
671 1659 925 1715 Dominus
945 1656 1087 1712 Deus
1127 1667 1270 1712 tuus.
1292 1656 1383 1727 qui
1408 1655 1567 1710 eduxi
1604 1663 1654 1708 te
1681 1653 1745 1708 de
1768 1662 1910 1707 terra
1941 1652 2113 1724 [Egy-

520 1764 616 1828 ptt,
643 1753 709 1808 de
736 1751 891 1806 domo
922 1750 1209 1807 servitutis.
1244 1745 1370 1802 Non
1405 1746 1617 1801 habebis
1649 1746 1774 1800 deos
1797 1744 2003 1799 alienos
2059 1745 2114 1798 in

521 1855 798 1918 conspectu
820 1860 955 1899 meo.
989 1834 1115 1898 Non
1153 1841 1316 1912 [acies
1337 1840 1430 1894 tibi
1470 1837 1733 1911 sculptile,
1763 1855 1854 1893 nec
1867 1836 2117 1893 similitu-

522 1938 697 1993 dinem
736 1936 969 1992 omnium
999 1950 1118 2005 quae
1138 1933 1193 1986 in
1221 1931 1348 1987 ctelo
1371 1941 1491 1985 sunt
1521 1931 1764 2001 desuper,
1792 1940 1840 1985 et
1865 1945 1983 2001 qua:
2004 1945 2117 1983 ver-

521 2038 709 2085 santur
727 2029 784 2082 in
798 2027 949 2098 aquis
962 2025 1057 2079 sub
1075 2033 1236 2078 terra.
1263 2022 1385 2076 Non
1402 2021 1650 2075 adorabis
1664 2037 1745 2085 ea,
1764 2029 1813 2074 et
1825 2037 1927 2073 non
1955 2018 2111 2074 coles.

518 2120 603 2177 Ad
621 2135 741 2189 qua:
763 2119 926 2173 verba
951 2118 1144 2172 beatus
1168 2112 1505 2184 Augustinus
1542 2109 1863 2166 brevissime
1890 2107 2116 2177 subjun-

519 2210 622 2284 git,
637 2211 828 2266 dicens
855 2201 1080 2281 (Homil.
1112 2206 1169 2259 in
1196 2204 1372 2259 Exod.
1399 2218 1521 2273 cap.
1543 2201 1584 2273 ι)
1611 2216 1625 2255 :
1657 2219 1678 2253 ι
1705 2200 1763 2254 ln
1781 2201 1957 2271 primo
1978 2216 2119 2271 prae-

525 2310 687 2373 cepto
713 2300 1032 2373 prohibetur
1056 2298 1237 2369 aliqua
1270 2297 1325 2353 in
1356 2295 1628 2368 ﬁgmentis
1674 2294 1956 2349 hominum
2019 2293 2116 2350 Dei

531 2399 861 2464 similitudo;
889 2413 997 2452 non
1035 2396 1160 2466 quia
1189 2408 1298 2449 non
1322 2391 1486 2446 habet
1511 2389 1801 2459 imaginem
1830 2388 1992 2454 Deus,
2022 2387 2120 2443 sed

526 2489 657 2561 quia
703 2489 849 2545 nulla
876 2487 1198 2557 ejustago
1238 2482 1341 2539 coli
1394 2480 1577 2547 debet,
1614 2481 1718 2535 nisi
1768 2479 1859 2535 illa
1913 2494 2035 2550 quae
2063 2488 2121 2534 et

522 2578 630 2636 hoc
653 2587 738 2634 est
764 2577 904 2648 quod
935 2577 1072 2647 ipse,
1103 2588 1205 2629 nec
1236 2573 1351 2642 ipsa
1376 2587 1477 2641 pro
1501 2571 1615 2636 illo,
1647 2570 1743 2626 sed
1787 2585 1913 2625 cum
1950 2569 2060 2625 illo.
2093 2588 2112 2622 ι

524 2669 655 2727 Haec
683 2668 870 2724 dicens
918 2668 1111 2722 beatus
1145 2663 1480 2735 Augustinus
1532 2663 1692 2717 docet
1730 2676 1829 2717 nos
1879 2660 2121 2716 breviter

524 2762 759 2834 qualiter
779 2769 837 2817 et
888 2769 1083 2816 caetera
1131 2757 1441 2827 hujusmodi
1485 2764 1758 2828 praecepta
1813 2756 2120 2827 intelligere

522 2854 838 2912 debeamus.
867 2844 1003 2907 N’am
1028 2866 1152 2906 cum
1175 2849 1432 2904 distincte
1457 2849 1673 2904 dicatur
1685 2863 1793 2903 non
1808 2846 2116 2904 faciendam

2221 1664 2383 1719 super
2410 1656 2626 1709 terram,
2650 1643 2728 1699 vel
2754 1642 2929 1697 avium
2962 1641 3058 1697 sub
3115 1639 3239 1695 caele
3289 1639 3602 1707 volantium,
3659 1650 3838 1713 atque

2220 1740 2484 1813 reptilium
2506 1754 2624 1810 quae
2648 1745 2923 1792 moventur
2940 1736 2997 1789 in
3040 1744 3205 1801 terra,
3227 1735 3334 1788 sive
3358 1735 3588 1805 piscium
3611 1736 3711 1806 qui
3726 1733 3833 1789 sub

2220 1843 2365 1890 terra
2388 1842 2667 1887 morantur
2686 1831 2743 1885 in
2776 1831 2969 1902 aquis;
3002 1845 3065 1884 ne
3087 1827 3221 1897 forte
3268 1828 3437 1884 oculis
3487 1828 3703 1884 elevatis
3758 1829 3832 1884 ad

2227 1927 2436 1992 caelum,
2467 1925 2640 1981 videas
2667 1921 2830 1978 solem
2859 1930 2911 1976 et
2940 1921 3118 1976 omnia
3158 1927 3305 1974 astra
3355 1917 3493 1985 caeli,
3536 1929 3585 1974 et
3637 1935 3835 1974 errore

2221 2021 2465 2090 deceptus
2489 2017 2675 2071 adores
2704 2032 2766 2070 ea
2792 2023 2842 2069 et
2865 2012 3028 2069 colas.
3056 2012 3115 2067 In
3147 2012 3344 2083 quibus
3375 2011 3557 2067 verbis
3575 2027 3836 2068 summo-

2218 2127 2353 2184 pere
2373 2110 2673 2166 notandum
2695 2117 2802 2174 est,
2829 2108 2959 2178 quia
2988 2108 3034 2162 si
3081 2120 3247 2177 opera
3274 2116 3533 2160 manuum
3559 2104 3657 2161 Dei
3708 2119 3835 2160 non

2220 2214 2347 2260 sunt
2376 2202 2654 2259 adoranda
2678 2208 2735 2256 et
2755 2198 3003 2264 colenda,
3029 2214 3131 2253 nec
3154 2214 3209 2252 ιη
3251 2198 3459 2253 honore
3481 2195 3575 2251 Dei
3609 2203 3836 2267 quanto

2221 2298 2397 2368 magis
2430 2309 2597 2367 opera
2628 2309 2888 2348 manuum
2907 2292 3189 2347 hominum
3212 2307 3321 2347 non
3351 2299 3479 2347 sunt
3536 2290 3835 2345 adoranda

2222 2398 2277 2445 et
2297 2389 2544 2453 colenda,
2573 2402 2675 2442 nec
2700 2386 2756 2441 in
2786 2385 2993 2440 honore
3026 2398 3214 2439 eorum
3237 2398 3471 2455 quorum
3500 2381 3834 2439 similitudi-

2221 2501 2321 2542 nes
2346 2501 2467 2541 esse
2500 2485 2775 2539 dicuntur.

2290 2576 2355 2632 ll.
2389 2577 2470 2631 Ex
2500 2577 2641 2632 libro
2661 2575 2835 2632 sancti
2849 2572 3138 2646 Augustini
3166 2573 3232 2628 de
3245 2571 3482 2629 Civitate
3494 2569 3589 2626 Dei
3611 2586 3647 2625 x
3670 2568 3831 2641 (cap.

2222 2669 2277 2743 l)
2307 2670 2505 2740 quibus
2529 2669 2706 2725 modis
2735 2666 2913 2724 cultus
2939 2667 3153 2722 dicatur
3188 2683 3202 2720 :
3237 2683 3256 2716 ‹
3288 2662 3592 2720 Videndum
3622 2678 3689 2717 ac
3705 2662 3834 2718 dis-

2222 2763 2515 2818 serendum
2563 2768 2668 2827 est,
2704 2768 2968 2830 quantum
3036 2757 3179 2813 Deus
3238 2758 3423 2821 donat,
3483 2752 3835 2810 immortales

2224 2871 2291 2911 ac
2316 2857 2462 2912 beati
2476 2856 2531 2910 in
2561 2854 2876 2911 coelestibus
2888 2852 3129 2917 sedibus,
3154 2848 3635 2915 dominationibus,
3661 2848 3835 2917 prin.

525 2944 936 3003 Simililudinem
958 2941 1203 3000 omnium
1229 2954 1350 3009 (ιυεθ
1375 2940 1431 2995 in
1460 2940 1600 2995 οωιο
1631 2948 1777 3006 sum,
1808 2948 1902 2995 aut
1923 2939 2114 3010 quain
2144 2925 2189 2989 (ἶ
2225 2948 2514 3019 cipatibus,
2550 2947 2915 3019 potestatibus
2943 2944 3250 3009 constituti,
3274 2958 3412 3014 quos
3454 2941 3545 2996 isti
3567 2940 3719 3006 deos,
3780 2949 3836 2997 et

522 3044 695 3100 terra,
732 3049 842 3090 non
854 3034 921 3089 de
946 3032 1077 3089 solis
1100 3028 1545 3086 similitudinibus
1566 3030 1867 3085 alienorum
1892 3029 2119 3085 deorum

528 3126 850 3198 intelligitur
877 3125 1104 3189 dictum,
1132 3122 1226 3180 sed
1270 3129 1326 3178 et
1352 3123 1421 3180 de
1468 3122 1781 3179 ctelestibus
1827 3123 2116 3189 creaturis,

522 3224 617 3273 aut
640 3232 759 3287 qua:
792 3217 846 3271 in
878 3217 1085 3273 honore
1110 3217 1375 3275 creatoris
1395 3219 1667 3273 humanus
1696 3230 1889 3272 sensus
1940 3216 2120 3287 potuit

522 3312 853 3383 excogitare.
880 3311 1110 3382 Propter
1143 3315 1288 3384 quod
1316 3321 1372 3369 et
1407 3322 1594 3384 aperte
1630 3312 1841 3384 Moyses
1876 3312 2116 3382 loquitur

527 3402 596 3458 ad
621 3402 899 3473 populum,
924 3403 1113 3460 dicens
1144 3422 1158 3458 :
1188 3394 1419 3460 Locutus
1472 3414 1547 3461 est
1595 3405 1853 3462 Dominus
1905 3406 1975 3459 ad
2024 3420 2115 3459 vos

524 3491 778 3548 demedio
804 3493 959 3562 ignis.
999 3492 1189 3548 Vocem
1219 3496 1495 3550 verborum
1518 3496 1637 3567 ejus
1665 3496 1913 3561 audistis,
1940 3505 1988 3551 et
2005 3495 2120 3565 for-

528 3602 670 3640 mam
697 3588 907 3656 penitus
934 3603 1040 3641 non
1071 3587 1295 3643 vidistis;
1328 3588 1395 3644 Et
1428 3597 1551 3660 post
1575 3604 1748 3661 pauca
1776 3607 1790 3643 :
1849 3585 2119 3644 Custodite

523 3676 691 3747 igitur
714 3676 937 3732 sollicite
966 3678 1173 3733 animas
1198 3690 1418 3734 vestras.
1454 3680 1580 3735 Non
1630 3680 1836 3734 vidistis
1882 3680 2119 3751 aliquam

528 3768 929 3825 similitudinem
954 3771 1009 3825 in
1028 3771 1114 3826 die
1140 3789 1246 3843 qua
1266 3771 1472 3827 locutus
1505 3781 1578 3826 est
1608 3773 2037 3829 Dominuuobis
2062 3775 2119 3829 in

532 3856 710 3914 Horeb
734 3860 799 3915 de
823 3861 995 3916 medio
1024 3863 1195 3935 ignis;
1216 3863 1437 3934 ne‘forte
1462 3864 1663 3935 decepti
1707 3865 1922 3934 faciatis
1973 3867 2116 3924 vobis

527 3947 788 4022 sculptam
811 3950 1233 4021 similitudinem,
1257 3965 1349 4009 aut
1371 3954 1653 4026 imaginem
1679 3954 1905 4010 masculi
1934 3956 2010 4011 vel
2039 3958 2115 4027 fe-

2224 3055 2292 3095 ex
2322 3038 2520 3111 quibus
2549 3039 2814 3108 quosdam
2840 3037 2927 3093 vel
2955 3038 3130 3093 bonos
3168 3036 3464 3100 daemones,
3506 3031 3592 3088 vel
3627 3031 3833 3089 nobis-

2225 3148 2349 3189 cum
2371 3133 2595 3204 angelos
2621 3132 2926 3198 nominant,
2953 3129 3224 3202 quomodo
3264 3127 3524 3185 credendi
3555 3126 3835 3184 sintvelle

2221 3242 2254 3282 a
2276 3227 2434 3282 nobis
2458 3226 2774 3296 religionem
2802 3226 3174 3294 pietatemque
3206 3223 3448 3288 servari;
3481 3221 3587 3277 hoc
3624 3228 3732 3288 est,
3770 3228 3835 3277 ut

2219 3321 2466 3392 apertius
2497 3320 2694 3385 dicam,
2725 3326 2911 3374 utrum
2934 3318 3099 3374 etiam
3132 3315 3259 3381 sibi,
3315 3330 3386 3371 an
3436 3321 3651 3369 tantum
3708 3313 3832 3371 Deo

2221 3429 2340 3481 suo,
2369 3414 2463 3484 qui
2491 3413 2657 3468 etiam
2686 3420 2875 3468 noster
2901 3423 3007 3477 est,
3039 3410 3256 3481 placeat
3281 3408 3364 3464 eis
3394 3415 3455 3463 ut
3478 3422 3641 3463 sacra
3655 3405 3832 3461 facia-

2221 3521 2348 3560 mus
2370 3514 2426 3560 et
2446 3504 2847 3571 sacriﬁcemus,
2877 3503 2964 3558 vel
2986 3502 3170 3574 aliqua
3194 3508 3401 3565 nostra,
3420 3515 3517 3555 seu
3546 3513 3649 3554 nos
3674 3497 3833 3568 ipsos

2227 3597 2507 3668 religionis
2542 3596 2739 3651 ritibus
2759 3609 3164 3651 consecremus.
3200 3592 3301 3648 Hic
3340 3600 3426 3647 est
3447 3590 3595 3645 enim
3622 3588 3829 3646 divini-

2226 3688 2345 3755 tati,
2382 3688 2488 3753 vel,
2517 3688 2563 3742 si
2591 3687 2903 3757 expressius
2933 3686 3222 3742 dicendum
3250 3691 3359 3749 est,
3381 3682 3571 3738 deitati
3606 3679 3833 3736 debitus

2227 3780 2440 3845 cultus;
2466 3788 2690 3850 propter
2718 3794 2883 3851 quem
2910 3794 3019 3834 uno
3043 3778 3212 3834 verbo
3227 3774 3671 3847 signiﬁcandum,
3688 3786 3829 3843 quo-

2222 3870 2373 3924 niam
2399 3871 2533 3925 mihi
2561 3870 2697 3927 satis
2720 3871 2976 3927 idoneum
3001 3885 3108 3925 non
3124 3874 3366 3924 occurrit
3384 3865 3663 3929 Latinum,
3680 3862 3831 3920 Gre

2219 3978 2284 4018 co
2312 3964 2402 4018 ubi
2431 3980 2658 4021 necesse
2683 3973 2770 4020 est
2796 3963 3013 4020 insinuo
3032 3962 3165 4035 quid
3179 3961 3340 4018 velim
3352 3959 3555 4017 dicere.
3574 3957 3826 4014 Latriall

1910 4048 2187 4109 BALUZII
2226 4054 2461 4113 NOTAE.

610 4131 979 4220 Qf‘luvaluerat
997 4149 1113 4190 :evo
1143 4137 1415 4220 ﬁgqbardi
1445 4137 1681 4220 pessima
1711 4140 2047 4220 superstitio,
2078 4151 2140 4197 ut
2235 4150 2917 4220 moveruntauctorilatem
2939 4165 3184 4206 censuras
3224 4148 3532 4220 Hispanicae
3556 4146 3829 4220 acgcardi-

537 4205 2133 4304 ﬁt?i‘3.‘.“”‘i§2h.2£"§l‘ﬂl§.3331‘:gitlb‘lifi'lfléti'tjt“.P‘
2235 4220 2377 4304 ιιειίξ
2398 4219 2639 4304 Βηνοηίῄίο
2680 4205 3507 4304 E80perdiderimﬁsobétdum
3536 4218 3829 4304 εςτίρείεεε

529 4272 749 4351 Deiﬁca:
787 4273 1039 4351 Trinitati
1069 4272 1479 4351 servitiumfaut
1519 4279 1890 4351 adorationem
1918 4281 2127 4351 impen-

2235 4292 2377 4359 quod
2391 4307 2580 4347 omnes
2595 4300 2705 4346 tum
2730 4290 2789 4346 in
2804 4292 2974 4348 Gallia
2986 4333 3001 4358 ,
3018 4290 3252 4347 utetiam
3268 4307 3298 4346 a
3322 4290 3617 4346 Sirtnundo
3632 4290 3827 4345 obser-

529 4344 839 4432 gl‘igﬁebgere-
876 4344 1029 4432 Quod
1066 4347 1202 4432 adeo
1241 4347 1467 4430 impium
1516 4348 1696 4432 visum
1728 4357 1813 4405 est
1862 4344 2129 4432 Ecclesia;
2232 4344 2419 4416 tam";
2444 4344 3564 4425 ea;senatus;saansaanasina.
3592 4368 3677 4415 est
3700 4344 3830 4432 pro—

531 4412 849 4492 Gallicanae,
882 4425 942 4492 u_t
961 4423 1017 4471 et
1045 4417 1286 4492 episcopi
1317 4412 1371 4473 in
1400 4420 1606 4492 synodo
1640 4418 2121 4481 Francofordiensi

529 4487 851 4558 congregati
886 4486 1265 4563 damnaverint
1306 4486 1603 4563 secundam
1649 4494 1917 4563 synodum
1949 4493 2121 4551 Nicae-

529 4571 679 4631 μελίη,
735 4572 858 4627 quae
882 4558 1258 4631 adorationem
1303 4560 1450 4617 illam
1501 4558 1799 4631 imaginum
1840 4562 2119 4622 videbatur

524 4626 848 4708 imperasse,
882 4637 939 4684 et
985 4628 1212 4708 Carolus
1237 4631 1354 4702 ipse
1397 4626 1640 4708 Magnus:
1668 4634 1866 4708 stylum
1905 4651 2119 4708 quoque

534 4693 797 4777 adversus
824 4693 1286 4777 eam__strinxisse
1330 4693 1582 4777 putetur.
1618 4693 1892 4760 Ludovico
1922 4693 2121 4763 deitide

529 4763 646 4827 Pio,
696 4768 875 4826 Caroli
908 4772 1043 4839 ﬁlio,
1076 4763 1362 4845 regnante,
1390 4775 1612 4845 emicuit
1662 4790 1881 4830 rursum
1935 4778 1989 4833 in
2017 4779 2120 4833 hoc

533 4850 855 4918 argumento
920 4845 1086 4918 ardor
1133 4844 1519 4918 episcoporum
1567 4844 1797 4901 Galliae:
1852 4849 1945 4918 qui
1995 4864 2120 4904 cum

535 4906 909 4990 adorationem
956 4914 1102 4990 illam
1132 4906 1428 4988 imaginum
1458 4916 1601 4972 ferre
1631 4933 1737 4972 non
1766 4906 2009 4987 possent,
2031 4919 2120 4990 ni;-

521 4976 606 5034 hil
633 4978 960 5038 intentatum
992 4976 1330 5057 reliquerunt
1373 5002 1479 5057 quo
1528 4997 1739 5044 mentes
1766 4976 2006 5044 ﬁdelium
2050 4984 2121 5044 ab

525 5062 595 5133 eo
618 5063 1176 5133 errorerevocarent.
1205 5058 1273 5113 Et
1292 5059 1530 5122 omnino,
1563 5060 1688 5133 dum
1719 5060 2009 5133 studebant
2029 5075 2122 5114 ve-

524 5123 706 5204 ritati,
740 5123 1068 5204 videbantur
1112 5129 1291 5184 facere
1333 5129 1737 5204 contumeliam
1765 5130 2117 5204 imaginibus,

528 5192 731 5275 quibus
764 5196 1023 5275 crederes
1046 5214 1393 5257 asseverasse
1420 5200 1625 5254 nullum
1656 5200 1860 5275 cultum
1878 5192 2118 5275 fdeberi';

526 5265 844 5342 retinendas
858 5272 1089 5342 tamen,
1114 5278 1173 5324 ut
1199 5286 1267 5325 ex
1295 5287 1482 5327 earum
1515 5280 1735 5342 aspectu
1769 5272 1955 5329 ﬁdeles
1981 5265 2123 5328 cxcié

529 5340 786 5391 tarentur
806 5336 874 5392 ad
898 5337 1256 5397 imitationem
1294 5336 1608 5398 sanctorum
1638 5344 1938 5398 hominum.
1972 5345 2122 5402 Unus

526 5404 847 5497 {mittor-um,
866 5409 1020 5497 huic‘
1042 5413 1192 5482 operi
1217 5413 1829 5497 incubuitOAgobardus,
1862 5416 1959 5470 sed
1983 5416 2121 5497 adeo

526 5476 907 5559 Iehementer,
964 5489 1026 5536 ut
1072 5476 1361 5559 propterea
1384 5476 1837 5559 existimaverint
1872 5486 2118 5559 nonnulli

523 5543 729 5604 librum
752 5543 901 5608 hunc
914 5568 1023 5609 non
1063 5543 1193 5610 esse.
1206 5548 1495 5611 admodum
1519 5557 1868 5612 catholicum.
1898 5558 2006 5614 Sed
2035 5567 2120 5614 ta-

524 5631 654 5711 ιέςι)
672 5621 901 5711 quidam
919 5624 996 5695 pii
1022 5625 1327 5711 eruditique
1348 5626 1471 5711 viri,
1503 5634 1625 5711 post
1648 5644 1763 5684 rem
1783 5628 1948 5711 istam
1969 5644 2124 5685 accu-

530 5697 655 5773 rate
666 5692 1314 5773 discussamLsenseru—nt
1339 5696 1474 5773 nihil
1503 5692 1559 5753 in
1583 5714 1650 5773 eo
1662 5714 1791 5773 esse
1805 5702 1950 5770 quod
1967 5715 2123 5771 aper-

526 5764 585 5815 te
607 5762 773 5827 violet
794 5764 961 5826 ﬁdem
984 5765 1265 5835 Ecclesiae,
1293 5767 1537 5839 adeoque
1572 5770 1643 5826 ab
1660 5762 1952 5845 Agobardo
1974 5762 2121 5829 sitm-

2233 4433 2487 4487 nuntiare
2518 4434 2584 4489 de
2611 4435 2796 4489 arduis
2826 4435 2975 4490 hisce
3003 4435 3412 4504 quaestionibus.
3468 4431 3729 4487 Attamen
3748 4431 3827 4504 si:

2226 4504 2337 4575 lere
2360 4519 2464 4557 non
2494 4520 2713 4575 possum
2758 4505 2896 4575 mihi
2917 4501 3073 4560 valde
3103 4506 3321 4575 placere
3343 4506 3559 4575 decreta
3592 4501 3824 4575 concilii

2222 4571 2636 4629 Cameracensis
2682 4574 2852 4630 habiti
2876 4591 3021 4629 anno
3072 4571 3211 4630 l565
3255 4577 3356 4630 sub
3386 4571 3762 4629 Maximiliano
3790 4587 3824 4627 ι

2222 4644 2433 4716 Bergis,
2456 4645 2868 4715 archiepiscopo
2896 4644 3299 4710 Cameracensi,
3322 4645 3467 4716 quod
3508 4643 3587 4716 sic
3626 4642 3827 4716 statuit

2222 4715 2277 4769 in
2302 4714 2467 4769 causa
2515 4714 2814 4797 imaginum
2841 4734 2853 4769 :
2900 4734 2919 4766 ι
2948 4716 3248 4797 _lmagines
3278 4714 3602 4797 in'_templis
3621 4714 3826 4797 “nulla!

2227 4794 2558 4851 statuantur,
2592 4783 2963 4858 nisigepiscopi
2989 4783 3261 4843 consensu
3290 4783 3587 4857 etjudicio.
3620 4783 3679 4858 Si
3701 4799 3828 4857 qua:

2225 4864 2406 4911 autem
2449 4866 2645 4912 erectae
2697 4856 2925 4921 fuerint,
2968 4874 3031 4913 ac
3067 4873 3181 4927 prae
3211 4874 3269 4913 se
3318 4856 3494 4911 ferant
3519 4857 3828 4927 quidquam

2224 4929 2365 4998 quod
2388 4944 2494 4982 non
2515 4930 2727 5001 deccat,
2751 4944 2924 5001 neque
2946 4925 3236 5001 prototypo
3271 4925 3554 4999 congruat,
3571 4925 3703 5001 tolli
3730 4941 3829 4982 eas

2224 4997 2319 5053 aut
2346 5000 2545 5053 mutari
2588 4997 2798 5067 jubeto.
2829 4997 3096 5054 Doceatur
3122 4997 3397 5070 praeterea“
3421 4997 3658 5069 populus
3685 4998 3828 5070 ima-

2223 5070 2334 5140 gini
2391 5070 2597 5125 nullum
2631 5072 2835 5126 cultum
2872 5070 3058 5125 deberi
3112 5069 3207 5125 aut
3243 5080 3481 5142 propter
3503 5069 3823 5142 materiam,

2226 5139 2319 5195 aut
2348 5150 2575 5212 propter
2594 5142 2945 5214 elegantiam,
2978 5149 3073 5214 aut
3095 5139 3316 5214 prOpter
3345 5139 3587 5214 pretium
3606 5139 3821 5214 operis,

2225 5219 2319 5266 aut
2347 5209 2569 5283 propter
2614 5209 2824 5282 quidvis
2880 5212 3025 5267 aliud
3069 5209 3215 5283 quod
3244 5215 3317 5269 sit
3346 5209 3415 5269 ’in
3447 5209 3683 5283 artiﬁcio
3733 5216 3826 5265 aut

2225 5281 2478 5355 imaginis
2508 5281 2813 5339 substantia
2838 5300 2853 5347 ;
2884 5285 2979 5338 sed
3014 5281 3238 5354 preplcr
3283 5300 3397 5340 rem
3427 5281 3822 5355 signiﬁcatam,

2226 5353 2291 5408 ad
2318 5352 2480 5425 quam
2512 5355 2599 5409 hic
2625 5355 2801 5410 cultus
2828 5363 2883 5410 et
2924 5352 3094 5410 honos
3120 5352 3411 5426 ’prmcipue
3460 5352 3724 5409 refertur.
3754 5352 3825 5426 Et

2226 5427 2305 5481 sic
2343 5427 2713 5481 admonendus
2755 5436 2838 5481 est
2874 5426 3117 5480 animum
3140 5425 3349 5482 orantis
3381 5434 3474 5481 aut
3502 5425 3824 5480 venerantis

2226 5498 2283 5552 in
2306 5512 2422 5551 rem
2453 5497 2720 5567 signatam
2744 5496 2959 5563 referri,
2986 5508 3165 5551 etnon
3185 5498 3245 5568 in
3272 5495 3685 5568 signum,iquod
3711 5508 3822 5568 nec

2226 5569 2394 5632 audit,
2428 5566 2528 5622 nec
2552 5568 2718 5632 videt,
2769 5584 2871 5624 nec
2916 5568 3098 5623 sentit.
3135 5586 3153 5619 ι
3182 5566 3681 5624 Vide—Gulielmum
3710 5566 3823 5621 Du-

2227 5639 2382 5712 randi
2415 5640 2467 5693 in
2504 5638 2655 5712 libro
2685 5638 2925 5712 secundo
2968 5639 3035 5697 de
3080 5640 3244 5696 modo
3285 5638 3558 5712 generalis
3595 5635 3821 5695 conatui

2225 5710 2558 5776 celebrandi,
2577 5725 2696 5781 cap.
2724 5709 2811 5765 57.
