4012 6338
279 366 384 425 201

1288 393 1490 452 LIBER
1527 396 1618 457 DE
1655 397 2053 465 lMAGlNlBUS
2091 409 2537 474 SANCTORUM.

3451 437 3560 494 202

277 487 484 558 «ιυῑνρθ
516 493 711 562 Ποείτίν
773 498 1084 578 ubicunque
1131 528 1412 578 sacrarum
1461 522 1869 599 Scripturarum
1893 538 1949 599 Α
1970 541 2156 604 patur,
2189 543 2246 592 et
2273 536 2465 594 Latine
2494 541 2889 613 interpretatur
2920 550 3181 619 servitus,
3210 557 3306 613 sed
3352 571 3417 614 ea
3448 577 3560 632 qua

277 579 524 632 positum
555 593 658 632 est-
689 586 1032 632 imm-nmini:
1065 615 1191 632 οη...
1240 613 1492 632 --___g.__.-
1638 619 1671 632 ..-
1728 620 1744 632 .
2043 626 2073 632 --
2234 631 2259 632 κ

277 579 524 679 positum
555 593 658 652 est,
688 586 1033 662 interpretati
1065 615 1194 662 sunt
1238 579 1612 672 servitutem.r
1637 619 1747 676 Sed
1803 637 1872 679 ea

275 670 530 738 servitus,
564 689 685 744 quae
710 679 940 740 debetur
981 690 1313 770 hominibus,
1365 670 1663 764 secundum
1706 725 1868 781 quam

271 764 524 870 praecipit
549 768 842 840 Apostolus
869 795 1055 842 servos
1073 787 1308 850 dominis
1337 798 1452 855 suis
1482 802 1728 858 subditos
1747 820 1868 862 esse

264 1315 548 1414 tummodo
583 1320 762 1378 cultus
813 1327 932 1398 ipse
978 1334 1213 1408 dicatur,
1244 1359 1354 1400 non
1389 1347 1491 1404 soli
1525 1351 1638 1409 Deo
1669 1335 1882 1414 deberi

259 1400 500 1460 videtur.
535 1408 778 1472 Dicimur
803 1423 950 1479 enim
977 1429 1144 1487 etiam
1175 1435 1355 1494 colere
1397 1441 1668 1513 homines,
1719 1463 1856 1519 quos

259 1491 366 1519 ι.--
379 1498 496 1519 Α-ΞΔ
513 1517 526 1519 -
657 1507 670 1519 '
874 1517 885 1519 “

1219 1491 1227 1492 ,
1397 1491 1668 1513 _--_----..,
1719 1491 1853 1519 νη..

257 1491 565 1559 honoriﬁca
587 1507 672 1562 vel
695 1517 1074 1578 recordatione
1091 1526 1178 1582 vel
1217 1536 1506 1600 praesentia
1543 1537 1853 1610 frequenta-

257 1600 381 1610 ...“-
436 1589 507 1610 ιῒμ
639 1598 654 1610 ⁸

256 1600 403 1715 mus.
434 1589 547 1650 Nec
575 1598 750 1656 solum
773 1620 838 1661 ea
867 1611 1062 1680 quibus
1102 1589 1501 1698 nos-religiosa
1543 1589 1850 1695 humilitate

1275 1733 1396 1788 quae
1437 1722 1680 1792 subjecta
1720 1739 1847 1786 sunt
1883 1801 1886 1804 ἢ

253 1682 600 1758 subjicimus,
632 1697 727 1754 sed
768 1705 1017 1771 quzedam
1059 1712 1225 1770 etiam

248 1774 412 1895 nolbis
454 1784 814 1895 perhibentur
839 1798 963 1854 coli.
1002 1801 1141 1860 Nam
1163 1823 1229 1864 ex
1259 1774 1364 1869 hbe
1390 1774 1557 1874 verbo
1605 1829 1662 1877 et
1698 1825 1845 1895 agri-

1973 626 2202 686 colimus
2233 631 2402 688 Deum
2443 653 2456 689 :
2507 636 2592 692 vel
2638 653 2761 710 qua:
2813 643 3056 719 θρησκεία
3105 645 3311 719 Grece,
3363 626 3560 716 Latine

1970 727 2153 775 autem
2174 722 2364 794 religio
2390 725 2608 796 dicitur,
2657 732 2753 788 sed
2801 748 2868 790 ea
2911 751 3032 806 quze
3085 739 3244 798 nobis
3290 752 3377 800 est
3425 763 3557 822 erga

1959 1095 2047 1146 est
2070 1089 2235 1160 Deus,
2259 1093 2494 1166 facitque
2525 1114 2652 1156 suos
2679 1102 2918 1161 cultores
2938 1107 3086 1164 deos.
3103 1089 3424 1184 Quicunque
3451 1116 3554 1187 igi-

1962 1188 2052 1237 tur
2076 1193 2206 1239 sunt
2257 1186 2312 1240 in
2363 1188 2674 1250 caelestibus
2727 1196 3152 1258 habitationibus
3214 1186 3551 1269 immortales

1957 1280 2014 1327 et
2044 1273 2206 1342 beati,
2237 1277 2283 1332 si
2305 1294 2404 1335 nos
2439 1297 2548 1338 non
2578 1296 2783 1355 amant,
2815 1305 2917 1346 nec
2963 1293 3154 1352 beatos
3189 1312 3310 1356 esse
3330 1316 3431 1359 nos
3451 1320 3551 1361 vo-

1954 1361 2092 1431 lunt,
2123 1365 2334 1423 colendi
2371 1370 2561 1441 utique
2603 1390 2712 1430 non
2743 1389 2898 1447 sunt;
2949 1382 2996 1437 si
3033 1393 3216 1441 autem
3263 1401 3452 1448 amant
3491 1405 3552 1454 er.

1953 1451 2144 1514 beatos
2163 1473 2285 1516 esse
2315 1461 2521 1532 volunt,
2549 1466 2796 1537 profecto
2819 1472 2947 1530 inde
2972 1476 3183 1549 volunt,
3213 1481 3356 1538 unde
3370 1493 3425 1540 et
3440 1485 3544 1558 ipsi

1951 1556 2098 1603 sunt.
2123 1567 2142 1603 ι
2373 1581 2378 1586 ο
2413 1563 2421 1576 '

2020 1639 2080 1695 in
2105 1642 2297 1700 eodem
2326 1645 2466 1704 libro
2508 1659 2633 1722 post
2672 1670 2844 1726 pauca
2894 1657 3048 1733 (Cap.
3068 1662 3127 1736 4)
3159 1681 3173 1718 :
3211 1683 3232 1718 ι
3265 1666 3404 1725 Huic
3442 1685 3544 1727 nos

1947 1731 2286 1802 servitutem,
2319 1753 2440 1808 quae
2457 1738 2616 1797 latria
2639 1741 2826 1802 Grece
2853 1731 3202 1819 dicitur,sive
3229 1756 3285 1812 in
3310 1760 3542 1829 quibus-

1944 1835 2051 1892 que
2081 1829 2462 1897 sacramentis,
2497 1833 2612 1890 sive
2644 1835 2698 1890 in
2721 1838 2878 1896 nobis
2903 1841 3036 1912 ipsis
3062 1844 3343 1906 debemus.
3363 1849 3540 1924 Hujus

1309 1866 1318 1868 -
1343 1866 1358 1869 -
1404 1866 1552 1874 τη---
1607 1866 1662 1877 ν-
1698 1866 1785 1895 μυ.
1798 1866 1844 1880 .-
1946 1866 2050 1892 τιν
2081 1866 2196 1881 ww.
2208 1866 2462 1897 αωυιιιιο,
2497 1866 2612 1890 auc
2644 1866 2698 1890 ιιι
2721 1866 2878 1896 ιιυυιδ
2904 1866 3036 1912 lpus
3062 1866 3343 1906 ueuemus.
3363 1866 3535 1924 ι-ιυμιε

247 1866 384 1924 mla:
404 1880 459 1926 et
479 1875 655 1934 coloni
679 1891 735 1937 et
765 1885 958 1946 ineolze
978 1907 1261 1956 vocantur.
1283 1901 1352 1959 Et
1377 1906 1524 1977 ipsos
1549 1912 1680 1970 deos
1728 1930 1836 1971 non
1864 1907 1912 1967 B
1939 1913 2084 1970 enim
2110 1917 2372 1988 templum
2397 1922 2558 1978 simul
2576 1940 2787 1996 omnes,
2802 1938 2860 1986 et
2883 1933 3078 2004 singuli
3092 1940 3290 2011 templa
3316 1957 3535 2001 sumus:

247 1960 317 2011 0b
1032 2004 1078 2011 ι-
1122 1992 1198 2011 ..ξΑ
1213 1994 1224 2006 ⁸
1376 1999 1392 2011 I
1506 2001 1521 2011 ι
1580 2005 1592 2011 -
1700 2006 1713 2011 -
2027 2007 2037 2011 -

242 1960 317 2016 ob
338 1963 486 2070 aliud
514 1973 788 2042 appellant
806 1981 1101 2058 ccelicolas,
1121 1992 1227 2049 nisi
1250 1960 1840 2078 quodrcmlu—d'rcolant;

241 2067 369 2170 non.
389 2059 578 2130 utique
627 2075 958 2144 venerando,
1003 2082 1098 2137 sed
1145 2059 1528 2162 inhabitando,
1581 2059 1842 2170 tanquam

237 2509 366 2583 i6):

397 2626 526 2681 Urbs
547 2636 745 2700 antiqua
773 2638 882 2708 fuit,
907 2644 1046 2710 Tyrii
1071 2659 1284 2708 tenuere
1311 2658 1491 2716 coloni.

340 2729 629 2795 incolendo
657 2743 878 2806 colonos
900 2757 1146 2824 vocavit,
1194 2777 1302 2818 non
1347 2767 1416 2823 ab
1463 2771 1822 2843 agricultura.

230 2815 376 2937 IHinc
403 2832 458 2879 et
487 2827 740 2890 civitates
769 2852 799 2892 a
825 2815 1459 2914 majoribus'civitatibus
1484 2815 1633 2918 :elut
1655 2881 1827 2937 popu-

906 2905 925 2913 -
1210 2905 1458 2914 παπ-η*-
1497 2905 1633 2918 ·ν·-·-
1693 2905 1818 2937 υνυ-

229 2905 410 3024 [οι-υῐη
442 2921 786 2983 examinibus
839 2934 1088 3002 conditae,
1145 2941 1374 3002 coloniae
1419 2905 1818 3024 nuncupantur.

220 2997 304 3106 At
318 3018 421 3073 per
442 3008 548 3123 hqc
567 3014 774 3074 cultum
801 3024 1022 3093 quidem
1051 2997 1161 3087 non
1195 2997 1383 3094 deberi

1411 3094 1514 3099 ---π
1550 3094 1682 3117 ην,
1738 3094 1798 3108 ,ν

218 3094 342 3163 pria
365 3102 600 3170 quadam
617 3110 840 3170 notione
859 3119 1010 3175 verbi
1037 3122 1199 3194 hujus
1225 3130 1448 3188 omnino
1473 3094 1821 3198 verissimum

1947 2007 2074 2078 quia
2095 2018 2152 2064 et
2177 2013 2421 2069 omnium
2456 2021 2826 2092 concordiam,
2874 2035 2932 2080 et
2948 2007 3542 2100 singulos—inhabitare

1946 2100 2228 2174 dignatur;
2253 2122 2360 2163 non
2386 2109 2442 2164 in
2473 2114 2746 2183 omnibus,
2774 2133 2938 2188 quam
2959 2121 3015 2178 in
3037 2126 3269 2198 singulis
3313 2129 3488 2201 major
3518 2152 3532 2188 :

1943 2196 2200 2264 quoniam
2229 2214 2330 2255 nec
2349 2201 2490 2258 mole
2518 2203 2868 2278 distenditur,
2898 2227 3001 2269 nec
3022 2196 3317 2285 partitione
3331 2221 3533 2279 minui-

1793 2286 1836 2342 i-
1940 2293 2048 2342 tur.
2077 2287 2212 2344 Cum
2241 2292 2311 2348 ad
2345 2293 2494 2350 illum
2535 2311 2754 2355 sursum
2780 2311 2884 2372 est,
2936 2305 3054 2378 ejus
3101 2317 3186 2364 est
3221 2310 3393 2369 altare
3434 2328 3536 2371 cor

1937 2389 2217 2451 nostrum;
2241 2384 2360 2456 ejus
2382 2381 2662 2462 unigeniio
2691 2407 2818 2448 eum
2866 2399 3158 2458 sacerdote
3211 2403 3528 2475 placamus;

1936 2472 1987 2528 ei
2009 2485 2265 2534 cruentas
2290 2479 2539 2538 victimas
2565 2486 2846 2555 cadimus,
2877 2494 3096 2561 quando
3115 2510 3289 2567 usque
3316 2499 3387 2556 ad
3398 2515 3529 2558 san-

1934 2563 2152 2633 guinem
2171 2583 2272 2638 pro
2296 2569 2417 2639 ejus
2443 2575 2677 2632 veritate
2699 2587 3009 2650 certamus;
3037 2600 3164 2640 eum
3201 2591 3528 2648 suavissimo

1932 2655 2211 2715 adolemus
2233 2660 2479 2731 incensu,
2510 2680 2635 2721 cum
2663 2668 2719 2723 in
2740 2668 2859 2738 ejus
2879 2685 3174 2745 conspectu
3198 2681 3290 2749 pio
3304 2692 3527 2740 sancto-

1930 2761 2039 2818 que
2067 2763 2255 2806 amore
2282 2750 2597 2824 ﬂagramus.
2627 2756 2691 2814 Ei
2725 2759 2870 2816 dona
2891 2761 3011 2833 ejus
3033 2766 3089 2821 in
3110 2770 3286 2839 nobis,
3314 2787 3526 2846 nosque

1928 2839 2077 2911 ipsos
2104 2858 2362 2903 vovemus
2381 2856 2439 2904 et
2460 2850 2770 2920 reddimus;
2797 2855 2850 2910 ei
2875 2855 3268 2919 beneﬁciorum
3291 2865 3410 2937 ejus
3432 2839 3523 2926 so-

1926 2931 2300 2993 lemnitatibus
2325 2937 2483 2996 festis
2504 2949 2560 2997 et
2587 2942 2779 3000 diebus
2807 2950 3031 3005 statutis
3044 2951 3290 3012 dicamus
3301 2931 3520 3016 sacram

1925 3039 2099 3096 usque
2126 3031 2472 3101 memoriam,
2504 3049 2574 3090 ne
2610 3034 2887 3096 volumine
2940 3047 3246 3114 temporum
3302 3048 3522 3121 ingrata

1924 3119 2186 3192 subrepat
2203 3123 2406 3181 oblivio
2423 3143 2439 3194 ;
2467 3127 2521 3184 ei
2551 3129 2927 3190 sacriﬁcamus
2935 3133 3174 3194 hostiam
3189 3119 3517 3202 humilitatis

219 3194 325 3240 est.
359 3188 468 3247 Sed
498 3197 626 3267 quia
654 3209 710 3256 ei
738 3204 970 3266 aliarum
997 3188 1182 3272 rel-lim
1208 3217 1412 3279 dicitur
1851 3285 1889 3298 Α
1921 3221 1978 3269 et
2001 3213 2177 3272 laudis
2211 3217 2268 3272 in
2300 3234 2396 3276 ara
2427 3221 2608 3279 cordis
2642 3223 2767 3292 igne
2795 3225 3020 3285 fervida:
3072 3232 3378 3291 charitatis.
3427 3235 3512 3293 Ad

219 3273 239 3298 Ι
267 3280 369 3298 μμ
398 3297 401 3298 ν
677 3294 690 3298 -

214 3273 414 3338 Latine
448 3301 559 3345 uno
578 3294 746 3351 verbo
772 3299 1067 3371 signiﬁcari
1099 3273 1414 3372 cultus—Deo
1844 3285 1890 3350 C
1921 3304 2067 3361 hunc
2084 3307 2396 3378 Videndum’
2426 3311 2568 3367 Sicut
2588 3313 2761 3370 Vide"
2786 3319 3010 3388 Ρθιθτίιν
3040 3321 3201 3393 eique
3221 3325 3508 3383 θώπευ’

213 3379 424 3439 potest.
456 3377 590 3436 Nam
618 3394 673 3441 et
699 3389 817 3458 ipsa
849 3393 1062 3466 religio,
1087 3406 1339 3472 quamvis
1378 3377 1688 3474 distinctius
1916 3395 2069 3466 dum'
2093 3400 2163 3456 ab
2188 3404 2338 3458 omni
2364 3413 2717 3475 peccatorum
2761 3417 2817 3464 ⁸⁸
2843 3411 3202 3484 cupiditatum
3242 3418 3514 3479 mrum

2055 3463 2062 3466 .
2364 3463 2384 3475 ,
2773 3463 2781 3464 ί
2803 3463 2812 3464 ί
2851 3463 3202 3484 -“ι’““”““““““·“’“
3243 3463 3405 3474 “⁸“¹’“¹”⁵
3420 3463 3506 3478 ’⁵⁵⁵³

215 3463 536 3534 quemlibet,
571 3475 662 3530 sed
676 3475 770 3533 Dei
799 3463 1004 3539 cultum
1031 3463 1340 3560 signiﬁcare
1914 3488 2039 3547 labe
2063 3494 2408 3565 mundam”,
2435 3505 2492 3554 θί
2511 3498 2632 3570 eius
2654 3501 2878 3560 nomine
2929 3520 3334 3568 consecramu"
3383 3513 3506 3586 Ipse

217 3549 327 3586 ‘aln
365 3560 574 3586 ηΛ-νιξ-ιι
604 3565 706 3586 Ξ-Α-
852 3581 863 3586 ι
912 3575 944 3586 Α·
1988 3583 1997 3586 Δ
2098 3585 2107 3586 7

1319 3549 1333 3551 -
1380 3549 1602 3558 ~-———-—-
1671 3549 1813 3568 ...ιι-ν
2208 3549 2214 3550 κ
2442 3549 2877 3570 "vrum—mw
2930 3549 3334 3568 ννηυννιαιυυ..
3383 3549 3506 3586 ,νος

215 3549 328 3608 isto
362 3560 577 3620 nomine
601 3565 946 3642 interpretati
985 3549 1112 3636 sunt
1128 3586 1306 3642 nostri
1329 3604 1448 3646 eam
1477 3609 1598 3665 quae
1622 3549 1810 3660 ἀΐδεω
1911 3583 2058 3640 enim
2085 3585 2209 3644 fons
2236 3597 2436 3646 nostrae
2476 3591 2852 3663 beatitudinis,
2913 3597 3030 3667 ipse
3079 3603 3258 3658 omnis
3297 3607 3509 3678 appeti.

215 3644 458 3678 n------:-,
490 3653 703 3678 .I:-:.___-\
766 3670 779 3678 .
881 3663 886 3668 -
1045 3671 1058 3678 -
1130 3673 1150 3678 _
1237 3677 1241 3678 ,

2287 3644 2292 3645 κ
2321 3644 2330 3646 τ
2397 3644 2428 3645 η
2477 3644 2504 3647 η
2523 3644 2852 3663 vnn—nm,
2914 3644 3029 3667 τ--
3081 3644 3258 3658 mu..-
3297 3644 3506 3678 ..νικη-

209 3644 460 3716 θρησκιία
487 3653 732 3732 diem").
765 3663 947 3722 tamen
968 3671 1095 3740 quia
1124 3673 1320 3733 Latina
1369 3644 1810 3754 loqujendivg;
1909 3679 2076 3736 tionis
2102 3681 2351 3740 estzﬁnis.
2379 3683 2537 3742 Hunc
2561 3687 2822 3758 eligentes
2867 3690 2954 3746 vel
2973 3693 3154 3762 potius
3180 3695 3506 3769 religentes,

209 3743 500 3769 anno...l!..-
542 3765 640 3769 ..Αμ
696 3768 700 3769 ,
753 3753 766 3769 1
933 3759 945 3769 .
1109 3764 1121 3769 -

209 3743 504 3803 suetudine
541 3765 652 3806 non
687 3753 864 3812 solum
930 3759 1332 3837 imperitorum,
1388 3788 1578 3832 verum
1640 3782 1803 3838 etiam

209 3831 649 3863 ιιηηιτοηεη.-..-...
688 3852 732 3863 -.
771 3861 810 3863 ,κ
938 3851 973 3863 ,ο
1055 3855 1088 3863 .-
1194 3859 1206 3863 -

2633 3743 2665 3758 υ
2778 3743 2813 3744 η
2883 3743 2951 3746 πί
2973 3743 3152 3762 τνν---
3180 3743 3502 3769 ---υν··νννι

1918 3773 2271 3832 amiseramus
2295 3777 2445 3832 enim
2474 3781 2841 3853 negligentes;
2866 3783 3012 3842 hunc
3040 3801 3173 3860 ergo
3189 3789 3502 3863 religentes,

205 3831 655 3897 doctissimorum
680 3852 736 3900 et
760 3831 1174 3918 cognationibus
1190 3859 1467 3934 humanis,
1493 3877 1659 3941 atque
1687 3874 1803 3929 alli-

2255 3831 2262 3832 ,
2307 3831 2343 3832 η
2474 3831 2841 3853 φυηρ-ψη,
2866 3831 3012 3842 π..-
3043 3831 3093 3840 ν.
3140 3831 3286 3845 νη...
3325 3831 3497 3862 ww...

1918 3865 2050 3920 unde
2078 3873 2134 3922 et
2159 3867 2350 3940 religio
2370 3869 2878 3942 dictaperhibetur,
2915 3877 2986 3933 ad
3022 3831 3146 3934 eum
3201 3831 3497 3942 dilgctione

203 3927 498 3996 nitatibus,
523 3939 581 3987 et
616 3935 921 4010 quibusque
946 3927 1673 4017 necessitudinibus'dicitur
1707 3980 1802 4021 ex-

203 4012 438 4074 hibenda
464 4023 678 4095 religio,
709 4045 818 4086 non
839 4048 905 4089 eo
936 4039 1202 4118 vocabulo
1227 4045 1432 4103 vitatur
1461 4052 1798 4127 ambiguum,

201 4120 326 4161 cum
355 4109 422 4166 de
446 4113 597 4170 cultu
626 4116 845 4179 deitatis
886 4129 1121 4185 vertitur
1155 4116 1406 4207 quaestio,
1457 4149 1518 4196 ut
1568 4109 1799 4204 ﬁdenter

199 4195 385 4255 dicere
410 4202 690 4265 valeamus
737 4213 1056 4287 religionem
1110 4239 1220 4279 non
1267 4242 1387 4285 esse
1437 4232 1542 4288 nisi
1589 4237 1794 4296 cultum

201 4287 300 4345 Dei
327 4307 342 4346 :
382 4312 401 4345 ι
430 4300 690 4366 quoniam
719 4305 935 4365 videtur
966 4301 1078 4370 1106
1091 4317 1316 4375 verbum
1351 4337 1384 4376 a
1441 4287 1794 4398 signiﬁcanda

192 4385 544 4450 observantia
586 4401 1010 4474 propinquitatis
1039 4410 1294 4472 humanae
1349 4419 1646 4481 insolenter
1690 4443 1792 4484 au-

192 4471 346 4588 Iferri.
373 4481 556 4588 Pietas
577 4471 1045 4570 quoque—proprie
1077 4503 1173 4560 Dei
1199 4471 1654 4588 cultuswint'ellivgi

188 4564 287 4634 let,
314 4573 670 4641 quameci
690 4564 954 4646 εὗσέέειαξο
980 4604 1197 4651 vocant.
1229 4597 1356 4654 Haec
1383 4609 1564 4660 tamen
1580 4564 1634 4662 el;
1659 4623 1788 4682 erga

183 4672 445 4728 parentes
463 4667 704 4730 oliieiose
723 4674 914 4734 haberi
944 4683 1163 4741 dicitur.
1196 4688 1344 4747 More
1401 4705 1582 4754 autem
1637 4667 1784 4775 vulgi

186 4752 289 4775 ..--
321 4772 384 4775 _-
587 4765 619 4775 --
745 4769 757 4775 -

183 4752 291 4809 hoc
320 4772 522 4817 nomen
549 4765 713 4822 etiam
743 4769 799 4826 in
825 4775 1082 4844 operibus
1111 4781 1504 4846 misericordiae
1527 4752 1782 4866 ireque:-

179 4851 349 4901 tatur.
380 4848 537 4916 Quod
565 4854 687 4912 ideo
716 4861 956 4920 arbitror
980 4871 1249 4940 evenisse,
1302 4879 1430 4948 quia
1487 4848 1780 4945 haec‘ﬁeri

171 4942 452 5043 praecipue
482 4951 707 5007 mandat
729 4955 890 5023 Deus,
916 4975 1090 5033 eaque
1121 4965 1224 5022 sibi
1250 4969 1334 5025 vel
1364 4987 1466 5043 pro
1492 4977 1780 5040 sacriﬁciis

176 5025 264 5079 vel
291 5043 408 5097 pra:
431 5039 715 5099 sacriﬁciis
752 5047 972 5123 placere
994 5025 1246 5114 testatur.
1277 5025 1488 5136 Ex‘qua
1521 5066 1779 5140 loquendi

169 5127 574 5186 consuetudine
601 5131 804 5192 factum
843 5149 946 5208 est,
1002 5153 1062 5200 ut
1109 5155 1166 5203 et
1203 5149 1348 5209 Deus
1396 5127 1514 5228 ipse

166 5213 298 5282 pius
340 5235 353 5272 :
389 5235 553 5290 quem
595 5240 728 5283 sane
775 5227 950 5289 Graeci
1002 5239 1152 5296 nullo
1207 5257 1308 5300 suo
1353 5252 1621 5309 sermonis
1670 5270 1774 5314 usu

165 5308 401 5366 εὐσεϐεῖν
424 5325 641 5385 vocant,
667 5325 917 5391 quamvis
943 5328 1212 5392 εὐσέϐειαν
1237 5351 1339 5407 pro
1391 5341 1770 5406 misericordia

152 5396 392 5506 illorum
420 5407 588 5464 etiam
611 5411 804 5486 vulgus
839 5431 1088 5493 usurpet.
1147 5396 1300 5485 Unde
1340 5431 1396 5488 in

165 5488 584 5564 Scripturarum
622 5503 776 5575 locis,
809 5518 870 5566 ut
894 5488 1172 5575 distinctio
1200 5524 1403 5582 certior
1449 5488 1762 5606 appareret,

162 5595 273 5638 non
293 5590 582 5662 ιῦσίϐιιαν,
598 5599 744 5666 quod
755 5616 824 5658 ex
836 5603 981 5664 bono
992 5609 1160 5678 cultu,
1179 5615 1276 5671 sed
1287 5590 1594 5694 θεοσεεέιέιν,
1617 5590 1764 5698 quod

157 5693 230 5734 ex
255 5680 348 5738 Dei
385 5689 534 5746 cultu
560 5701 919 5768 compositum
948 5721 1191 5780 resonat,
1222 5712 1406 5772 dicere
1423 5721 1754 5784 maluerunt.

162 5770 502 5836 Utrumlibet
535 5795 718 5846 autem
756 5792 951 5852 horum
982 5815 1082 5858 nos
1109 5819 1218 5864 uno
1264 5810 1432 5867 verbo
1475 5819 1760 5876 enuntiare

156 5878 268 5923 non
292 5883 606 5943 possumus.
659 5879 792 5949 Quae
849 5886 1036 5959 itaque
1087 5895 1294 5975 λατρεία
1327 5901 1518 5964 Graece
1549 5926 1757 5971 nuncu~

567 5972 842 6045 PATROL.
899 5975 1073 6065 ριν,

1905 3956 2198 4024 tendimus,
2227 3967 2289 4012 ut
2323 3961 2692 4030 perveniendo
2727 3965 3104 4036 quiescamus;
3154 3971 3276 4028 ideo
3327 3975 3500 4046 beati,

1903 4049 2030 4119 quia
2057 4049 2149 4105 illo
2180 4050 2287 4106 ﬁne
2317 4051 2569 4123 perfecti.
2612 4074 2633 4109 ι
3537 4069 3549 4081 “

1970 4141 2056 4196 lli.
2095 4141 2250 4210 Quod
2278 4144 2423 4201 inter
2451 4146 2624 4204 Deum
2646 4158 2702 4204 et
2722 4150 2975 4211 homines
3009 4156 3190 4216 nullus
3238 4160 3312 4216 sit
3355 4162 3500 4222 alius

1899 4235 2167 4292 mediator
2187 4240 2535 4309 qumrendus,
2564 4243 2671 4298 nisi
2701 4243 2792 4300 ille
2819 4248 2912 4318 qui
2936 4249 3158 4310 Deuset
3185 4254 3349 4313 homo
3383 4267 3492 4327 est,

1897 4343 1966 4383 ex
1987 4328 2082 4384 lib.
2114 4346 2170 4385 rx
2199 4333 2373 4389 sancti
2395 4335 2684 4407 Augustini
2725 4339 2781 4394 in
2819 4357 2983 4413 opere
3011 4350 3490 4427 superiusmemo-

1895 4429 2015 4478 rato
2044 4421 2196 4496 (Cap.
2224 4424 2312 4497 15)
2349 4444 2362 4480 :
2396 4445 2414 4478 ι
2455 4427 2741 4488 Multitudo
2795 4449 2917 4505 qua:
2969 4439 3128 4496 beata
3174 4426 3275 4508 est,
3325 4444 3490 4503 unius

1894 4513 1991 4570 Dei
2035 4517 2458 4588 participatione
2486 4519 2547 4575 ﬁt
2599 4523 2781 4581 beata.
2820 4525 2986 4598 Cujus
3041 4534 3482 4608 participationis

1893 4606 2199 4676 privatione
2234 4608 2432 4666 misera
2489 4613 2778 4673 multitudo
2827 4619 3096 4676 malorum
3143 4606 3504 4712 angeloruin‘

1892 4713 2012 4769 quae
2050 4714 2109 4756 se
2137 4702 2363 4772 opponit
2383 4705 2568 4774 potius
2604 4708 2673 4765 ad
2707 4709 3152 4784 impedimentum
3202 4735 3365 4790 quam
3394 4702 3485 4781 in;

1889 4801 2126 4870 terponit
2149 4802 2219 4858 ad
2246 4804 2596 4865 beatitudinis
2623 4810 2970 4883 adjutorium,
2998 4816 3162 4872 etiam
3190 4819 3307 4892 ipsa
3342 4825 3484 4880 mul-

1888 4893 2120 4950 titudine
2161 4896 2428 4971 obstrepit
2465 4903 2894 4972 quodammodo,
2926 4922 2994 4963 ne
3015 4911 3190 4978 possit
3229 4914 3297 4970 ad
3342 4914 3478 4974 illud

1886 5001 2055 5042 unum
2092 4987 2401 5045 beatiﬁcum
2429 4995 2725 5062 perveniri,
2764 4996 2834 5051 ad
2860 4998 3004 5066 quod
3034 5006 3097 5054 ut
3146 5004 3474 5074 perducere-

1884 5093 2030 5146 mur,
2061 5097 2170 5137 non
2198 5083 2404 5153 multis,
2433 5088 2529 5144 sed
2550 5105 2660 5145 uno
2708 5091 3008 5150 mediatore
3047 5113 3185 5170 opus
3235 5114 3374 5174 erat,
3416 5117 3476 5165 et

1880 5169 1985 5227 hoc
2007 5187 2074 5228 eo
2095 5173 2214 5244 ipso
2230 5175 2384 5248 cujus
2408 5180 2825 5253 participatione
2849 5185 3020 5246 simus
3045 5169 3212 5261 beati,
3243 5196 3346 5254 hoc
3360 5169 3468 5268 est,

1879 5260 2060 5321 Verbo
2088 5265 2207 5336 Dei,
2235 5285 2342 5327 non
2379 5271 2546 5341 facto,
2571 5274 2667 5330 sed
2707 5290 2808 5346 per
2831 5281 2976 5350 quod
3006 5282 3150 5342 facta
3182 5260 3308 5346 sunt
3348 5260 3469 5350 om;

1873 5355 1986 5411 nia.
2011 5357 2122 5417 Nec
2145 5367 2326 5419 tamen
2354 5364 2424 5419 ob
2447 5363 2552 5420 hoc
2575 5367 2842 5426 mediator
2887 5383 2992 5442 est,
3017 5378 3144 5448 quia
3187 5378 3463 5456 Verbum;

1873 5447 2133 5521 (maxime
2155 5455 2356 5527 quippe
2386 5457 2694 5517 immortale
2717 5471 2774 5519 et
2803 5447 3279 5532 maximebeatum
3336 5447 3485 5558 Ver;

1874 5539 2003 5597 bum
2033 5543 2191 5616 longe
2216 5555 2302 5602 est
2332 5562 2364 5602 a
2405 5550 2724 5611 mortalibus
2769 5557 3028 5634 miseris),
3053 5565 3150 5621 sed
3193 5569 3465 5630 mediator

1872 5651 1973 5706 per
2000 5637 2145 5708 quod
2171 5637 2353 5705 homo,
2395 5656 2462 5698 eo
2491 5642 2610 5715 ipso
2634 5647 2824 5720 utique
2877 5655 3169 5713 ostendens
3208 5659 3276 5715 ad
3325 5662 3460 5722 illud

1870 5743 1976 5784 non
2007 5728 2181 5784 solum
2210 5730 2452 5802 beatum,
2477 5751 2664 5795 verum
2691 5743 2855 5799 etiam
2897 5744 3206 5806 beatiﬁcnm
3249 5751 3455 5812 bonum

1867 5836 1974 5877 non
2009 5832 2260 5892 oportere
2286 5829 2454 5898 qumri
2481 5831 2616 5889 alios
2643 5836 2970 5895 mediatores
3013 5856 3112 5911 per
3138 5859 3274 5913 quos
3306 5849 3455 5903 arbi-

1867 5923 2075 5974 tremur
2100 5919 2256 5978 nobis
2300 5928 2669 6002 perventionis
2711 5915 2911 6004 gradus
2952 5950 3076 5992 esse
3114 5937 3415 5999 inoliendos
3457 5953 3463 5982 -‘

3011 6030 3050 6099 7
