4012 6338
528 440 636 502 205

1479 428 1539 492 s.
1575 416 1925 490 AGOBARM
1962 411 2271 488 mst
2298 412 2788 489 tuonumsts

3694 416 3810 489 9M

527 558 943 632 quiasbea‘tuset
970 549 1233 621 paciﬁcus
1244 547 1408 610 Deus,
1426 544 1888 616 factusparticeps
1910 544 2106 598 huma-
2128 548 2185 609 Α
2278 544 2344 600 ν.
2374 544 2510 602 item
2528 558 2603 600 ex
2620 544 2770 599 iibro
2788 542 3003 615 praefati
3026 544 3210 617 operis
3299 544 3441 618 quoa
3460 545 3617 602 'n‘uila
3638 556 3817 604 ‘crea-

520 652 716 709 uitatis
741 648 960 708 nostra),
1012 641 1396 713 conmendium
1439 639 1675 711 praebuit
1721 637 2112 709 participanda

514 739 828 803 divinitatis
858 744 995 795 suae.
1045 734 1233 804 Neque
1276 735 1551 788 enimnos
1588 745 1623 785 a
1670 730 2012 786 mortalitate
2056 736 2113 783 et

524 834 748 893 miseria
776 830 1029 893 liberans,
1071 827 1138 882 ad
1162 825 1387 896 angelos
1439 822 1777 879 immortales
1804 821 2111 891 'beatoswe

524 929 601 983 ita
624 924 870 997 perducit
891 929 950 977 ut
972 933 1162 976 eorum
1200 917 1618 987 participatione
1643 916 1808 970 etiam
1860 930 1962 970 nos
2006 915 2111 969 im-

524 1016 787 1073 mortales
808 1023 866 1069 et
886 1010 1029 1068 beati
1056 1010 1245 1071 simus,
1295 1006 1390 1063 sed
1440 1007 1509 1061 ad
1566 1006 1714 1061 illam
1759 1006 2107 1072 Trinitatem,

523 1109 681 1179 cujus
703 1116 762 1164 et
787 1105 958 1178 angeli
974 1100 1387 1175 participatione
1410 1099 1555 1154 beati
1571 1100 1717 1154 sunt.
1750 1097 1879 1153 Ideo
1894 1098 2110 1168 quando

524 1203 582 1258 in
613 1201 783 1256 forma
806 1198 971 1262 servi,
999 1204 1060 1249 ut
1086 1192 1359 1249 mediator
1379 1200 1547 1255 esset,
1567 1188 1711 1244 infra
1736 1189 1955 1261 angelos
1988 1203 2111 1244 esse

523 1294 711 1359 voluit,
751 1293 806 1347 in
827 1290 998 1347 forma
1050 1286 1147 1343 Dei
1196 1300 1361 1355 super
1402 1283 1625 1354 angelos
1666 1282 1910 1337 mansit:
1964 1279 2107 1336 idem

524 1386 581 1441 in
642 1381 990 1440 inferioribus
1052 1378 1139 1434 via
1196 1376 1326 1431 vitae
1356 1416 1371 1441 ,
1459 1375 1555 1445 qui
1604 1375 1661 1430 in
1737 1374 2109 1445 superioribus

529 1484 663 1539 vita.
704 1494 732 1535 τ

596 1573 684 1629 iV.
717 1569 796 1626 Ex
825 1567 966 1625 libro
985 1583 1020 1622 χ
1040 1564 1285 1633 ejusdem
1315 1569 1518 1633 operis,
1564 1563 1656 1616 ubi
1704 1560 2109 1616 evidentissime

2202 643 2333 690 "tura
2358 637 2545 693 colens
2572 634 2746 709 neum
2770 634 2903 693 velit
2920 644 3030 708 pro
3050 635 3150 693 tuo
3168 626 3278 694 “coli
3310 640 3397 695 cui
3443 632 3500 695 et
3530 636 3650 713 ipsa
3678 639 3819 698 sub-

2204 730 2324 786 dita
2367 738 2453 786 est
2497 730 2664 803 ('Cap.
2693 730 2798 801 4):
2835 750 2853 783 ι
2882 728 3227 801 cumdque
3263 732 3442 803 igitur
3484 733 3819 792 immortalis

2202 829 2453 892 potestas
2492 823 2835 894 quantalibet
2872 824 3075 879 virtute
3112 824 3372 896 praedita,
3415 824 3461 880 si
3504 840 3605 882 nos
3634 825 3821 900 diligit

2208 911 2352 967 sicut
2380 914 2613 984 seipsam
2630 957 2643 976 ,
2676 915 2728 970 ei
2756 912 2871 969 vult
2901 924 3021 971 esse
3047 913 3319 982 subditus,
3340 916 3409 970 ‘ut
3437 914 3582 971 beati
3611 920 3819 985 simus,

2209 1010 2296 1065 cui
2324 1018 2379 1065 et
2405 1010 2520 1082 ipsa
2546 1011 2760 1068 subdita
2782 1014 2946 1069 beata
2960 1021 3071 1070 ‘est.
3094 1008 3154 1069 Si
3177 1030 3308 1088 ergo
3332 1014 3440 1072 non
3462 1015 3589 1072 colit
3611 1016 3816 1081 Deum,

2210 1103 2412 1159 misera
2449 1115 2562 1171 est,
2607 1108 2732 1177 quia
2768 1108 3019 1178 privatur
3056 1098 3189 1165 Deo.
3232 1106 3314 1163 illi
3342 1110 3486 1166 enim
3514 1111 3693 1181 potius
3727 1109 3819 1165 di-

2208 1195 2351 1251 vinae
2376 1201 2658 1254 sentent‘a:
2687 1198 3040 1274 suffragatur,
3064 1210 3126 1257 et
3153 1201 3460 1259 dilectionis
3486 1186 3692 1261 viribus
3721 1204 3820 1260 fa-

2213 1301 2305 1348 vet
2324 1336 2338 1357 ,
2369 1304 2474 1363 qua
2504 1296 2768 1366 scriptum
2800 1306 2903 1354 est.
2939 1298 3263 1371 Sacri/ianua
3293 1301 3395 1357 diis
3423 1303 3820 1370 eradicabilur,

2208 1384 2314 1437 nisi
2353 1384 2579 1440 Domino
2621 1387 2738 1443 soli.
2785 1389 2955 1457 Nam,
3002 1390 3061 1446 ut
3102 1392 3210 1447 alia
3250 1409 3394 1449 nunc
3430 1378 3647 1469 taceam
3680 1411 3827 1468 qua

2202 1477 2485 1546 pertinent
2509 1480 2576 1533 ad
2602 1478 2886 1552 religionis
2914 1483 3234 1555 Obsequium
3264 1472 3372 1556 quo
3402 1486 3597 1543 colitur
3620 1487 3787 1544 Deus
3805 1527 3825 1556 ,

2204 1572 2538 1629 sacriﬁcium
2569 1585 2720 1631 certe
2748 1577 2929 1633 nullus
2956 1574 3238 1635 hominum
3268 1589 3353 1638 est
3375 1582 3474 1652 qui
3503 1584 3698 1649 audeat
3732 1583 3831 1639 di-

518 1662 773 1736 exemplo
804 1660 1015 1717 Domini
1050 1657 1180 1714 Iesu
1205 1657 1410 1713 Christi
1440 1654 1600 1711 docet
1627 1655 1823 1709 beatus
1855 1654 2112 1725 Augusti-

2220 1680 2336 1723 cerc
2362 1668 2547 1724 deberi
2568 1711 2583 1737 ,
2600 1670 2712 1726 nisi
2736 1670 2869 1727 Deo.
2900 1671 3069 1728 Multa
3094 1674 3329 1746 denique
3357 1676 3423 1730 de
3450 1675 3596 1732 cultu
3622 1676 3829 1735 divino

522 1773 631 1814 nus
661 1755 794 1812 nulli
816 1760 1080 1810 matura:
1104 1747 1552 1816 sacriﬁcandum,
1584 1747 1658 1802 ita
1682 1748 1885 1802 docens
1914 1748 2104 1820 (Οιψρ.
2186 1756 2475 1829 usurpata
2506 1770 2631 1816 sunt
2651 1803 2665 1828 ,
2699 1778 2820 1833 qua:
2848 1764 3151 1821 honoribus
3177 1756 3497 1824 deferuntur
3522 1769 3827 1836 humanis,

522 1851 612 1915 49,
644 1849 736 1920 20)
764 1864 779 1903 :
808 1865 829 1899 ι
861 1845 965 1915 Qui
996 1852 1185 1900 autem
1213 1850 1403 1913 putant
1424 1842 1541 1897 haec
1584 1840 1817 1895 visibilis
1838 1840 2110 1896 sacriﬁcia

2220 1849 2327 1906 sive
2355 1850 2662 1908 humilitate
2690 1853 2857 1909 nimia
2878 1896 2893 1921 ,
2924 1856 3039 1911 'sive
3069 1852 3378 1914 adulatione
3404 1856 3699 1931 pestifera;
3741 1862 3832 1918 ita
3860 1839 3864 1842 ﬁ

522 1945 633 2001 diis
650 1943 776 1998 aliis
794 1950 1118 2012 congrum.
1152 1946 1366 1992 mmo
1388 1948 1519 1990 νετο
1539 1934 1651 1990 980
1680 1942 1940 2005 la"(illam
1972 1933 2110 1988 inVi-
2132 1912 2185 1976 Β
2216 1952 2401 1999 tamen
2426 1952 2487 2023 ut
2506 1945 2710 2015 quibus
2735 1962 2799 2002 ea
2825 1912 3162 2016 deferuntur,
3189 1912 3434 2009 homines
3457 1912 3831 2023 haberentur,

516 2038 668 2096 sibili
683 2035 976 2093 invisibilia
993 2042 1049 2089 et
1062 2031 1271 2101 majora
1286 2029 1504 2100 majori,
1526 2031 1849 2101 meliorique
1863 2030 2113 2098 meliora,

524 2134 703 2207 qualia
725 2144 850 2190 sunt
859 2146 1011 2203 purae
1020 2130 1222 2186 mentis
1231 2138 1287 2185 et
1298 2127 1453 2184 bona:
1471 2128 1767 2187 voluntatis
1782 2127 1973 2190 cilicia,
1991 2142 2117 2199 pro-

522 2223 668 2285 fecto
688 2225 936 2283 nesciunt
952 2224 1075 2279 haec
1093 2222 1168 2277 ita
1194 2222 1351 2294 signa
1375 2234 1495 2276 esse
1516 2221 1755 2288 illorum,
1786 2222 1927 2278 sicut
1947 2222 2114 2277 verba

522 2321 773 2380 sonantia
812 2319 965 2391 signa
1020 2326 1148 2374 sunt
1189 2330 1395 2372 rerum.
1431 2315 1699 2384 Quocirca
1727 2316 1872 2372 sicut
1899 2324 2119 2371 orantes

524 2423 689 2485 atque
751 2412 1038 2469 laudantes
1078 2410 1152 2465 ad
1205 2422 1331 2464 eum
1386 2407 1675 2479 dirigimus
1744 2406 2116 2479 signiﬁcantes

521 2516 710 2569 voces,
738 2503 827 2559 cui
848 2516 940 2558 res
964 2501 1115 2573 ipsas
1130 2501 1190 2555 in
1217 2499 1383 2555 corde
1400 2512 1538 2569 quas
1568 2496 1945 2569 signiﬁcamus
1986 2495 2118 2552 οπε-

518 2597 818 2663 rimus;ita
854 2593 1226 2651 sacriﬁcantes
1248 2606 1357 2648 non
1377 2590 1536 2647 alteri
1548 2589 1761 2645 visibile
1788 2590 2117 2646 sacriﬁcium

514 2689 857 2747 nilei-endam
872 2696 999 2744 esse
1018 2685 1337 2741 noverimus
1361 2698 1526 2753 quam
1551 2682 1653 2750 illi,
1683 2681 1843 2753 cujus
1888 2683 1947 2738 in
2000 2692 2120 2738 cor—

516 2785 681 2841 dibus
706 2782 907 2839 nostris
942 2778 1215 2835 invisibile
1226 2776 1566 2833 sacriﬁcium
1593 2790 1695 2831 nos
1746 2775 1850 2847 ipsi
1868 2786 1995 2831 esse
2024 2772 2119 2829 de-

519 2879 732 2933 bemus.
785 2875 941 2930 Tunc
987 2872 1147 2928 nobis
1191 2868 1401 2937 lavent,
1452 2869 1719 2939 nobisque
1750 2866 2116 2941 congaudent,

522 2978 687 3039 atque
706 2967 908 3021 adhoc
938 2963 1115 3034 ipsum
1159 2976 1261 3017 nos
1280 2968 1385 3033 pro
1438 2961 1553 3017 suis
1597 2959 1807 3015 viribus
1860 2958 2120 3029 adjuvant

518 3060 699 3130 angeli
722 3057 925 3129 quique
940 3054 1287 3124 virtutesque
1297 3051 1634 3123 superiores,
1660 3058 1717 3106 et
1740 3050 1859 3120 ipsa
1875 3050 2120 3105 bonitate

510 3166 590 3206 (ac
616 3149 819 3221 pietate
846 3147 1202 3217 potentiores.
1222 3143 1288 3199 Si
1312 3152 1501 3198 autem
1536 3141 1643 3197 illis
1680 3142 1797 3197 haec
1859 3140 2117 3197 exhibere

2218 2036 2310 2107 qui
2334 2037 2590 2092 dicuntur
2612 2037 2823 2093 colendi
2852 2047 2909 2096 et
2933 2040 3230 2097 venerandi
3253 2058 3269 2109 ;
3296 2042 3343 2097 si
3371 2051 3550 2099 autem
3578 2044 3831 2101 multum

2218 2130 2299 2183 eis
2335 2128 2575 2194 additur,
2618 2137 2675 2185 et
2716 2130 3001 2186 adorandi.
3048 2129 3182 2199 Quis
3226 2148 3354 2188 vero
3392 2133 3832 2193 sacriﬁcandum

2216 2221 2462 2286 censuit,
2490 2221 2598 2276 nisi
2630 2221 2679 2277 ei
2708 2234 2870 2292 quem
2898 2228 2995 2279 aut
3024 2222 3184 2281 scivit
3213 2222 3385 2281 Deum
3404 2266 3419 2294 ,
3448 2234 3541 2282 aut
3564 2216 3792 2298 putavit
3811 2268 3831 2298 ,

2220 2323 2313 2368 aut
2342 2313 2543 2368 ﬁnxit?
2572 2328 2592 2369 ›

2290 2398 2377 2463 Vl.
2419 2402 2499 2462 Ex
2542 2405 2683 2463 libro
2724 2407 2897 2463 sancti
2939 2407 3229 2478 Augustini
3259 2408 3325 2465 de
3351 2423 3481 2465 vera
3508 2408 3829 2482 Religione,

2219 2498 2364 2572 apud
2407 2514 2545 2571 quos
2583 2501 2926 2572 potissimum
2974 2500 3120 2557 Deus
3166 2494 3331 2558 verus
3374 2488 3696 2573 quaerendus
3748 2505 3834 2560 sit

2218 2593 2388 2667 (Cap.
2424 2592 2524 2666 15)
2552 2611 2564 2647 :
2594 2611 2613 2644 ι
2645 2593 2803 2648 Prius
2829 2608 2958 2665 ergo
2990 2593 3253 2664 sequendi
3293 2602 3451 2661 sunt,
3483 2594 3685 2666 inquit,
3716 2595 3830 2666 qui

2218 2701 2384 2740 unum
2424 2698 2696 2739 summum
2725 2682 2900 2740 solum
2929 2698 3116 2740 verum
3142 2683 3322 2740 Deum
3349 2682 3406 2739 e't
3432 2683 3602 2740 solum
3632 2684 3831 2742 colen-

2219 2776 2348 2832 dum
2372 2790 2499 2832 esse
2526 2775 2733 2831 dicunt.
2757 2773 2836 2829 Si
2864 2775 3007 2845 apu'd
3032 2776 3139 2831 nos
3164 2775 3373 2831 veritas
3398 2788 3511 2831 non
3542 2774 3785 2833 cinxerit
3807 2816 3827 2843 ,

2218 2875 2333 2923 tum
2362 2867 2584 2923 demum
2615 2868 2960 2940 migrandum
3000 2874 3104 2924 est.
3130 2867 3293 2925 Sicut
3321 2870 3465 2925 enim
3490 2871 3551 2925 in
3581 2856 3696 2940 ipsa
3726 2886 3830 2927 re-

2220 2975 2342 3015 rum
2370 2968 2564 3015 natura
2588 2961 2764 3032 major
2790 2968 2877 3017 est
2901 2961 3197 3018 auctoritas
3225 2962 3385 3019 unius
3408 2963 3476 3019 ad
3500 2972 3669 3019 unum
3697 2980 3830 3019 orn-

2220 3054 2311 3109 nia
2342 3053 2671 3126 redigends,
2702 3068 2806 3111 nec
2835 3055 2890 3109 in
2934 3070 3133 3127 genere
3167 3054 3411 3111 humano
3444 3050 3830 3111 multitudinis

2221 3144 2330 3199 ulla
2358 3144 2601 3216 potentia
2627 3153 2715 3200 est
2739 3146 2845 3201 nisi
2872 3144 3306 3213 consentientis;
3346 3146 3420 3202 ita
3456 3144 3518 3202 in
3552 3144 3829 3217 religione

522 3241 875 3305 voluerimus,
903 3252 1011 3293 non
1036 3236 1275 3292 libenter
1292 3234 1597 3305 accipiunt;
1621 3241 1678 3289 et
1698 3247 1824 3287 cum
1850 3232 1917 3288 ad
1944 3232 2119 3287 homi—
2132 3286 2189 3350 Ὠ
2222 3237 2318 3307 qui
2346 3237 2413 3293 ad
2438 3252 2606 3291 unum
2647 3245 2878 3303 vocant,
2918 3250 3109 3293 eorum
3146 3236 3326 3310 major
3356 3245 3419 3294 'et
3451 3228 3563 3293 ﬁde
3594 3236 3830 3308 dignior

578 3348 619 3350 κ-
782 3332 1074 3350 μεμη-.--μ
1234 3338 1415 3350 “mm
1467 3326 1750 3350 ___.--_.t_
1811 3326 2081 3350 “an..-
2225 3344 2335 3350 --η
2373 3330 2523 3350 Δ-ι-.
2553 3330 2847 3350 ----.---ε.--

524 3348 626 3389 nes
668 3334 748 3387 ita
780 3332 1077 3388 mittuntur
1118 3336 1185 3383 ut
1229 3338 1419 3384 eorum
1460 3326 1755 3397 praesentia
1811 3326 2114 3392 sentiatur,

424 3453 429 3458 ~
512 3427 873 3500 apertissime
893 3432 1099 3481 vetant.
1130 3423 1272 3479 Sunt
1299 3424 1367 3480 de
1391 3424 1478 3479 his
1514 3421 1761 3493 exempla
1816 3421 1873 3477 in
1916 3421 2118 3478 litteris

516 3520 752 3577 sanctis.
776 3518 1110 3575 Putaverunt
1133 3516 1356 3588 quidam
1377 3514 1731 3571 deferendum
1776 3513 1986 3584 angelis
2014 3514 2117 3569 ho-

514 3624 742 3683 norem,
765 3615 853 3672 vel
881 3613 1179 3679 adoranda,
1216 3611 1304 3667 vel
1329 3609 1711 3674 sacriﬁcando,
1742 3607 1836 3679 qui
1890 3607 2120 3664 debetur

518 3711 676 3777 Deo;
702 3720 760 3765 et
782 3722 971 3764 eorum
996 3715 1126 3762 sunt
1152 3703 1521 3759 admonitione
1549 3700 1835 3772 prohibiti,
1870 3698 2121 3770 iussique

516 3812 653 3860 sunt
696 3803 810 3859 hoc
846 3800 904 3856 ei
946 3796 1188 3863 deferre,
1242 3796 1331 3851 cui
1380 3795 1473 3849 uni
1514 3793 1600 3849 tas
1651 3806 1773 3848 esse
1826 3798 2116 3847 noverunt.

522 3895 731 3953 imitati
757 3902 885 3950 sunt
905 3891 1130 3963 angelos
1170 3896 1396 3945 sanctos
1428 3888 1596 3943 etiam
1652 3887 1825 3942 sancti
1871 3886 2122 3942 homines

522 3988 654 4045 Dei.
706 3989 842 4043 Nam
890 3986 1093 4043 Paulus
1128 3991 1189 4040 et
1222 3982 1508 4038 Barnabas
1544 3981 1605 4036 in
1650 3980 1928 4055 Lycaonia
1976 3978 2124 4036 facto

531 4070 769 4152 quodam
799 4079 1064 4135 miraculo
1113 4076 1383 4141 sanitatis,
1409 4075 1584 4145 putati
1616 4082 1745 4131 sunt
1770 4074 1877 4142 Dii,
1932 4074 2121 4145 eisque

526 4173 789 4247 Lycaonii
818 4169 1382 4227 victimasimmolare
1423 4168 1713 4224 voluerunt
1743 4184 1758 4223 :
1788 4168 1931 4240 quod
1972 4185 2005 4223 a
2061 4184 2121 4225 se

526 4264 723 4323 humili
746 4264 952 4335 pietate
974 4268 1345 4326 removentes,
1387 4259 1471 4315 eis
1508 4259 1567 4314 in
1616 4274 1780 4331 quem
1832 4261 2120 4316 crederent

524 4358 989 4414 annuntiavertmt
1008 4352 1201 4408 Deum.
1242 4350 1353 4409 Nec
1390 4352 1461 4409 ob
1483 4352 1630 4409 aliud
1662 4353 1888 4410 fallaces
1917 4354 1998 4410 illi
2034 4371 2120 4410 su-

526 4449 699 4521 perbe
725 4445 825 4502 sibi
855 4446 960 4501 hoc
976 4445 1227 4517 exigunt,
1258 4444 1361 4499 nisi
1407 4444 1537 4515 quia
1583 4460 1716 4500 vero
1774 4444 1887 4500 Deo
1934 4444 2119 4501 deberi

531 4543 732 4599 sciunt.
760 4537 877 4595 Non
906 4537 1055 4592 enim
1078 4548 1272 4591 revera
1294 4535 1381 4608 (ut
1400 4536 1477 4590 ait
1504 4535 1865 4609 Porphyrius,
1899 4545 1955 4591 et
1984 4551 2119 4591 non-

2219 3344 2339 3385 esse
2364 3330 2527 3385 debet
2548 3330 2867 3385 auctoritas.
2901 3350 2921 3383 ι
3708 3374 3717 3384 .

2292 3422 2403 3479 Vit.
2439 3423 2519 3478 Ex
2560 3418 2784 3479 humilia
2826 3438 2933 3478 xxv
2960 3425 3144 3480 sancti
3189 3421 3439 3495 Gregorii
3466 3435 3625 3495 papte
3651 3436 3828 3495 super

2221 3514 2545 3587 Evangelia,
2577 3515 2814 3587 qualiter
2850 3516 3021 3572 etiam
3061 3514 3203 3587 apud
3242 3524 3461 3573 sanctos
3498 3516 3645 3573 Deus
3671 3530 3830 3588 quae-

2218 3609 2424 3664 rendus
2450 3609 2521 3663 sit
2548 3626 2560 3662 :
2586 3626 2605 3659 ι
2628 3607 2952 3676 ιρυπτθοιθε
2974 3610 3163 3666 autem
3187 3622 3290 3666 nos
3312 3608 3507 3682 vigiles
3534 3610 3829 3671 inveniunt

2216 3700 2319 3771 qui
2358 3699 2675 3755 custodiunt
2717 3701 3030 3767 civitatem;
3072 3700 3200 3772 quia
3236 3701 3415 3757 sancti
3448 3698 3680 3768 Patres,
3724 3700 3828 3774 qui

2222 3792 2481 3848 Ecclesiae
2524 3799 2725 3847 statum
2770 3791 3123 3860 custodiunt,
3166 3792 3326 3849 bouis
3372 3792 3580 3849 nostris
3624 3793 3830 3853 Studiis

2221 3894 2537 3950 occurrunt,
2568 3894 2629 3941 ut
2660 3900 2759 3942 suo
2785 3886 2875 3943 vel
2894 3888 3065 3943 verbo
3086 3887 3171 3943 vel
3195 3887 3398 3957 scripto
3419 3900 3519 3943 nos
3546 3887 3823 3944 doceant:

2220 3992 2361 4049 quos
2383 3992 2506 4033 cum
2528 3978 2808 4049 paululum
2842 3979 3276 4049 pertransimus,
3306 3978 3617 4034 invenimus
3652 3992 3823 4048 quem

2221 4073 2515 4144 diligimus.
2561 4072 2701 4141 Quia
2742 4071 3072 4145 Redemptor
3113 4079 3320 4140 noster,
3361 4072 3464 4128 etsi
3502 4070 3824 4127 humilitate

2216 4171 2383 4226 homo
2409 4171 2552 4225 inter
2578 4170 2828 4226 homines
2849 4212 2864 4238 ,
2898 4171 3179 4226 divinitate
3218 4172 3401 4227 tamen
3441 4185 3603 4241 supra
3642 4168 3825 4226 homi-

2220 4276 2320 4317 nes
2349 4261 2469 4317 fuit.
2500 4260 2634 4317 Cum
2664 4277 2795 4336 ergo
2822 4271 3175 4327 transeunter
3212 4262 3433 4336 vigiles,
3464 4260 3696 4319 dilectus
3737 4265 3826 4319 in-

2220 4355 2473 4409 venitur:
2494 4356 2625 4426 quia
2646 4371 2771 4411 cum
2791 4356 3086 4426 prephetas
3105 4363 3159 4411 et
3182 4354 3455 4427 apostolus
3476 4354 3617 4411 infra
3640 4357 3822 4431 ipsum

2220 4465 2341 4507 esse
2371 4453 2770 4525 conspicimus,
2800 4452 2951 4507 illum
2981 4454 3076 4525 qui
3108 4461 3300 4508 natura
3330 4452 3475 4508 Deus
3503 4450 3623 4517 est,
3651 4465 3821 4521 supra

2222 4546 2473 4603 homines
2499 4548 2927 4604 consideramus.
2964 4566 2982 4599 ι

532 4636 664 4694 “um
682 4632 903 4707 llum“)
931 4632 1274 4725 ωάδῖείῗίηίδ
1300 4631 1601 4725 nidorum}.
1636 4631 1731 4685 Sed
1761 4630 1961 4685 άίνίηῖε
2011 4632 2115 4725 110-
2141 4658 2197 4725 ι)
2292 4638 2389 4695 llis
2414 4641 2535 4696 inde
2560 4638 3054 4695 sententia‘Cantici
3072 4636 3418 4693 Can’ticbrum
3442 4632 3569 4707 (ubi
3596 4648 3663 4689 ex
3693 4648 3819 4704 per-

534 4730 761 4785 noribus
784 4726 1039 4800 gaudent.
1068 4722 1295 4795 Copiam
1308 4739 1439 4778 vero
1468 4721 1721 4777 nidorum
1750 4737 1999 4794 magnam
2015 4723 2117 4778 ha-

2225 4747 2357 4787 sona
2389 4742 2590 4787 sancta:
2620 4732 2877 4787 Ecclesiae
2905 4731 3144 4786 dicittir:
3180 4726 3493 4784 Invenerunt
3525 4745 3606 4782 me
3638 4727 3820 4800 vigiles

534 4820 669 4876 bent
692 4821 952 4890 undique,
980 4817 1092 4874 etsi
1121 4815 1586 4888 ampliusvellent,
1606 4814 1707 4886 ipsi
1737 4816 1840 4871 sibi
1871 4824 2123 4886 poterant

535 4913 810 4971 exhibere.
841 4913 1098 4985 Quiergo
1118 4912 1464 4968 divinitatem
1505 4911 1610 4967 sibi
1641 4920 1902 4980 arrogant
1961 4914 2123 4985 spiri-

538 5015 652 5070 tus,
688 5019 794 5064 non
826 5005 1114 5074 cujuslibet
1138 5004 1387 5075 corporis
1404 5003 1578 5069 fumo,
1617 5004 1715 5059 sed
1764 5005 2121 5077 supplicantis

535 5099 721 5156 animo
750 5097 1117 5162 delectantur,
1147 5097 1236 5151 cui
1283 5095 1513 5165 decepto
1551 5095 1904 5167 subjectoque
1945 5096 2123 5152 drmi-

534 5199 755 5255 nentnr,
786 5188 1208 5244 intercladentes
1234 5189 1336 5243 iter
1354 5187 1426 5243 ad
1468 5187 1639 5243 Deum
1667 5202 1880 5255 verum,
1930 5206 2001 5247 ne
2049 5191 2122 5245 sit

535 5286 700 5343 homo
726 5284 871 5340 illius
913 5282 1265 5350 sacriﬁcium,
1319 5282 1446 5337 dum
1490 5282 1836 5338 sacriﬁcatur
1884 5284 2120 5353 cuipiam

534 5386 735 5449 preter
763 5376 933 5431 illum.
968 5372 1122 5430 Unde
1144 5388 1306 5429 verus
1345 5374 1435 5431 ille
1457 5376 1742 5442 mediator,
1774 5376 1829 5431 in
1854 5383 2121 5445 quantum

536 5470 771 5525 formam
796 5465 942 5523 servi
970 5464 1265 5536 accipiens,
1308 5467 1573 5523 mediator
1599 5468 1829 5523 eil'ectus
1845 5476 1931 5522 est
1957 5468 2050 5523 Dei
2066 5475 2125 5523 et

536 5563 820 5618 hominum
858 5562 1023 5616 homo
1047 5558 1301 5617 Christus
1328 5560 1508 5629 Iesus,
1550 5578 1675 5618 cum
1706 5563 1759 5618 in
1802 5561 1974 5617 forma
2022 5563 2120 5619 Dei

537 5655 866 5717 sacriﬁcium
897 5668 1021 5709 cum
1046 5650 1209 5708 Patre
1230 5664 1431 5720 surnat,
1460 5670 1583 5710 cum
1612 5669 1721 5723 quo
1762 5663 1818 5709 et
1843 5670 1986 5711 unus
2037 5664 2126 5712 est

537 5747 705 5815 Deus,
727 5746 1178 5804 tameninforma
1207 5747 1351 5802 servi
1393 5744 1725 5802 sacriﬁcium
1768 5747 1958 5803 maluit
2001 5763 2124 5806 esse

535 5857 701 5914 quam
729 5856 967 5908 sumere,
993 5855 1062 5897 ne
1085 5840 1170 5896 vel
1202 5840 1304 5895 hac
1321 5839 1611 5894 occasione
1643 5839 1930 5907 quisquam
1978 5842 2123 5898 exis-

533 5935 756 5994 timaret
781 5935 1005 5991 cuilibet
1027 5931 1449 5990 sacriﬁcandum
1477 5943 1598 5986 esse
1623 5937 1909 5987 creaturae.
1961 5953 1978 5985 ο

2222 4829 2313 4901 qui
2342 4826 2641 4881 wstodiunt
2693 4825 2976 4879 civitatem.
3032 4822 3181 4878 Num
3218 4826 3370 4894 quem
3414 4818 3602 4874 dilexit
3633 4821 3819 4874 anima

2223 4908 2338 4974 m'e‘a
2360 4916 2606 4974 vidistis?
2631 4914 2919 4971 Paululum
2944 4933 3064 4971 cum
3087 4915 3485 4988 pertransissem
3505 4930 3617 4980 eos,
3642 4912 3820 4968 inveni

2219 5026 2371 5084 quem
2399 5009 2573 5081 diligit
2598 5009 2778 5064 anima
2805 5024 2920 5064 mea
2944 5006 2998 5082 :)
3028 5023 3094 5063 ex
3138 5004 3397 5079 praedicta
3436 5004 3662 5062 humilia
3692 5006 3820 5058 bre-

2221 5103 2363 5155 viter
2400 5104 2697 5164 adnotalis,
2759 5116 2903 5153 nunc
2935 5101 3215 5151 videamus
3242 5098 3372 5164 quid
3398 5095 3540 5147 idem
3562 5090 3735 5150 Pater
3761 5094 3817 5149 in

2219 5190 2361 5250 libro
2386 5206 2522 5248 xvm
2551 5190 2950 5265 explanationis
2978 5190 3035 5244 in
3063 5185 3163 5242 Job
3191 5187 3256 5243 de
3281 5184 3485 5241 eisdem
3512 5185 3701 5241 verbis
3729 5186 3814 5241 di—

2222 5298 2329 5344 cat.
2357 5288 2449 5343 Ait
2474 5300 2603 5357 ergo
2631 5284 2800 5359 (Cap.
2829 5280 2936 5355 55)
2966 5299 2978 5334 :
3011 5299 3031 5332 ‹
3060 5280 3195 5335 Cum
3216 5278 3621 5348 redemptorem
3655 5292 3815 5359 suum

2223 5378 2463 5435 Ecclesia
2507 5357 2777 5448 qutcreret
2796 5416 2811 5440 ,
2840 5374 2900 5429 in
2922 5370 3063 5445 ipsis
3096 5370 3333 5441 antiquis
3363 5357 3816 5440 praedicatoribus

2223 5486 2371 5542 spem
2400 5471 2570 5541 ﬁgere
2608 5467 2812 5533 noluit,
2855 5480 2975 5536 qua:
3015 5462 3144 5519 dicit
3171 5481 3184 5516 :
3231 5460 3521 5516 Paululum
3548 5476 3667 5514 cum
3694 5477 3816 5530 per-

2224 5562 2529 5616 transissem
2558 5574 2666 5624 eos,
2694 5559 2869 5613 inveni
2896 5568 3045 5630 quem
3077 5552 3249 5625 diligit
3280 5551 3458 5607 anima
3489 5567 3625 5606 mea.
3657 5550 3814 5607 Ilium

2224 5654 2424 5725 quippe
2453 5651 2697 5706 invenire
2729 5665 2834 5704 non
2861 5656 3077 5719 posset,
3111 5647 3155 5703 si
3186 5647 3319 5702 istds
3347 5645 3580 5701 transire
3610 5642 3816 5699 noluis-

2224 5755 2326 5804 set.
2358 5766 2377 5799 ι
2404 5745 2656 5801 Consona
2695 5744 2823 5799 huic
2849 5741 3144 5797 intellectui
3174 5743 3367 5796 beatus
3392 5737 3728 5808 Augustinus
3759 5735 3817 5791 in

2224 5836 2442 5897 humilia
2466 5838 2639 5909 prima
2658 5835 2939 5906 Evangelii
2965 5833 3257 5888 secundum
3282 5830 3543 5886 Joannem
3568 5826 3818 5899 loquitur

2230 5934 2416 5990 dicens
2445 5932 2650 6004 (Tract.
2681 5928 2721 6000 ι)
2750 5946 2763 5983 :
2795 5946 2813 5980 ι
2832 5929 2916 5985 De
2944 5927 3075 5998 ipsis
3096 5926 3378 5982 montibus
3402 5930 3496 5981 ἐει
3530 5918 3820 5987 Joannes:
