4012 6338
227 397 344 477 ἐωξὶ

1147 454 1150 456 .
1205 485 1208 488 ,
1239 405 1442 472 manu
1477 407 1574 472 ne
1601 373 2012 476 inminuens
2035 413 2490 481 SANGTORUM.

3407 427 3522 496 ΞΜ

227 525 300 583 de
339 525 540 595 quibus
561 517 729 596 paulo
749 529 882 582 ante
901 503 1276 594 mrrtavr‘ttm‘s‘i,
1317 528 1550 586 licentes
1575 548 1597 583 :-
1633 527 1822 585 Levavi
1848 535 1900 596 Α
1927 547 2052 588 nem
2075 549 2163 590 me
2185 535 2352 591 vultis
2367 551 2515 605 esse,
2543 547 2604 593 ut
2619 533 3033 620 inquar'eoittra
3057 547 3365 604 veritatem.
3383 549 3514 610 Non

227 617 414 672 oculos
443 627 586 672 meos
614 617 682 672 ad
709 626 912 676 montes
929 661 945 686 ,
989 620 1130 675 unde
1165 621 1335 676 veniet
1375 621 1638 678 auxilium
1675 624 1825 680 mihi.

225 709 402 782 Ergo,
433 709 632 766 fratres
653 709 968 766 'charissimi
986 753 1002 779 ,
1021 712 1078 768 si
1107 711 1272 769 vultis
1299 713 1622 786 intelligere,
1647 713 1830 771 levate

223 800 422 858 oculos
469 801 538 858 ad
587 802 752 874 istum
797 809 1078 870 montem,
1119 803 1178 859 id
1215 811 1337 878 est,
1373 805 1570 876 erigite
1613 819 1712 860 vos
1757 805 1828 862 ad

221 897 649 968 evangelistam,
681 897 875 970 erigite
899 913 999 954 vos
1029 897 1098 952 ad
1126 895 1243 966 eius
1271 913 1512 954 sensum.
1557 895 1667 953 Sed
1697 899 1825 967 quia

219 999 445 1047 montes
491 992 579 1046 isti
631 1005 822 1062 pacem
867 991 1210 1062 suscipiunt,
1259 1007 1368 1047 non
1409 999 1592 1064 potest
1639 1001 1823 1047 autem

217 1097 352 1139 esse
393 1083 450 1137 in
489 1087 627 1154 pa‘ce
661 1083 762 1153 ’qui
807 1097 958 1152 spem
991 1083 1147 1153 ponit
1174 1083 1230 1138 in
1259 1083 1516 1149 homine;
1547 1081 1714 1138 nolite
1741 1082 1824 1139 sic

217 1173 440 1246 erigere
479 1174 672 1238 oculos
711 1173 776 1230 in
817 1183 1093 1243 montem,
1141 1183 1202 1229 ut
1247 1177 1452 1246 putetis
1495 1176 1551 1230 in
1597 1176 1822 1233 homine

217 1279 379 1338 spem
403 1265 797 1321 'vestramiesse
823 1265 1190 1321 collocandum
1209 1308 1223 1334 ,
1263 1276 1320 1322 et
1359 1266 1438 1322 sic
1463 1266 1678 1323 "dicite:
1719 1266 1820 1321 Le-

216 1359 338 1414 vavi
383 1358 560 1420 oculos
600 1373 741 1412 meos
780 1359 836 1412 in
875 1369 1079 1413 montes
1099 1397 1114 1424 ,
1160 1359 1300 1413 unde
1347 1361 1513 1414 veniet
1554 1357 1820 1415 auaritiam

215 1451 350 1506 mihi
375 1465 394 1504 :
423 1452 692 1506 ut‘statim
720 1449 1058 1523 subjungatis
1082 1471 1095 1506 :
1141 1452 1417 1508 Auxilium
1443 1467 1617 1507 meum
1639 1471 1675 1507 'a
1707 1453 1818 1508 Do-

215 1545 362 1598 mino
389 1545 490 1615 qui
505 1544 626 1614 fecit
653 1542 838 1598 emittm
868 1555 918 1598 et
947 1551 1162 1600 terram.
1193 1545 1336 1616 Ergo
1365 1544 1616 1600 levemus
1629 1543 1818 1600 oculos

213 1635 272 1690 in
317 1643 568 1701 montes,
613 1637 758 1690 unde
794 1635 976 1690 veniet
1019 1635 1280 1704 auxilium
1313 1637 1498 1691 nobis.
1535 1636 1814 1691 Ettamen

211 1741 324 1782 non
353 1727 456 1797 ipsi
485 1734 696 1781 montes
719 1735 844 1782 sunt
859 1768 873 1792 ,
902 1727 954 1781 in
978 1727 1174 1798 quibus
1199 1741 1320 1798 spes
1349 1735 1533 1782 nostra
1555 1726 1812 1797 ponenda

211 1827 316 1874 est.
349 1818 640 1890 Accipiunt
665 1817 810 1874 enim
849 1827 1066 1874 montes
1109 1818 1250 1888 quod
1281 1817 1436 1874 vobis
1473 1819 1805 1873 ministrent.

1929 632 2108 696 potest
2147 627 2310 686 homo
2354 631 2599 701 accipere
2631 633 2965 705 quidquam,
2993 637 3104 692 nisi
3125 638 3316 695 datum
3339 640 3516 699 fuerit

1927 716 1978 770 ei
2019 717 2087 773 de
2123 720 2287 776 εοειο.
2323 720 2438 794 ipsi
2481 737 2579 780 vos
2615 723 2754 780 mihi
2783 711 3170 784 testimonium
3213 719 3518 801 perhibetis

1927 812 2070 882 quod
2115 813 2383 871 dixerim:
2427 815 2542 890 Ego
2583 835 2690 875 non
2732 833 2850 876 sum
2893 819 3155 881 ϐίην-ἔειπε.
3201 821 3324 882 Non
3363 841 3423 884 es
3455 837 3513 884 tu

1925 899 2178 957 Christus
2205 905 2217 957 !
2245 903 2356 961 Sed
2385 908 2514 977 quid
2543 909 2588 963 si
2615 909 2793 986 major
2831 911 2954 978 iiio,
2975 913 3111 983 quia
3135 922 3200 970 tu
3226 915 3379 972 illum
3411 918 3514 973 Ἰην-

1923 995 2429 1065 ptizasti?-Missus
2473 1015 2612 1057 sum.
2661 1001 2776 1076 Ego
2799 1019 2984 1077 prisco
3011 1023 3132 1063 sum
3153 1049 3168 1076 ,
3209 1007 3306 1066 iiie
3333 991 3512 1083 ‘judex

1923 1095 2025 1141 est.
2055 1087 2123 1142 Et
2151 1090 2274 1146 audi
2297 1093 2674 1150 testimonium
2700 1096 2871 1152 multo
2895 1099 3297 1169 vehementius,
3329 1103 3512 1160 'multe

1922 1180 2251 1250 expressius.
2305 1181 2496 1239 Videte
2545 1186 2674 1256 quid
2725 1187 3004 1243 nobiscum
3051 1189 3258 1259 agit-nr.
3311 1179 3511 1250 Videte

1921 1272 2050 1342 quid
2095 1283 2280 1328 amare
2329 1274 2639 1332 debeamus.
2674 1279 2864 1334 Videte
2889 1282 3018 1351 quia
3058 1283 3294 1353 aliquem
3329 1283 3510 1339 homi-

1919 1377 2043 1418 nem
2073 1377 2260 1420 amare
2285 1379 2400 1436 prae
2429 1365 2674 1436 Christo,
2707 1369 3032 1428 adulterium
3059 1387 3161 1430 est.
3191 1375 3374 1443 Quare
3404 1377 3510 1432 hoc

1919 1453 2041 1508 dico
2058 1495 2074 1521 ,
2101 1457 2443 1512 attendamus
2469 1471 2659 1514 vocem
2685 1460 2933 1520 Joannis.
2963 1463 3187 1521 Poterat
3211 1467 3270 1521 in
3299 1468 3394 1523 illo
3407 1485 3508 1524 er-

1917 1545 2030 1618 rari
2057 1561 2072 1611 ;
2099 1555 2314 1618 poterat
2337 1549 2457 1620 ipse
2481 1553 2662 1621 putari
2691 1554 2786 1624 qui
2825 1571 2930 1611 non
2951 1565 3079 1612 erat
3103 1577 3115 1612 :
3147 1560 3354 1630 respuit
3381 1575 3412 1615 a
3442 1577 3506 1618 se

1915 1636 2109 1693 falsum
2157 1641 2455 1709 honorem,
2503 1652 2563 1698 ut
2607 1653 2787 1701 teneat
2813 1649 3042 1705 solidam
3069 1652 3376 1707 veritatem.
3407 1652 3503 1708 νί-

1913 1727 2037 1784 dete
2063 1732 2192 1801 quid
2220 1733 2366 1788 dicat
2395 1733 2673 1791 Christum
2691 1779 2704 1804 ,
2729 1740 2863 1808 "quid
2891 1755 2950 1796 se
2975 1759 2988 1808 ;
3027 1741 3132 1808 Qui
3157 1743 3309 1798 habet
3337 1761 3499 1815 span-

1912 1837 2057 1889 sam,
2086 1839 2306 1894 sponsus
2331 1837 2426 1880 est.
2455 1827 2603 1884 Casti
2625 1837 2826 1898 estote,
2849 1847 3107 1904 sponsum
3134 1845 3329 1891 amate.
3355 1835 3503 1904 Quid

209 1909 372 1967 Unde
397 1919 454 1965 et
479 1917 694 1964 montes
718 1909 990 1978 accipiunt
1013 1911 1104 1965 ubi
1128 1911 1522 1982 spesponenda
1547 1919 1628 1966 est
1645 1950 1660 1977 ,
1686 1923 1810 1964 cum
1837 1907 1886 1972 B
1913 1923 2095 1969 autem
2127 1924 2182 1971 tu
2213 1919 2314 1972 es?
2341 1919 2481 1986 Quid
2507 1921 2664 1976 nobis
2691 1921 2867 1978 dicis?
2897 1923 3001 1991 Qui
3025 1925 3178 1981 habet
3215 1943 3495 1998 sponsam,

207 2001 402 2058 oculos
431 2009 647 2057 nostras
667 2001 920 2056 levamus
952 2003 1018 2056 ad
1041 2001 1360 2072 ‘Scripturas
1379 2043 1396 2068 ,
1427 2005 1553 2073 quia
1577 2017 1680 2074 per
1707 2005 1806 2059 ho—

207 2095 392 2150 mines
418 2095 742 2150 ministratte
767 2102 894 2148 sunt
915 2093 1236 2164 Scriptura}.
1259 2091 1591 2152 Levavimus
1619 2097 1806 2155 oculos

205 2195 430 2241 nostros
457 2187 526 2240 ad
551 2193 765 2242 montes
793 2186 938 2241 unde
963 2187 1222 2241 auxilium
1251 2189 1450 2244 veniet.
1483 2187 1594 2244 Sed
1617 2199 1804 2246 tamen

204 2278 334 2350 quia
379 2278 482 2348 ipsi
517 2277 772 2333 homines
812 2279 902 2348 qui
950 2279 1285 2350 scripserunt
1313 2277 1663 2350 'Scripturas,
1689 2297 1804 2337 non

203 2371 273 2426 de
304 2385 364 2426 se
393 2369 688 2438 lucebunt;
723 2369 858 2442 (sed
881 2371 972 2425 ille
999 2379 1118 2426 erat
1141 2371 1324 2428 lumen
1354 2371 1568 2427 illorum
1600 2375 1691 2444 qui
1731 2374 1803 2428 it-

203 2460 436 2516 luminat
480 2462 744 2515 hominem
785 2473 995 2516 omnem
1031 2463 1330 2517 venientem
1361 2465 1428 2516 in
1459 2463 1610 2518 hunc
1647 2481 1804 2521 mun-

203 2553 332 2608 dum
355 2571 375 2620 ;
406 2564 462 2609 et
489 2567 650 2610 mons
678 2563 798 2608 erat
819 2553 916 2609 ille
940 2551 1176 2610 Joannes
1199 2555 1440 2626 Baptista
1463 2597 1476 2620 ,
1495 2557 1600 2628 qui
1630 2558 1766 2614 dixit
1782 2599 1798 2625 ,

203 2643 330 2702 Non
356 2662 476 2700 sam
504 2662 598 2718 ego
625 2643 867 2701 Christus
889 2688 904 2712 ,
935 2661 1002 2702 ne
1029 2647 1316 2717 quisquam
1349 2648 1404 2702 in
1431 2657 1618 2704 monte
1645 2666 1801 2721 spem

199 2741 445 2812 ponens,
477 2740 699 2814 caderet
727 2739 796 2794 ab
823 2737 912 2794 illo
929 2739 1030 2808 'qui
1051 2748 1276 2794 mentes
1303 2737 1558 2794 illustrat.
1587 2741 1657 2795 Et
1685 2743 1802 2812 ipse

199 2831 520 2898 confessus,
551 2832 670 2886 ait:
707 2829 977 2897 “Quoniam
1017 2831 1084 2884 de
1120 2829 1447 2902 plenitudine
1474 2833 1589 2903 ejus
1619 2849 1798 2890 omnes

201 2925 520 2995 accepimus.
545 2921 564 2994 )
597 2923 673 2976 ita
703 2921 868 2977 debes
897 2922 1077 2977 dicere
1103 2940 1113 2975 :
1148 2921 1334 2976 Levavi
1365 2921 1542 2976 oculos
1571 2939 1712 2979 meos
1737 2925 1799 2981 in

197 3028 426 3083 montes,
448 3017 588 3071 unde
611 3019 774 3072 veniet
802 3015 1062 3070 auxilium
1089 3016 1236 3070 mihi.
1263 3015 1341 3072 Ne
1365 3017 1626 3074 auxilium
1651 3019 1798 3090 quod

199 3113 299 3168 tibi
325 3113 508 3178 venit,
551 3111 828 3167 mentibus
877 3110 1145 3182 imputes,
1185 3111 1281 3166 sed
1321 3111 1572 3180 sequaris
1607 3117 1663 3167 et
1707 3111 1798 3166 di-

1906 2023 2127 2078 spensus
2157 2021 2273 2077 est;
2317 2012 2518 2067 anticus
2563 2024 2737 2068 autem
2778 2019 2986 2088 sponsi,
3009 2021 3106 2091 qui
3134 2029 3240 2075 stat
3267 2031 3314 2076 et
3345 2022 3500 2076 audit

1905 2117 2057 2169 eum,
2087 2105 2282 2174 gaudio
2320 2106 2511 2177 gaudet
2553 2119 2765 2181 propter
2801 2121 2978 2166 vocem
3003 2116 3199 2184 sponsi.
3231 2133 3251 2168 ι
3279 2103 3347 2169 Ει
3371 2121 3500 2185 pet-.1

1903 2209 2074 2265 pauca
2100 2212 2113 2250 :
2144 2217 2162 2248 ι
2191 2197 2351 2264 Vide,
2385 2199 2589 2270 inquit,
2624 2212 2858 2260 stantem
2887 2205 2942 2259 in
2972 2205 3180 2261 solido:
3217 2205 3340 2261 Non
3379 2221 3499 2262 sum

1903 2285 2094 2356 dignus
2139 2290 2420 2360 corrigiam
2461 2291 2793 2350 calciamenti
2835 2297 2953 2368 ejus
2997 2297 3211 2353 solvere.
3253 2298 3400 2355 Bene
3435 2310 3499 2355 te

1904 2379 2159 2436 humilius
2181 2424 2194 2450 ,
2226 2385 2421 2440 merito
2450 2395 2584 2455 stas,
2615 2391 2812 2446 merito
2839 2405 2945 2448 non
2973 2395 3145 2460 cadis,
3177 2396 3376 2450 merito
3403 2409 3501 2450 au-

1903 2471 2014 2538 dis,
2047 2477 2328 2554 et‘gaudio
2357 2482 2562 2549 gaudes
2587 2491 2811 2554 propter
2838 2495 3026 2539 vocem
3061 2485 3265 2556 sponsi.
3307 2485 3400 2542 Sic
3439 2485 3500 2542 et

1899 2563 2192 2636 Apostolus
2221 2570 2428 2640 amicus
2456 2574 2638 2642 Sponsi
2671 2576 2840 2641 zelat,
2868 2563 2922 2630 et
2943 2575 3067 2647 ipse
3094 2593 3200 2633 non
3229 2579 3361 2645 sibi,
3397 2581 3496 2636 sed

1901 2665 2118 2728 sponso.
2148 2659 2345 2740 Audiat
2376 2679 2560 2720 vocem
2589 2666 2814 2722 zelantis
2840 2669 2959 2725 zelo
2988 2669 3103 2726 Dei.
3135 2671 3244 2727 Vos
3267 2672 3387 2727 zelo
3413 2665 3496 2728 di-

1901 2749 2008 2817 xit,
2043 2767 2148 2806 non
2179 2769 2301 2809 meo
2321 2796 2335 2821 ,
2367 2773 2472 2816 non
2504 2759 2672 2826 mihi,
2703 2761 2798 2816 sed
2827 2761 2942 2818 zelo
2967 2763 3089 2818 Dei.
3123 2763 3325 2821 Unde?
3347 2765 3495 2834 Quo-

1899 2843 2105 2900 modo?
2132 2845 2301 2912 Quem
2332 2848 2476 2904 zelas
2495 2891 2510 2917 ,
2543 2851 2629 2906 cui
2659 2852 2842 2908 zelas?
2875 2853 3203 2926 Desponsavi
3233 2859 3371 2911 enim
3403 2871 3493 2940 vos

1897 2941 1991 2994 uni
2015 2941 2148 3008 viro,
2177 2942 2424 3014 virginem
2453 2957 2652 3000 castam
2677 2948 2916 3004 exhibere
2941 2949 3169 3006 Christo.
3195 2949 3334 3020 Quid
3359 2965 3493 3025 ergo

1898 3030 2104 3086 times?
2129 3031 2308 3099 Quare
2336 3033 2522 3094 zelas?
2557 3033 2754 3104 Timeo,
2787 3037 2992 3110 inquit,
3024 3055 3088 3094 ne
3117 3041 3250 3094 sicut
3277 3051 3491 3114 serpens

1899 3119 2068 3194 Evam
2090 3123 2300 3178 seduxit
2321 3127 2518 3180 astutia
2539 3145 2657 3195 sua,
2681 3129 2757 3184 sic
2781 3139 2830 3184 et
2855 3133 3009 3185 vestri
3035 3149 3222 3188 sensus
3249 3149 3492 3190 corrum-

197 3220 292 3260 cas
319 3222 334 3258 :
375 3202 650 3257 Auxilium
688 3211 862 3255 meum
904 3219 936 3255 a
979 3201 1206 3255 Domino
1227 3201 1341 3296 :qm'
1370 3202 1491 3271 Ῑεσὶι
1520 3197 1704 3257 vatium
1745 3211 1794 3256 σε
1824 3283 1862 3296 _
1895 3225 2094 3284 pantur
2117 3233 2148 3268 a
2180 3217 2420 3272 castitate
2439 3260 2453 3284 ,
2481 3237 2599 3290 quia
2626 3230 2699 3275 est
2729 3221 2786 3276 in
2815 3221 3045 3278 Christo.
3077 3223 3266 3281 Omnis
3293 3227 3486 3296 Eccle-

197 3305 420 3352 terram.
465 3295 642 3364 Ergo,
689 3293 927 3360 fratres,
969 3295 1038 3348 ad
1067 3295 1183 3350 ‘hoc
1223 3287 1327 3348 ista
1365 3295 1699 3360 monuerim,
1729 3303 1793 3350 ut

1897 3283 1975 3362 sia
1999 3348 2013 3373 ,
2043 3309 2196 3382 virgo
2220 3283 2627 3382 appellata-est.
2671 3315 2893 3370 Diversa
2931 3329 3053 3372 esse
3095 3289 3336 3382 membra
3377 3319 3488 3376 Ee-

195 3389 424 3460 quando
467 3389 712 3443 erexistis
752 3403 847 3443 cor
890 3387 960 3442 ad
999 3386 1350 3458 Scripturas,
1397 3403 1522 3442 cum
1567 3395 1790 3444 sonaret

195 3479 552 3552 Evangelium
579 3497 592 3532 :
623 3479 690 3532 In
730 3479 990 3550 principio
1029 3485 1142 3532 erat
1181 3474 1442 3542 Verbum,
1471 3483 1521 3531 et
1559 3475 1788 3532 Verbum

196 3580 315 3628 erat
359 3569 500 3642 apud
536 3569 708 3625 Deum
730 3611 745 3636 ,
774 3577 822 3623 et
847 3567 992 3622 Deus
1032 3575 1146 3621 erat
1197 3564 1453 3632 Verbum,
1481 3575 1540 3622 et
1567 3576 1784 3623 caetera.

193 3663 326 3732 Quae
369 3662 507 3718 lecta
554 3669 680 3720 sunt
721 3669 782 3716 ut
821 3659 1136 3731 intelligatis
1153 3659 1496 3716 vos-levasse
1513 3659 1707 3716 oculos
1731 3661 1788 3716 in

191 3765 428 3813 montes.
463 3755 578 3811 Nisi
608 3757 753 3811 enim
785 3755 889 3809 ista
919 3753 1196 3820 dicerent,
1227 3754 1370 3809 unde
1396 3754 1619 3809 omnino
1647 3754 1791 3827 cogi-

193 3847 406 3913 taretis,
427 3862 536 3903 non
559 3846 899 3902 inveniretis.
920 3844 1064 3914 Ergo
1083 3859 1151 3900 ex
1165 3845 1446 3900 montibus
1465 3845 1615 3922 venit
1631 3847 1787 3902 vobis

193 3941 486 4008 auxilium,
517 3948 578 3995 ut
601 3940 720 3994 haec
747 3938 835 3994 vel
861 3937 1160 3994 audiretis:
1193 3939 1242 3993 si
1277 3937 1517 3993 nondum
1549 3941 1786 4008 potestis

191 4031 499 4103 intelligere
539 4031 686 4102 quod
709 4029 968 4095 audistis,
1015 4029 1264 4098 invocato
1303 4027 1562 4084 auxilium
1605 4048 1636 4084 a
1675 4029 1786 4086 Do-

189 4127 334 4180 mino
363 4127 454 4196 qui
481 4123 604 4194 fecit
633 4121 819 4178 ctutum
847 4131 896 4178 et
923 4131 1118 4178 terram
1140 4162 1155 4188 ,
1179 4121 1314 4192 quia
1337 4130 1555 4177 montes
1585 4123 1664 4178 sic
1689 4137 1785 4194 po-

189 4226 414 4273 tuerunt
437 4217 622 4288 loqui,
649 4223 710 4270 ut
738 4231 846 4270 non
873 4215 1084 4286 possint
1123 4213 1224 4284 ipsi
1269 4212 1610 4282 illuminare,
1653 4216 1784 4287 quia

187 4321 241 4368 et
269 4312 374 4382 ipsi
419 4309 712 4366 illuminati
747 4317 875 4364 sunt
903 4305 1189 4364 audiendo.
1219 4305 1350 4363 lude
1381 4307 1474 4378 qui
1504 4307 1619 4365 htec
1647 4309 1785 4366 dixit

186 4403 428 4474 accepit,
461 4399 697 4458 Joannes
736 4401 853 4466 ille,
897 4399 1130 4466 fratres,
1157 4399 1251 4470 qui
1290 4399 1667 4457 discumbebat
1689 4419 1783 4458 su-

185 4511 282 4566 per
327 4504 519 4564 peetus
559 4493 812 4559 Domini,
854 4501 909 4547 et
947 4491 1018 4547 de
1059 4501 1284 4563 pectore
1317 4492 1534 4549 Domini
1564 4495 1781 4551 bibebat

185 4586 330 4657 quod
357 4585 517 4640 nobis
556 4587 887 4656 prepinaret.
919 4581 1029 4640 Sed
1053 4584 1364 4655 prepinavit
1389 4587 1576 4642 verba.
1611 4585 1778 4642 Intel-

183 4677 384 4734 lectum
417 4687 600 4733 autem
627 4677 752 4732 inde
777 4677 942 4732 debes
971 4691 1166 4748 capere
1186 4719 1200 4744 ,
1233 4677 1376 4733 unde
1404 4687 1459 4734 et
1487 4679 1602 4750 ipse
1631 4681 1778 4736 bibe-
1799 4685 1854 4746 D

183 4779 296 4836 rat,
325 4771 420 4840 qui
451 4771 548 4824 tibi
577 4769 904 4840 propinavit.
943 4789 963 4822 ι
985 4769 1108 4825 istis
1134 4771 1298 4826 etiam
1325 4771 1480 4842 paria
1499 4772 1600 4827 ‘hic
1629 4773 1772 4829 idem

181 4861 371 4917 doctor
385 4863 440 4916 in
465 4861 708 4932 przedicti
731 4860 914 4933 operis
935 4861 1158 4918 humilia
1181 4861 1498 4919 duodecima
1515 4864 1774 4936 loquitur,

179 4969 302 5008 cum
333 4951 503 5009 verba
535 4951 758 5010 Joannis
783 4955 1041 5026 Baptistae
1069 4963 1362 5023 tractaret,
1395 4957 1488 5028 qui
1518 4959 1585 5014 ad
1614 4959 1774 5015 disci-

177 5041 336 5113 pulos
364 5057 495 5097 suos
523 5045 760 5102 Joannes
787 5045 1102 5118 respondit,
1135 5047 1322 5103 dicens
1351 5067 1364 5101 :
1395 5067 1414 5100 t
1449 5049 1567 5104 Non
1595 5059 1775 5121 potest

177 5133 342 5190 homo
391 5135 638 5205 accipere
683 5135 1013 5206 quidquam,
1063 5137 1167 5192 nisi
1211 5139 1394 5192 datum
1435 5137 1678 5196 fueritei
1708 5143 1774 5197 de

178 5229 341 5284 caelo.
375 5227 482 5300 ipsi
513 5243 612 5284 vos
635 5227 770 5283 mihi
797 5228 1168 5284 testimonium
1189 5229 1496 5308 perhibetis
1523 5233 1664 5304 quod
1693 5234 1774 5291 di-

179 5321 398 5376 xerim:
444 5319 560 5391 Ego
609 5337 715 5375 non
757 5331 874 5375 sum
919 5318 1183 5376 Christus.
1215 5321 1494 5393 Tanquam
1543 5323 1770 5382 dicens:

178 5410 318 5479 Quid
347 5427 449 5468 vos
475 5411 706 5466 fallitis?
733 5411 843 5468 Vos
872 5411 974 5482 ipsi
1005 5413 1138 5468 mihi
1179 5416 1451 5484 quomodo
1491 5417 1775 5487 proposui-

176 5506 276 5562 stis
305 5505 472 5559 istam
499 5504 893 5574 qumstionem?
919 5503 1059 5572 Quid
1095 5505 1228 5560 mihi
1271 5506 1524 5563 dixistis?
1569 5507 1772 5578 Rabbi,

174 5595 264 5670 qui
293 5607 410 5650 erat
440 5607 614 5652 tecum
643 5605 792 5652 trans
811 5587 1138 5664 Iordanem,
1165 5600 1252 5652 cui
1279 5601 1630 5658 testimonium
1654 5619 1775 5676 per-

173 5685 390 5744 hibuiin
415 5687 440 5742 ?
467 5686 651 5744 Nostis
677 5703 808 5760 ergo
835 5689 994 5762 quale
1021 5690 1389 5746 testimonium
1421 5691 1494 5746 illi
1521 5693 1774 5764 perhibui

177 5780 384 5834 modo?
411 5779 668 5837 Dicturus
703 5796 822 5836 sum
851 5798 960 5838 non
991 5798 1110 5838 esse
1140 5783 1290 5838 illum
1323 5799 1485 5854 quem
1515 5785 1626 5840 dixi
1655 5803 1774 5844 esse

176 5873 412 5946 θεομιυί
436 5873 644 5947 aliquid
663 5874 848 5945 accepi
871 5875 936 5932 de
959 5876 1116 5944 coelo,
1149 5877 1430 5948 utaliquid
1441 5893 1638 5936 essem.
1654 5879 1778 5940 lna-

1893 3400 2095 3468 clesiaa,
2131 3403 2361 3459 diter-sis
2381 3405 2586 3476 pollere
2610 3407 2764 3464 donis
2790 3409 2985 3465 videtis
3021 3419 3186 3483 atque
3213 3411 3484 3484 gaudetis.

1888 3493 1994 3550 Alii
2025 3495 2297 3570 conjngati
2317 3539 2330 3564 ,
2365 3499 2483 3556 alia:
2509 3501 2814 3574 'conju‘gatse
2842 3520 2856 3570 ;
2888 3503 2982 3559 alti
3015 3505 3220 3560 viduali
3241 3547 3255 3572 ,
3285 3517 3488 3566 uxores

1889 3587 2032 3643 ultra
2057 3605 2166 3644 non
2195 3601 2444 3662 quaerunt
2468 3610 2482 3660 ;
2513 3593 2630 3648 aliae
2657 3595 2890 3650 viduatae
2908 3637 2923 3663 ,
2954 3596 3180 3652 maritos
3204 3595 3346 3662 ultra
3375 3609 3490 3656 non

1887 3692 2176 3752 quaerunt;
2208 3685 2300 3740 alii
2327 3687 2693 3760 integritatem
2726 3690 2794 3745 ab
2823 3691 3042 3747 ineunte
3069 3701 3228 3749 aetate
3265 3677 3487 3754 conser-

1891 3781 2054 3841 vant;
2089 3774 2208 3831 aliae
2233 3777 2604 3848 virginitatem
2628 3797 2782 3836 suam
2806 3781 2918 3838 Deo
2943 3793 3226 3840 voverunt.
3257 3785 3488 3848 Diversa

1889 3876 2017 3922 sunt
2038 3883 2263 3924 munera
2287 3888 2302 3937 ;
2329 3855 2774 3950 scd'omnesisti,
2803 3889 2910 3931 una
2934 3877 3089 3950 virgo
3112 3888 3213 3934 est.
3247 3877 3348 3936 Ubi
3375 3882 3483 3937 ista

1885 3960 2212 4032 virginitas?
2239 3961 2358 4020 Non
2403 3965 2548 4020 enim
2587 3966 2641 4020 in
2684 3983 2934 4037 corpore.
2977 3971 3034 4024 In
3077 3987 3306 4042 corpore
3344 3988 3482 4048 pau-

1885 4069 2074 4108 carum
2115 4053 2464 4110 feminarum.
2513 4057 2628 4113 Etsi
2671 4059 2777 4116 dici
2820 4060 3106 4134 virginitas
3132 4063 3188 4126 in
3216 4067 3351 4124 viris
3387 4083 3484 4140 po-

1886 4152 2025 4212 test,
2053 4161 2350 4218 paucorum
2381 4151 2663 4206 sanctitas.
2708 4151 2999 4224 lntegrilas
3035 4157 3201 4214 etiam
3232 4163 3481 4232 corporis

1883 4241 2049 4296 estin
2081 4241 2352 4310 Ecclesia,
2387 4251 2442 4299 et
2467 4245 2836 4302 honorabilius
2863 4253 3166 4310 membrum
3207 4263 3310 4310 est.
3355 4255 3481 4312 Alia

1883 4342 2064 4392 autem
2092 4345 2218 4392 sunt
2239 4338 2492 4400 membra,
2509 4340 2564 4394 in
2591 4356 2856 4412 corpore:
2887 4347 2984 4404 sed
3007 4349 3191 4410 omnia
3217 4349 3270 4403 in
3293 4358 3480 4408 mente

1881 4438 2102 4484 servant
2127 4431 2516 4502 virginitatem.
2549 4433 2680 4502 Quae
2706 4449 2791 4494 est
2817 4438 3104 4518 virginitas
3131 4442 3326 4500 mentis
3346 4443 3370 4496 ?
3393 4443 3476 4498 ln-

1883 4531 2032 4594 tegra
2063 4523 2226 4590 ﬁdes,
2258 4525 2432 4582 solida
2463 4543 2619 4600 spes,
2651 4530 2863 4588 sincera
2891 4534 3150 4590 charitas.
3182 4534 3334 4592 lianc
3361 4537 3478 4592 vir-

1880 4614 2166 4686 ginitatem
2196 4618 2422 4676 timebat
2451 4620 2543 4677 ille
2570 4624 2662 4694 qui
2693 4624 2906 4682 zelabat
2932 4641 3130 4698 sponso
3160 4642 3190 4682 a
3220 4637 3476 4699 serpente

1879 4711 2176 4782 corrumpi.
2210 4711 2363 4769 Sicut
2389 4715 2534 4774 enim
2562 4717 2865 4774 membrum
2890 4721 3133 4792 corporis
3157 4721 3392 4778 violatur
3415 4725 3474 4782 in

1877 4805 2112 4875 quodam
2157 4806 2306 4876 loco,
2349 4811 2428 4866 sic
2467 4813 2713 4870 seductio
2749 4813 2948 4886 linguae
2986 4813 3152 4872 violat
3188 4817 3474 4890 virginita-

1881 4901 1990 4950 tem
2017 4899 2218 4955 cordis.
2253 4920 2271 4952 ι

1948 4989 2082 5046 Vill.
2119 4991 2204 5049 Ex
2229 4993 2369 5052 libro
2387 4997 2460 5054 de
2483 4997 2724 5054 .Civitate
2747 4993 2846 5054 Dei
2877 5013 2934 5052 nt
2962 4997 3130 5070 (Cap.
3153 4999 3262 5072 25)
3293 5003 3472 5060 sancti

1875 5079 2203 5155 Augustini:
2247 5087 2400 5154 Quod
2433 5089 2562 5147 licet
2597 5091 2772 5146 sancti
2809 5092 2983 5162 angeli
3022 5100 3184 5164 atque
3219 5095 3472 5156 homines

1877 5187 2258 5249 nuncupentur
2285 5181 2399 5248 dii,
2433 5197 2777 5254 nequaquam
2826 5191 3006 5241 tamen
3041 5187 3260 5258 possint
3303 5189 3470 5248 iidem

1879 5269 2052 5325 sancti
2083 5273 2258 5344 angeli
2285 5273 2544 5345 appellari
2568 5273 2644 5328 dii
2661 5276 2926 5346 deorum,
2955 5278 3010 5332 id
3041 5287 3156 5346 est,
3185 5280 3470 5340 hominum

1879 5374 2214 5424 sanctorum.
2245 5368 2324 5424 Ex
2357 5385 2462 5439 qua
2487 5369 2921 5428 consideratione
2945 5372 3240 5446 colligitur,
3265 5375 3392 5446 quia
3419 5375 3470 5432 si

1879 5459 2057 5532 angeli
2097 5463 2270 5516 sancti
2309 5476 2414 5514 non
2445 5470 2674 5530 possunt
2711 5463 2816 5520 dici
2845 5465 2919 5520 dii
2949 5465 3261 5532 hominum,
3294 5467 3469 5525 multo

1879 5550 2058 5607 minus
2085 5553 2352 5607 homines.
2384 5552 2472 5607 Ait
2493 5554 2682 5628 itaque
2713 5555 2856 5612 idem
2885 5557 3078 5614 doctor
3101 5577 3114 5613 :
3137 5577 3157 5612 ι
3181 5561 3470 5616 Verumta-

1877 5660 2004 5702 men
2025 5661 2149 5702 cum
2171 5661 2202 5701 a
2226 5645 2382 5702 nobis
2405 5649 2686 5718 quaeritur,
2709 5652 2754 5708 si
2777 5651 3029 5710 homines
3052 5653 3180 5710 dicti
3207 5662 3336 5710 sunt
3355 5653 3465 5724 dii,

1877 5738 2022 5808 quod
2049 5738 2103 5791 in
2131 5737 2330 5809 populo
2359 5740 2430 5795 dii
2467 5750 2627 5809 sunt,
2655 5760 2820 5814 quem
2859 5760 2958 5815 per
2997 5745 3219 5817 angelos
3255 5747 3336 5800 vel
3367 5761 3468 5815 per

1875 5829 2125 5886 homines
2165 5829 2460 5904 alloquitur
2483 5835 2626 5891 Deus
2651 5853 2664 5900 ;
2698 5845 2900 5908 quanto
2925 5837 3102 5907 magis
3129 5835 3466 5894 immortales

1877 5947 1943 5989 eo
2221 5937 2368 6014 ἀεςηί
2397 5933 2568 6018 sunt;
2589 5929 2684 6018 qui
2710 5945 2776 6018 ee
2800 5927 3054 6020 ττυιιιλιιιρ
3091 5929 3470 6019 esseea.
