4012 6338
510 392 619 450 207

1472 392 1530 446 8.
1571 385 1922 449 AGOBARDI
1958 387 2269 446 EPlSCOPl
2303 388 2788 450 LUGDUNENSIS

517 508 588 564 ad
612 522 778 580 quam
803 506 975 562 Deum
1000 506 1227 564 colendo
1252 506 1477 578 cupiunt
1500 507 1748 564 homines
1772 505 2093 577 pervenire;
2122 509 2178 569 Α
2201 519 2290 561 mo
2322 505 2389 562 de
2421 504 2653 563 Civitate
2695 506 2791 563 Dei
2835 503 3004 578 (Cap.
3037 502 3106 560 l3
3124 503 3145 577 )
3163 545 3180 571 ,
3214 502 3286 560 ita
3323 502 3587 576 loquens:
3618 523 3639 559 ι
3666 505 3786 566 Nec

517 602 651 675 quid
677 600 1156 676 respondebimus,
1183 601 1289 656 nisi
1314 615 1423 656 non
1463 597 1668 656 frustra
1705 600 1762 655 in
1799 598 2099 670 Scripturis

514 695 727 756 sanctis
769 693 1080 764 expressius
1104 693 1354 748 homines
1381 699 1720 762 nuncupatos
1746 691 1906 755 deos,
1935 704 2098 760 quam

517 786 642 844 illos
675 784 1012 842 immortales
1046 793 1102 840 et
1136 783 1358 849 beatos,
1394 783 1590 852 quibus
1626 797 1726 837 nos
1757 779 1993 852 aequales
2021 777 2102 832 fu-

519 888 674 936 turos
700 881 753 935 in
786 876 1183 935 resurrectione
1217 875 1585 946 promittitur;
1625 889 1693 929 ne
1732 873 1939 929 scilicet
1975 886 2100 943 pro-

517 981 642 1042 pter
669 968 882 1024 illorum
909 967 1284 1024 excellentiam
1316 965 1550 1036 aliquem
1578 979 1764 1020 eorum
1799 962 1954 1017 nobis
1979 976 2105 1016 con-

517 1065 747 1119 stituere
783 1063 950 1118 Deum
989 1059 1221 1114 inﬁdelis
1253 1059 1478 1112 auderet
1512 1054 1816 1110 inﬁrmitas.
1855 1052 2010 1121 Quod
2045 1053 2102 1106 in

517 1155 739 1210 homine
770 1152 926 1209 facile
952 1160 1037 1209 est
1068 1151 1289 1207 evitare.
1323 1149 1390 1203 Et
1424 1147 1728 1204 evidentius
1763 1145 1867 1201 dici
1904 1145 2102 1200 debue—

515 1256 647 1304 runt
677 1246 925 1302 homines
955 1244 1030 1300 dii
1061 1244 1115 1298 in
1143 1240 1336 1313 populo
1366 1240 1494 1307 Dei,
1525 1248 1586 1295 ut
1611 1238 1746 1294 certi
1777 1253 1840 1294 ac
1874 1236 2102 1292 ﬁdentes

517 1341 713 1396 ﬁerent
740 1355 863 1395 eum
899 1353 1020 1395 esse
1057 1337 1225 1392 Deum
1269 1349 1459 1400 suum,
1498 1332 1591 1404 qui
1631 1331 1808 1400 dicius
1843 1337 1931 1386 est
1960 1329 2104 1384 Deus

516 1433 762 1492 deorum.
802 1431 936 1498 Quia
974 1429 1076 1484 etsi
1117 1427 1454 1498 appellantur
1493 1423 1566 1479 dii
1614 1421 1950 1478 immortales
1989 1420 2101 1486 illi,

515 1535 572 1580 et
597 1525 776 1590 beati,
803 1525 895 1594 qui
921 1524 978 1578 in
1007 1522 1160 1578 caelis
1185 1531 1341 1586 sunt,
1371 1536 1477 1575 non
1507 1527 1688 1573 tamen
1720 1516 1850 1571 dicti
1878 1525 2003 1572 sunt
2027 1515 2102 1572 dii

517 1615 776 1684 deorum,
811 1614 864 1670 id
898 1620 1011 1676 est,
1045 1612 1118 1667 dii
1153 1610 1430 1665 hominum
1462 1609 1516 1663 in
1547 1606 1743 1680 p0pulo
1773 1606 1868 1661 Dei
1904 1606 2104 1662 consti-

516 1713 792 1768 tutorum,
823 1701 1019 1773 quibus
1046 1700 1249 1755 dictum
1279 1705 1365 1754 est
1397 1713 1412 1752 :
1444 1695 1558 1768 Ego
1587 1697 1741 1751 dixi:
1771 1697 1848 1750 dii
1877 1696 2022 1762 estis,
2053 1705 2101 1751 et

514 1796 617 1867 filii
644 1795 833 1850 excelsi
863 1809 1060 1849 omnes.
1086 1790 1223 1846 Hinc
1248 1797 1334 1846 est
1358 1789 1503 1859 quod
1527 1788 1603 1842 ait
1625 1787 1916 1858 Apostolus
1942 1805 1956 1840 :
1985 1785 2103 1840 Etsi

2199 602 2591 657 contemnenda
2621 609 2678 656 et
2708 598 3007 669 abiicienda
3041 613 3270 670 corpora
3299 597 3676 656 defunctorum
3696 600 3788 673 iu-

2199 703 2406 750 storum
2425 734 2440 760 ,
2484 694 2680 764 quibus
2721 701 2978 764 tanquam
3003 692 3224 764 organis
3246 701 3302 748 et
3329 693 3473 749 vasis
3501 693 3571 748 ad
3598 692 3789 750 omnia

2198 784 2338 840 bona
2381 799 2548 855 opera
2589 793 2810 840 sanctus
2852 799 2982 840 usus
3011 791 3094 839 est
3121 783 3377 856 Spiritus.
3425 783 3483 839 Si
3513 786 3656 840 enim
3686 799 3790 856 pa-

2201 883 2356 931 terna
2383 876 2550 932 vestis
2572 885 2627 932 et
2655 875 2904 942 annulus,
2933 889 2998 931 ac
3024 875 3068 930 si
3099 875 3230 945 quid
3257 875 3594 946 huiusmodi,
3631 883 3791 930 tanto

2201 967 2422 1023 charius
2465 975 2548 1024 est
2590 967 2856 1038 posteris,
2904 974 3106 1037 quanto
3145 981 3275 1037 erga
3316 977 3569 1037 parentes
3608 967 3793 1039 major

2201 1056 2467 1124 affectus;
2495 1058 2644 1113 nullo
2670 1058 2830 1113 modo
2860 1058 2975 1127 ipsa
3016 1057 3314 1128 spernenda
3357 1067 3482 1113 sunt
3509 1072 3741 1127 corpora
3772 1099 3789 1122 ,

2202 1164 2324 1219 quae
2375 1149 2560 1220 utique
2614 1148 2784 1204 multo
2844 1147 3168 1204 familiarius
3225 1155 3386 1219 atque
3437 1148 3791 1220 coniunctius

2201 1257 2364 1312 quam
2393 1241 2645 1311 quaelibet
2672 1242 2987 1297 indumenta
3012 1249 3307 1312 gestamus.
3340 1241 3468 1298 Htec
3498 1242 3642 1297 enim
3669 1257 3793 1296 non

2203 1334 2272 1389 ad
2327 1342 2706 1388 ornamentum
2768 1331 2855 1388 vel
2913 1332 3244 1404 adiutorium
3303 1333 3445 1404 quod
3498 1332 3797 1389 adhibetur

2203 1425 2574 1491 extrinsecus,
2603 1425 2698 1480 sed
2723 1425 2792 1479 ad
2834 1425 3005 1494 ipsam
3047 1433 3299 1480 naturam
3339 1425 3574 1480 hominis
3613 1426 3798 1496 perti-

2203 1526 2355 1572 nent.
2392 1516 2547 1573 Unde
2573 1525 2630 1572 et
2658 1517 3004 1588 antiquorum
3031 1517 3303 1588 iustorum
3333 1517 3520 1575 funera
3545 1518 3797 1577 ofﬁciosa

2203 1611 2408 1683 pietate
2435 1618 2623 1666 curata
2653 1620 2808 1676 sunt,
2838 1620 2894 1666 et
2937 1611 3207 1680 exsequiae
3248 1609 3562 1678 celebratae,
3605 1621 3661 1668 et
3698 1628 3800 1668 se-

2204 1701 2420 1774 pultura
2447 1701 2664 1772 provisa
2689 1717 2704 1767 ;
2732 1701 2944 1778 ipsique
2969 1716 3091 1756 cum
3119 1700 3395 1765 viverent,
3427 1700 3494 1757 de
3516 1701 3798 1773 sepelien-

2205 1795 2290 1850 dis
2331 1795 2418 1850 vel
2465 1795 2628 1850 etiam
2673 1793 3062 1850 transferendis
3109 1792 3222 1848 suis
3266 1792 3610 1863 corporibus,
3656 1792 3801 1848 ﬁliis

515 1866 638 1944 sunt
676 1889 766 1961 qui
800 1888 1048 1942 dicantur
1089 1885 1200 1950 dii,
1249 1884 1356 1938 sive
1388 1883 1445 1938 in
1479 1881 1632 1947 coelo,
1683 1883 1787 1936 sive
1825 1882 1881 1936 in
1924 1890 2063 1935 terra
2082 1921 2098 1948 ,
2126 1866 2176 1927 Β
2203 1886 2614 1942 mandaverunt,
2644 1885 2765 1956 [pse
2788 1899 3001 1956 quoque
3026 1883 3286 1939 Dominus
3313 1883 3400 1938 die
3424 1884 3582 1938 ιειιιίο
3606 1898 3803 1939 τεευιι.

514 1981 712 2054 (sicuti
741 1990 863 2036 sunt
894 1979 968 2034 dii
996 1976 1186 2043 multi,
1217 1985 1264 2031 et
1294 1975 1493 2029 domini
1522 1973 1710 2046 multi)
1745 1973 1892 2028 nobis
1925 1982 2100 2026 tamen
2203 1988 2454 2036 recturus
2476 2020 2491 2046 ,
2518 1978 2785 2048 religiosa;
2814 1976 3059 2032 mulieris
3087 1975 3287 2031 bonum
3318 1989 3454 2045 opus
3487 1973 3756 2047 (medica;
3776 2014 3794 2041 ,

514 2091 654 2128 unus
685 2073 828 2128 Deus
864 2069 1050 2134 Pater,
1081 2084 1146 2122 ea:
1177 2083 1280 2139 quo
1312 2066 1488 2120 omnia
1509 2106 1524 2132 ,
1560 2074 1608 2119 et
1639 2081 1732 2119 nos
1767 2065 1821 2118 in
1856 2064 2008 2134 ipso;
2051 2071 2101 2117 et

2208 2072 2712 2144 praedicandumque
2732 2069 3107 2134 commendat,
3133 2068 3275 2139 quod
3300 2074 3626 2138 unguentum
3652 2080 3798 2135 pre-

512 2181 652 2220 unus
692 2163 948 2218 Dominus
983 2160 1136 2214 Jesus
1167 2155 1444 2223 Christus,
1481 2173 1574 2227 per
1603 2171 1757 2226 quem
1795 2154 2002 2219 omnia,
2051 2161 2100 2206 et

513 2272 610 2312 nos
637 2274 730 2328 per
758 2258 951 2328 ipsum.
985 2275 1004 2308 ι

584 2347 679 2402 ιΧ.
718 2346 815 2402 llis
843 2347 918 2401 ita
944 2361 1003 2401 se
1032 2343 1388 2409 habentibus,
1416 2351 1500 2397 est
1522 2340 1713 2396 modus
1736 2339 1965 2404 divinae,
1989 2338 2104 2394 sive

514 2437 864 2510 evangelicae,
891 2437 976 2493 vel
1006 2437 1171 2492 etiam
1213 2436 1464 2492 humanm
1503 2432 1728 2504 gloriae;
1763 2431 1904 2487 sicut
1927 2429 2106 2484 Alcbi-

513 2547 640 2588 mus
684 2530 878 2586 Avitus
925 2530 1208 2601 episcopus
1249 2525 1573 2584 Viennensis
1615 2525 1670 2580 in
1714 2523 1966 2595 Dialogo,
2010 2520 2105 2577 ubi

513 2637 641 2678 cum
675 2621 1012 2678 Gundobado
1051 2634 1176 2691 rege
1209 2618 1470 2688 loquitur,
1508 2617 1674 2672 dicit:
1707 2634 1725 2666 ι
1754 2615 1889 2689 Illud
1922 2624 2104 2679 tamen

514 2717 660 2788 quod
682 2715 751 2770 ab
771 2713 1080 2785 :rqualitate
1103 2711 1342 2767 caelestis
1365 2709 1549 2781 gloria:
1561 2708 1777 2763 Patrem
1804 2716 1858 2763 et
1883 2706 2101 2770 Filium,

511 2810 742 2885 perinde
774 2819 838 2865 ut
863 2817 1172 2865 creaturam
1201 2805 1502 2877 angelicam
1534 2802 1894 2865 secludentes,
1920 2812 2107 2868 quam-

514 2903 644 2957 dam
675 2901 805 2955 mihi
835 2899 1093 2954 invidiam
1122 2897 1308 2954 illicite
1348 2895 1598 2966 supernis
1622 2893 1913 2948 virtutibus
1941 2888 2105 2945 delati

513 2989 740 3047 honoris
763 2988 1055 3044 obtenditis
1071 3027 1087 3052 ,
1116 2987 1360 3042 dicentes
1386 3003 1398 3039 :
1429 2985 1570 3055 Ergo
1595 2993 1652 3039 et
1675 2983 1880 3054 angelis
1900 3023 1915 3048 ,
1943 2989 2106 3051 atque

515 3080 889 3153 archangelis,
918 3089 973 3136 et
1000 3093 1335 3149 quaecunque
1365 3077 1419 3132 in
1447 3075 1676 3132 excelsis
1701 3085 1856 3142 sunt,
1878 3074 2104 3146 gloriam

514 3173 662 3230 ferre
691 3173 988 3238 debemus;
1024 3170 1150 3226 licet
1188 3170 1407 3225 minime
1440 3169 1710 3240 pertineat
1745 3168 1814 3222 ad
1849 3181 2101 3232 causam,

514 3267 683 3322 etiam
708 3267 774 3322 ad
806 3281 1045 3337 praesens
1073 3280 1178 3320 non
1205 3264 1426 3320 omnino
1450 3264 1527 3319 sic
1552 3278 1743 3329 renuo,
1769 3263 1923 3334 quasi
1950 3277 2102 3318 crea-
2128 3229 2176 3296 ο

516 3368 658 3416 turae
693 3359 911 3416 sublimi
946 3370 1108 3430 atque
1141 3359 1420 3428 praestanti
1458 3357 1686 3429 gloriam
1722 3357 1863 3413 ferre
1911 3358 2105 3412 timea—

519 3469 663 3509 mus.
705 3453 801 3508 Est
835 3454 1033 3523 quippe
1079 3453 1305 3517 divinae,
1355 3458 1438 3507 est
1481 3450 1768 3522 angelicae,
1814 3458 1898 3506 est
1939 3449 2103 3504 etiam

503 3543 770 3600 'humanae
810 3543 995 3614 gloria:
1037 3542 1262 3607 modus,
1307 3558 1470 3613 quem
1502 3543 1556 3596 in
1587 3542 1769 3597 multis
1798 3539 2106 3613 Scriptura-

518 3647 643 3688 rum
673 3632 808 3688 locis
839 3632 1178 3687 inveniamus
1206 3640 1262 3687 et
1291 3642 1602 3686 sanctorum
1647 3632 1858 3687 meritis
1899 3641 1953 3688 et
1993 3632 2110 3702 api-

518 3724 672 3780 cibus
717 3739 903 3797 regum
948 3725 1065 3780 sine
1111 3725 1239 3780 vitio
1281 3725 1663 3782 assentationis
1705 3725 1926 3781 ascribi.
1979 3725 2108 3792 Qua:

517 3815 665 3870 enim
692 3816 834 3871 inter
859 3817 1108 3872 homines
1131 3816 1305 3888 prima
1329 3817 1521 3888 gloria,
1546 3817 1715 3888 gloria
1747 3818 1861 3872 haec
1887 3825 1972 3872 est
1997 3832 2111 3873 om-

517 3905 679 3960 nibus
712 3905 916 3978 sanctis
951 3904 1107 3975 cius;
1144 3915 1198 3961 et
1237 3906 1291 3960 in
1327 3906 1617 3978 Evangelio
1653 3907 1914 3963 Dominus
1943 3907 2106 3975 dicit,

517 3995 662 4064 quod
695 4011 794 4051 nec
827 3995 1083 4051 Salomon
1127 3996 1182 4051 in
1223 3997 1369 4052 omni
1413 3997 1584 4066 gloria
1627 4012 1723 4052 sua
1764 3997 1844 4053 sic
1881 3997 2111 4053 vestitus

517 4095 632 4150 est,
663 4087 803 4142 sicut
829 4087 929 4142 lilii
960 4087 1213 4143 ﬂosculus
1237 4088 1418 4158 specie
1448 4089 1702 4143 naturali.
1738 4108 1758 4141 ι

516 4180 520 4184 ’
595 4179 662 4234 Χ.
699 4180 997 4234 Audiamus
1020 4197 1165 4236 nunc
1191 4181 1276 4235 his
1303 4181 1452 4251 paria
1477 4180 1694 4236 beatum
1720 4181 2108 4254 Hieronymum

515 4271 924 4342 praedicantem.
953 4271 1091 4326 Dicit
1111 4273 1256 4327 enim
1279 4271 1331 4326 in
1355 4273 1580 4344 epistola
1604 4289 1767 4343 quam
1791 4287 1889 4344 pro
1917 4286 1940 4312 ⁸
1968 4275 2112 4329 schi-

517 4372 692 4420 smate
719 4364 994 4437 Vigilantii
1030 4365 1098 4420 ad
1136 4365 1415 4435 Riparium
1452 4366 1827 4437 presbyterum
1858 4366 2112 4421 transmi-

517 4457 590 4510 sit
615 4475 627 4511 :
660 4475 678 4507 ι
704 4454 814 4512 Nos
843 4465 1056 4522 autem,
1087 4471 1194 4512 non
1223 4456 1345 4512 dico
1371 4466 1671 4529 martyrum
1698 4458 1985 4528 reliquias,
2017 4457 2111 4513 sed

2205 2166 2400 2221 tiosum
2427 2179 2592 2236 supra
2635 2162 2877 2220 membra
2925 2159 3043 2231 eius
3069 2159 3349 2226 effuderit,
3382 2168 3543 2232 atque
3581 2160 3683 2214 hoc
3712 2157 3800 2214 ad

2200 2272 2327 2313 eum
2355 2255 2720 2328 sepeliendum
2746 2255 2955 2311 fecerit.
2989 2253 3057 2309 Et
3085 2251 3427 2308 laudabiliter
3455 2263 3804 2306 commemo-

2204 2359 2394 2406 rantur
2426 2350 2480 2403 in
2509 2347 2833 2419 Evangelio,
2865 2347 2958 2418 qui
2988 2360 3183 2416 corpus
3209 2344 3328 2416 eius
3353 2343 3418 2398 de
3451 2357 3607 2398 cruce
3633 2355 3806 2396 acce-

2203 2451 2356 2515 ptum
2380 2441 2664 2514 diligenter
2689 2450 2850 2510 atque
2893 2436 3188 2494 honoriﬁce
3213 2434 3500 2507 tegendum
3526 2431 3805 2503 sepelien-

2205 2536 2441 2606 dumque
2483 2541 2762 2590 curarunt.
2810 2529 3195 2586 Verumtamen
3256 2529 3376 2584 istae
3437 2524 3805 2581 auctoritates

2205 2641 2314 2683 non
2355 2626 2458 2681 hoc
2500 2624 2821 2690 admonent,
2869 2619 3013 2692 quod
3058 2619 3190 2675 insit
3235 2617 3378 2674 ullus
3423 2614 3802 2672 cadaveribus

2205 2735 2434 2786 sensus;
2481 2719 2575 2774 sed
2617 2717 2685 2774 ad
2724 2715 2821 2772 Dei
2864 2714 3293 2788 providentiam,
3323 2711 3409 2766 cui
3451 2710 3613 2764 etiam
3655 2707 3803 2763 talia

2204 2810 2424 2882 pietatis
2454 2807 2627 2866 ofﬁcia
2661 2808 2909 2879 placent,
2936 2821 3164 2876 corpora
3203 2817 3415 2875 quoque
3449 2809 3804 2858 mortuorum

2203 2903 2478 2974 pertinere
2523 2900 2870 2973 signiﬁcant,
2905 2907 3125 2970 pr0pter
3164 2896 3327 2953 ﬁdem
3371 2891 3804 2952 resurrectionis

2207 2994 2575 3050 astruendam.
2611 3013 2630 3047 ι

2280 3088 2414 3144 Item
2441 3087 2778 3158 Augustinus
2819 3089 2875 3140 in
2916 3083 3058 3141 libro
3093 3093 3287 3139 octavo
3328 3081 3569 3153 eiusdem
3607 3078 3806 3147 operis

2209 3180 2361 3254 (Cap.
2390 3181 2480 3252 9.7)
2508 3200 2520 3236 :
2567 3200 2585 3232 ι
2615 3179 2727 3235 Nec
2751 3186 2933 3234 tamen
2961 3177 3293 3249 martyribus
3321 3174 3519 3245 templa
3539 3214 3554 3239 ,
3597 3185 3802 3226 sacer-

2207 3274 2384 3340 dotia,
2435 3288 2589 3328 sacra
2643 3280 2699 3327 et
2753 3269 3021 3326 sacriﬁcia
3065 3267 3485 3324 constituimus:
3531 3261 3804 3334 quoniam

2205 3381 2314 3421 non
2346 3364 2482 3434 ipsi,
2522 3364 2617 3421 sed
2645 3364 2788 3420 Deus
2813 3377 3004 3418 eorum
3032 3360 3191 3416 nobis
3215 3366 3298 3415 est
3328 3358 3491 3414 Dens.
3546 3353 3806 3410 Honora-

2206 3474 2329 3516 mus
2355 3472 2485 3514 sane
2513 3457 2808 3514 memorias
2834 3470 3024 3511 eorum
3063 3463 3323 3524 tanquam
3353 3455 3664 3506 sanctorum
3694 3445 3807 3500 ho-

2208 3551 2416 3606 minum
2443 3549 2560 3615 Dei,
2589 3548 2681 3619 qui
2709 3562 2882 3617 usque
2907 3547 2974 3602 ad
3003 3553 3232 3601 mortem
3259 3556 3548 3614 corporum
3571 3554 3804 3594 suorum

2207 3657 2308 3712 pro
2335 3641 2562 3697 veritate
2597 3645 2909 3705 certarunt,
2944 3646 3005 3692 ut
3033 3637 3396 3692 innotesceret
3422 3647 3551 3687 vera
3583 3629 3800 3702 religio,

2209 3733 2358 3791 falsis
2404 3733 2650 3804 ﬁctisque
2693 3730 2977 3788 convictis.
3030 3728 3185 3797 Quod
3229 3726 3440 3784 etiamsi
3490 3723 3582 3795 qui
3631 3732 3803 3777 antea

2210 3826 2556 3891 sentiebant,
2607 3823 2847 3880 timendo
2895 3822 3282 3894 reprimebant.
3321 3818 3455 3887 Quis
3488 3826 3673 3872 autem
3705 3833 3805 3871 au-

2210 3917 2346 3974 divit
2379 3917 2668 3987 aliquando
2705 3915 2944 3972 ﬁdelium
2976 3922 3210 3970 stantem
3247 3911 3585 3968 sacerdotem
3617 3909 3689 3964 ad
3722 3907 3804 3963 al-

2210 4019 2356 4076 tare,
2397 4009 2561 4065 etiam
2588 4024 2752 4079 super
2779 4015 3027 4063 sanctum
3054 4021 3251 4076 corpus
3293 4003 3550 4074 martyris
3589 4002 3658 4056 ad
3701 4000 3803 4057 Dei

2211 4099 2475 4161 honorem
2520 4102 2830 4170 cultumque
2870 4106 3267 4163 constructum,
3306 4097 3484 4151 dicere
3527 4095 3582 4147 in
3619 4094 3804 4164 preci-

2210 4195 2349 4250 bus:
2387 4193 2566 4250 Oﬁero
2606 4193 2703 4248 tibi
2739 4192 3099 4258 sacriﬁcium,
3140 4189 3318 4254 Pctrc,
3359 4187 3445 4243 vel
3483 4185 3671 4252 Paule,
3716 4185 3805 4240 vel

2211 4285 2515 4358 Cypriane?
2543 4301 2665 4341 cum
2692 4285 2834 4356 apud
2858 4300 3044 4340 eorum
3070 4283 3360 4339 memorias
3381 4279 3639 4336 offeratur
3665 4279 3802 4342 Deo,

2212 4377 2304 4448 qui
2336 4393 2429 4432 eos
2458 4385 2512 4432 et
2539 4377 2788 4432 homines
2817 4385 2873 4432 et
2898 4385 3162 4447 martyres
3191 4375 3338 4440 fecit,
3372 4382 3426 4429 et
3457 4371 3660 4427 sanctis
3688 4371 3806 4426 suis

2213 4471 2420 4542 angelis
2447 4471 2656 4528 caelesti
2687 4471 2891 4527 honore
2920 4470 3178 4535 sociavit;
3217 4478 3277 4524 ut
3304 4483 3366 4524 ea
3397 4465 3712 4523 celebritate
3750 4472 3806 4518 et

514 4562 621 4604 nec
642 4548 810 4604 solem
836 4550 1055 4618 quidem
1077 4559 1131 4603 et
1153 4548 1336 4603 lunam
1353 4589 1369 4616 ,
1393 4558 1448 4605 et
1472 4550 1711 4620 angelos,
1736 4560 1791 4606 et
1817 4553 2106 4622 archange-

2213 4564 2325 4619 Deo
2355 4577 2485 4619 vero
2515 4563 2729 4618 illorum
2759 4563 3001 4618 victoriis
3032 4562 3234 4632 gratias
3280 4573 3506 4632 agamus
3525 4599 3538 4621 ,
3593 4565 3650 4612 et
3702 4571 3806 4611 nos

516 4638 626 4704 los,
657 4657 764 4696 non
788 4640 1060 4711 seraphim
1082 4681 1098 4707 ,
1127 4656 1236 4698 non
1275 4642 1556 4697 cherubim
1577 4683 1591 4707 ,
1625 4651 1682 4696 et
1715 4658 1876 4698 omne
1896 4644 2108 4697 'nomen

520 4733 665 4801 quod
707 4733 1018 4788 nominatur
1058 4733 1114 4788 in
1155 4735 1412 4803 prmsenti
1451 4734 1678 4800 swculo,
1707 4743 1760 4788 et
1792 4734 1847 4788 in
1889 4733 2102 4801 futuro,

519 4823 750 4879 colimus
785 4834 842 4880 et
881 4842 1242 4894 veneramur;
1274 4842 1343 4882 ne
1369 4827 1671 4883 serviamus
1713 4836 1979 4883 creaturae
2007 4843 2106 4896 po-

516 4912 630 4992 tius
667 4927 828 4981 quam
865 4914 1144 4984 Creatori,
1187 4917 1280 4987 qui
1323 4929 1407 4973 est
1442 4918 1756 4973 benedictus
1792 4917 1845 4972 in
1886 4917 2100 4974 saecula.

519 5004 863 5061 Honoramus
891 5015 1072 5062 autem
1104 5007 1362 5080 reliquias
1397 5017 1732 5081 martyrum,
1770 5016 1832 5062 ut
1859 5025 1982 5064 eum
2013 5024 2106 5064 cn-

513 5096 608 5168 ius
652 5106 778 5152 sunt
821 5107 1089 5169 martyres
1135 5101 1442 5156 adoremus.
1491 5099 1830 5156 Honoramns
1881 5117 2007 5169 vos,
2051 5111 2112 5157 ut

520 5190 761 5246 honores
786 5205 1067 5246 servorum
1092 5193 1394 5250 redundent
1421 5195 1488 5250 ad
1518 5194 1841 5264 Dominum,
1873 5198 1965 5267 qui
1995 5197 2071 5253 ait
2095 5217 2107 5252 :

521 5280 630 5348 Qui
661 5299 746 5337 vos
773 5283 1026 5354 suscipit,
1055 5301 1136 5339 me
1161 5287 1398 5358 suscipit.
1438 5305 1456 5339 i

593 5373 684 5430 XI.
720 5375 995 5433 Consonat
1020 5377 1148 5434 huic
1175 5379 1369 5435 beatus
1396 5378 1728 5452 Augustinus
1755 5381 1808 5436 in
1838 5381 1978 5437 libro
2007 5385 2112 5452 pri-

2215 4657 2285 4711 ad
2316 4656 2674 4711 imitationem
2709 4655 2897 4710 talium
2927 4667 3252 4710 coronarum
3279 4659 3440 4721 atque
3467 4648 3806 4721 palmarum,

2215 4749 2405 4804 eodem
2436 4749 2684 4803 invocato
2724 4748 2779 4803 in
2818 4747 3077 4802 auxilium
3106 4786 3122 4812 ,
3170 4760 3238 4799 ex
3273 4743 3486 4800 illorum
3521 4741 3807 4798 memoria:

2214 4841 2566 4897 renovatione
2614 4840 2980 4895 adhortemur.
3047 4837 3393 4908 Quaecunque
3437 4836 3604 4907 igitur
3648 4834 3812 4889 adhi-

2214 4930 2414 4987 bentur
2436 4930 2808 5002 religiosorum
2835 4930 3094 5000 obsequia
3124 4930 3179 4984 in
3210 4937 3508 5000 martyrum
3532 4925 3690 4989 locis,
3717 4942 3811 4981 or—

2215 5032 2469 5081 namenta
2495 5031 2621 5077 sunt
2645 5022 3054 5087 memoriarum,
3089 5037 3197 5077 non
3232 5035 3388 5077 sacra
3418 5017 3503 5075 vel
3531 5017 3808 5072 sacriﬁcia

2213 5123 2550 5172 mortuorum
2579 5116 2830 5182 tanquam
2857 5112 3103 5164 deorum.
3142 5112 3457 5178 Quicunque
3482 5105 3647 5160 etiam
3677 5121 3813 5178 cpn-

2213 5207 2295 5264 las
2340 5222 2466 5262 suas
2501 5220 2568 5260 eo
2607 5203 2890 5267 deferunt;
2941 5201 3086 5272 quod
3132 5201 3349 5270 quidem
3396 5215 3428 5253 a
3472 5196 3810 5253 Christianis

2211 5297 2528 5356 melioribus
2570 5311 2678 5350 non
2721 5294 2810 5360 ﬁt,
2856 5302 2914 5350 et
2954 5295 3007 5348 in
3045 5293 3318 5364 plerisque
3351 5299 3622 5348 terrarum
3658 5289 3811 5345 nulla

2212 5390 2336 5446 talis
2378 5398 2464 5445 est
2508 5386 2882 5444 consuetudo:
2923 5396 3104 5444 tamen
3133 5387 3445 5458 quicunque
3473 5383 3527 5441 id
3553 5382 3807 5442 faciunt.

1941 5501 2214 5562 BALUle
2252 5503 2482 5561 ΝΟΤᾹΞ.

594 5587 944 5660 {Schismate
997 5586 1285 5660 Vigilantii.
1332 5587 1575 5645 Celebris
1603 5597 1686 5644 est
1724 5589 1814 5644 hic
1844 5605 2006 5645 nomo
2031 5591 2100 5648 ob

520 5659 795 5731 aculeatas
820 5659 1135 5731 llierOnymi
1157 5660 1210 5731 in
1249 5673 1371 5731 enm
1395 5660 1739 5731 scriptiones.
1791 5661 1858 5716 Et
1888 5671 2104 5718 constat

520 5730 794 5785 hominem
847 5729 1208 5785 fnisse‘valde
1259 5729 1596 5795 haereticum,
1647 5749 1711 5786 ac
1764 5733 2017 5787 meritum
2048 5743 2106 5788 ut

513 5801 782 5875 adversus
812 5817 936 5875 eum
963 5800 1386 5875 excandesceret
1420 5799 1799 5875 Hieronymus.
1838 5805 1916 5858 Ac
1945 5804 2108 5875 vulgo

516 5879 718 5960 putant
737 5869 1204 5954 hominemfuisse
1233 5869 1554 5944 Hispanum.
1589 5869 1696 5935 Sed
1724 5871 1873 5932 illam
1899 5869 2109 5946 opinio-

2208 5610 2332 5651 nem
2383 5608 2502 5648 esse
2538 5592 2734 5648 falsam
2789 5593 2994 5648 evincit
3047 5590 3449 5647 illustrissimus
3477 5589 3563 5644 vir
3609 5587 3812 5644 Petrus

2208 5668 2276 5721 de
2306 5665 2485 5719 Μαι-εει
2517 5664 2958 5735 archiepiscopus
2988 5662 3312 5720 Parisiensis
3334 5663 3387 5716 in
3413 5661 3815 5735 Dissertatione

2212 5737 2278 5791 de
2308 5737 2480 5806 patria
2528 5731 2822 5806 \figilantii,
2858 5731 3032 5806 quam
3077 5735 3206 5789 olim
3255 5735 3310 5787 in
3347 5731 3624 5806 publicum
3655 5731 3814 5786 exire

2215 5803 2502 5863 faciemus.
2551 5803 2754 5863 Probat
2782 5803 2962 5862 autem
2989 5805 3324 5878 Aquitanum
3351 5803 3541 5859 fuisse.
