4012 6338
522 378 632 451 sit

533 603 683 676 quod
705 617 837 659 cum
853 604 926 659 sit
946 602 1259 669 invisibilis,
1285 617 1430 672 saepe
1453 599 1741 657 visibiliter
1764 598 2010 671 patribus
2032 613 2124 669 ap-

528 694 787 770 paruisse
812 701 1169 752 memoratur.
1208 694 1366 750 Sicut
1389 693 1535 749 enim
1562 706 1734 748 sonus
1758 690 1855 762 qui
1881 689 2119 757 auditur,

531 774 809 845 scntentia
836 787 895 843 in
920 786 1141 843 silentio
1165 785 1541 859 intelligentia:
1559 783 1878 850 constituta,
1902 796 2011 838 non
2037 788 2123 839 est

539 880 651 938 hoc
679 876 831 963 quoii
858 880 975 959 ipsa
991 921 1006 947 ,
1045 880 1120 935 ita
1145 876 1205 936 et‘
1226 880 1441 951 species
1462 892 1569 949 qua
1595 877 1748 933 visus
1780 884 1865 931 est
1887 866 2035 931 Deus
2064 875 2123 930 in

536 979 738 1029 natura
773 971 1036 1029 invisibili
1076 973 1432 1038 constitutus,
1472 984 1583 1027 non
1624 977 1747 1026 erat
1789 966 1939 1053 quod
1982 969 2119 1039 ipse.

534 1064 927 1122 Verumtamen
952 1066 1069 1136 ipse
1092 1064 1146 1120 in
1172 1064 1359 1129 eadem
1383 1065 1566 1137 specie
1589 1062 1858 1134 corporali
1885 1056 2116 1130 videtur;

532 1148 677 1215 sicut
701 1157 794 1213 illa
818 1158 1092 1215 sententia
1127 1157 1249 1232 ipsa
1283 1158 1340 1213 in
1378 1172 1519 1215 sono
1540 1157 1699 1214 vocis
1723 1156 1972 1223 auditur;
2019 1160 2123 1213 nec

528 1250 611 1311 illi
635 1254 962 1329 ignorabant
986 1251 1316 1309 invisibilem
1346 1246 1519 1308 Deum
1548 1252 1607 1306 in
1627 1248 1808 1322 specie
1830 1246 2115 1320 corporali,

532 1342 682 1418 quod
709 1345 827 1421 ipse
855 1361 965 1402 non
1005 1348 1156 1412 erat,
1195 1359 1255 1401 se
1280 1344 1490 1400 videre.
1527 1341 1665 1398 Nam
1708 1348 1765 1397 et
1798 1339 2125 1412 loquebatur

533 1451 663 1497 cum
688 1438 945 1510 loquente
969 1435 1203 1510 Moyses,
1226 1442 1284 1492 et
1302 1436 1353 1492 ei
1376 1444 1561 1492 tamen
1586 1430 1835 1491 dicebat:
1864 1432 1929 1490 Si
1948 1430 2123 1489 inveni

530 1526 763 1623 gratiam
788 1540 911 1588 ante
934 1539 1006 1600 te,
1035 1528 1248 1586 o’stende
1268 1527 1401 1584 mihi
1420 1527 1748 1601 temetipsum
1772 1526 2017 1593 scienter,
2064 1531 2124 1580 ut

530 1622 741 1678 uideant
774 1631 843 1679 te.
1986 1624 1994 1629 “

541 1810 547 1816 ⁵
604 1734 743 1795 XIV.
782 1737 915 1799 item
937 1724 1278 1811 Augustinus
1309 1736 1367 1792 in
1392 1734 1537 1793 libro
1561 1735 1756 1809 quinto
1786 1730 1940 1813 (Cap.
1967 1726 2022 1807 i)
2054 1726 2123 1791 de

534 1828 806 1891 Trinitate
848 1830 1017 1887 dicit:
1051 1848 1070 1883 ι
1101 1830 1180 1885 Ea
1210 1844 1334 1901 qua:
1368 1830 1435 1887 de
1464 1836 1663 1885 natura
1692 1827 2119 1885 incommutabili

1465 387 1523 447 S.
1564 387 1917 448 AGOBARDI
1955 383 2265 445 EPISCOPI
2287 383 2791 444 .LUGDUNENSIS

527 510 679 581 iussa
704 516 906 567 aeterna
932 510 1051 567 sine
1076 509 1194 581 lege
1216 517 1530 580 conSpecta.
1565 507 1676 563 Nec
1700 522 1917 562 movere
1940 506 2118 572 debet,
2146 504 2203 567 Α
2227 500 2539 561 Paracletus
2568 522 2671 562 non
2697 505 2861 561 veniet
2898 504 2968 559 ad
3002 520 3113 560 vos.
3153 502 3215 559 Si
3242 511 3419 559 autem
3447 502 3649 570 abiero,
3688 506 3810 561 Init-
3908 548 3915 553 .

3701 383 3812 444 212

2223 609 2332 655 tam
2354 616 2473 655 eum
2498 600 2567 655 ad
2590 615 2680 655 vos
2703 596 2885 670 (Joan.
2907 613 3015 663 xvi,
3040 596 3115 672 7).
3153 595 3216 653 In
3237 595 3433 668 quibus
3454 595 3644 653 verbis
3664 598 3815 655 hunc

2222 708 2441 750 sensum
2469 708 2590 749 esse
2625 704 2767 763 saepe
2800 691 3112 746 nominatus
3145 686 3302 761 pater
3323 687 3665 760 Augustinus
3691 688 3814 760 (dua

2222 785 2330 860 cet)
2364 784 2571 862 (Tracti;
2604 796 2704 842 xcv
2742 785 2797 840 in
2824 780 2980 842 Joan.
3011 796 3133 854 cap.
3160 781 3320 853 xvi):
3352 790 3380 833 ἐ
3402 781 3635 853 Expedit
3660 781 3816 838 vultis

2221 891 2284 936 ut
2308 881 2425 936 haec
2450 879 2625 936 forma
2656 880 2803 936 servi
2825 877 3108 935 animatur
3133 892 3163 933 a
3188 877 3363 933 vobis.
3411 868 3553 933 caro
3589 878 3816 947 quidem

2221 968 2427 1029 factum
2451 966 2697 1029 Verbum
2718 972 2908 1028 habito
2933 971 2989 1027 in
3016 972 3203 1039 vobis;
3365 969 3490 1025 nolo
3517 968 3702 1026 adhuc
3728 980 3816 1025 me

2222 1063 2516 1122 carnaliter
2543 1062 2815 1137 diligatis,
2865 1066 2921 1119 et
2958 1062 3064 1138 isto
3094 1062 3234 1119 lacte
3262 1060 3553 1128 contenti,
3598 1074 3818 1132 semper

2221 1156 2460 1215 infantes
2486 1168 2609 1216 esse
2636 1156 2886 1231 cupiatis.
2948 1156 3009 1214 Si
3054 1145 3313 1213 alimenta
3343 1165 3565 1223 tenera,
3615 1152 3818 1228 quibus

2223 1266 2320 1311 vos
2348 1254 2456 1310 alui
2483 1297 2498 1322 ,
2548 1269 2659 1311 non
2688 1248 3035 1320 subtraxero,
3070 1251 3299 1310 solidum
3331 1252 3516 1321 cibum
3544 1248 3659 1308 non
3687 1263 3817 1306 esu-

2223 1342 2411 1415 rietis;
2445 1342 2498 1402 si“
2515 1347 2810 1403 carnaliter
2835 1347 3048 1403 esurire
3073 1358 3187 1420 non
3214 1344 3560 1411 destiteritis,
3581 1357 3818 1416 capaces

2225 1437 2463 1512 Spiritus
2490 1455 2599 1496 non
2628 1440 2799 1497 eritis.
2846 1439 2983 1497 Nam
3021 1439 3150 1511 quid
3183 1448 3302 1505 est,
3348 1438 3415 1496 Si
3452 1450 3555 1494 non
3603 1438 3817 1515 abiero,

2224 1528 2538 1587 Paracletns
2566 1550 2670 1588 non
2698 1533 2864 1589 veniet
2889 1533 2963 1588 ad
2987 1549 3071 1611 nos
3098 1534 3123 1588 .9
3164 1531 3423 1604 Nunquid
3454 1530 3546 1588 hic
3581 1533 3817 1613 positus,

2224 1634 2349 1679 eum
2379 1636 2486 1680 non
2517 1622 2734 1696 poterat
2764 1626 3023 1684 mittere?
3060 1625 3192 1699 Quis
3217 1626 3321 1681 hoc
3348 1623 3592 1681 dixerit?
3628 1623 3818 1697 Netpie

2226 1716 2371 1773 enim
2402 1716 2497 1773 ubi
2518 1714 2608 1774 ille
2636 1725 2775 1784 erat,
2808 1718 2912 1774 iste
2939 1718 3067 1774 inde
3100 1719 3343 1775 recessit.
3384 1717 3524 1787 Quid
3554 1725 3642 1774 est
3667 1720 3815 1790 ergo,

2227 1808 2291 1865 Si
2328 1825 2434 1864 non
2470 1809 2677 1881 abiero,
2707 1802 3019 1866 Panic-(etus
3058 1826 3160 1864 non
3190 1808 3357 1865 veniet
3385 1792 3455 1864 ad
3489 1824 3576 1881 nos
3600 1811 3628 1865 ?
3675 1809 3814 1874 nisi,

536 1930 596 1979 et
623 1916 901 1990 invisibili,
935 1888 1261 1995 summoque
1287 1921 1526 1990 vivente,
1564 1930 1621 1978 et
1655 1923 1758 1979 sibi
1789 1920 2125 1997 sufﬁciente,
2226 1898 2346 1997 N01}
2384 1894 2612 1997 Ρρξςέδῑίε
2641 1916 2838 1997 cfp?”
2868 1890 3132 1997 Spiriilm}
3151 1943 3165 1969 θ
3199 1902 3316 1997 EN
3354 1892 3656 1997 Cffl'flamel‘
3680 1901 3821 1958 ἀθεί-

535 2015 794 2073 dicuntur
829 2032 939 2074 non
982 2032 1105 2072 esse
1146 2015 1545 2073 consuetudine
1584 2015 1917 2080 visibilium,
1961 2024 2126 2087 atque

531 2108 900 2177 mutabilium,
926 2115 981 2165 et
1005 2109 1345 2179 mortalium,
1372 2108 1458 2165 vel
1483 2120 1784 2182 egenarum
1808 2122 1987 2164 rerum
2018 2125 2127 2164 me-

533 2200 755 2267 tienda,
788 2201 885 2257 sed
914 2201 1080 2257 etiam
1110 2202 1167 2257 in
1199 2200 1306 2270 his,
1335 2202 1544 2273 inquit,
1578 2201 1743 2259 etiam
1774 2214 1895 2273 qua
1925 2202 2128 2259 nostris

531 2294 912 2366 corporalibus
944 2293 1197 2364 adjacent
1230 2295 1518 2362 sensibus,
1560 2294 1649 2352 vel
1692 2296 1837 2369 quod
1882 2310 1980 2351 nos
2022 2292 2126 2367 ipsi

531 2387 593 2444 in
621 2387 885 2446 interiore
912 2389 1132 2446 homine
1163 2403 1375 2457 sumus,
1409 2389 1639 2447 scientia
1665 2384 2127 2459 comprehendere

530 2479 866 2548 laboremus,
901 2496 1004 2538 nec
1033 2480 1392 2551 sufﬁciamus,
1422 2494 1532 2536 non
1563 2488 1747 2536 tamen
1784 2480 2129 2550 impudenter

529 2571 591 2646 in
628 2572 718 2629 illa
757 2588 878 2645 quae
918 2589 1084 2646 supra
1120 2580 1248 2630 sunt
1291 2573 1475 2629 divina
1521 2582 1577 2630 et
1617 2571 1907 2629 ineffabilia
1950 2572 2129 2644 pietas

529 2644 713 2721 ﬁdelis
757 2644 1030 2735 ardescit,
1081 2680 1191 2722 non
1242 2681 1405 2739 quam
1455 2681 1677 2722 suarum
1727 2665 1925 2721 virium
1975 2665 2129 2720 inllat

529 2757 870 2827 arrogantia,
895 2758 992 2814 sed
1024 2771 1189 2829 quam
1214 2757 1391 2828 gratia
1429 2757 1602 2827 ipsius
1625 2755 1903 2812 Creatoris
1929 2764 1986 2812 et
2010 2753 2129 2811 Sal-

526 2846 739 2904 vatoris
762 2845 1082 2903 inﬂammat.
1131 2845 1271 2903 Nam
1298 2862 1408 2919 quo
1437 2848 1716 2904 intellectu
1755 2848 1917 2904 homo
1956 2848 2128 2905 Deum

533 2938 718 3010 capit,
762 2938 859 3011 qui
898 2940 1078 3012 ipsum
1109 2938 1447 2996 intellectum
1476 2956 1635 2995 suum
1657 2982 1670 3007 ,
1718 2955 1827 3010 quo
1857 2954 1980 2996 cum
2011 2940 2131 2997 vult

532 3042 751 3102 capere,
785 3031 1025 3087 nondum
1057 3030 1247 3102 capit?
1296 3028 1355 3085 Si
1385 3037 1569 3086 autem
1612 3030 1775 3103 hunc
1793 3028 1907 3100 jam
1950 3025 2125 3103 capit,

531 3122 783 3177 attendat
806 3120 1098 3194 diligenter
1126 3120 1259 3177 nihil
1286 3138 1353 3177 eo
1380 3136 1504 3179 esse
1545 3120 1600 3177 in
1642 3137 1742 3178 sua
1780 3129 1975 3177 natura
2016 3137 2129 3179 me-

528 3211 677 3281 lius,
729 3218 787 3271 et
828 3215 1011 3270 videat
1057 3220 1242 3269 utrum
1284 3213 1469 3270 videat
1518 3214 1592 3271 ibi
1641 3213 1749 3269 ulla
1798 3213 2129 3271 lineamenta

530 3305 855 3375 formarum,
885 3309 1092 3365 nitores
1118 3308 1385 3374 colorum,
1413 3309 1710 3381 spatiosam
1738 3309 2125 3381 granditatem,

528 3396 771 3475 partium
793 3402 1128 3475 distantiam,
1153 3401 1313 3457 molis
1333 3401 1760 3467 distinctionem,
1793 3401 2004 3472 aliquas
2031 3417 2131 3473 per

532 3486 781 3548 locorum
829 3492 1117 3550 intervalla
1164 3493 1472 3558 motiones,
1526 3492 1614 3547 vel
1662 3493 1791 3563 quid
1839 3493 2125 3564 ejusmodi.

533 3582 685 3641 Nihil
715 3592 866 3641 certe
897 3584 1122 3640 istorum
1162 3585 1471 3640 invenimus
1508 3586 1562 3640 in
1600 3599 1665 3640 eo
1699 3599 1807 3656 quo
1844 3586 1898 3640 in
1935 3595 2128 3641 natura

532 3676 724 3732 nostra
751 3675 887 3732 nihil
917 3676 1112 3733 melius
1141 3676 1472 3743 invenimus,
1502 3677 1555 3731 id
1580 3683 1693 3741 est,
1736 3677 1792 3731 in
1829 3684 2017 3732 nostro
2049 3677 2129 3731 in-

534 3764 778 3835 tellectu,
808 3781 919 3839 quo
948 3767 1273 3842 sapientiam
1306 3768 1572 3838 capimus,
1604 3775 1870 3840 quantum
1901 3783 2130 3839 capaces

529 3870 744 3914 sumus.
770 3857 929 3927 Quod
954 3873 1087 3933 ergo
1112 3874 1221 3915 non
1248 3859 1552 3917 invenimus
1577 3862 1631 3917 in
1658 3860 1886 3917 meliore
1916 3869 2126 3929 nostro,

531 3964 645 4008 non
671 3952 932 4009 debemus
961 3952 1018 4008 in
1047 3952 1139 4009 illo
1172 3968 1415 4024 quaarere
1444 3954 1590 4025 quod
1626 3952 1788 4025 longe
1822 3952 2017 4010 melius
2044 3962 2129 4011 est

533 4043 765 4100 meliore
793 4053 1003 4102 nostro.
1054 4045 1128 4102 Ut
1154 4044 1235 4101 sic
1264 4043 1634 4116 intelligamus
1662 4044 1834 4100 Deum
1863 4043 1909 4108 si
1940 4056 2129 4116 possu-

532 4145 681 4217 mus,
713 4142 977 4205 quantum
1006 4150 1315 4208 possumus,
1353 4136 1472 4191 sine
1500 4134 1808 4205 quantitate
1837 4150 2123 4207 magnum,

532 4224 658 4282 sine
684 4224 979 4298 indigentia
1006 4236 1333 4293 creatorem,
1359 4228 1477 4283 sine
1499 4224 1607 4283 situ
1633 4235 1981 4300 praesentem,
2009 4228 2128 4284 sine

533 4317 727 4376 habitu
758 4318 944 4375 omnia
972 4320 1366 4387 continentem,
1397 4319 1518 4376 sine
1546 4318 1666 4376 loco
1695 4320 1898 4391 ubique
1927 4326 2124 4387 totum,

532 4411 657 4469 sine
687 4419 931 4483 tempore
964 4412 1387 4484 sempiternum,
1425 4411 1545 4467 sine
1571 4410 1683 4467 ulla
1712 4411 1797 4467 sui
1828 4412 2128 4467 mutatione

532 4502 817 4575 mutabilia
856 4502 1179 4572 facientem,
1225 4503 1467 4575 nihilque
1504 4504 1819 4575 patientem.
1869 4503 2128 4575 Quisquis

532 4599 710 4669 Deum
739 4598 813 4656 ita
843 4596 1076 4673 cogitat,
1107 4599 1210 4657 etsi
1236 4599 1476 4656 nondum
1500 4607 1680 4671 potest
1706 4599 2018 4656 omnimodo
2043 4597 2128 4655 in-

530 4692 723 4751 venire
749 4692 883 4767 quid
908 4692 1012 4760 sit,
1049 4691 1140 4764 pie
1166 4697 1351 4749 tamen
1378 4677 1568 4758 cavet,
1605 4700 1872 4763 quantum
1907 4697 2121 4762 potest,

532 4783 739 4857 aliquid
761 4770 829 4842 de
852 4784 945 4841 illo
971 4783 1176 4841 sentire
1198 4783 1345 4856 quod
1370 4798 1480 4840 non
1506 4782 1596 4839 sit.
1628 4800 1648 4836 ι

605 4896 724 4965 XV.
763 4899 1043 4971 Quantum
1068 4907 1253 4963 autem
1272 4896 1506 4957 visibilia
1533 4904 1768 4955 noceant
1790 4895 1863 4955 ad
1883 4893 2127 4953 invisibi-

530 4990 611 5061 lia
633 4991 920 5064 capienda,
949 5000 1007 5048 et
1030 5000 1296 5064 quantum
1323 5008 1478 5048 amor
1498 5004 1888 5062 corporearum
1912 5004 2121 5057 rerum,

531 5084 704 5159 etiam
739 5085 1040 5154 bonurum,
1084 5086 1155 5143 ad
1197 5086 1465 5159 spiritalia
1505 5083 1960 5155 contemplanda,
2005 5082 2125 5156 ipse

531 5176 797 5234 Dominus
836 5177 1213 5248 demonstrat,
1256 5178 1483 5236 dicens:
1528 5175 1643 5250 Ego
1687 5176 1960 5233 veritatem
1999 5174 2119 5237 dico

529 5267 698 5329 nobis.
718 5267 947 5345 Expedit
967 5270 1111 5329 nobis
1130 5278 1191 5324 ut
1207 5285 1303 5342 ego
1322 5267 1533 5326 vadunt.
1558 5265 1621 5328 Si
1639 5266 1779 5324 enim
1800 5283 1906 5323 non
1926 5264 2123 5332 abiero,

2150 4648 2205 4710 D

2224 1992 2371 2048 natis
2404 1990 2625 2065 diligere
2651 1986 2953 2046 Christum.
3005 1988 3160 2048 Unde
3196 1992 3287 2049 ille
3321 1990 3417 2063 qui
3448 1990 3563 2063 jam
3598 1999 3825 2062 ceperat

2227 2082 2491 2161 Spiritum
2517 2081 2533 2142 ε’
2562 2080 2680 2142 Etsi
2711 2098 3020 2142 noveramus
3049 2084 3336 2153 Christum,
3383 2081 3581 2156 inquit,
3625 2080 3822 2151 secun-

2225 2179 2355 2235 dum
2403 2194 2646 2246 carnem,
2697 2179 2787 2234 sed
2836 2195 2973 2234 nunc
3015 2179 3131 2251 jam
3178 2192 3281 2235 non
3327 2180 3583 2234 novimus.
3642 2174 3826 2248 ipsam

2228 2274 2428 2346 quippe
2454 2286 2675 2328 carnem
2700 2269 2931 2338 Christi,
2956 2257 3061 2328 non
3088 2255 3389 2328 secundum.
3412 2283 3635 2326 carnem
3660 2283 3826 2325 voca-

2226 2367 2344 2431 vit,
2393 2366 2491 2437 qui‘
2516 2365 2755 2421 Verbum
2795 2380 3017 2421 carnem
3057 2360 3257 2421 factum
3291 2363 3608 2435 Spiritaliter
3645 2361 3819 2429 novit.

2228 2454 2344 2514 Hoc
2373 2457 2630 2513 nimirum
2664 2456 2975 2531 significare
3008 2457 3176 2514 voluit
3206 2457 3464 2530 magister
3490 2458 3703 2519 bonus,
3745 2454 3825 2511 di-

2228 2551 2437 2607 cendo:
2481 2548 2543 2606 Si
2580 2551 2718 2605 enim
2764 2566 2868 2604 non
2908 2548 3103 2616 abiero,
3138 2547 3455 2613 Paracletus
3488 2564 3594 2602 non
3629 2545 3819 2602 veniet.

2230 2642 2296 2701 Si
2323 2653 2498 2699 autem
2527 2643 2727 2709 abiero,
2758 2643 2962 2701 mittam
2993 2659 3112 2699 eum
3141 2642 3210 2696 ad
3237 2659 3346 2701 vos.
3390 2640 3606 2721 Christo
3634 2649 3824 2699 autem

2231 2737 2593 2795 descendente
2622 2736 2998 2808 cmporalitcr,
3050 2749 3157 2795 non
3187 2724 3363 2793 solum
3407 2731 3646 2805 Spiritus
3689 2745 3819 2796 san-

2230 2845 2374 2897 ctus,
2405 2832 2502 2890 sed
2531 2839 2587 2886 et
2609 2830 2796 2898 Pater,
2824 2837 2879 2887 et
2903 2824 3075 2885 Filius
3100 2826 3205 2883 illis
3233 2826 3411 2889 adfuit
3435 2823 3816 2898 spiritualiter.

2229 2926 2308 2983 Ac
2335 2941 2434 2998 per
2459 2925 2586 2989 hoc,
2619 2940 2743 2981 cum
2777 2916 2847 2981 ex
2873 2922 3186 2984 carnalibus
3213 2927 3401 2981 essent
3436 2916 3707 2988 spiritales
3738 2912 3824 2970 fu—
3908 2970 3911 2975 ,

2232 3018 2364 3083 turi,
2389 3015 2633 3088 profecto
2662 3022 2719 3070 et
2749 3014 2969 3073 Patrem
2997 3020 3053 3068 et
3080 3004 3276 3070 Filium
3311 3018 3366 3075 et
3402 3007 3665 3083 Spiritum
3697 3022 3827 3071 san-

2232 3090 2378 3171 ctum
2407 3107 2663 3178 capacius
2689 3103 2908 3163 fuerant
2930 3103 3191 3161 habituri.
3227 3122 3245 3155 ι

2155 3256 2202 3319 C
2242 3310 2266 3319 Δ
2304 3219 2446 3277 XV'l.
2488 3218 2671 3319 Nemq
2686 3218 2855 3319 igitur
2877 3217 3187 3319 sapientum
3208 3216 3445 3317 ignurat,
3477 3210 3622 3319 quod
3653 3211 3823 3319 homo

2233 3310 2429 3376 ﬁdelis,
2452 3318 2512 3365 ut
2537 3307 2788 3381 proﬁciat
2808 3308 2876 3363 ab
2895 3306 3278 3372 exterioribus,
3303 3305 3575 3365 introrsus
3604 3302 3827 3365 trahen-

2233 3404 2333 3463 dus
2360 3412 2476 3467 est,
2521 3417 2628 3457 non
2666 3400 2735 3456 ab
2773 3398 3129 3461 interioribus,
3161 3397 3407 3459 exterius
3432 3394 3825 3468 projiciendus,

2230 3503 2292 3550 ut
2314 3492 2551 3561 deﬁciat.
2577 3490 2835 3547 Transire
2858 3490 3003 3551 enim
3024 3489 3183 3549 debet
3200 3486 3268 3546 de
3286 3503 3450 3545 carne
3471 3486 3539 3543 ad
3558 3485 3826 3551 animam,

2232 3588 2299 3649 (le
2327 3600 2555 3658 corpore
2580 3585 2649 3640 ad
2677 3584 2949 3655 spiritum.
2984 3582 3051 3639 de
3074 3581 3379 3643 visibilibus
3407 3578 3474 3637 ad
3502 3577 3826 3645 invisibilia,

2231 3680 2300 3735 de
2320 3677 2524 3733 mundo
2552 3678 2618 3731 ad
2642 3676 2832 3732 Deum.
2872 3674 2939 3730 Et
2962 3673 3064 3730 iste
3090 3673 3289 3728 dicitur
3309 3662 3607 3742 profectus,
3637 3669 3687 3725 si
3707 3680 3733 3709 ι
3754 3667 3827 3724 ad

2232 3773 2459 3829 meliora
2484 3772 2608 3844 quis
2637 3777 2895 3834 transeat,
2922 3782 3032 3823 non
3059 3766 3127 3821 ad
3152 3764 3444 3821 deteriora.
3478 3760 3675 3816 Melius
3694 3775 3826 3817 vero

2230 3886 2354 3933 esse
2381 3871 2645 3935 animum,
2673 3866 2912 3923 deterius
2937 3879 3153 3934 corpus,
3184 3859 3512 3919 eminentius
3543 3858 3823 3931 spiritum,

2232 3963 2477 4034 inﬁmam
2504 3978 2758 4030 carnem,
2792 3960 2948 4017 novit
2986 3958 3079 4030 qui
3120 3972 3184 4014 ea
3219 3970 3339 4028 quae
3367 3952 3530 4024 paulo
3571 3949 3827 4023 superius

2231 4064 2358 4116 sunt
2379 4057 2557 4129 posita
2583 4052 2761 4111 sancti
2788 4048 3078 4124 Augustini
3118 4048 3288 4107 verba
3312 4044 3444 4118 legit
3463 4051 3518 4100 et
3542 4041 3820 4114 intelligit.

2232 4149 2401 4205 Multo
2431 4158 2613 4204 autem
2646 4146 2733 4201 his
2759 4142 3031 4201 deteriora
3057 4156 3179 4198 esse
3205 4153 3326 4217 quae
3351 4136 3594 4193 humana
3620 4141 3677 4190 et
3706 4148 3828 4189 car-

2230 4242 2371 4300 nalis
2398 4237 2748 4315 praesumptio
2778 4235 2950 4310 llngit,
2981 4234 3150 4290 etiam
3176 4230 3328 4288 stulti
3358 4225 3732 4286 consentiunt.
3766 4223 3825 4285 In

2230 4350 2340 4409 quo
2368 4348 2567 4407 genere
2595 4332 2713 4393 istae
2737 4342 2953 4401 quoque
2982 4324 3354 4391 inveniuntur,
3385 4337 3524 4395 quas
3546 4318 3576 4362 ιδ
3599 4325 3828 4409 sanctas

2230 4404 2503 4499 appellant
2537 4422 2801 4496 imagines
2828 4435 2939 4476 non
2967 4416 3142 4474 solum
3171 4412 3450 4486 sacrilegi,
3484 4425 3553 4467 ex
3582 4425 3648 4466 eo
3677 4404 3825 4479 quod

2231 4517 2474 4573 divinum
2502 4513 2703 4571 cultum
2725 4510 2982 4583 operibus
3001 4520 3259 4563 manuum
3283 4517 3507 4560 suarum
3526 4499 3823 4564 exhibent;

2231 4610 2328 4667 sed
2368 4616 2425 4664 et
2463 4605 2803 4677 insipientes,
2847 4599 3193 4658 sanctitatem
3228 4594 3308 4652 eis
3337 4606 3458 4665 quae
3486 4591 3607 4650 sine
3636 4589 3823 4645 anima

2231 4710 2361 4758 sunt
2385 4697 2712 4770 imaginibus
2741 4692 3063 4749 tribuendo:
3097 4702 3199 4744 nec
3223 4687 3329 4743 hoc
3356 4683 3550 4749 solum,
3579 4678 3677 4737 sed
3704 4693 3825 4734 sane

2230 4791 2616 4852 ctilicationem
2647 4798 2890 4859 quoque,
2944 4796 3110 4854 quam
3151 4794 3251 4852 per
3279 4774 3516 4835 Verbum
3559 4772 3660 4829 Dei
3702 4770 3823 4826 ﬁeri

2230 4891 2464 4944 testatur
2494 4878 2816 4953 Apostolus,
2860 4875 2941 4933 eis
2983 4889 3105 4947 qua:
3145 4886 3425 4951 nunquam
3467 4866 3650 4923 locuta
3693 4873 3825 4925 sunt

2229 4978 2537 5045 {simulacris
2568 4975 2849 5033 dementer
2876 4968 3245 5030 concedendo.
3296 4966 3538 5045 Denique
3570 4961 3823 5033 Gedeon,

2229 5072 2361 5148 qui,
2388 5079 2527 5137 teste
2569 5066 2784 5141 angelo,
2828 5066 3074 5122 virorum
3110 5059 3445 5123 fortissimus
3470 5054 3724 5127 exstitit,
3764 5060 3823 5113 et

2226 5173 2474 5225 mortuus
2514 5162 2715 5225 dicitur
2750 5159 2807 5221 in
2847 5162 3128 5217 senectute
3155 5152 3332 5221 bona,
3378 5150 3713 5225 postulavit,
3760 5155 3823 5204 ut

2234 5266 2425 5319 narrat
2449 5256 2733 5327 Scriptura
2761 5250 2976 5319 divina,
3014 5262 3049 5304 a
3076 5246 3241 5311 sociis
3269 5246 3338 5313 de
3370 5244 3553 5317 praeda
3595 5243 3822 5301 inaures

1927 5351 2206 5413 BALUZII
2241 5348 2473 5410 ΝΟΤᾸΕ.

604 5470 635 5501 ι
654 5455 737 5530 Ad
774 5456 997 5530 molium
1028 5457 1146 5530 quis
1168 5462 1442 5530 "augeat.-
1464 5449 1560 5512 Sic
1573 5449 1941 5530 __Polycarpus
1969 5448 2113 5530 apud
2205 5453 2261 5502 et
2272 5444 2491 5530 merito,

2515 5428 3819 5525 amissurusiussineﬁﬁ‘cﬁté'iaﬂniiiﬁﬂ

532 5500 1205 5598 ευεέῑιῖιιῑίίῑῖινΐοῖιῖ
1465 5500 1940 5598 ἷῖῐδῖεῖιῧεῖἶεῖῧῦ
1958 5500 2117 5598 sui
2208 5500 2376 5598 ίιειηέε
2416 5500 2731 5598 iniussus
2764 5500 3136 5598 suasa-
3158 5500 3525 5598 essuries
3550 5514 3817 5598 2239291"

538 5599 909 5677 amelioribus
933 5600 1001 5656 ad
1038 5590 1810 5677 deteriura'mutabilismens
1839 5590 2119 5677 est."Pnl:

538 5675 733 5752 chrum
761 5671 979 5752 quidem
1009 5676 1172 5740 atque
1209 5669 1499 5752 honestum
1522 5666 1770 5752 ducimus
1791 5660 2120 5752 avitijsgad

537 5734 1230 5826 ﬂantemjranscurrere.
1266 5758 1285 5793 ι
1315 5738 1397 5795 Ex
1424 5736 1676 5795 versione
1703 5734 1807 5795 viri
1832 5734 2121 5791 clarissimi

542 5812 772 5872 IIem-lci
792 5811 1014 5869 Yalesii.

610 5885 640 5925 1»
659 5882 886 5939 Sanctus
900 5881 1447 5955 appellantimagines.
1460 5879 1778 5953 Indignatur
1786 5872 2129 5951 Agobardus,

2213 5571 2457 5645 suarum;
2482 5582 2627 5639 Nihil
2642 5593 2823 5654 tamen
2849 5576 3141 5654 vetatquin
3167 5571 3350 5645 aliquo
3366 5571 3528 5628 modo
3553 5571 3665 5654 dici
3681 5586 3815 5654 pos-

2218 5659 2329 5741 sint
2360 5663 2593 5740 sanctae,
2625 5652 2809 5709 habita
2834 5648 3047 5725 ratione
3064 5658 3455 5773 cptirstonarum
3497 5656 3619 5723 qua;
3650 5648 3706 5706 in
3734 5649 3817 5697 ta-

2218 5726 2358 5773 hultu
2380 5727 2489 5773 Illis
2521 5725 2681 5773 ninia!
2706 5729 2857 5773 sunt.
2911 5718 2997 5773 vel
3028 5715 3062 5771 ll
3173 5756 3186 5770 .
3215 5716 3392 5773 Atque
3415 5712 3487 5770 οδ
3522 5722 3645 5773 eam
3685 5724 3817 5769 eau-

2217 5726 2358 5787 bulis
2380 5727 2489 5783 illis
2521 5715 2681 5801 pictae
2706 5729 2857 5786 sunt,
2911 5715 3186 5801 vel

3215 5716 3392 5842 Agite
3415 5712 3487 5770 ob
3522 5712 3645 5773 itam
3685 5724 3818 5769 eau-

3310 5785 3499 5842 istoria
3552 5782 3815 5841 abbatum

2223 5782 2353 5857 sam
2373 5808 2464 5854 eas
2506 5782 2723 5851 s'anctas
2770 5782 2931 5847 vocat
2980 5786 3125 5843 Beda
3153 5787 3208 5842 in
3259 5782 3499 5845 Historia
3552 5782 3815 5853 abbatum

2226 5864 2754 5929 Wircmuthensium
2778 5872 2951 5934 nuper
2971 5858 3138 5914 edita.
