4012 6338
266 335 387 394 215

1276 326 1483 387 LIBER
1518 328 1610 386 DE
1648 326 2044 387 IMAGINIBUS
2087 328 2533 389 SANCTORUM.

3450 334 3564 415 sit

267 463 496 513 aureas,
525 454 585 504 et
610 445 849 519 accepit;
888 443 1127 516 iecitque
1154 460 1225 503 ex
1252 446 1333 504 eis
1358 447 1573 519 Ephod,
1604 456 1660 504 et
1686 448 1870 519 posuit
1892 447 1949 511 Α
1969 455 2179 517 peteret
2205 447 2273 504 ab
2300 464 2365 505 eo
2392 466 2464 506 ne
2492 450 2825 508 humandum
2852 455 3182 513 concederet
3206 472 3435 529 corpus;
3484 474 3559 517 ne

268 541 413 601 illud
440 542 495 597 in
524 540 745 597 civitate
768 553 867 594 sua
888 537 1101 610 Ephra;
1137 538 1551 610 fornicatusque
1578 546 1665 597 est
1691 539 1869 599 omnis

268 636 445 695 Israel
474 637 531 694 in
558 650 665 693 eo:
704 642 764 692 et
793 633 999 693 factum
1034 641 1120 691 est
1146 632 1387 689 Gedeoni
1418 640 1475 688 et
1498 631 1647 690 omni
1683 632 1867 691 (hinni

266 729 396 800 ejus
426 730 480 785 in
510 730 747 787 ruinam.
783 726 941 783 Licet
961 725 1108 782 enim
1138 725 1231 780 ille
1254 725 1363 781 hoc
1390 725 1455 780 in:
1476 725 1743 783 honorem
1766 724 1869 783 llei

267 821 491 889 fecerit,
525 830 708 878 tamen
739 820 869 892 quia
903 834 1013 877 non
1043 818 1107 873 in
1133 818 1259 875 loco
1279 833 1444 889 quem
1470 818 1736 874 Dominus
1759 817 1870 879 ele-

266 923 465 989 gerat,
508 913 604 970 sed
632 913 690 969 in
718 926 817 969 sua
845 911 977 969 illud
1001 910 1175 968 voluit
1197 926 1401 983 ponere
1425 911 1678 980 civitate,
1722 911 1871 984 quod

264 1009 471 1079 utique
506 1006 592 1062 lex
641 1012 929 1072 vetuerat,
964 1019 1105 1072 non,
1143 1012 1206 1060 ut
1228 1004 1471 1076 putavit,
1511 1004 1867 1062 elevationem

261 1108 569 1158 consecuta
582 1081 794 1155 exinde
827 1104 913 1155 est
942 1097 1141 1154 domus
1177 1096 1315 1167 ejus,
1363 1098 1461 1155 sed
1501 1098 1864 1155 eversionem.

260 1192 342 1250 Et
381 1200 445 1249 ut
478 1190 797 1249 noverimus
835 1205 946 1247 non
988 1191 1094 1248 diis
1137 1189 1333 1247 alienis
1366 1191 1501 1248 ωιιά
1542 1208 1575 1249 a
1613 1190 1868 1250 Gedeone

262 1283 508 1352 factum,
550 1284 741 1340 statim
765 1284 1050 1355 sequitur:
1088 1282 1383 1356 Postquam
1412 1292 1591 1339 autem
1623 1292 1869 1341 mortuus

260 1388 345 1436 est
373 1363 621 1444 Gedeon,
654 1379 825 1434 auersi
854 1386 976 1433 sunt
1005 1375 1107 1448 filii
1132 1374 1305 1434 Israel
1323 1419 1338 1445 ,
1383 1388 1433 1445 et
1463 1376 1714 1447 formati
1740 1384 1867 1434 sunt

262 1494 392 1532 eum
419 1476 651 1533 Baalim.
687 1477 791 1534 Ubi
817 1477 1072 1534 fornicati
1102 1485 1232 1534 sunt
1251 1478 1309 1534 in
1329 1476 1543 1547 Ephod,
1564 1491 1667 1532 nec
1687 1474 1867 1532 aversi

261 1569 546 1637 dicuntur,
589 1578 651 1626 ut
694 1571 1082 1629 subaudiamus
1112 1588 1144 1628 a
1174 1572 1319 1639 Deo;
1366 1585 1471 1627 nec
1496 1569 1738 1635 Baalim,
1779 1568 1867 1625 vel

256 1661 531 1719 Astaroth
557 1671 653 1720 aut
680 1664 887 1736 diqnid
915 1665 1116 1721 idolum
1146 1665 1461 1720 nominatur
1488 1682 1502 1718 :
1544 1664 1641 1720 ubi
1683 1673 1865 1723 autem

259 1767 394 1809 cum
424 1753 529 1811 diis
567 1754 789 1822 alienis,
833 1757 1020 1833 statim
1046 1756 1403 1829 designantur
1430 1755 1669 1823 Baalim,
1715 1756 1869 1827 quod

1967 537 2130 607 forte,
2162 540 2359 614 inquit,
2389 543 2758 613 relinquentes
2795 545 2946 603 illum
2984 549 3080 620 qui
3114 550 3412 608 cruciﬁxus
3448 562 3554 620 est,

1968 629 2262 691 Christiani
2304 635 2447 699 hunc
2491 635 2679 694 dolere
2722 637 3021 711 incipiant;
3066 639 3269 703 ludatis
3320 644 3561 715 maxime

1967 722 2073 783 ista
2108 726 2565 797 machinantibus,
2598 729 2693 801 qui
2729 739 2785 787 et
2819 742 3037 791 nostros
3075 734 3130 793 in
3175 736 3346 805 tantis
3381 737 3560 807 oculis

1966 817 2365 888 observarunt,
2426 837 2497 887 Ite
2550 838 2677 889 eum
2730 822 2966 891 ﬂammis
3010 827 3189 897 adhuc
3243 829 3564 886 ardentibus

1965 919 2238 982 raperent,
2261 913 2578 984 ignorantes
2605 916 2900 975 miserrimi
2923 919 3057 989 quia
3078 934 3257 990 neque
3278 918 3563 978 Christum

1966 1005 2256 1077 aliquando
2294 1024 2587 1079 possumus
2625 1010 3026 1082 derelinquere,
3066 1013 3161 1085 qui
3196 1022 3428 1085 mortem
3456 1029 3560 1087 pro

1965 1102 2135 1160 totius
2173 1103 2362 1160 mundi
2400 1105 2576 1163 salute
2617 1106 2908 1174 sustinuit.
2952 1122 3131 1178 penne
3165 1108 3332 1177 alium
3368 1124 3561 1181 quem-

1965 1209 2128 1285 quam
2163 1196 2366 1262 colere,
2405 1197 2605 1268 quippe
2634 1199 2729 1270 qui
2756 1214 2946 1259 verum
2976 1200 3167 1269 Deum,
3208 1209 3266 1258 et
3291 1202 3385 1285 qui
3413 1202 3564 1258 solus

1964 1284 2223 1341 colendus
2262 1287 2365 1353 sit,
2415 1287 2760 1356 noverimus;
2806 1297 3079 1364 martyres
3126 1306 3259 1359 vero
3299 1284 3561 1362 tanquam
3612 1304 3619 1364 ξ

1930 1375 2257 1453 discipulos
2305 1378 2520 1441 Domini
2569 1379 2860 1452 diligamus
2901 1388 2959 1449 et
3000 1397 3344 1450 veneremur,
3399 1383 3561 1459 quasi

1965 1468 2174 1541 integre
2210 1468 2377 1528 tidem
2414 1472 2687 1542 magistro
2718 1482 3003 1543 servantes
3037 1484 3094 1534 et
3132 1476 3383 1544 Domino,
3424 1493 3564 1550 quo-

1965 1576 2088 1617 rum
2116 1577 2218 1618 nos
2244 1578 2463 1636 quoque
2503 1564 2560 1621 in
2591 1564 2699 1629 ﬁde
2736 1576 2793 1624 et
2824 1570 3232 1638 perseverantia
3273 1570 3564 1633 charitatis

1962 1665 2213 1727 optamus
2251 1673 2375 1715 esse
2413 1660 2728 1731 participes.
2784 1661 2887 1722 Ubi
2928 1671 3117 1731 autem
3144 1664 3277 1729 vidit
3312 1664 3565 1721 centurio

1963 1757 2075 1806 tam
2132 1752 2465 1811 obstinatam
2502 1753 2814 1812 .ludzeorum
2849 1759 3285 1827 contentionem,
3321 1759 3562 1831 positum

255 1847 413 1918 apud
439 1846 695 1923 Hebraeos
723 1828 951 1922 pluralis
980 1827 1193 1906 numeri
1220 1858 1335 1916 est,
1376 1850 1522 1922 quod
1552 1850 1695 1907 idola
1722 1852 1862 1913 solet
1890 1827 1943 1889 Β
1967 1839 2025 1896 in
2049 1841 2229 1897 ωοάίο
2260 1842 2437 1912 ipsum
2470 1859 2669 1917 corpus
2707 1848 2947 1915 εδιιεεὶη
2980 1858 3038 1911 et
3077 1850 3153 1914 ita
3191 1866 3291 1909 nos
3319 1827 3563 1922 llosmm‘

252 1939 579 2011 signiﬁcare
596 1941 651 1996 in
666 1940 950 2013 Scriptura
971 1942 1173 2015 divina.
1192 1940 1346 1999 Sicut
1359 1942 1522 1997 etiam
1544 1957 1670 2021 cum
1689 1958 1859 1998 unum

251 2031 497 2107 vitulum
536 2033 769 2105 populus
811 2049 1007 2091 errans
1044 2033 1265 2090 fecisset
1304 2034 1361 2090 in
1400 2047 1607 2101 eremo,
1654 2033 1859 2093 dictum

250 2136 350 2184 est
376 2144 391 2181 :
416 2124 516 2181 Isti
537 2118 660 2183 sunt
680 2127 763 2201 dii
778 2129 879 2194 tui,
903 2126 1097 2205 Israel,
1118 2129 1207 2207 qui
1231 2136 1281 2184 te
1308 2127 1604 2184 eduaerunt
1627 2128 1695 2184 de
1717 2136 1861 2184 terra

250 2217 505 2291 Αἴθρη)ιᾷ
1836 2242 1839 2245 λ

331 2310 498 2391 XVII.
538 2311 657 2384 Non
697 2312 873 2369 solum
905 2328 1038 2371 vero
1071 2313 1314 2370 divinum
1345 2313 1561 2371 deferre
1593 2314 1859 2372 honorem

251 2403 460 2475 quibus
496 2420 609 2462 non
643 2403 792 2483 licet,
833 2406 930 2462 sed
965 2413 1021 2462 et
1060 2405 1348 2463 ambitiose
1379 2407 1654 2462 honorare
1682 2419 1710 2448 ι
1735 2422 1862 2463 san-

248 2505 477 2554 ctorum
505 2498 798 2555 memorias
822 2499 891 2554 ob
915 2500 1243 2570 captandam
1266 2499 1492 2570 gloriam
1517 2499 1857 2571 popularem,

247 2588 691 2663 Rprehensibile
715 2597 815 2647 est.
842 2589 1036 2665 Arguit
1079 2574 1244 2662 super
1263 2591 1350 2646 his
1379 2590 1645 2646 Dominus
1668 2590 1863 2646 Phari-

249 2697 400 2740 saaos
450 2682 508 2738 in
533 2680 849 2757 Evangelio,
878 2690 1017 2739 teste
1041 2684 1204 2740 beato
1228 2682 1575 2756 Hieronymo,
1611 2685 1699 2741 bis
1739 2700 1862 2741 ver-

247 2774 385 2832 bis:
438 2773 531 2831 Va:
556 2776 718 2843 vobis,
764 2775 966 2856 Scriba:
1002 2784 1054 2831 et
1102 2764 1368 2856 Pharisari
1414 2777 1726 2848 hypocrita,
1765 2778 1859 2850 qui

248 2868 539 2940 adi/iratis
586 2852 831 2941 sepulcra
877 2852 1249 2940 prophetarum
1276 2910 1290 2935 ,
1334 2877 1386 2925 et
1431 2870 1633 2924 ornatis
1677 2886 1863 2924 morm-

245 2971 438 3018 menta
470 2961 766 3034 justorum,
816 2970 863 3016 et
908 2960 1085 3016 dicitis
1108 2980 1127 3019 :
1152 2958 1212 3016 Si
1249 2948 1531 3029 fuissemus
1575 2961 1631 3015 in
1674 2961 1859 3015 diebus

246 3066 468 3129 patrum
499 3065 818 3129 nostrorum,
843 3072 947 3111 non
976 3054 1258 3127 fuissemus
1279 3057 1411 3110 socii
1436 3045 1617 3111 eorum
1648 3056 1705 3110 in
1732 3071 1859 3110 san-

246 3151 418 3223 guine
437 3150 809 3222 prophetarum
828 3149 1041 3224 (Matth.
1067 3166 1226 3215 χχιιι,
1243 3149 1334 3217 29,
1359 3149 1473 3223 '50).
1499 3150 1641 3205 Dicit
1670 3151 1855 3219 itaque

248 3239 524 3313 prmfatus
568 3240 761 3298 doctor
793 3240 1222 3312 prudentissimo
1261 3240 1590 3312 syllogismo,
1630 3240 1723 3310 qui
1766 3256 1857 3295 ar-

253 3334 384 3404 guit
414 3348 509 3389 eos
536 3332 670 3390 ﬁlios
698 3349 821 3407 esse
856 3334 1275 3401 homicidarum,
1302 3335 1430 3389 dum
1472 3334 1573 3405 ipsi
1602 3335 1858 3405 opinione

253 3420 527 3482 bonitatis
568 3434 623 3480 et
675 3426 860 3499 gloriae
914 3428 969 3482 in
1016 3424 1215 3498 populo
1278 3426 1527 3498 sepulcra
1584 3426 1858 3482 aediﬁcant

251 3516 645 3595 prophetarum
668 3558 682 3584 ,
732 3532 870 3589 quos
915 3516 1152 3587 majores
1195 3533 1383 3575 eorum
1435 3516 1851 3585 interfecerunt,

246 3609 310 3692 et
359 3609 545 3687 dicunt
589 3608 670 3683 (lu
720 3608 914 3666 Matth.
953 3625 1074 3682 cap.
1119 3610 1257 3683 23):
1308 3630 1328 3663 ε
1361 3610 1420 3666 Si
1478 3610 1768 3667 fuissemus
1796 3612 1854 3666 in

247 3701 349 3758 Illo
378 3711 644 3773 tempore,
669 3717 778 3758 non
804 3701 1128 3759 fecissemus
1155 3718 1218 3761 ea
1247 3718 1369 3775 qua:
1397 3703 1645 3760 fecerunt
1667 3713 1855 3774 patres

246 3794 447 3849 nostri.
501 3792 617 3850 Hoc
660 3804 841 3871 autem
889 3795 1055 3850 etiam
1101 3796 1147 3853 si
1195 3810 1446 3852 sermone
1489 3811 1597 3851 non
1646 3796 1850 3862 dicant,

249 3876 420 3959 opere
458 3887 777 3967 loquuntur,
807 3902 875 3944 ex
896 3903 962 3944 eo
986 3888 1131 3960 quod
1155 3888 1441 3945 ambitiose
1477 3896 1531 3943 et
1565 3888 1854 3960 magniﬁce

246 3976 851 4037 :ediﬁcant‘memorias
876 3981 1202 4063 occisorum,
1230 3996 1369 4053 quos
1404 3996 1437 4036 a
1460 3982 1711 4052 patribus
1732 3981 1852 4037 suis
1882 3999 1897 4005 τ

245 4088 379 4130 esse
402 4072 680 4157 jugulatos
718 4072 829 4131 non
858 4082 1078 4148 negant.
1114 4094 1132 4128 ι

323 4158 513 4225 XVIII.
569 4168 774 4227 Verum
818 4185 889 4226 ne
930 4170 1054 4241 quis
1090 4176 1249 4242 putet
1290 4167 1653 4241 spernendum
1695 4168 1851 4225 testi-

244 4261 500 4319 monium
547 4261 887 4334 singulorum
941 4270 1298 4328 sanctorum,
1350 4260 1483 4317 libet
1535 4275 1643 4316 non
1691 4259 1853 4315 unius

247 4354 521 4423 hominis,
559 4348 657 4425 sed
689 4355 853 4427 unius
888 4354 1149 4412 Ecclesia:
1181 4354 1287 4411 hoc
1318 4354 1439 4410 loco
1479 4353 1853 4409 testimonium

250 4429 665 4525 inserere,eg
713 4462 821 4525 quo
871 4447 1157 4519 perspicue
1208 4453 1395 4518 pateat
1440 4445 1563 4516 quis
1612 4445 1854 4517 antiquis

1882 3200 1931 3264 C

1962 1931 2097 1989 dum
2152 1932 2402 1993 ambusta
2460 1952 2613 2003 ossa,
2671 1938 3084 2011 pretiosissimis
3136 1942 3366 2011 gemmis
3427 1941 3564 1996 cha-

1963 2027 2132 2095 riora,
2173 2035 2231 2084 et
2266 2028 2415 2085 omni
2454 2045 2590 2087 auro
2624 2031 2994 2101 probabiliora
3030 2050 3129 2106 per
3172 2035 3353 2107 ignem
3393 2033 3561 2101 facta,

1963 2124 2302 2198 collegimus,
2335 2141 2421 2192 ac,
2452 2127 2595 2183 sicut
2622 2128 2982 2195 conveniebat
3004 2144 3073 2197 ex
3110 2144 3285 2196 more,
3312 2129 3560 2201 condidi-

1963 2232 2104 2274 mus.
2152 2219 2273 2287 Quo
2314 2220 2367 2275 in
2420 2220 2540 2277 loco
2581 2221 2751 2278 etiam
2797 2239 2943 2281 nunc
2985 2232 3284 2296 praestante
3330 2223 3565 2283 Domino

1962 2310 2233 2367 solemnes
2273 2313 2487 2386 agimus
2538 2315 2897 2388 celebresque
2942 2328 3274 2385 conventus;
3323 2317 3566 2379 maxime

1963 2402 2183 2472 quidem
2212 2404 2267 2459 in
2298 2404 2388 2461 die
2409 2406 2680 2476 passionis
2717 2406 2854 2478 ejus.
2902 2406 3011 2467 Sed
3051 2424 3178 2471 cum
3216 2424 3408 2466 eorum
3446 2423 3564 2479 me;-

1962 2496 2187 2561 morias,
2229 2499 2322 2567 qui
2360 2498 2512 2569 prius
2557 2500 2704 2568 passi
2735 2499 2985 2567 fuerant,
3030 2501 3390 2572 celebramus,
3439 2501 3564 2573 ideo

1963 2586 2227 2656 facimus,
2272 2598 2334 2645 ut
2379 2591 2727 2661 sequentium
2772 2593 2941 2657 animi
2989 2594 3065 2658 ad
3096 2595 3564 2664 prmdecessorum

1962 2686 2107 2740 viam
2133 2684 2397 2757 exemplis
2426 2685 2730 2755 insignibus
2758 2687 3113 2748 suscitentur.
3149 2707 3172 2740 ι

2033 2776 2162 2833 Haec
2196 2778 2263 2832 de
2291 2774 2546 2832 Historia:
2575 2776 2973 2836 Ecclesiasticu:
3010 2779 3151 2837 libro
3184 2787 3379 2850 quarto
3410 2794 3562 2836 sum-

1961 2877 2079 2940 pta,
2102 2877 2163 2924 ut
2193 2868 2339 2923 inter
2362 2878 2591 2924 caeteras
2620 2869 2818 2939 divinae
2848 2871 2981 2943 legis
3001 2872 3087 2930 vel
3114 2867 3427 2929 sanctorum
3456 2873 3563 2931 Pa-

1965 2968 2108 3017 trum
2150 2962 2502 3019 auctoritates
2532 2970 2763 3019 teneant
2802 2964 3001 3021 locum.
3030 2964 3277 3036 Cumque
3315 2967 3561 3027 omnium

1962 3069 2068 3108 una
2104 3054 2374 3110 sententia
2403 3055 2492 3120 sit,
2521 3055 2729 3111 cultum
2765 3056 3040 3128 religionis
3082 3056 3183 3117 soli
3212 3056 3321 3112 Deo
3349 3058 3557 3124 deberi,

1962 3145 2093 3216 quid
2139 3154 2387 3219 superest
2435 3146 2702 3213 ﬁdelibus,
2753 3149 2856 3203 nisi
2903 3158 2964 3206 ut
3003 3150 3250 3219 purgatis
3296 3151 3367 3211 ab
3409 3152 3559 3215 omni

1962 3237 2347 3310 figmentorum
2385 3238 2611 3309 profana
2641 3240 2901 3297 servitute
2941 3242 3159 3306 animis,
3194 3243 3322 3299 totis
3350 3243 3561 3306 viribus

1961 3331 2326 3396 decertemus,
2351 3340 2620 3401 quatenus
2652 3333 2922 3388 veraciter
2950 3332 3078 3388 illud
3104 3334 3249 3403 quod
3291 3334 3559 3403 scriptum

1960 3431 2064 3488 est,
2099 3422 2283 3478 dicere
2310 3422 2586 3480 valeamus
2612 3441 2626 3478 :
2656 3423 2781 3480 Non
2822 3426 2962 3479 enim
2997 3426 3055 3481 in
3087 3441 3319 3480 errorem
3346 3425 3558 3487 induxit

1959 3531 2055 3571 nos
2088 3516 2359 3572 hominum
2398 3515 2554 3571 mala:
2587 3517 2720 3571 artis
2754 3517 3094 3588 excogitatio,
3130 3534 3222 3573 nec
3254 3517 3441 3575 umbra
3478 3517 3560 3588 pi-

1959 3622 2124 3664 ctura:
2170 3609 2322 3664 labor
2365 3611 2479 3663 sine
2516 3609 2690 3677 fructu
2715 3650 2731 3676 ,
2772 3610 2965 3682 efﬁgies
3008 3609 3217 3681 sculpta
3255 3626 3350 3680 per
3385 3610 3558 3669 varias

1959 3700 2181 3768 colores,
2209 3702 2364 3772 cujus
2387 3713 2628 3773 aspectus
2657 3703 2922 3758 insensnto
2942 3702 3033 3757 dat
3056 3702 3556 3773 concupiscentiam,

1957 3807 2007 3853 et
2036 3796 2207 3869 diligit
2234 3808 2457 3852 morture
2478 3798 2727 3867 imaginis
2754 3797 2973 3867 eﬁ‘igiem
2999 3797 3115 3851 sine
3139 3798 3340 3851 anima.
3373 3795 3555 3851 Μαιο-

1960 3906 2078 3943 rum
2104 3901 2367 3944 amatores
2401 3899 2525 3943 sunt
2546 3889 2637 3959 qui
2666 3904 2809 3957 spem
2834 3889 2893 3941 in
2921 3887 3119 3942 talibus
3145 3888 3358 3955 habent,
3387 3897 3437 3941 et
3463 3888 3557 3957 qui

1957 3982 2163 4053 faciunt
2188 3981 2327 4047 illas,
2355 3993 2405 4036 et
2428 3982 2519 4052 qui
2538 3980 2785 4051 diligunt,
2806 3991 2856 4034 et
2879 3981 2970 4051 qui
2998 3980 3199 4036 colunt.
3231 3980 3302 4036 Et
3320 3980 3551 4041 iterum:

1960 4073 2132 4131 Nemo
2168 4077 2306 4131 enim
2344 4075 2445 4130 sibi
2480 4074 2706 4130 similem
2735 4073 2891 4129 homo
2925 4074 3118 4145 poterit
3140 4073 3310 4129 Deum
3337 4074 3553 4145 lingere.

1958 4164 2094 4223 Cum
2119 4168 2186 4223 sit
2215 4167 2353 4223 enim
2382 4165 2642 4230 mortalis,
2674 4174 2942 4221 mortuum
2974 4164 3131 4237 ﬁngis
3166 4168 3409 4222 manibus
3453 4167 3558 4221 ini-

1955 4262 2095 4334 quis.
2142 4259 2334 4315 Melior
2366 4269 2443 4314 est
2482 4259 2621 4314 enim
2662 4259 2771 4331 ipse
2810 4257 2890 4317 his
2926 4274 3060 4329 quos
3096 4257 3260 4313 colit:
3284 4256 3409 4328 quia
3444 4256 3556 4326 ipse

1955 4352 2166 4425 quidem
2197 4352 2347 4417 visit,
2371 4366 2491 4406 cum
2527 4359 2659 4404 esset
2687 4348 2953 4417 mortalis,
2981 4348 3062 4406 illi
3084 4359 3261 4409 autem
3285 4362 3555 4407 uunauam

1958 4445 2113 4520 (Sap.
2142 4460 2233 4512 xv,
2257 4444 2290 4498 4
2312 4444 2502 4516 seqq.).

247 4536 509 4617 fidelibus
536 4522 822 4594 'fuerit'in
869 4526 1054 4595 divino
1098 4539 1305 4596 honore
1350 4537 1550 4613 cultus,
1598 4537 1683 4593 vel
1729 4537 1930 4641 quisD
2027 4535 2170 4591 XIX.
2213 4535 2353 4589 Dicit
2379 4533 2606 4589 forsitan
2645 4533 2848 4604 aliquis
2879 4549 2987 4589 non
3017 4547 3076 4595 se
3101 4539 3293 4641 putate
3328 4528 3552 4599 imagini

245 4624 410 4687 amor
444 4647 573 4711 erga
608 4633 902 4699 memorias
949 4642 1283 4690 sanctorum.
1334 4632 1580 4704 Denique
1604 4632 1849 4688 Ecclesia

242 4724 384 4805 Dei,
438 4739 562 4801 qum
609 4725 894 4783 catholicis
954 4726 1021 4781 de
1071 4725 1323 4799 passione
1374 4725 1661 4800 Polycarpi
1710 4726 1852 4783 inter

243 4828 454 4877 ctetera
480 4820 546 4878 de
573 4821 924 4880 veneratione
962 4812 1276 4877 sanetorum
1308 4829 1607 4893 martyrum
1654 4820 1727 4875 ita
1766 4820 1849 4876 lo-

244 4910 441 4985 quitur
487 4910 711 4985 (Euseb.
744 4910 839 4967 lib.
873 4928 947 4979 tv,
979 4927 1099 4982 cap.
1128 4911 1214 4983 15)
1252 4930 1265 4964 :
1299 4929 1319 4962 ι
1355 4910 1462 4967 Sed
1500 4911 1590 4967 ille
1625 4912 1852 4967 aemulus

246 5002 421 5058 totius
451 5002 603 5071 boni,
633 5010 690 5059 et
718 5003 1064 5062 adversarius
1102 5005 1345 5060 omnium
1375 5005 1667 5076 justorum,
1703 5015 1854 5078 post:

244 5107 417 5173 quam
446 5094 581 5151 vidit
602 5093 750 5167 quod
779 5102 834 5167 et
855 5111 954 5167 per
978 5095 1227 5169 martyrii
1262 5096 1490 5167 gloriam
1519 5104 1574 5152 et
1602 5113 1703 5168 pro
1727 5099 1852 5154 vitze

244 5186 487 5260 egregia:
531 5187 826 5243 virtutibus
869 5196 1163 5244 coronatus
1207 5196 1323 5257 est,
1374 5196 1430 5244 et
1476 5204 1574 5261 per
1616 5199 1848 5247 mortem

244 5278 476 5350 praemia
519 5279 949 5337 immortalitatis
987 5280 1268 5353 indeptus,
1311 5280 1447 5338 satis
1485 5297 1646 5354 agere
1685 5284 1852 5354 cmpit

245 5382 311 5430 ut
347 5374 613 5447 reliquias
638 5373 758 5447 ejus
787 5375 857 5430 ad
882 5375 1220 5447 sepulturam
1260 5376 1464 5432 nostris
1492 5377 1848 5434 desideranti-

185 5462 191 5489 λ
246 5466 354 5527 bus
380 5482 490 5525 non
518 5467 864 5526 concederet.
913 5467 1277 5541 lnstigabatur
1304 5484 1435 5544 ergo
1463 5468 1650 5527 Niceta
1679 5470 1850 5531 Hero-

250 5561 339 5621 dis
377 5571 559 5637 pater,
602 5561 774 5621 frater
815 5570 999 5629 autem
1039 5562 1250 5631 Dalcte,
1292 5564 1446 5621 adire
1481 5562 1744 5637 iudicem,
1788 5575 1850 5622 ut

1956 4644 2121 4701 quam
2167 4629 2359 4684 adorat
2397 4626 2601 4696 aliquid
2641 4626 2819 4682 inesse
2857 4626 3131 4682 divinum.
3172 4622 3266 4676 sed
3308 4629 3550 4681 tantum-

1958 4725 2117 4782 modo
2154 4739 2254 4794 pro
2296 4724 2505 4778 honore
2544 4718 2683 4790 ejus,
2722 4719 2877 4791 cujus
2914 4717 3115 4789 elligies
3153 4725 3258 4782 est,
3302 4714 3393 4771 tali
3426 4728 3553 4771 eam

1954 4818 2307 4874 veneratione
2350 4818 2575 4873 donare.
2643 4816 2741 4872 Cui
2787 4814 2944 4870 facile
2988 4812 3367 4883 respondetur,
3421 4811 3551 4880 quia

1957 4911 2003 4966 si
2044 4911 2223 4983 imago
2261 4925 2422 4980 quam
2467 4910 2693 4974 adorat,
2734 4909 2875 4962 Deus
2911 4919 3019 4959 non
3062 4913 3165 4969 est,
3204 4918 3549 4974 nequaquam

1956 5003 2268 5061 veneranda
2309 5012 2425 5071 est,
2476 5004 2633 5075 quasi
2678 5017 2777 5072 pro
2826 5002 3030 5055 honore
3073 5008 3406 5065 sanctorum,
3455 5000 3549 5069 qui

1955 5111 2301 5168 nequaquam
2356 5095 2568 5151 divinos
2626 5093 2731 5149 sibi
2782 5100 3038 5162 arrogant
3094 5091 3349 5156 honores,
3406 5090 3549 5146 sicut

1955 5190 2142 5246 multis
2180 5188 2294 5260 jam
2349 5205 2512 5261 supra
2558 5186 2889 5244 testimoniis
2930 5192 3018 5240 est
3060 5194 3361 5241 ostensum.
3412 5182 3548 5241 Illud

1953 5298 2171 5355 quoque
2213 5281 2473 5339 memoria
2525 5280 2775 5351 dignum,
2820 5277 2998 5348 quod,
3042 5278 3184 5334 sicut
3232 5281 3548 5330 memoratae

1951 5377 2194 5437 historiae
2228 5375 2549 5431 undecimus
2587 5372 2829 5429 continet
2866 5372 3028 5438 liber,
3067 5369 3362 5427 destructis
3401 5367 3548 5440 apud

1957 5466 2342 5524 Alexandriam
2365 5462 2603 5520 delubris
2627 5477 2693 5520 ac
2717 5462 3026 5520 simulacris
3046 5460 3334 5525 idolorum,
3360 5464 3546 5514 tantus

1958 5559 2141 5617 fervor
2191 5556 2615 5615 Christianitatis
2677 5573 2709 5614 a
2763 5556 3102 5614 damonibus
3153 5552 3225 5610 ad
3266 5551 3545 5610 Christum

1642 5677 1920 5735 BALUZII
1957 5675 2194 5734 NOTAE.

327 5803 354 5832 ι
380 5789 704 5863 Sanctorum
730 5791 1038 5863 memoria,
1082 5791 1265 5860 idest,
1294 5789 1520 5863 templa,
1568 5790 1627 5848 in
1650 5792 1848 5862 quibus
1885 5797 2199 5859 sanctorum
2221 5804 2452 5863 corpora
2472 5788 2659 5862 jacent
2693 5788 2929 5862 sepulta,
2986 5784 3075 5846 vel
3133 5784 3225 5861 ubi
3273 5777 3541 5842 solennis

255 5878 447 5920 eorum
479 5861 745 5919 memoria
765 5862 964 5934 agitur,
