4012 6338
497 372 604 432 ills

1427 373 1490 429 S.
1528 369 1877 430 AGOBARDI
1919 364 2228 422 Ιςιηδαοιί
2269 363 2750 425 LLGDUNENSIS

3659 371 3766 429 216

494 503 789 548 conversos
831 487 1206 553 inﬂammavit,
1251 493 1313 541 ut
1348 489 1716 558 unusquisque
1759 485 1938 542 crucis
1975 483 2081 536 Do-
2105 479 2159 541 A
2182 497 2353 551 usque
2393 484 2462 538 ad
2506 500 2743 554 praesens
2788 492 2997 555 tempus
3037 483 3182 541 sedis
3221 483 3365 541 illius
3401 486 3766 549 sacerdotium

497 581 714 637 minicze
747 580 959 652 signum
995 580 1051 635 in
1081 578 1348 650 postibus,
1379 579 1432 634 in
1463 579 1813 651 ingressibus,
1845 578 1900 632 in
1933 575 2083 632 fene-

494 671 666 736 stris,
728 672 784 726 in
837 670 1135 742 parietibus
1162 711 1197 742 ,I
1241 670 1612 740 columnisque
1659 669 1990 740 depingeret.
2038 665 2082 722 0

497 776 664 835 quam
698 761 910 817 sincera
951 760 1174 831 religio!
1213 759 1404 815 Crucis
1443 759 1697 814 vexillum
1728 759 1925 828 ubique
1963 757 2086 829 pin-

493 857 743 927 gebatur,
785 871 894 911 non
931 855 1113 926 aliqua
1148 854 1328 910 vultus
1354 853 1574 909 humani
1601 852 1927 918 similitudo;
1968 851 2083 907 Deo

494 948 704 1006 scilicet
749 948 865 1002 haec
907 947 1249 1011 mirabiliter,
1297 945 1462 1001 etiam
1517 944 1650 1014 ipsis
1704 942 1934 998 forsitan
1987 957 2083 996 ne-

496 1041 816 1105 scientibus,
847 1039 1189 1112 disponente.
1229 1037 1286 1094 Si
1312 1038 1457 1095 enim
1482 1045 1790 1094 sanctorum
1819 1035 2082 1105 imagines

494 1131 553 1187 hi
579 1132 672 1202 qui
699 1132 1004 1187 daemonum
1035 1130 1238 1186 cultum
1277 1130 1611 1200 reliquerant
1640 1128 1888 1184 venerari
1923 1127 2082 1199 jube-

400 1263 406 1266 -
494 1232 704 1289 rentur,
730 1232 862 1294 puto
889 1221 1035 1292 quod
1061 1221 1339 1277 videretur
1375 1220 1454 1275 eis
1490 1234 1598 1275 non
1636 1226 1743 1274 tam
1773 1217 1918 1274 idola
1954 1218 2083 1274 reli-

497 1319 702 1390 quisse,
732 1333 896 1388 quam
933 1315 1222 1372 simulacra
1250 1321 1514 1377 mutasse.

399 1460 408 1474 ,
566 1410 685 1466 XX.
728 1410 882 1478 Quod
912 1416 1093 1466 autem
1136 1407 1400 1480 imagines
1427 1404 1792 1477 apostolorum
1831 1411 1886 1461 et
1911 1403 2080 1475 ipsius

395 1523 410 1550 κ
495 1502 710 1558 Domini
747 1503 816 1558 ob
853 1516 1092 1558 amorem
1120 1500 1302 1571 potius
1343 1505 1398 1554 et
1435 1496 1884 1564 recordationem,
1915 1511 2080 1567 quam

492 1595 564 1651 ob
605 1579 907 1666 religionis'
928 1595 1210 1660 honorem,
1259 1599 1353 1648 aut
1396 1591 1631 1663 aliquam
1677 1589 2080 1646 venerationem

492 1700 645 1741 more
693 1683 998 1756 gentilium,
1037 1683 1107 1740 ab
1147 1682 1387 1754 antiquis
1429 1695 1697 1753 expressae
1735 1679 1820 1735 vel
1861 1694 2080 1734 conser-

492 1787 630 1834 vata:
675 1779 802 1844 sint,
852 1777 1119 1832 Eusebius
1148 1773 1499 1832 Caesariensis
1553 1773 1608 1827 in
1660 1771 1799 1826 libro
1849 1770 2078 1840 septimo

491 1871 644 1944 (Cap.
674 1871 763 1943 l8)
801 1871 1196 1928 Ecclesiasticae
1238 1868 1489 1925 Historiae
1537 1867 1796 1933 ostendit,
1849 1866 2078 1922 interse-

489 1975 619 2022 rens
647 1965 954 2035 hujusmodi
987 1963 1378 2029 narrationem,
1419 1977 1542 2017 cum
1582 1961 1651 2017 de
1681 1961 1767 2016 his
1795 1975 1916 2031 qua:
1940 1958 2080 2030 apud

489 2057 796 2115 Ctesaream
843 2058 1075 2130 Philippi
1133 2064 1284 2128 gesta
1339 2062 1678 2125 compererat
1729 2053 1908 2124 aliqua
1955 2065 2080 2121 per-

490 2155 822 2210 strinxisset.
853 2153 944 2209 Ait
972 2167 1102 2223 ergo
1130 2165 1145 2206 :
1183 2171 1202 2202 ι
1235 2151 1436 2206 Verum
1474 2147 1600 2219 quia
1629 2146 1780 2203 urbis
1806 2145 1968 2215 hujus
1993 2143 2076 2200 fe-

491 2246 668 2300 cimus
713 2245 1081 2310 mentionem,
1133 2242 1340 2312 justum
1387 2241 1603 2296 videtur
1651 2250 2081 2294 commemorare

487 2338 656 2392 etiam
693 2336 825 2391 illud
860 2336 915 2390 in
943 2349 1008 2391 ea
1036 2343 1268 2408 gestum,
1297 2333 1442 2404 quod
1467 2330 1694 2387 historia
1731 2329 1950 2400 dignum
1979 2327 2078 2383 du-

490 2429 690 2484 ximus.
722 2427 1002 2483 Mulierem
1029 2441 1193 2498 quam
1221 2424 1498 2497 sanguinis
1522 2421 1786 2494 proﬂuvio
1829 2421 2079 2476 laborau-

489 2531 602 2578 tem
655 2537 687 2575 a
737 2520 1019 2576 Salvatore
1076 2526 1324 2575 curatam
1373 2516 1664 2589 Evangelia
1716 2514 2074 2578 tradiderunt,

486 2615 650 2687 hujus
677 2617 828 2672 urbis
857 2617 1032 2672 civem
1059 2622 1275 2672 constat
1314 2613 1514 2678 fuisse;
1551 2612 1849 2680 domusque
1875 2607 1992 2678 ejus
2019 2609 2076 2664 in

485 2721 554 2764 ea
591 2707 755 2764 etiam
793 2722 938 2763 nunc
972 2706 1294 2763 ostenditur.
1334 2705 1442 2760 Pro
1479 2702 1686 2759 foribus
1727 2717 1855 2757 vero
1886 2700 2076 2756 domus

483 2799 658 2870 ipsius
694 2797 844 2852 basis
875 2796 1202 2868 quaedamin
1237 2782 1358 2851 loco
1386 2792 1600 2849 editiori
1633 2791 1892 2848 collocata
1923 2805 2078 2846 mon-

485 2896 716 2956 stratur,
759 2887 816 2942 in
850 2903 957 2957 qua
991 2885 1236 2942 mulieris
1284 2885 1454 2956 ipsius
1478 2883 1644 2939 veluti
1682 2882 1909 2954 genibus
1946 2897 2074 2952 pro-

485 2982 684 3038 volutae
722 2979 1038 3053 palmasque
1078 2977 1394 3050 suppliciter
1434 2974 1708 3031 tendentis
1751 2974 1930 3046 imago
1967 2989 2076 3030 tere

486 3073 704 3131 videtur
743 3085 1020 3142 expressa.
1060 3070 1221 3126 Astat
1260 3081 1391 3124 vero
1429 3067 1534 3123 alia
1577 3081 1685 3122 tere
1727 3065 2077 3121 nihilominus

488 3163 612 3220 fusa
651 3171 848 3230 statua,
899 3163 1090 3218 habitu
1130 3161 1255 3227 viri,
1300 3159 1436 3216 stola
1479 3167 1692 3231 compte
1731 3158 2070 3224 circumdati,
2102 3196 2147 3259 Ο

483 3264 540 3311 et
571 3256 849 3311 dexteram
900 3254 1113 3309 mulieri
1160 3251 1509 3325 porrigentis.
1560 3247 1730 3319 Hujus
1778 3250 1845 3305 ad
1883 3251 2074 3320 pedem

484 3353 696 3412 statuae,
739 3360 770 3400 e
798 3345 916 3400 basi
943 3345 1106 3399 herba
1133 3343 1379 3415 quaedam
1409 3357 1548 3398 nova
1585 3342 1764 3413 specie
1797 3342 2072 3408 nascitur;

487 3453 611 3509 qua:
636 3453 762 3494 cum
802 3444 993 3491 exorta
1030 3435 1222 3501 fuerit,
1266 3448 1581 3491 excrescere
1625 3449 1798 3504 usque
1827 3434 1894 3488 ad
1923 3433 2076 3489 stulte

485 3527 631 3584 illius
681 3528 808 3584 terei
857 3527 1158 3582 indumenti
1208 3525 1478 3581 ﬁmbriam
1525 3525 1692 3591 solet;
1741 3540 1904 3595 quam
1951 3539 2075 3579 cum

486 3634 701 3674 summo
727 3618 930 3675 vertice
956 3633 1207 3674 crescens
1235 3617 1406 3672 herba
1435 3616 1746 3684 contigerit,
1777 3615 1922 3668 vires
1949 3615 2075 3670 inde

483 3711 556 3766 ad
585 3710 928 3780 depellendos
949 3724 1138 3765 omnes
1163 3709 1380 3764 morbos
1418 3708 1819 3780 languoresque
1846 3705 2074 3776 conqui-

486 3805 590 3869 rit;
627 3804 701 3859 ita
730 3812 789 3858 ut
811 3818 1144 3874 quacunque
1172 3803 1261 3857 illa
1291 3801 1454 3858 fuerit
1483 3801 1772 3857 inﬁrmitas
1801 3800 2072 3869 corporis,

485 3897 684 3952 haustu
719 3898 914 3968 exiguo
942 3895 1224 3952 madefacti
1269 3896 1525 3952 salutaris
1553 3894 1814 3965 graminis
1840 3892 2075 3963 depella-

387 3981 392 3988 ’
483 3997 594 4054 tur,
637 3990 772 4044 nihil
799 3990 1022 4046 omnino
1049 3991 1241 4045 virium
1267 4005 1482 4062 gerens,
1514 3990 1559 4044 si
1595 3997 1885 4058 antequam
1919 4001 2073 4043 terere

487 4081 715 4138 ﬁmbriae
762 4083 1127 4140 summitatem
1169 4083 1466 4138 crescendo
1511 4080 1838 4151 contigerit,
1887 4079 2074 4135 decer-

481 4181 663 4242 patur.
721 4173 870 4230 Hanc
900 4182 1135 4230 statuam
1180 4175 1250 4229 ad
1290 4171 1696 4228 similitudinem
1727 4169 1906 4223 vultus
1940 4169 2071 4224 Jesu

483 4262 768 4320 formatam
797 4266 1081 4322 tradebant
1114 4284 1128 4319 :
1158 4279 1277 4334 qua:
1307 4261 1609 4332 permansit
1654 4262 1722 4316 ad
1751 4269 1936 4315 nostra
1982 4275 2072 4315 us-

485 4375 590 4430 que
622 4370 886 4433 tempora,
932 4364 1072 4416 sicut
1114 4359 1286 4416 oculis
1326 4359 1529 4413 nostris
1577 4358 1678 4428 ipsi
1712 4358 2066 4428 inspeximus.

485 4455 552 4509 Et
583 4455 715 4510 nihil
765 4457 982 4519 mirum,
1035 4455 1079 4510 si
1108 4453 1163 4508 hi
1195 4451 1286 4522 qui
1318 4466 1383 4506 ex
1432 4452 1681 4524 gentibus
1729 4448 2071 4506 crediderant

2105 1836 2153 1895 B

2182 575 2501 630 sortiuntur.
2533 596 2552 628 ι
2595 575 2869 631 Hactenus
2896 576 3176 632 Eusebius.

2251 667 2392 723 XXI.
2449 668 2592 724 Beda
2635 683 2870 738 quoque,
2914 668 3209 741 Anglorum
3259 671 3437 741 gentis
3481 672 3668 739 homo,
3715 679 3773 730 et

2181 774 2281 816 suo
2304 768 2549 830 tempore
2581 760 2779 816 divinis
2821 758 3014 815 litteris
3060 775 3168 815 non
3194 761 3544 818 mediocriter
3593 763 3772 818 imbu-

2182 860 2290 918 tus,
2305 867 2430 907 cum
2453 855 2521 906 de
2540 852 2678 906 mari
2702 851 2845 922 quod
2873 852 2928 906 in
2959 851 3157 922 templo
3174 852 3387 908 Domini
3413 869 3445 907 a
3472 852 3768 910 Salomone

2181 943 2385 1000 factum
2429 952 2514 999 est
2560 952 2952 1015 pertractaret,
3004 944 3189 999 intulit
3238 954 3363 1016 post
3401 946 3518 1001 haec
3562 948 3766 1002 verba:

2185 1053 2205 1087 ‹
2244 1033 2544 1090 Notandum
2599 1049 2730 1090 sane
2775 1035 2898 1105 quia
2949 1043 3076 1089 sunt
3122 1035 3211 1105 qui
3259 1045 3452 1107 putant
3497 1037 3617 1110 lege
3674 1038 3771 1095 Dei

2179 1127 2526 1200 prohibitum,
2575 1143 2643 1182 ne
2682 1126 2767 1182 vel
2792 1127 3070 1183 hominum
3117 1127 3201 1184 vel
3246 1129 3614 1199 quorumlibet
3653 1130 3771 1184 ani-

2180 1210 2400 1278 malium
2428 1224 2543 1278 sive
2575 1238 2752 1279 rerum
2780 1221 3162 1277 similitudines
3191 1221 3520 1292 sculpamus,
3552 1232 3647 1276 aut
3673 1222 3772 1277 de-

2177 1317 2464 1389 pingamus
2511 1317 2566 1370 in
2611 1316 2876 1381 Ecclesia,
2929 1315 3015 1370 vel
3064 1315 3172 1371 alio
3215 1315 3456 1386 quolibet
3499 1316 3654 1383 loco;
3702 1332 3771 1373 eo

2179 1411 2324 1480 quod
2351 1410 2406 1464 in
2433 1409 2698 1482 Decalogo
2723 1409 2860 1481 legis
2886 1409 3125 1466 dixerit:
3154 1408 3278 1463 Non
3312 1409 3474 1479 [acies
3504 1410 3600 1464 tibi
3627 1409 3773 1465 scul-

2179 1505 2332 1578 ptile,
2374 1522 2538 1576 neque
2583 1522 2787 1560 omnem
2835 1503 3234 1559 similitudinem
3274 1521 3392 1574 qua:
3427 1512 3502 1558 est
3545 1504 3602 1557 in
3641 1503 3773 1560 calo

2179 1602 2419 1674 desuper,
2442 1610 2492 1656 et
2512 1616 2630 1673 qua:
2655 1600 2709 1654 in
2731 1609 2872 1654 terra
2894 1599 3162 1664 deorsum,
3189 1613 3280 1652 nec
3303 1613 3485 1652 eorum
3506 1613 3626 1667 qua:
3647 1605 3774 1652 sunt

2178 1694 2236 1748 in
2265 1692 2417 1764 aquis
2463 1690 2560 1745 sub
2607 1699 2766 1744 terra.
2810 1689 2912 1756 Qui
2957 1703 3298 1759 nequaquam
3337 1688 3450 1777 hoc
3491 1695 3775 1757 putarent,

2181 1783 2228 1838 si
2267 1782 2354 1838 vel
2392 1781 2696 1836 Salomonis
2739 1795 2874 1850 opus
2918 1780 2986 1835 ad
3023 1780 3341 1836 memoriam
3392 1789 3769 1849 revocassent,

2181 1887 2288 1944 quo
2326 1879 2381 1927 et
2416 1871 2470 1926 in
2514 1869 2714 1940 templo
2766 1869 2910 1925 intus
2947 1869 3152 1940 palmas
3195 1869 3321 1924 fecit
3366 1878 3421 1927 et
3459 1872 3771 1938 cherubim,

2179 1981 2299 2022 cum
2346 1964 2514 2019 variis
2561 1961 2873 2028 caelaturis,
2935 1970 2991 2016 et
3034 1962 3090 2016 in
3129 1961 3394 2017 columnis
3441 1963 3584 2018 illius
3629 1965 3774 2020 mala

2179 2065 2403 2131 grauata
2437 2065 2494 2112 et
2522 2064 2689 2122 retes,
2743 2055 2797 2110 in
2844 2054 2983 2110 mari
3029 2068 3243 2124 quoque
3281 2069 3432 2110 aeneo
3483 2055 3774 2110 duodecim

2177 2152 2366 2215 boves,
2418 2156 2475 2204 et
2521 2148 2826 2219 sculpturas
2873 2145 3174 2211 histriatas,
3221 2146 3318 2202 sed
3365 2154 3418 2202 et
3464 2147 3519 2201 in
3547 2147 3776 2202 vasihus

2179 2242 2430 2306 laterum,
2464 2249 2526 2296 ut
2559 2241 2614 2296 in
2643 2239 2995 2310 sequentibus
3031 2237 3252 2310 legitur,
3284 2237 3468 2294 leones
3502 2253 3626 2292 cum
3674 2237 3775 2293 bo-

2177 2333 2298 2398 bus,
2328 2331 2556 2403 palmas,
2586 2345 2716 2386 axes
2751 2339 2807 2386 et
2851 2338 3020 2396 rotas,
3052 2345 3176 2385 cum
3207 2329 3490 2397 cherubim
3530 2338 3588 2385 et
3613 2329 3774 2384 vario

2177 2427 2516 2496 picturarum
2563 2439 2760 2495 genere
2805 2421 2975 2489 fecit;
3050 2421 3136 2477 vel
3181 2431 3330 2478 certe
3379 2421 3548 2492 ipsius
3597 2421 3775 2494 Moysi

2177 2533 2340 2590 opera
2372 2517 2831 2584 considerassent,
2858 2516 2974 2587 qui,
3000 2515 3227 2587 jubente
3256 2514 3506 2581 Domino,
3542 2523 3599 2571 et
3639 2515 3774 2572 che-

2176 2611 2357 2668 rubim
2399 2611 2551 2680 prius
2593 2610 2648 2665 in
2679 2609 3076 2681 pmpitiatorio,
3125 2615 3181 2662 et
3223 2614 3412 2678 postea
3460 2615 3774 2677 serpentem

2177 2702 2306 2758 fecit
2341 2716 2552 2758 aaneum
2598 2702 2654 2757 in
2693 2716 2896 2766 eremo,
2933 2701 3088 2771 cujus
3131 2699 3332 2754 intuitu
3369 2697 3597 2770 populus
3634 2715 3667 2754 a
3692 2697 3775 2755 fe-

2178 2811 2363 2852 rarum
2393 2796 2727 2867 serpentium
2756 2810 2964 2850 veneno
2993 2794 3313 2850 salvaretur.
3358 2795 3414 2848 Si
3453 2796 3597 2850 enim
3640 2795 3776 2852 lice-

2175 2888 2270 2943 bat
2305 2896 2612 2959 serpentem
2648 2886 2875 2944 exaltari
2904 2901 3112 2942 reneum
3155 2888 3209 2942 in
3239 2887 3405 2957 ligno,
3431 2902 3592 2957 quem
3623 2887 3773 2958 aspi-

2178 2981 2384 3038 cientes
2413 2980 2508 3035 ﬁlii
2537 2979 2702 3036 Israel
2728 2979 3006 3044 viverent;
3049 2994 3148 3034 cur
3184 2994 3291 3034 non
3317 2978 3443 3034 licet
3470 2978 3768 3035 exaltatio-

2178 3090 2303 3130 nem
2332 3074 2544 3129 Domini
2573 3072 2873 3128 Salvatoris
2913 3072 2967 3127 in
2999 3085 3184 3138 cruce,
3213 3085 3318 3142 qua
3356 3079 3587 3126 mortem
3609 3071 3765 3137 vicit,

2180 3167 2248 3220 ad
2290 3165 2609 3220 memoriam
2652 3163 2905 3219 ﬁdelibus
2947 3162 3280 3234 depingendo
3317 3163 3532 3228 reduci;
3582 3162 3663 3218 vel
3699 3163 3772 3219 ad

2180 3258 2284 3313 alia
2327 3257 2444 3326 ejus
2487 3257 2749 3313 miracula
2796 3266 2851 3313 et
2880 3257 3214 3320 sanationes,
3258 3257 3453 3324 quibus
3486 3256 3552 3310 de
3579 3255 3773 3311 eodem

2180 3351 2369 3406 mortis
2398 3359 2617 3406 auctore
2640 3349 2960 3404 mirabiliter
2989 3349 3370 3419 triumphavit;
3421 3363 3545 3402 cum
3573 3349 3770 3403 horum

2181 3453 2433 3514 aspectus
2477 3442 2706 3498 multum
2741 3457 2883 3513 serpe
2929 3441 3364 3511 compunctionis
3412 3441 3583 3496 soleat
3626 3457 3770 3511 prze-

2179 3544 2325 3591 stare
2356 3536 2754 3596 continentibus.
2785 3542 2840 3590 et
2881 3534 2961 3589 eis
2989 3549 3203 3603 quoque
3236 3535 3327 3604 qui
3361 3534 3570 3589 litteras
3616 3535 3774 3604 igno-

2180 3639 2331 3695 rant,
2375 3631 2528 3700 quasi
2574 3629 2750 3684 vivam
2786 3629 3079 3685 Dominieae
3127 3629 3372 3683 historiae
3415 3630 3652 3700 pandere
3695 3630 3774 3685 lc-

2179 3723 2450 3779 ctionem?
2500 3720 2634 3775 Nam
2664 3730 2717 3776 et
2762 3721 2969 3792 pictura
3013 3720 3201 3776 Grzrce
3250 3725 3532 3799 ζωγραφία,
3582 3722 3633 3776 id
3685 3729 3773 3777 est

2177 3817 2301 3870 viva
2349 3815 2616 3884 scriptura
2661 3823 2902 3870 vocatur.
2955 3813 3014 3870 Si
3063 3814 3217 3870 licuit
3262 3816 3545 3870 duodecim
3601 3817 3772 3872 boves

2177 3923 2356 3964 aaneos
2409 3907 2626 3972 facere,
2695 3907 2788 3977 qui
2849 3921 2997 3962 mare
3066 3906 3464 3978 superpositum
3528 3907 3770 3966 ferentes

2177 4004 2622 4075 quatuor-mundi
2650 4003 2839 4074 plagas
2883 4004 3021 4059 terni
3053 4005 3418 4076 respicerent;
3468 4006 3597 4076 quid
3641 4023 3770 4078 pro-

2175 4097 2326 4151 hibet
2351 4095 2632 4150 duodecim
2671 4095 2943 4165 apostolos
2978 4097 3221 4166 pingere,
3247 4099 3518 4166 quomodo
3550 4111 3766 4166 euntes,

2175 4202 2365 4242 omnes
2409 4195 2595 4258 gentes
2641 4187 2979 4258 baptizautes
3026 4203 3121 4243 eos
3163 4189 3218 4243 in
3257 4190 3473 4245 nomine
3502 4189 3683 4246 Patris
3714 4201 3769 4246 et

2173 4277 2295 4332 Filii
2334 4286 2389 4332 et
2419 4276 2650 4346 Spiritus
2687 4278 2880 4340 sancti,
2920 4279 3040 4332 viva
3086 4288 3146 4333 ut
3184 4279 3412 4335 dixerim
3456 4297 3566 4350 pra:
3593 4281 3768 4338 oculis

2174 4367 2415 4424 omnium
2443 4369 2714 4439 designari
2755 4369 3062 4440 scriptura?
3107 4369 3162 4424 Si
3209 4380 3399 4425 contra
3442 4371 3615 4443 legem
3655 4388 3767 4429 non

2174 4458 2275 4514 fuit
2312 4459 2368 4513 in
2404 4459 2593 4514 eodem
2636 4460 2772 4514 mari
2824 4458 3128 4529 sculpturas
3178 4459 3494 4516 historiatas
3538 4462 3592 4515 in
3632 4477 3767 4534 gyro

482 4561 582 4616 pro
611 4546 891 4603 beneﬁciis
941 4560 1060 4616 quae
1112 4559 1140 4597 a
1183 4542 1462 4598 Salvatore
1509 4541 1724 4596 fuerant
1766 4542 2065 4607 consecuti,
2092 4561 2146 4624 D
2173 4551 2359 4605 decem
2402 4549 2704 4604 cubitorum
2752 4549 2901 4616 ﬁeri;
2953 4551 3224 4620 quomodo
3273 4551 3374 4622 legi
3425 4553 3766 4608 contrarium

486 4637 794 4706 hujusmodi
822 4638 969 4692 velut
994 4649 1190 4689 munus
1217 4633 1538 4688 videbantur
1559 4632 1786 4700 offerre;
1837 4649 1957 4688 cum
1989 4633 2068 4687 vi-

483 4727 710 4783 deamus
754 4729 918 4785 etiam
967 4739 1110 4780 nunc
1145 4731 1200 4779 et
1221 4724 1588 4795 apostolorum
1619 4723 1765 4778 Petri
1808 4724 1890 4778 vel
1914 4722 2068 4778 Pauli

483 4828 537 4873 et
581 4820 751 4891 ipsius
777 4816 1075 4873 Salvatoris
1119 4816 1383 4888 imagines
1427 4815 1720 4886 designari,
1752 4814 2070 4883 tabulasque

483 4911 733 4982 depingi;
783 4911 878 4965 sed
907 4917 963 4963 et
988 4909 1238 4978 antiquas
1285 4908 1524 4978 ipsorum
1571 4908 1832 4978 imagines
1879 4922 1910 4960 a
1951 4906 2070 4976 qui-

482 5003 707 5060 husdam
733 5014 1083 5056 conservatas
1109 5016 1207 5056 nos
1235 5001 1486 5056 vidimus.
1520 4999 1671 5066 Quod
1703 4999 1834 5053 mihi
1859 4999 2069 5053 videtur

483 5113 551 5154 ex
600 5094 786 5168 gentili
830 5093 1218 5149 consuetudine
1279 5091 1652 5148 indifferenter
1698 5091 2061 5154 observatum,

484 5188 625 5256 quod
657 5187 730 5241 ita
758 5185 967 5240 soleant
990 5187 1259 5240 honorare
1280 5199 1416 5254 quos
1446 5185 1652 5238 honore
1677 5183 1868 5253 dignos
1902 5184 2071 5238 duxe-

485 5279 632 5332 rint:
669 5277 896 5346 insignia
917 5277 1116 5331 etenim
1141 5285 1384 5331 veterum
1415 5275 1680 5330 reservari
1728 5276 1794 5328 aJ
1829 5284 2068 5344 postero-

488 5385 606 5424 rum
649 5370 986 5435 memoriam,
1018 5369 1226 5422 illorum
1256 5369 1496 5432 honoris,
1521 5369 1715 5423 horum
1746 5383 1874 5422 vero
1919 5384 2068 5423 amo-

487 5464 564 5518 ris
610 5463 864 5516 indicium
905 5469 1008 5518 est.
1055 5461 1296 5531 Denique
1343 5470 1394 5517 et
1435 5459 1620 5516 Jacobi
1667 5461 1944 5526 cathedra,
1977 5461 2069 5531 qui

484 5555 769 5627 primusin
801 5557 961 5611 terris
991 5557 1278 5625 episcopus
1326 5553 1394 5608 ab
1422 5554 1536 5626 ipso
1579 5553 1862 5609 Salvatore
1909 5563 1961 5608 et
2002 5555 2071 5610 ab

487 5649 742 5718 apostolis
783 5649 837 5704 in
869 5647 1254 5719 Hierosolymis
1283 5655 1365 5701 est
1391 5645 1617 5712 electus,
1659 5662 1928 5718 quemque
1964 5646 2071 5702 fra-

487 5751 629 5797 trem
655 5741 857 5798 Christi
888 5741 1159 5798 volumina
1203 5738 1510 5808 designant,
1542 5754 1712 5808 usque
1767 5739 1818 5794 in
1853 5741 2071 5795 hodier-

487 5851 618 5892 num
658 5837 788 5894 inibi
829 5845 1199 5893 conservatur.
1244 5835 1320 5892 lta
1365 5833 1418 5890 in
1445 5849 1508 5888 ea
1546 5833 1733 5887 sedent
1758 5847 1947 5888 omnes
1977 5833 2070 5902 qui

2172 4642 2470 4712 putabitur,
2501 4641 2544 4694 si
2574 4641 2832 4696 historias
2860 4651 3170 4697 sanctorum
3199 4657 3262 4697 ac
3291 4651 3588 4713 martyrum
3611 4643 3766 4700 Chri-

2170 4734 2239 4790 sti
2285 4732 2592 4799 sculpamns
2620 4732 2732 4787 sive
2760 4733 3047 4803 pingamus
3085 4733 3137 4786 in
3169 4733 3387 4797 tabulis,
3417 4735 3510 4804 qui
3543 4751 3640 4804 per
3670 4751 3766 4789 eu-

2171 4824 2400 4878 stodiam
2429 4823 2624 4878 divinae
2664 4823 2797 4892 legis
2837 4825 2901 4878 ad
2929 4825 3153 4895 gloriam
3186 4834 3502 4881 meruerunt
3541 4836 3764 4883 aeterne

2171 4912 2542 4968 retributionis
2582 4913 2882 4983 attingere?
2930 4914 3129 4968 Verum
3163 4915 3211 4970 si
3247 4916 3557 4986 diligentius
3597 4916 3765 4971 verba

2169 5003 2304 5076 legis
2363 5003 2750 5068 attendamus,
2810 5003 2946 5058 forte
2995 5005 3200 5074 patebit
3251 5021 3356 5060 non
3412 5007 3762 5062 interdictum

2171 5094 2432 5166 imagines
2466 5109 2646 5148 rerum
2672 5102 2766 5147 aut
2791 5093 3104 5148 animalium
3144 5093 3344 5160 facere,
3375 5095 3469 5150 sed
3499 5097 3617 5151 hinc
3649 5096 3762 5151 ido-

2169 5186 2396 5242 lolatria:
2435 5187 2608 5257 gratia
2644 5185 2824 5240 facere
2863 5185 3191 5240 omnimodis
3237 5201 3360 5242 esse
3402 5187 3759 5258 prohibitum.

2171 5278 2412 5348 Denique
2458 5278 2702 5333 dicturus
2750 5277 2802 5330 in
2849 5287 3031 5332 monte
3081 5288 3272 5334 sancto
3299 5279 3600 5335 Dominus:
3639 5281 3761 5336 Non

2172 5369 2333 5440 facies
2377 5370 2470 5423 tibi
2514 5368 2792 5439 sculptile,
2845 5386 3006 5440 neque
3060 5385 3262 5424 omnem
3329 5372 3758 5436 similitudinem,

2176 5459 2465 5531 praemisit:
2488 5458 2609 5512 Non
2632 5458 2842 5512 habebis
2864 5459 2986 5513 deos
3010 5457 3207 5514 alienos
3230 5478 3406 5514 coram
3433 5479 3531 5516 me.
3559 5462 3762 5518 Deinde

2177 5550 2452 5619 sul'junxit
2487 5565 2500 5601 :
2544 5549 2667 5603 Non
2703 5548 2866 5619 facies
2906 5550 3002 5603 tibi
3039 5550 3299 5620 sculptile,
3347 5569 3507 5623 neque
3555 5569 3759 5607 onmem

2175 5641 2572 5697 similitudinem
2611 5657 2728 5710 qua:
2774 5651 2849 5694 est
2893 5641 2948 5694 in
2992 5640 3117 5694 ca’lo
3161 5641 3405 5712 desuper,
3446 5652 3492 5696 et
3538 5660 3659 5713 qua:
3705 5644 3759 5698 in

2177 5745 2317 5790 terra
2352 5734 2631 5797 deorsum,
2675 5749 2768 5786 nec
2807 5748 2988 5786 eorum
3035 5750 3152 5804 qua:
3199 5742 3321 5788 sunt
3369 5734 3424 5786 in
3470 5735 3624 5804 aquis
3664 5731 3758 5788 sub

2175 5837 2334 5883 terra.
2367 5825 2543 5894 Atque
2582 5823 2658 5878 ita
2695 5823 2961 5880 conclusit
2990 5843 3000 5876 :
3032 5823 3154 5879 Non
3179 5824 3425 5880 adorabis
3468 5842 3550 5890 ea,
3595 5841 3756 5891 neque
