4012 6338
207 381 313 442 ΞΠ

1199 382 1403 439 LIBER
1444 382 1532 439 DE
1573 383 1973 440 lMAGlNIBL'S
2015 385 2455 450 ΞᾹΜΠὉΒΗΜ.

207 477 352 562 cotes
378 499 557 574 (Deut.
577 512 634 564 v,
661 497 715 562 8,
740 496 814 570 9).
846 495 1052 565 Quibus
1075 499 1252 554 verbis
1279 505 1462 570 aperte
1491 499 1797 554 declaratur
1822 507 1874 566 Α
1898 500 2112 569 legitur,
2147 503 2265 559 ideo
2299 507 2442 576 quod
2483 507 2746 582 imagines
2771 513 3136 583 apostolorum
3162 519 3228 574 de
3253 535 3349 576 sua
3373 525 3477 579 ba-

204 598 358 668 quod
401 596 504 652 illa:
549 593 929 650 similitudines
977 593 1092 649 ﬁeri
1137 594 1494 664 prohibentur
1527 594 1596 648 ab
1623 595 1798 650 homi-

203 689 394 751 nibus,
425 701 548 757 qure
583 685 640 740 in
666 685 1066 741 venerationem
1103 685 1328 741 deorum
1371 687 1671 742 alienorum
1715 687 1795 742 fa-

202 796 339 837 cere
370 779 545 836 solent
574 779 760 850 impii,
800 793 1025 848 quaeque
1053 779 1124 834 ad
1147 778 1430 834 colendum
1467 788 1628 850 atque
1661 781 1792 835 ado-

203 873 445 926 randum
473 871 750 942 gentilitas
775 871 1082 926 errabunda
1109 871 1329 942 reperit.
1370 871 1636 927 Cazterum
1665 873 1796 928 sim-

199 962 426 1033 pliciter
453 964 568 1017 baec
594 961 713 1017 ﬁeri
747 961 915 1027 nulla,
945 970 1005 1016 ut
1041 977 1182 1027 reor,
1215 963 1347 1034 legis
1377 964 1570 1020 divinae
1611 964 1792 1021 littera

198 1063 382 1109 vetat.
413 1053 665 1124 Alioquin
693 1063 750 1110 et
773 1054 1036 1112 Dominus
1061 1058 1394 1113 tentantibus
1419 1073 1478 1114 se
1505 1057 1793 1115 Pharisaeis

196 1144 268 1200 de
301 1145 512 1200 tributo
539 1146 738 1200 Caesari
780 1146 1074 1212 reddendo,
1113 1147 1168 1202 in
1198 1163 1305 1218 quo
1330 1163 1527 1204 nomen
1565 1158 1621 1204 et
1659 1151 1794 1206 ima-

196 1239 394 1309 ginem
441 1237 670 1295 Cazsaris
714 1253 1030 1310 expressam
1082 1255 1202 1296 esse
1249 1241 1538 1308 dicebant,
1591 1259 1816 1313 nequa-,

195 1345 372 1400 quam
423 1330 499 1384 ita
529 1331 879 1400 responderet
923 1348 934 1384 :
988 1330 1208 1386 Reddite
1251 1349 1368 1404 qua!
1407 1343 1528 1388 sunt
1565 1333 1822 1390 Ctrsarisk

193 1419 432 1488 (ἕαται-ἱ,
482 1430 532 1476 et
583 1439 701 1494 qua
745 1431 868 1477 sunt
907 1423 1007 1477 Dei
1052 1422 1182 1478 Deo.
1231 1423 1338 1479 Sed
1381 1426 1559 1495 potius
1604 1441 1790 1481 eorum

192 1514 507 1586 corrigeret
565 1529 808 1570 errorem
830 1554 847 1580 ,
897 1514 1085 1570 dicens
1127 1530 1141 1569 :
1193 1514 1312 1570 Non
1359 1515 1487 1572 licet
1527 1517 1678 1572 vobis
1733 1516 1788 1571 in

190 1623 531 1679 percussura
582 1609 700 1664 auri
744 1609 912 1664 vestri
967 1610 1258 1681 imaginem
1308 1608 1488 1666 facere
1535 1611 1786 1678 Caesaris,

191 1705 333 1776 quia
381 1704 538 1760 talem
588 1703 917 1774 scripturam
961 1702 1049 1758 lex
1090 1705 1270 1760 divina
1316 1706 1584 1776 prohibet.
1631 1706 1789 1762 Esset

190 1809 441 1864 namque
479 1794 632 1850 locus
654 1802 712 1850 ut
735 1802 952 1850 ostenso
977 1795 1079 1850 sibi
1106 1797 1431 1853 numismate
1459 1813 1651 1853 census
1679 1798 1784 1853 hoc

1899 593 2050 647 silica
2088 607 2330 652 eraserat
2375 600 2444 655 ob
2491 604 2934 672 superstitionem
2971 608 3117 680 vulgi
3152 624 3246 667 eas
3285 627 3477 672 contra

1897 687 2135 758 regulam
2180 689 2303 745 fidei
2352 693 2649 759 adorantis,
2695 711 2760 751 ac
2794 714 2903 753 non
2947 701 3128 770 potius
3167 706 3478 767 rationabili

1896 779 2221 834 auctoritate
2263 780 2524 850 ejusmodi
2562 801 2801 842 errorem
2850 791 3112 858 correxit,
3150 793 3359 862 pictura
3413 797 3478 852 il-

1895 870 2022 926 laesa
2064 873 2132 928 ad
2160 881 2498 944 posterorum
2535 881 2852 934 memoriam
2880 896 3252 952 permanente.

1965 963 2148 1019 XXIII.
2194 965 2390 1022 Beatus
2429 985 2558 1026 vero
2607 971 2936 1044 Augustinus
2972 977 3027 1032 in
3063 978 3200 1035 libro
3235 982 3300 1037 de
3329 981 3478 1040 Civi-

1896 1063 2005 1110 tate
2029 1056 2124 1112 Dei
2155 1073 2188 1111 x
2225 1056 2376 1129 (Cap.
2418 1059 2472 1132 8)
2519 1061 2654 1117 dixit
2682 1064 2824 1119 inter
2869 1077 3104 1124 caetera:
3161 1090 3180 1122 ‹
3223 1071 3478 1144 Legimus

1893 1151 2161 1218 serpentis
2183 1166 2399 1206 morsus
2425 1153 2760 1221 mortiferos,
2786 1157 2853 1212 ad
2874 1174 3092 1244 poenam
3114 1160 3474 1230 justissimam

1882 1250 2260 1311 peccatorum,
2293 1243 2348 1297 in
2373 1243 2518 1316 ligno
2544 1247 2780 1303 exaltato
2811 1243 2972 1322 amne
2997 1265 3284 1325 prospecto
3321 1274 3475 1314 :eneo

1892 1343 2141 1404 serpente
2170 1343 2416 1402 sanatos,
2455 1347 2517 1393 ut
2541 1348 2596 1394 et
2621 1342 2818 1410 populo
2844 1344 3223 1402 subveniretur
3248 1349 3474 1415 afflicto,

1891 1432 1947 1480 ct
1982 1441 2129 1482 mors
2156 1435 2330 1483 morte
2365 1430 2663 1496 destructa,
2710 1433 2854 1488 velut
2881 1436 3153 1492 crucifixae
3183 1441 3373 1496 mortis
3398 1441 3473 1494 si-

1889 1516 2190 1572 militudine
2225 1518 2570 1588 signaretur:
2612 1536 2771 1590 quem
2812 1539 2946 1580 sane
2987 1539 3316 1598 serpentem,
3349 1545 3477 1600 pro—

1887 1615 2010 1678 pter
2034 1608 2163 1664 facti
2191 1611 2509 1666 memoriam
2545 1623 2902 1682 reservatum,
2939 1632 3063 1672 cum
3089 1615 3275 1690 postea
3300 1637 3474 1694 popu-

1887 1699 1972 1757 lus
2002 1717 2192 1758 errans
2233 1711 2493 1774 tanquam
2538 1704 2742 1760 idolum
2784 1707 2964 1763 colere
3005 1711 3292 1780 cmpisset,
3339 1713 3476 1771 Eze-

1888 1794 2038 1850 chias
2085 1811 2179 1850 rex
2233 1795 2486 1866 religiosa
2534 1804 2800 1867 potestate
2845 1799 2956 1856 Deo
3008 1803 3250 1859 serviens
3278 1845 3292 1870 ,
3347 1820 3473 1860 cum

192 1887 433 1951 diceret,
473 1887 519 1942 si
559 1886 613 1940 in
659 1901 726 1942 eo
753 1885 984 1942 Caesaris
1024 1887 1224 1960 imago,
1260 1890 1413 1960 cujus
1448 1889 1780 1956 idololatriae,
1811 1871 1860 1930 Β
1888 1901 2082 1957 magna
2112 1888 2332 1958 pietatis
2360 1888 2517 1944 laude
2557 1890 2833 1945 contrivit.
2871 1911 2890 1944 ι
2926 1891 3070 1948 Idem
3108 1895 3272 1950 etiam
3309 1895 3474 1953 Pater

186 1987 249 2033 et
282 1995 395 2034 non
427 1979 496 2035 ad
513 1978 779 2048 judicium
816 1981 990 2051 magis
1019 1981 1182 2052 regite
1205 1983 1480 2052 potentiae,
1509 1991 1655 2039 esset
1677 1983 1785 2040 for-

185 2078 368 2126 mata.
403 2091 423 2124 ι
475 2071 600 2126 Haec
625 2071 690 2128 de
719 2070 930 2142 praefati
957 2073 1060 2128 viri
1109 2073 1290 2129 libello
1317 2074 1611 2145 sumpsisse
1639 2073 1785 2130 sum-

182 2162 325 2217 ciat.

209 2313 212 2316 ,
265 2255 431 2311 XXII.
474 2255 728 2327 Legimus
769 2271 902 2312 vero
946 2268 972 2297 ι
1015 2256 1070 2311 in
1118 2255 1297 2313 Gestis
1341 2258 1484 2314 beati
1535 2257 1782 2316 Silvestri

182 2363 350 2422 papa:
380 2389 396 2414 ,
447 2348 862 2404 Constantinum
919 2349 1298 2420 imperatorem
1350 2352 1580 2408 necdum
1634 2353 1780 2410 fonte

177 2441 318 2496 vitae
348 2448 618 2506 renatum,
644 2451 958 2497 sanctorum
987 2441 1350 2510 apostolorum
1375 2441 1519 2496 Petri
1546 2450 1602 2498 et
1625 2443 1778 2499 Pauli

116 2523 125 2530 ’
179 2533 376 2589 vultus
420 2532 657 2588 ostensis
699 2548 729 2586 a
760 2532 1018 2602 praedicto
1057 2547 1197 2603 papa
1239 2532 1454 2597 tabulis,
1501 2532 1556 2587 in
1584 2533 1780 2604 quibus

179 2625 475 2694 utriusque
508 2623 738 2694 apostoli
779 2621 982 2695 eﬂigies
1023 2624 1319 2694 antiquitus
1349 2626 1415 2679 ad
1460 2625 1778 2680 memoriam

178 2733 451 2789 expressa
506 2718 848 2782 servabatur,
903 2717 1044 2772 sicut
1093 2716 1300 2771 visione
1356 2723 1619 2772 nocturna
1671 2718 1776 2773 sibi

176 2811 394 2868 ostensi
427 2810 662 2876 fuerant,
695 2809 1013 2880 cognovisse
1065 2819 1122 2864 et
1161 2809 1306 2864 illico
1345 2809 1617 2864 adorasse.
1667 2808 1776 2866 Sed

177 2903 433 2974 nunquid
472 2904 578 2958 hac
605 2901 931 2957 auctoritate
955 2900 1291 2956 Constantini
1334 2901 1563 2957 adorare
1599 2902 1772 2958 sancti

175 2995 418 3066 alicujus
463 2994 756 3066 imaginem
800 2993 1077 3059 debemus,
1121 3008 1244 3048 cum
1287 2994 1426 3049 idem
1476 2993 1773 3065 imperator

174 3088 360 3160 magis
412 3088 518 3143 hoc
568 3103 636 3144 ex
689 3086 1082 3143 consuetudine
1148 3086 1466 3142 idololatria:
1514 3087 1771 3158 pestifera

173 3180 398 3246 fecerit,
429 3196 591 3251 quam
631 3195 698 3234 ex
729 3179 1164 3235 consideratione
1191 3178 1488 3234 verissimae
1518 3181 1766 3247 rationis,

1885 1977 1937 2032 in
1966 1978 2104 2035 libro
2138 1980 2316 2049 primo
2357 1979 2508 2052 (Cap.
2544 1980 2630 2053 10)
2670 1981 2736 2037 de
2773 1980 3072 2038 Concordia
3105 1984 3474 2058 Evangelista-

1881 2084 2024 2135 rum,
2070 2085 2232 2140 quem
2259 2079 2446 2126 contra
2481 2086 2720 2142 paganos
2765 2072 2955 2138 edidit,
2997 2075 3234 2144 disputat
3263 2078 3330 2133 de
3366 2069 3490 2134 illis'

1881 2161 1974 2232 qui
2017 2161 2304 2216 Dominum
2349 2162 2537 2217 Jesum
2571 2161 2845 2218 Christum
2899 2165 3148 2221 dicebant
3191 2168 3472 2238 epistulari

1881 2269 2132 2310 sermone
2157 2253 2355 2309 librum
2381 2256 2682 2326 scripsisse,
2728 2265 2783 2312 et
2811 2257 2972 2315 Petro
2999 2276 3062 2316 ac
3103 2261 3270 2316 Paulo
3308 2263 3474 2319 tradi-

1880 2349 2043 2413 disse,
2084 2355 2140 2404 et
2177 2348 2346 2404 dicit:
2386 2367 2403 2400 ι
2441 2349 2575 2404 Cum
2599 2351 2742 2404 enim
2772 2351 2975 2408 vellent
3010 2350 3116 2408 tale
3142 2353 3340 2424 aliquid
3371 2354 3473 2413 fin-

1879 2455 2008 2510 gere
2042 2438 2316 2495 Christum
2345 2441 2632 2511 scripsisse
2661 2441 2728 2496 ad
2756 2442 3050 2513 discipulos
3081 2459 3230 2510 suos,
3263 2446 3469 2516 cogita-

1878 2539 2075 2586 verunt
2094 2531 2162 2584 ad
2189 2546 2326 2600 quos
2368 2532 2710 2602 potissimum
2747 2533 2985 2588 scribere
3025 2536 3268 2605 potuisse
3311 2535 3473 2592 facile

1877 2620 2206 2687 crederetur,
2245 2630 2504 2692 tanquam
2534 2622 2600 2676 ad
2644 2621 2766 2678 illos
2810 2623 2902 2693 qui
2932 2624 2983 2679 ei
3018 2625 3341 2680 familiarius
3368 2627 3466 2682 ad-

1876 2713 2180 2779 htesissent,
2231 2713 2426 2782 quibus
2452 2713 2581 2768 illud
2622 2715 2777 2784 quasi
2815 2723 3086 2771 secretum
3123 2718 3284 2787 digne
3317 2735 3468 2776 com-

1875 2807 2200 2864 mitteretur.
2243 2807 2310 2862 Et
2335 2807 2577 2863 occurrit
2600 2808 2681 2864 eis
2709 2807 2906 2865 Petrus
2937 2817 2991 2866 et
3021 2811 3240 2868 Paulus.
3289 2813 3466 2880 Credo
3541 2795 3546 2802 I

1873 2900 2016 2972 quod
2040 2898 2284 2970 pluribus
2325 2899 2460 2955 locis
2498 2899 2657 2954 simul
2687 2915 2780 2955 eos
2827 2916 2966 2956 cum
2992 2902 3083 2958 illo
3114 2904 3288 2973 pictos
3317 2907 3468 2968 vide-

1873 2996 2017 3054 rent,
2053 2989 2180 3060 quia
2214 2989 2410 3043 merita
2439 2987 2585 3042 Petri
2620 2997 2676 3044 et
2700 2988 2853 3044 Pauli
2883 2991 3048 3046 etiam
3073 3003 3294 3065 propter
3318 3009 3468 3053 eum-

1873 3080 1996 3135 dem
2021 3079 2295 3150 passionis
2320 3079 2464 3134 diem
2490 3077 2756 3135 celebrius
2783 3079 3103 3137 solemniter
3126 3082 3295 3138 Roma
3321 3099 3470 3141 com-

1870 3171 2124 3225 mendat:
2155 3178 2209 3223 et
2247 3169 2326 3224 sic
2361 3169 2583 3224 omnino
2619 3184 2805 3224 errare
2836 3181 3156 3226 meruerunt
3195 3175 3284 3242 qui
3307 3173 3469 3232 Chri-

171 3290 347 3344 quam
383 3229 628 3328 ,needum
660 3273 775 3343 ipse
823 3271 1188 3343 cognoverat?
1232 3270 1299 3324 Et
1327 3286 1395 3325 ne
1430 3271 1484 3324 id
1511 3229 1772 3341 pransum:
1796 3229 1841 3292 C
1873 3273 2018 3317 stum
2044 3272 2099 3316 et
2122 3261 2398 3331 apostolos
2426 3261 2546 3331 cjus
2571 3277 2677 3316 non
2709 3261 2762 3315 in
2787 3263 2990 3318 sanctis
3037 3265 3336 3332 codicibus,
3365 3266 3466 3326 sed

169 3367 336 3435 ptive
389 3371 634 3418 astruere
685 3364 988 3428 videamur,
1028 3363 1171 3418 beati
1207 3361 1478 3417 Ambrosii
1517 3361 1770 3418 Mediola-

171 3455 377 3512 nensis
405 3454 656 3525 episcopi,
695 3455 802 3510 viri
851 3456 1097 3511 doctrina
1148 3463 1204 3510 et
1249 3455 1536 3510 sanctitate
1578 3455 1770 3526 praeci-

171 3552 310 3624 pui,
366 3551 742 3606 auctoritatem
793 3552 1083 3606 inserimus
1128 3567 1140 3605 :
1191 3551 1281 3621 qui
1342 3550 1396 3605 in
1443 3550 1770 3607 rcvelatione

170 3657 302 3712 quae
353 3642 403 3696 ei
443 3651 755 3696 sanctorum
801 3651 1099 3713 martyrum
1144 3640 1389 3696 Gervasii
1435 3648 1491 3696 et
1535 3641 1768 3697 Protasii

171 3731 282 3788 fuit
314 3741 557 3797 ostensa,
599 3734 766 3788 refert
803 3739 1020 3788 beatum
1048 3732 1275 3787 Paulum
1323 3731 1644 3800 apostolum,
1675 3733 1768 3802 qui

172 3825 286 3880 illis
324 3825 540 3881 duobus
575 3826 880 3882 tacentibus
918 3825 1260 3895 loquebatur,
1291 3838 1358 3878 ex
1395 3825 1768 3880 recordatione

170 3916 407 3985 picturae
442 3916 612 3987 ipsius
646 3916 959 3988 agnovisse;
1003 3930 1102 3970 nec
1145 3924 1322 3970 tamen
1363 3931 1591 3986 usquam
1633 3917 1768 3971 scri-

169 4007 276 4070 bit,
320 4023 431 4062 non
469 4007 647 4063 dicam
683 4009 951 4078 picturam
996 4007 1170 4072 illius,
1215 4007 1307 4061 sed
1351 4024 1418 4062 ne
1447 4015 1765 4076 praesentem

172 4100 401 4169 quidem
445 4100 772 4170 apostolum,
806 4115 870 4154 ac
903 4115 1089 4155 secum
1136 4099 1466 4168 loquentem,
1498 4099 1766 4157 ullatenus

171 4193 456 4247 adorasse.
508 4192 536 4232 ιι
563 4192 858 4259 Quemdam
905 4207 1118 4263 quoque
1161 4193 1536 4264 presbyterum
1577 4193 1766 4248 beatus

169 4279 436 4336 Paulinus
480 4297 576 4351 per
621 4281 903 4352 epistolam
940 4282 1142 4337 acriter
1192 4281 1458 4351 increpat,
1509 4283 1766 4353 quoniam

169 4383 504 4446 poposcerat
553 4384 614 4429 ut
659 4376 707 4431 ei
771 4392 923 4431 suam
977 4382 1033 4430 et
1083 4375 1270 4429 uxoris
1322 4389 1433 4429 sua:
1496 4374 1764 4443 picturam

171 4467 594 4532 transmitteret,
622 4477 682 4524 ut
721 4469 839 4535 hos,
871 4484 1008 4538 quos
1051 4470 1308 4523 absentes
1351 4468 1599 4532 amabat,
1629 4483 1765 4537 prae-

1874 3354 1928 3408 in
1980 3355 2143 3425 pictis
2198 3353 2497 3423 parietibus
2548 3355 2935 3424 qumsiverunt.
2983 3376 3001 3408 ι
3061 3356 3187 3412 Haec
3241 3368 3466 3417 sanctus

1869 3448 2221 3520 Augustinus.
2272 3447 2348 3502 Ex
2377 3448 2575 3518 quibus
2611 3448 2899 3504 manifeste
2935 3451 3223 3522 colligitur,
3257 3455 3383 3523 quia
3415 3455 3464 3512 si

1871 3550 2180 3610 serpentem
2223 3557 2431 3596 azneum
2475 3557 2634 3612 quem
2668 3542 2810 3598 Deus
2857 3543 2973 3599 ﬁeri
3005 3547 3282 3617 praecepit,
3327 3563 3464 3618 quo-

1870 3636 2014 3690 niam
2042 3651 2234 3691 errans
2276 3636 2504 3707 populus
2544 3645 2803 3708 tanquam
2830 3638 3033 3694 idolum
3062 3641 3243 3698 colere
3271 3645 3460 3715 coepit,

1867 3727 2131 3783 Ezechias
2179 3727 2462 3798 religiosus
2506 3744 2604 3783 rex
2647 3745 2770 3784 cum
2809 3745 3004 3802 magna
3048 3732 3267 3802 pietatis
3297 3735 3459 3792 laude

1869 3820 2157 3886 contrivit;
2230 3820 2399 3874 multo
2457 3821 2764 3890 religiosius
2807 3832 3122 3878 sanctorum
3192 3825 3460 3896 imagines

1870 3909 2024 3981 (ipsis
2047 3925 2262 3980 quoque
2290 3912 2494 3966 sanctis
2517 3911 2839 3976 faventibus,
2868 3914 2959 3982 qui
2989 3914 3057 3967 ob
3089 3915 3170 3968 sui
3197 3915 3458 3973 honorem

1868 4016 1992 4056 cum
2023 4001 2219 4055 divinae
2250 4001 2524 4071 religionis
2549 4010 2858 4070 contemptu
2879 4043 2894 4067 ,
2943 4019 3037 4058 eas
3064 4004 3278 4060 adorari
3307 4022 3459 4064 more

1867 4093 2132 4148 idolorum
2165 4093 2634 4164 indignantissime
2670 4095 2874 4166 ferunt)
2912 4098 3061 4152 omni
3093 4114 3290 4171 genere
3326 4117 3454 4158 con-

1867 4184 2106 4240 terenda:
2169 4193 2225 4240 et
2292 4200 2462 4257 usque
2513 4187 2582 4242 ad
2629 4186 2904 4256 pulverem
2955 4197 3080 4244 sunt
3126 4193 3450 4259 eradendae;

1865 4277 2169 4346 praesertim
2199 4293 2323 4332 cum
2355 4293 2460 4333 non
2491 4277 2612 4334 illas
2645 4278 2760 4334 ﬁeri
2792 4279 2935 4334 Deus
2954 4279 3199 4349 jusserit,
3233 4283 3326 4338 sed
3354 4283 3451 4337 htt-

1866 4384 2059 4425 manus
2087 4386 2280 4426 sensus
2306 4370 2714 4441 excogitaverit.

1934 4460 2122 4516 XXIV.
2165 4462 2319 4529 Quod
2349 4472 2532 4517 autem
2567 4462 2708 4518 Deus
2742 4465 2941 4519 castius
2990 4465 3194 4534 alisque
3233 4465 3454 4520 simula-

170 4568 358 4613 sentes
409 4575 476 4614 eo
524 4560 684 4615 modo
729 4576 942 4631 semper
985 4559 1228 4615 haberet.
1281 4570 1302 4597 ο
1333 4558 1758 4629 Forojuliensem
1783 4589 1837 4650 Β
1865 4552 1976 4609 cris
2018 4564 2349 4621 veneretur,
2401 4555 2555 4610 testis
2597 4564 2682 4610 est
2724 4557 2890 4611 etiam
2939 4557 3168 4624 Quintus
3213 4557 3452 4616 Lucilius

168 4649 338 4705 etiam
391 4653 704 4723 episcopum
752 4653 941 4708 beatus
985 4667 1122 4722 papa
1170 4649 1463 4723 Gregorius
1511 4650 1757 4722 arguisse
1783 4647 1821 4650 ”
1864 4647 2062 4704 Balbus
2100 4648 2315 4720 gentilis
2350 4647 2738 4718 philosophus;
2791 4651 2930 4705 sicut
2974 4648 3230 4719 praefatus
3263 4651 3453 4708 doctor

1555 4759 1828 4818 BALUZII
1866 4761 2097 4818 NOTIE.

238 4869 264 4898 ι
295 4855 364 4910 In
389 4855 561 4911 Gesti;
577 4856 712 4910 beati
738 4855 1007 4926 Sylrestri.
1035 4853 1188 4926 IIunc
1203 4867 1416 4922 quoque
1437 4852 1555 4926 locu
1565 4867 1614 4904 m
1642 4851 1688 4904 la
1694 4867 1759 4926 n-

166 4929 261 4982 dat
289 4927 525 4983 Carolus
556 4923 860 4998 Magnus'in
891 4925 1186 4998 Capitulari
1219 4925 1283 4978 de
1306 4937 1412 4998 non
1465 4923 1759 4998 a_dor‘andis

164 4998 602 5056 imaeinibuslib.
630 4993 692 5061 ιῙ,
711 5013 830 5067 cap.
860 4997 942 5060 15,
970 4993 1206 5067 itemque
1229 5010 1364 5067 svno
1387 4995 1468 5067 lus
1484 4993 1754 5067 Parisien-

163 5071 241 5124 sis
277 5069 466 5124 habita
500 5085 642 5123 anno
677 5063 806 5131 824⁷,
831 5077 886 5122 et
913 5063 1244 5120 Walafridus
1263 5063 1466 5119 Strabo
1490 5064 1542 5116 in
1575 5065 1754 5132 capite

159 5150 363 5195 Octavo
409 5141 529 5194 libri
562 5140 628 5194 de
674 5141 837 5194 rebus
867 5140 932 5192 ad
991 5136 1285 5192 Ecclesiam
1333 5134 1748 5204 pertinentibus.

164 5211 370 5281 Verum
399 5210 626 5266 Carolus
656 5207 1306 5281 Magnusrcensetulibrum
1346 5205 1491 5259 ill'tm
1515 5204 1746 5281 Actuum

158 5280 309 5336 beati
352 5282 620 5356 Silvestri,
649 5275 852 5356 ubi'de
880 5278 1206 5356 imaginibus
1253 5275 1615 5356 Constantino
1647 5275 1748 5356 int-

158 5354 406 5426 peratnri
432 5353 637 5426 delatis
682 5353 963 5426 scribitur,
989 5348 1189 5404 nullius
1235 5362 1357 5426 esse
1391 5348 1748 5426 auctoritatis,

159 5417 229 5495 eo
251 5425 397 5495 quod
426 5425 568 5495 inter
589 5423 887 5478 catholicos
913 5421 1079 5476 libros
1109 5419 1410 5475 recensitos
1452 5432 1558 5470 non
1587 5417 1657 5470 sit
1694 5417 1749 5471 in

161 5493 432 5550 Dcc'retali
464 5494 686 5551 Gelasii.

236 5567 264 5606 δ
291 5566 588 5633 Quemdam
615 5565 988 5637 presbyterum.
1024 5560 1311 5632 Sulpitium
1348 5559 1608 5637 Severum
1633 5557 1750 5612 Pri-

159 5629 556 5713 muliacensern
583 5629 955 5713 presbyterum
985 5674 1009 5713 ,.
1032 5629 1265 5713 ut.patet
1289 5645 1356 5685 ex
1390 5629 1619 5713 epistola
1650 5644 1746 5713 oc-

156 5715 287 5763 tava
308 5708 523 5762 Paulini
561 5702 626 5762 a'd
654 5702 914 5762 Severum
934 5747 950 5772 ,
996 5705 1049 5759 in
1076 5702 1183 5774 qua
1216 5702 1294 5756 sic
1340 5702 1600 5774 scriptum
1629 5707 1741 5755 est:

167 5797 188 5831 ι
227 5778 370 5846 Quid
405 5779 551 5834 enim
583 5778 678 5833 tibi
715 5777 781 5831 de
821 5775 908 5830 illa
939 5773 1196 5846 petitione
1231 5773 1745 5846 respondeattt,_qua

163 5841 432 5924 imagines
473 5857 688 5905 nostras
711 5847 859 5922 pingi
889 5841 988 5903 tibi
1030 5845 1279 5918 mittique
1301 5841 1510 5914 jussisti
1533 5842 1556 5896 ?
1577 5841 1738 5898 Obse-

1862 4869 1954 4908 cro
1979 4855 2158 4923 itaque
2191 4862 2242 4909 te
2269 4870 2368 4924 per
2390 4857 2597 4910 viscera
2631 4857 2934 4920 charitatis,
2963 4871 3083 4925 quae
3104 4858 3304 4912 amoris
3329 4859 3448 4916 veri

1859 4926 2049 4997 solatia
2097 4925 2162 4997 tle
2213 4926 2466 4981 inanibus
2517 4927 2705 4981 formis
2755 4927 2940 4997 petis?
2980 4946 2998 4978 ι
3058 4927 3255 4982 Verum
3302 4929 3446 4985 istud

1859 4996 1991 5050 nihil
2021 4995 2151 5050 facit
2199 4997 2460 5052 adversus
2491 4995 2807 5052 adoratorés
2834 4997 3154 5067 imaginum.
3184 4997 3316 5053 Nam
3343 4999 3445 5054 Se-

1858 5081 2019 5120 verus
2070 5067 2333 5137 imagines
2373 5067 2582 5122 Paulini
2621 5078 2676 5122 et
2730 5068 3005 5138 Therasiae,
3051 5069 3443 5138 postulaverat,

1856 5153 1963 5191 non
2003 5147 2261 5208 tanquam
2322 5139 2681 5202 adoraturus,
2741 5137 2834 5192 sed
2902 5148 2961 5192 ut
3009 5137 3145 5208 quos
3196 5141 3446 5196 absentes

1855 5210 2092 5272 amabat,
2119 5219 2414 5279 pnesenles
2444 5225 2508 5264 eo
2532 5211 2690 5265 modo
2712 5224 2926 5278 semper
2951 5209 3173 5265 haberet
3201 5219 3258 5264 ut
3278 5212 3443 5266 etiam

1854 5281 2096 5352 agnoscit
2135 5279 2712 5352 AgobardusmNequc
2762 5295 2890 5334 vero
2937 5288 3069 5351 puto
3115 5297 3442 5352 quemquam

1853 5351 1990 5406 velle
2013 5351 2233 5421 culpare
2258 5351 2403 5406 hunc
2445 5351 2718 5406 affectum.

1929 5435 1950 5462 ο
1980 5421 2401 5492 Ροι·ο]ιιῐίεηεεηι
2432 5422 2749 5492 episcopum.
2780 5422 2918 5477 Puto
2939 5425 3202 5480 memoria
3228 5423 3442 5492 lapsum

1854 5490 2219 5564 Agobardum,
2285 5490 2490 5564 proque
2538 5490 2742 5564 Sereno
2794 5493 3112 5550 Massiliensi
3163 5490 3440 5564 episeopo,

1854 5561 2016 5634 quem
2057 5563 2220 5636 variis
2250 5561 2498 5636 epistolis
2527 5563 2576 5616 ol
2592 5561 2834 5635 jurgavit
2869 5564 3166 5636 Gregorius
3193 5561 3266 5619 ob
3288 5561 3439 5636 fjjac-
3501 5589 3512 5598 ο

1855 5630 1940 5689 tas
1954 5634 2241 5707 imagines,
2267 5630 3022 5707 If‘orojulieuscm'episcopum
3044 5636 3270 5690 dixisse.
3300 5633 3440 5707 Vide

1856 5707 1912 5762 S.
1940 5703 2257 5776 Gregorium
2279 5703 2372 5776 lib.
2408 5719 2501 5776 VII,
2527 5703 2819 5762 indictione
2832 5703 3068 5776 2,7epist.
3099 5707 3223 5771 109,
3259 5714 3316 5762 et
3336 5704 3435 5761 lib.

1855 5793 1930 5843 ιχ,
1954 5774 2140 5830 indict.
2166 5774 2219 5842 4,
2241 5775 2401 5846 epist.
2440 5774 2492 5830 9.
