4012 6338
508 433 615 497 219

1436 423 1498 482 S.
1537 416 1887 481 AGOBARDI
1920 408 2231 471 EPISCOPI
2269 403 2758 465 LUGDUNENSIS

3672 393 3793 460 me

510 554 573 614 in
599 557 793 626 quarto
827 546 892 618 de
920 543 1151 615 Civitate
1174 540 1271 597 Dei
1296 539 1436 597 libro
1462 538 1612 611 (Cap.
1641 534 1731 607 50)
1758 548 1882 589 eum
1909 530 2092 598 dispu-
2118 522 2172 585 A
2192 538 2338 626 vera.
2370 520 2659 626 Iieligione
2680 561 2695 587 ,
2746 517 2815 573 ad
3313 516 3607 626 forte)”

514 655 727 706 tantem
767 641 961 701 inserit
999 637 1085 694 his
1124 636 1309 705 verbis
1341 653 1353 689 :
1395 653 1415 686 ι
1447 633 1728 690 Videtisne
1773 629 1938 701 igitur
1978 635 2099 693 uta

514 737 765 817 physicis
788 735 949 791 rebus
975 732 1114 799 bene
1157 738 1321 801 atque
1365 727 1568 783 utiliter
1604 723 1835 779 inventis
1862 719 2003 781 ratio
2031 718 2102 773 sit

517 840 694 890 tracta
729 830 797 885 ad
826 825 1225 887 commentitios
1261 830 1316 878 et
1343 821 1498 877 ﬁctos
1528 819 1702 875 deos?
1738 817 1866 886 Quae
1896 831 1984 875 res
2013 828 2104 887 ge-

516 924 641 983 nuit
667 921 833 980 falsas
861 918 1164 990 opiniones,
1188 926 1510 983 erroresque
1542 910 1908 973 turbulentos,
1930 914 1987 963 et
2013 922 2104 965 su-

516 1014 869 1091 perstitiones
903 1026 1044 1082 pene
1080 1007 1268 1064 aniles.
1299 1004 1367 1061 Et
1392 1004 1582 1060 forma:
1609 1001 1755 1060 enim
1780 1000 1937 1063 nobis
1977 996 2105 1054 deo-

517 1124 666 1173 rum,
710 1113 765 1162 et
813 1111 969 1175 actas,
1013 1109 1069 1158 et
1103 1099 1366 1166 vestitus,
1411 1104 1745 1169 ornatusque
1780 1093 1894 1148 noti
1935 1098 2100 1158 sunt;

519 1215 721 1275 genera
744 1206 1025 1271 praeterea,
1078 1193 1347 1265 coniugia,
1395 1189 1766 1263 cognationes,
1814 1184 2104 1255 omniaque

519 1294 773 1351 traducta
816 1290 885 1346 ad
938 1285 1346 1357 similitudinem
1399 1281 1783 1340 imbecillitatis
1829 1280 2101 1335 humanae.

519 1383 658 1457 Nam
693 1393 753 1442 et
792 1381 1122 1457 perturbatis
1153 1379 1352 1445 animis
1383 1378 1739 1443 inducuntur.
1781 1372 2105 1444 Accepimus

521 1479 687 1547 etiam
713 1477 938 1537 deorum
981 1473 1327 1544 cupiditates,
1353 1468 1724 1543 aegritudines,
1772 1463 2103 1521 iracundias.

521 1569 637 1629 Nec
655 1585 806 1636 vero,
850 1575 909 1626 ut
932 1567 1128 1639 fabulae
1157 1565 1356 1633 ferunt,
1388 1563 1464 1621 dii
1493 1561 1650 1621 bellis
1684 1559 1991 1641 przeliisque
2016 1573 2109 1614 ca-

523 1672 768 1721 ruerunt.
816 1660 927 1719 Nec
960 1659 1157 1725 solum,
1197 1666 1258 1714 ut
1287 1656 1430 1727 apud
1455 1654 1768 1720 Homerum,
1812 1667 1938 1707 cum
1974 1651 2108 1721 duos

521 1754 799 1813 exercitus
845 1753 1155 1815 contrarios
1179 1750 1273 1806 alii
1308 1749 1387 1806 dii
1430 1763 1498 1807 ex
1529 1746 1634 1805 alia
1677 1752 1831 1817 parte
1858 1744 2111 1800 defende—

522 1856 669 1914 rent,
710 1847 806 1904 sed
830 1846 993 1902 etiam
1020 1852 1080 1909 ut
1106 1859 1231 1900 cum
1260 1841 1470 1905 Titanis
1498 1847 1593 1896 aut
1628 1854 1752 1894 cum
1790 1835 2110 1909 Gigantibus

522 1954 625 2003 sua
646 1940 869 2010 prepria
892 1937 1033 1996 bella
1064 1942 1367 2009 gesserunt.
1396 1932 1523 1999 Haec
1560 1941 1618 1988 et
1641 1932 1895 1994 dicuntur
1918 1939 1974 1986 et
1997 1945 2111 1992 cre-

522 2032 726 2107 duntur
757 2030 1101 2097 stultissime,
1134 2035 1191 2084 et
1214 2027 1373 2099 plena
1399 2033 1528 2083 sunt
1550 2025 1828 2107 vanitatis,
1862 2038 2111 2080 summae—

522 2106 631 2199 que
671 2124 930 2189 levitatis.
980 2123 1119 2178 Ecce
1145 2121 1367 2178 interim
1389 2135 1508 2191 quae
1547 2106 1873 2175 conﬁtentur
1899 2118 1997 2193 qui
2019 2117 2112 2173 de-

521 2215 752 2275 fendunt
797 2214 930 2272 deos
976 2213 1238 2287 gentium.
1286 2211 1491 2271 Deinde
1516 2226 1638 2269 cum
1666 2210 1784 2267 haec
1826 2210 1893 2264 ad
1924 2224 2112 2279 super-

523 2307 804 2364 stitionem
824 2307 1105 2379 pertinere
1130 2304 1276 2361 dicat
1293 2345 1308 2371 ,
1357 2304 1426 2359 ad
1453 2302 1768 2375 religionem
1794 2317 1923 2357 vero
1949 2316 2114 2370 quam

523 2395 959 2468 ipsesecundum
988 2395 1203 2456 Stoicos
1228 2394 1441 2452 videtur
1462 2393 1664 2448 dicere.
1693 2392 1813 2449 Non
1833 2391 1978 2447 enim
1998 2390 2116 2467 phi-

522 2484 737 2559 losophi
784 2487 980 2554 solum,
1027 2487 1223 2561 inquit,
1256 2499 1446 2541 verum
1477 2483 1642 2539 etiam
1674 2483 1905 2554 majores
1938 2480 2112 2551 nostri

522 2580 967 2655 superstitionem
1004 2594 1036 2633 a
1082 2576 1343 2649 religione
1390 2584 1799 2647 separaverunt.
1859 2571 1993 2639 Nam
2023 2572 2114 2649 qui

522 2676 668 2736 totos
693 2671 813 2727 dies
832 2670 1211 2744 precabantur,
1241 2669 1435 2741 inquit,
1465 2675 1523 2725 et
1543 2666 1914 2732 immolabant,
1944 2675 2005 2720 ut
2031 2665 2117 2720 sui

521 2763 633 2821 sibi
666 2762 822 2818 liberi
861 2763 1187 2835 superstites
1212 2768 1426 2826 essent,
1465 2759 1827 2833 superstitiosi
1864 2766 1991 2814 sunt
2018 2774 2116 2830 ap-

512 2856 734 2929 pellati.
784 2855 916 2924 Quis
942 2838 1056 2911 non
1085 2854 1351 2925 intelligat
1394 2868 1518 2913 eum
1556 2852 1775 2917 conari,
1826 2852 1954 2907 dum
1989 2867 2119 2909 con-

525 2952 870 3015 suetudinem
891 2950 1130 3013 civitatis
1160 2950 1338 3023 timet,
1370 2949 1688 3022 religionem
1710 2947 1932 3005 laudare
1953 2946 2121 3017 maio-

524 3059 691 3113 rum,
736 3058 969 3115 eamque
1007 3058 1039 3099 a
1075 3042 1461 3114 superstitione
1498 3040 1780 3114 seiungere
1807 3040 1947 3099 velle
1971 3082 1987 3107 ,
2023 3041 2122 3105 sed

526 3139 799 3210 quomodo
828 3138 882 3195 id
909 3137 1086 3209 possit
1110 3152 1221 3192 non
1243 3135 1528 3193 invenire?
1571 3134 1630 3191 Si
1658 3134 1807 3190 enim
1833 3149 1864 3188 a
1893 3131 2117 3202 majori-

524 3232 630 3291 bus
665 3232 745 3297 illi
786 3238 915 3288 sunt
957 3229 1210 3302 appellati
1250 3228 1650 3300 superstitiosi,
1699 3226 1793 3299 qui
1826 3234 1969 3285 totos
2006 3227 2120 3283 dies

524 3324 893 3398 precabantur
927 3332 982 3380 et
1014 3322 1388 3388 immolabant,
1437 3320 1683 3391 nunquid
1728 3327 1783 3376 et
1810 3319 1885 3374 illi
1914 3320 2008 3391 qui
2041 3320 2122 3375 in-

527 3419 827 3487 stituerunt
852 3417 997 3487 quod
1020 3416 1125 3471 isto
1162 3415 1531 3485 reprehendit,
1573 3415 1798 3471 deorum
1830 3414 2125 3471 simulacra

528 3508 747 3567 diversa
791 3516 951 3565 atate
996 3515 1052 3564 et
1094 3515 1246 3563 veste
1287 3507 1579 3573 distincta,
1627 3507 1855 3562 deorum
1902 3521 2125 3578 genera,

528 3600 820 3675 coniugia,
870 3600 1261 3673 cognationes?
1309 3598 1436 3659 Haec
1472 3599 1660 3670 utique
1711 3614 1836 3657 cum
1867 3606 2131 3669 tanquam

529 3696 905 3767 superstitiosa
950 3695 1256 3767 culpantur,
1293 3695 1536 3765 implicat
1579 3694 1685 3751 ista
1714 3694 1871 3765 culpa
1895 3692 2131 3764 maiores

530 3787 729 3851 talium
772 3786 1195 3844 simulacrorum
1247 3787 1586 3844 institutores
1616 3796 1781 3859 atque
1816 3787 2071 3845 cultores.
2100 3807 2120 3841 ι

528 3877 600 3934 Et
618 3887 743 3950 post
765 3893 936 3950 pauca
966 3879 1119 3951 (Cap.
1150 3878 1245 3951 51)
1270 3897 1282 3933 :
1322 3898 1341 3935 ς
1372 3877 1517 3934 Dicit
1542 3879 1729 3945 etiam,
1762 3879 1959 3950 inquit,
1984 3879 2131 3939 idem

529 3982 724 4029 auctor
747 3974 1095 4039 acutissimus
1120 3981 1287 4044 atque
1310 3972 1679 4037 doctissimus,
1709 3973 1857 4044 quod
1884 3972 1925 4028 ii
1954 3972 2056 4030 soli
2076 3970 2130 4029 ei

527 4069 817 4131 vidcantur
853 4069 1305 4131 animadvertisse
1345 4068 1474 4138 quid
1500 4075 1647 4124 esset
1685 4066 1851 4131 Deus,
1887 4068 1982 4138 qui
2008 4082 2129 4123 cre-

530 4160 787 4221 diderunt
809 4174 935 4214 eum
958 4175 1081 4216 esse
1101 4159 1339 4215 animam
1365 4166 1515 4214 motu
1541 4173 1607 4213 ac
1632 4159 1843 4216 ratione
1865 4158 2129 4215 mundum

530 4252 926 4326 gubernantem
950 4266 969 4317 ;
994 4264 1061 4305 ac
1084 4263 1185 4319 per
1212 4248 1320 4304 hoc
1346 4248 1451 4304 etsi
1473 4248 1715 4305 nondum
1744 4247 1971 4305 tenebat
1984 4249 2130 4320 quod

528 4342 735 4400 veritas
779 4340 945 4396 habet
996 4338 1162 4411 (Deus
1206 4337 1353 4394 enim
1389 4353 1585 4404 verus,
1634 4353 1746 4399 non
1774 4337 1977 4403 anima,
2030 4338 2130 4398 sed

531 4433 729 4493 enim
752 4445 969 4504 quoque
998 4438 1085 4486 est
1128 4428 1374 4497 effector,
1422 4437 1480 4485 et
1520 4428 1815 4502 conditor),
1849 4437 2031 4503 tamen
2079 4430 2126 4485 si

530 4532 723 4591 contra
763 4519 1075 4593 praiudicia
1110 4521 1520 4581 consuetudinis
1564 4520 1702 4577 liber
1748 4536 1870 4581 esse
1917 4528 2126 4594 posset,

2199 613 2371 683 magis
2398 612 2677 684 impedire,
2709 611 3058 682 quamivitam
3082 609 3291 667 libidini
3315 608 3575 678 deditam,
3613 612 3793 671 etfui-

2201 720 2290 762 sas
2330 704 2744 777 imaginationes
2777 716 2957 759 rerum
2984 702 3340 768 sensibilium,
3385 719 3508 774 qua:
3533 706 3695 765 nobis
3715 707 3793 766 ab

2200 795 2305 852 hoc
2335 795 2575 851 sensibili
2603 795 2803 851 mundo
2823 809 2923 866 per
2945 808 3145 865 corpus
3167 794 3446 867 impressa
3471 798 3661 853 varias
3676 798 3797 871 opi-

2202 888 2393 944 niones
2420 902 2743 959 erroresque
2779 895 3078 959 generant;
3121 901 3223 944 nec
3250 902 3496 944 errorem
3521 889 3701 945 ullum
3732 891 3795 948 in

2202 979 2462 1054 religione
2501 995 2622 1036 esse
2650 979 2923 1050 potuisse,
2972 980 3018 1035 si
3046 980 3225 1035 animo
3251 995 3351 1051 pro
3387 973 3501 1036 Deo
3537 995 3639 1038 suo
3683 997 3795 1039 non

2203 1070 2408 1127 coleret
2447 1069 2703 1137 animam,
2740 1078 2834 1126 aut
2866 1084 3085 1143 corpus,
3128 1080 3225 1125 aut
3261 1072 3640 1143 phantasiam
3670 1088 3790 1139 sua,

2204 1176 2327 1233 quae
2360 1161 2495 1217 nihil
2532 1170 2660 1218 sunt
2691 1161 2856 1229 aliud,
2901 1176 3067 1233 quam
3104 1162 3175 1219 de
3194 1163 3375 1233 specie
3401 1164 3655 1235 corporis
3678 1179 3798 1220 cor-

2203 1270 2371 1328 poreo
2413 1270 2575 1313 sensu
2619 1264 2849 1311 attracta
2894 1255 3172 1327 ﬁgmenta.
3215 1255 3331 1312 Non
3369 1271 3500 1328 ergo
3527 1265 3807 1315 creatum

2204 1348 2386 1419 potius
2428 1362 2590 1418 quam
2621 1349 2857 1405 creatori
2895 1349 3227 1417 serviamus,
3265 1363 3368 1405 nec
3403 1364 3811 1408 Μηδείῃ

2208 1439 2263 1495 in
2307 1440 2723 1509 cogitationibus
2761 1443 2986 1498 nostris.
3038 1441 3166 1499 meo
3190 1442 3435 1513 perfecta
3468 1443 3669 1516 religio
3691 1451 3798 1500 est.

2207 1530 2298 1587 Ait
2324 1532 2489 1588 etiam
2511 1532 2663 1605 (Cap.
2690 1533 2803 1603 25).
2858 1554 2879 1587 ‹
2907 1535 3041 1592 Cum
3069 1538 3215 1593 enim
3255 1537 3499 1594 Ecclesia
3526 1539 3803 1596 catholica

2202 1642 2308 1699 per
2335 1635 2508 1683 totum
2537 1629 2727 1685 orbem
2754 1627 2945 1687 diﬁrsa
2984 1639 3146 1703 atque
3175 1631 3395 1688 fundata
3425 1633 3518 1701 sit,
3566 1646 3673 1689 nec
3697 1634 3809 1690 mi—

2212 1722 2392 1777 racula
2422 1721 2511 1777 illa
2541 1722 2597 1778 in
2642 1731 2825 1779 nostra
2856 1731 3101 1795 tempora
3131 1725 3623 1797 durarepermissn
3646 1737 3807 1796 sunt,

2213 1828 2284 1870 ne
2311 1814 2489 1870 anima
2522 1830 2738 1888 semper
2761 1817 2995 1873 visibilis
3023 1825 3315 1889 quaereret,
3362 1824 3423 1875 et
3446 1830 3637 1876 acrum
3663 1836 3804 1879 con-

2137 1892 2187 1952 Β
2213 1909 2495 1965 suetudine
2524 1909 2840 1982 frigesceret
2876 1924 3046 1984 genus
3070 1913 3395 1977 humanum,
3437 1931 3671 1987 quorum
3710 1932 3809 1973 no-

2210 2000 2383 2056 vitate
2403 1988 2668 2072 ﬂagravit.
2707 2020 2725 2054 ι
2759 1990 2905 2058 Item
2930 2002 3005 2058 ibi
3046 2002 3199 2077 (Cap.
3230 2006 3323 2071 53,
3351 2002 3480 2079 5b):
3517 2001 3539 2058 ἆ
3568 2005 3808 2063 Animus

2212 2106 2470 2164 perverse
2507 2092 2719 2162 iudicat
2764 2095 2851 2151 cui
2902 2080 2977 2150 ad
3018 2098 3488 2169 contemplandam
3530 2108 3809 2157 summam

2212 2186 2670 2257 pulchritudinem
2696 2203 2851 2245 mens
2876 2205 2987 2245 non
3015 2190 3204 2247 oculus
3231 2189 3409 2247 factus
3435 2200 3539 2248 est.
3568 2192 3665 2249 Ille
3692 2193 3813 2250 vnit

2214 2284 2453 2331 mentem
2498 2288 2816 2335 convertere
2864 2280 2933 2334 ad
2982 2294 3231 2352 corpora,
3280 2282 3471 2338 oculos
3499 2283 3567 2338 ad
3610 2282 3807 2339 Dum.

2216 2367 2420 2446 Quaerit
2444 2371 2595 2425 enim;
2630 2371 2933 2442 intelligere
2963 2372 3235 2440 carnalia,
3281 2381 3337 2431 et
3363 2374 3551 2431 videre
3577 2375 3813 2446 spirita-

2215 2444 2329 2516 lia:
2379 2463 2523 2533 quod
2568 2461 2687 2519 fieri
2733 2450 2841 2519 non
2878 2473 3074 2534 potest.
3128 2464 3309 2532 Quare
3340 2466 3443 2522 ista
3474 2444 3817 2537 perversitas

2217 2556 2534 2628 corrigenda
2578 2565 2697 2621 est,
2746 2559 2871 2629 quia
2919 2558 3026 2615 nisi
3065 2557 3259 2615 fecerit
3295 2560 3439 2631 quod
3477 2575 3708 2616 sursum
3735 2565 3823 2618 est

2219 2650 2494 2717 deorsum,
2526 2659 2583 2707 et
2608 2653 2752 2723 quod
2776 2636 3036 2709 deorsum
3062 2662 3147 2710 est
3172 2669 3410 2721 sursum,
3450 2670 3625 2728 regno
3648 2657 3820 2714 crnib-

2218 2757 2338 2797 rum
2370 2753 2527 2814 aptus
2557 2759 2664 2799 non
2693 2745 2820 2800 erit.
2866 2744 2983 2801 Non
3010 2760 3142 2819 ergo
3165 2762 3375 2802 summa
3401 2763 3719 2818 qumrarnus
3762 2749 3819 2806 in

2218 2830 2440 2899 infimis,
2496 2850 2598 2891 nec
2642 2836 2774 2907 ipsis
2818 2836 3021 2893 infimis
3064 2838 3447 2895 inhrereamus.
3497 2838 3823 2899 Iudicemus

2219 2939 2304 2991 ea,
2338 2941 2408 2981 ne
2433 2941 2555 2982 cum
2583 2926 2717 2999 ipsis
2746 2927 3095 2998 iudicemur;
3146 2931 3205 2987 id
3238 2937 3342 2999 est,
3376 2939 3587 2988 tantum
3613 2935 3700 2990 eis
3726 2933 3825 2990 liri-

2218 3017 2465 3083 bnamus,
2500 3023 2995 3095 quantum‘species
3029 3031 3275 3079 meretur
3297 3032 3539 3081 extraria
3563 3042 3578 3092 ;
3603 3040 3823 3085 necum

2220 3109 2275 3165 in
2322 3111 2633 3167 novissimis
2669 3112 2844 3183 prima
2881 3115 3198 3185 qumrimus,
3246 3131 3278 3171 a
3319 3117 3514 3187 primis
3546 3118 3697 3191 inter
3722 3134 3825 3175 no-

2225 3202 2446 3258 vissima
2476 3220 2842 3261 numeremur.
2880 3225 2899 3260 ι
2948 3206 3080 3262 Item
3124 3209 3242 3279 ipse
3270 3208 3423 3283 (Cap.
3459 3209 3594 3283 55):
3647 3230 3673 3262 τ
3702 3209 3823 3268 Non

2227 3293 2300 3349 sit
2335 3294 2495 3350 nobis
2516 3296 2726 3367 religio,
2756 3295 2932 3353 cultus
2958 3297 3241 3355 hominum
3275 3308 3615 3358 mortuorum
3643 3321 3657 3359 :
3691 3305 3823 3375 quia

2226 3385 2273 3440 si
2304 3384 2391 3456 pie
2429 3385 2699 3453 vixerunt,
2733 3402 2842 3442 non
2872 3388 2953 3444 sic
2993 3389 3265 3445 habentur
3305 3400 3364 3447 ut
3405 3392 3543 3450 tales
3572 3401 3827 3465 quaerant

2226 3476 2460 3534 honores
2486 3495 2500 3545 ;
2546 3480 2643 3535 sed
2677 3480 2828 3535 illum
2866 3497 2897 3536 a
2924 3482 3081 3538 nobis
3108 3483 3211 3539 coli
3238 3484 3456 3552 volunt,
3487 3469 3598 3560 quo
3623 3488 3828 3546 illumi~

2227 3577 2395 3625 nante
2417 3570 2670 3626 laetantur
2695 3572 2879 3628 meriti
2911 3574 2991 3628 sui
3022 3589 3122 3630 nos
3150 3590 3275 3633 esse
3307 3587 3608 3635 consortes.
3642 3580 3828 3638 Hono-

2226 3662 2384 3717 randi
2429 3680 2559 3735 ergo
2588 3672 2716 3720 sunt
2740 3675 2961 3736 propter
2986 3667 3343 3725 imitationem
3363 3714 3377 3740 ,
3425 3688 3532 3728 non
3561 3674 3827 3732 adorandi

2227 3766 2450 3845 propter
2482 3757 2818 3831 religionem.
2871 3759 2987 3817 Non
3016 3761 3088 3818 sit
3124 3765 3279 3819 nobis
3331 3765 3522 3839 religio
3564 3768 3828 3845 humano-

2225 3840 2349 3906 rum
2373 3867 2597 3922 operum
2619 3854 2815 3910 cultus.
2848 3852 3098 3913 Meliorcs
3120 3858 3413 3916 enimsunt
3436 3861 3543 3935 ipsi
3563 3863 3826 3933 artiﬁces,

2229 3943 2322 4014 qui
2362 3942 2486 3999 talia
2517 3944 2874 4015 fabricantur,
2923 3964 3059 4021 quos
3094 3957 3279 4007 tamen
3324 3952 3504 4027 colere
3534 3971 3642 4010 non
3667 3954 3830 4012 debe-

2229 4053 2369 4093 mus.
2412 4035 2529 4094 Non
2556 4037 2629 4095 sit
2653 4039 2808 4096 nobis
2849 4041 3039 4114 religio
3063 4042 3121 4098 in
3161 4044 3558 4114 phantasmatis
3598 4050 3824 4104 nostris.

2230 4128 2421 4188 Melius
2460 4141 2544 4188 est
2576 4133 2722 4187 enim
2761 4134 3136 4207 qualecunque
3174 4128 3407 4217 verum,
3452 4155 3619 4212 quam
3665 4156 3827 4197 omne

2228 4224 2491 4298 quidquid
2517 4242 2616 4297 pro
2643 4227 2872 4284 arbitrio
2893 4228 3022 4301 fingi
3050 4239 3247 4302 potest.
3282 4231 3351 4299 Et
3374 4240 3557 4289 tamen
3584 4234 3829 4309 animam

2229 4316 2423 4389 ipsam,
2467 4318 2717 4397 quamvis
2745 4322 2927 4376 anima
2955 4337 3083 4378 vera
3111 4325 3204 4391 sit,
3247 4340 3370 4381 cum
3399 4324 3535 4382 falsa
3566 4326 3832 4399 imagine.

2231 4417 2340 4477 tur,
2390 4410 2569 4468 colere
2612 4428 2719 4468 non
2763 4412 3043 4472 debemus.
3084 4415 3276 4473 Melior
3317 4426 3403 4475 est
3447 4434 3578 4476 vera
3605 4420 3828 4493 stipula,

2229 4516 2395 4571 quam
2419 4500 2513 4556 lux
2539 4502 2688 4558 inani
2713 4503 3042 4577 cogitatione
3060 4522 3163 4579 pro
3197 4510 3525 4581 suspicantis
3549 4512 3829 4570 voluntate

528 4589 701 4673 nam
741 4589 915 4669 ﬁguli,
958 4610 1249 4667 colendum
1293 4608 1589 4677 (ageretur,
1637 4620 1801 4682 atque
1844 4589 2125 4676 suidel-et,
2149 4615 2205 4678 Β
2230 4589 2481 4650 formata.
2521 4594 2592 4651 Et
2623 4604 2806 4657 tamen
2838 4599 3090 4670 stipulam
3119 4617 3283 4677 quam
3322 4606 3587 4665 sentimus
3625 4617 3681 4664 et
3713 4618 3831 4671 tan-

527 4714 680 4764 motu
706 4721 771 4762 ac
796 4704 1008 4760 ratione
1039 4704 1300 4759 mundum
1329 4704 1747 4775 gubernantem,
1793 4710 1853 4758 ut
1898 4718 1961 4763 ea
2003 4718 2129 4767 cum

527 4799 620 4860 illo
639 4799 707 4856 de
734 4800 838 4859 hac
865 4814 924 4871 re
950 4796 1177 4872 quaestio
1206 4806 1539 4864 remaneret,
1581 4796 1726 4868 quod
1762 4811 1888 4852 cum
1923 4795 2131 4851 dicere:

526 4903 651 4947 esse
675 4888 1073 4956 animam,-nou
1105 4888 1287 4961 potius
1315 4895 1373 4944 et
1403 4887 1601 4947 anima:
1624 4895 1950 4944 creatorem.
1985 4885 2130 4945 Dicit

526 4982 693 5039 etiam
720 4983 974 5051 antiquos
1002 4980 1280 5039 Romanos
1325 4979 1448 5050 plus
1494 4994 1658 5050 quam
1700 4993 1874 5037 annos
1901 4986 2128 5037 centum

527 5082 583 5131 et
624 5072 967 5146 septuaginta
999 5072 1129 5128 deos
1178 5070 1299 5127 sine
1334 5069 1626 5126 simulacro
1662 5070 1915 5126 coluisse.
1971 5068 2128 5137 Quod

526 5167 578 5227 si
601 5167 779 5225 adhuc
801 5162 1179 5232 remansisset,
1204 5164 1410 5223 castius
1449 5163 1524 5221 dii
1549 5163 1991 5229 observarentur.
2021 5161 2128 5218 Cu-

520 5256 614 5332 jus
663 5255 952 5314 sententia:
1000 5269 1111 5311 suae
1156 5262 1354 5311 testem
1401 5254 1687 5315 adhiberet
1736 5253 1881 5310 inter
1924 5260 2126 5309 caetera

526 5348 691 5405 etiam
721 5354 939 5422 gentem
965 5343 1225 5401 Judaeam.
1278 5344 1391 5402 Nec
1415 5345 1630 5402 dubitat
1673 5359 1799 5401 eum
1842 5343 2022 5399 locum
2048 5343 2125 5400 ita

527 5442 875 5511 concludere,
921 5449 982 5501 ut
1026 5440 1175 5499 dicat
1214 5440 1307 5512 qui
1351 5441 1515 5515 primi
1560 5440 1852 5509 simulacra
1899 5438 2125 5499 deorum

459 5558 493 5582 ο
526 5514 742 5612 populis
768 5540 1112 5613 posuerunt,’
1141 5548 1237 5591 eos
1263 5533 1578 5593 civitatibus
1617 5532 1732 5592 suis
1761 5536 1966 5589 metum
1995 5530 2125 5587 ade-

527 5621 728 5702 misse;
753 5637 811 5693 et
834 5640 1081 5686 errorem
1121 5626 1433 5699 addidisse;
1467 5627 1766 5699 prudenter
1800 5623 2124 5685 existimans

528 5723 660 5782 deos
705 5720 867 5781 facile
889 5732 1051 5795 posse
1091 5720 1150 5777 in
1197 5716 1612 5778 simulacrorum
1652 5715 1947 5795 stoliditate
1992 5731 2124 5795 con-

529 5816 721 5873 t'Cmni.
747 5835 769 5871 δ

602 5904 769 5964 XXV.
798 5906 942 5964 Dicit
963 5906 1133 5966 etiam
1157 5906 1351 5965 beatus
1379 5902 1717 5975 Augustinus
1750 5901 1808 5958 in
1833 5899 2015 5959 libello
2053 5901 2122 5957 de

2231 4681 2429 4754 gimus,
2466 4685 2735 4744 dementis
2781 4698 2866 4745 est
2911 4691 3136 4750 credere
3177 4696 3482 4754 colendam.
3521 4719 3540 4753 ι
3589 4700 3737 4758 ldem
3774 4703 3829 4759 in

2229 4776 2458 4846 epistola
2486 4779 2555 4833 ad
2582 4778 2936 4837 Consentium
2971 4783 3106 4840 dicit
3147 4786 3344 4858 (Epist.
3374 4789 3505 4863 85):
3559 4810 3579 4842 ι
3614 4791 3831 4865 Cogita-

2228 4866 2392 4923 tionis
2419 4868 2660 4925 carnalis
2699 4871 3147 4951 compositionem
3170 4866 3478 4952 vanumque
3506 4880 3830 4953 ﬁgmentum

2228 4958 2323 5014 ubi
2360 4962 2640 5016 veneratio
2664 4961 2995 5021 labefactare
3024 4966 3238 5038 incipit,
3276 4955 3534 5029 centinuo
3560 4972 3656 5031 illo
3684 4974 3831 5033 intus

2228 5047 2520 5119 adiuvante
2561 5061 2726 5124 atque
2773 5054 3117 5117 illuminante
3142 5060 3238 5129 qui
3268 5076 3394 5117 cum
3429 5061 3633 5119 talibus
3670 5063 3830 5120 idolis

2226 5141 2285 5198 in
2313 5143 2479 5199 corde
2504 5153 2693 5201 nostro
2720 5147 2971 5205 habitare
2998 5165 3108 5206 non
3136 5150 3252 5206 vult
3269 5193 3284 5219 ,
3336 5153 3412 5208 ita
3453 5153 3557 5209 ista
3586 5154 3832 5211 confrino

2224 5249 2355 5309 gere
2382 5243 2543 5308 atque
2568 5252 2599 5292 a
2627 5236 2731 5294 ﬁde
2765 5248 2952 5296 nostra
2977 5242 3376 5321 quodammodo
3399 5254 3655 5305 excutere
3680 5244 3832 5303 festi-

2227 5343 2441 5395 nemus,
2478 5337 2541 5385 ut
2565 5345 2636 5385 ne
2658 5330 2937 5400 pulverem
2973 5332 3194 5404 quidem
3218 5334 3391 5392 ullum
3426 5336 3622 5394 talium
3647 5337 3827 5417 phan-

2225 5418 2519 5478 tasmatum
2544 5422 2657 5479 illic
2677 5438 2965 5482 remanere
2990 5429 3284 5499 patiamur.
3317 5448 3339 5483 ι

2296 5514 2483 5575 XXVI.
2513 5515 2667 5589 Quod
2707 5533 2852 5596 verre
2886 5520 3210 5589 temeritatis
3253 5521 3518 5581 oﬂ‘ensam
3554 5522 3826 5593 incurrat,

2225 5608 2319 5681 qui
2347 5607 2555 5680 aliquid
2595 5608 2840 5683 divinum
2874 5610 2937 5691 in
2968 5613 3264 5689 sacrilegos
3289 5614 3425 5677 ritus
3454 5623 3720 5686 usurpat.
3748 5624 3830 5677 te-

2225 5710 2399 5760 statur
2426 5703 2571 5761 idem
2595 5703 2786 5762 doctor
2818 5706 2877 5763 in
2901 5708 3133 5791 epistola
3158 5708 3229 5765 ad
3261 5707 3610 5778 Ianuarium,
3636 5710 3719 5771 ita
3744 5710 3829 5774 dir

2224 5806 2355 5885 cens
2384 5794 2579 5869 (Epist.
2624 5795 2747 5873 H9,
2794 5812 2914 5881 cap.
2941 5796 3080 5871 ειυς
3135 5816 3158 5877 ς
3193 5797 3297 5870 Qui
3334 5801 3403 5857 de
3426 5800 3643 5875 paginis
3661 5810 3832 5885 eun;-

2223 5882 2415 5965 gelicis
2453 5898 2629 5946 sortes
2654 5888 2856 5962 legunt,
2901 5890 3004 5947 etsi
3038 5890 3339 5961 optandum
3364 5899 3451 5950 est
3474 5903 3539 5949 ut
3568 5882 3690 5952 me
3730 5907 3830 5966 po-

2308 6168 2335 6175 σ-
