4012 6338
1276 423 1480 482 LIBER
1521 425 1612 482 DE
1649 424 2056 484 iMAGi‘NiBUS
2088 424 2526 488 SANCTORUN.

3450 427 3560 486 229.

270 553 390 610 tius
427 548 648 610 faciant,
694 557 856 614 quam
892 541 968 596 ad
994 539 1259 596 daemonia
1285 539 1612 594 consulenda
1638 555 1866 594 concur-
1889 537 2120 600 Aluum
2163 539 2318 609 signa
2351 538 2662 605 manifesta,
2709 549 2768 596 et
2794 540 2966 598 anhos
2992 539 3077 598 soi
3100 541 3464 611 concluderet,
3504 555 3561 604 ει

271 651 438 704 rant.
487 648 670 694 tamen
712 637 877 690 etiam
905 634 1006 688 ista
1051 633 1183 688 mihi
1219 633 1465 703 displicet
1511 631 1862 696 consuetudo,

274 736 348 793 ad
400 731 614 802 negotia
655 725 938 784 saecularia
987 730 1044 780 et
1082 722 1150 778 ad
1195 724 1320 778 vita:
1363 723 1526 792 huius
1570 724 1865 778 vanitatem

271 834 504 900 propter
530 823 696 878 aliam
736 819 904 876 vitam
936 817 1211 890 loquentia
1256 817 1476 873 oracula
1522 816 1702 872 divina
1727 816 1866 872 velle

273 925 622 976 convertere.
659 933 680 967 ι
740 910 836 968 Sc
867 908 1149 966 consimile
1191 909 1326 980 quid
1364 909 1555 964 beatus
1600 907 1866 978 Hierony-

272 1025 403 1068 mus
429 1006 690 1078 loquitur,
719 1018 844 1059 cum
865 1001 1032 1056 verba
1065 1000 1278 1056 Domini
1316 1001 1408 1055 illa
1435 1007 1716 1065 tractaret,
1745 1014 1865 1070 qua:

271 1100 356 1157 ita
404 1115 462 1154 se
489 1098 726 1153 habent:
779 1113 798 1146 ι
836 1093 1074 1149 Dilatant
1101 1091 1247 1147 enim
1274 1090 1611 1161 phylacteria
1649 1105 1770 1154 sua,
1809 1095 1866 1145 et

270 1190 634 1264 magniﬁcam
663 1186 924 1242 fimbrias.
972 1183 1279 1250 Pittaciola,
1329 1183 1525 1253 inquit,
1571 1182 1663 1237 illa
1706 1183 1865 1239 deca-

270 1283 385 1356 ιοςί
409 1280 746 1354 phylaeteria
773 1278 1082 1340 vocabant;
1131 1273 1276 1347 quod
1302 1276 1610 1345 quicunque
1643 1274 1866 1329 habuis-

267 1385 361 1434 set
402 1391 494 1441 ea,
532 1373 690 1444 quasi
717 1373 786 1428 οδ
812 1373 1115 1428 custodiam
1144 1379 1199 1423 et
1239 1368 1633 1424 munimentum
1659 1368 1743 1423 sui
1769 1369 1866 1440 ha;

267 1467 470 1532 heret;
514 1481 624 1521 non
671 1461 1096 1532 intelligentibus
1144 1459 1432 1516 Pbarisaeis
1461 1460 1607 1529 quod
1651 1459 1764 1514 haec
1806 1459 1862 1514 in

268 1560 440 1616 corde
462 1555 727 1628 portanda
752 1555 882 1618 sint,
910 1569 1020 1609 non
1048 1552 1103 1607 in
1132 1567 1362 1622 corpore
1387 1567 1402 1606 :
1433 1551 1670 1621 alioquin
1701 1560 1757 1607 et
1783 1568 1866 1606 ar-

266 1651 446 1710 maria
474 1657 531 1705 et
553 1663 694 1704 arae
720 1646 926 1703 habent
945 1645 1134 1709 libros,
1165 1651 1222 1699 et
1244 1642 1342 1699 Dei
1367 1643 1614 1698 notitiam
1640 1659 1748 1698 non
1775 1644 1864 1698 ha-

265 1741 424 1797 bent.
455 1738 570 1794 Hoc
596 1736 742 1807 apud
769 1751 868 1792 nos
885 1733 1275 1806 superstitiosa:
1307 1733 1638 1790 mulierculae
1662 1735 1715 1792 in
1744 1750 1865 1804 par-

261 1832 416 1888 vulis
436 1830 751 1903 evangeliis,
795 1829 850 1884 in
877 1827 1056 1883 crucis
1084 1826 1260 1898 ligno,
1289 1835 1344 1882 et
1371 1827 1430 1881 in
1456 1827 1759 1884 istiusmodi
1786 1841 1866 1881 re-

1968 643 2185 686 menses
2213 631 2338 685 luna
2365 640 2670 687 renovaret.
2705 631 2911 700 Quarto
2942 649 3196 704 namque,
3225 644 3287 693 ut
3310 637 3556 708 legimus,

1967 723 2056 778 die
2081 724 2218 779 dixit
2247 725 2425 780 Deus:
2461 723 2623 780 Fiant
2648 725 2940 782 luminaria
2980 728 3038 782 in
3065 729 3394 798 ﬁrmamento
3422 730 3554 795 cali,

1964 823 2017 869 et
2042 813 2250 869 luceant
2280 833 2438 888 super
2461 826 2679 884 terram,
2713 827 2762 872 et
2789 818 3028 874 dividant
3054 829 3192 874 mter
3218 820 3362 875 diem
3383 832 3434 876 et
3457 838 3555 876 no-

1963 915 2117 972 ctem,
2165 915 2214 959 et
2241 909 2345 961 sint
2376 908 2434 961 in
2457 909 2608 978 signa
2637 918 2684 962 et
2711 918 2974 979 tempora,
2995 920 3046 964 et
3074 911 3264 966 indies
3290 921 3340 967 et
3370 913 3430 966 in
3453 929 3555 968 απε-

1965 1014 2078 1063 nos,
2105 1007 2153 1054 et
2181 1000 2284 1054 sint
2319 1002 2376 1054 in
2407 1001 2738 1070 [irritamento
2779 1003 2913 1070 cali,
2944 1012 2992 1058 et
3035 1004 3243 1060 luceant
3276 1023 3434 1077 super
3460 1015 3560 1060 t‘erv

1964 1105 2102 1144 ram.
2139 1091 2554 1164 Expergiscere,
2581 1111 2616 1148 ο
2635 1096 2818 1162 homo,
2848 1105 2906 1151 et.
2923 1096 3242 1168 dignitatem
3271 1107 3376 1153 tum
3397 1114 3561 1170 agno-

1965 1196 2057 1237 sce
2081 1191 2306 1238 natura.
2360 1184 2668 1242 Recordare
2699 1195 2752 1242 te
2778 1187 2978 1242 factum
3005 1189 3074 1244 ad
3101 1191 3396 1261 imaginem
3418 1191 3514 1246 Dei
3541 1207 3554 1244 :

1963 1289 2086 1344 quae
2111 1274 2213 1329 etsi
2245 1275 2298 1329 in
2325 1274 2496 1331 Adam
2522 1287 2796 1349 corrupta,
2826 1279 2880 1334 in
2907 1278 3126 1336 Christo
3155 1289 3338 1337 tamen
3367 1291 3456 1338 est
3478 1297 3560 1338 re-

1964 1366 2219 1423 formata.
2281 1368 2444 1423 Utere
2489 1373 2760 1439 quomodo
2808 1375 3064 1429 utendum
3116 1383 3208 1430 est
3253 1375 3559 1432 visibilibus

1963 1459 2268 1523 creaturis,
2299 1459 2438 1513 sicut
2463 1462 2640 1517 uteris
2664 1471 2833 1529 terra,
2859 1465 3020 1530 mari,
3056 1465 3215 1530 cmlo,
3257 1479 3408 1531 aere,
3440 1465 3560 1520 fun-

1965 1546 2130 1611 tibus,
2162 1556 2330 1618 atque
2351 1547 2662 1605 fluminibus
2685 1566 2700 1608 ξ
2727 1559 2782 1605 et
2797 1553 3064 1623 quidquid
3084 1554 3140 1609 in
3165 1554 3248 1609 eis
3269 1555 3560 1624 pulchrum

1962 1648 2124 1710 atque
2151 1641 2400 1696 mirabile
2426 1649 2533 1708 cst,
2577 1641 2719 1697 refer
2745 1644 2814 1698 ad
2844 1645 3055 1701 laudem
3087 1654 3143 1700 et
3169 1645 3396 1718 gloriam
3430 1660 3560 1700 con-

1963 1722 2199 1791 ditoris.‘
2226 1736 2343 1792 Noli
2367 1753 2487 1793 esse
2515 1739 2729 1794 deditus
2761 1740 2817 1793 ei.
2841 1739 3054 1806 lumini,
3092 1757 3202 1811 quo
3228 1740 3478 1796 volucres
3503 1746 3560 1794 et

1962 1837 2266 1900 serpentes,
2316 1845 2424 1900 quo
2468 1830 2656 1885 bestiae
2681 1839 2737 1885 et
2761 1833 3014 1902 pecudes,
3056 1847 3162 1902 quo
3188 1849 3390 1890 muscae
3413 1831 3560 1888 dele-

261 1923 376 1979 hus
419 1921 536 1993 (qui
581 1921 788 1976 habent
826 1918 1044 1989 quidem
1078 1917 1252 1973 zelum
1285 1917 1402 1984 Dei,
1453 1920 1551 1974 sed
1576 1935 1683 1974 non
1707 1919 1860 1990 juxta
1891 1925 1938 1985 Β
1965 1928 2204 1984 ctantur,
2253 1930 2309 1976 et
2337 1937 2569 1977 vermes.
2615 1923 2818 1978 Lucem
2857 1940 3180 1995 corpoream
3204 1942 3370 1984 sensu
3402 1936 3562 1996 tanm

259 2012 580 2085 scientiam)
605 2026 778 2081 nstrae
811 2011 974 2066 hodie
1003 2008 1271 2065 iactitant.
1308 2030 1328 2063 ι

343 2104 556 2160 XXV“.
611 2123 631 2155 ι
663 2102 740 2158 De
789 2100 990 2157 talibus
1019 2101 1286 2156 institutis
1333 2099 1416 2173 (ut
1450 2100 1600 2158 beati
1648 2117 1863 2173 quoque

258 2199 471 2256 Leonis
499 2213 652 2269 papae
671 2197 840 2252 verba
862 2210 1129 2265 ponamus
1153 2193 1354 2267 [Serm.
1381 2195 1411 2250 '1
1429 2195 1481 2249 in
1507 2195 1628 2250 Nat.
1655 2197 1860 2269 Dom.])

256 2293 432 2350 etiam
479 2289 569 2344 illa
614 2296 905 2360 generatur
951 2287 1236 2357 impietas,
1292 2295 1352 2342 ut
1391 2288 1476 2343 sol-
1518 2289 1862 2345 inchoatione

258 2385 475 2442 ἀίω-ιω
488 2382 626 2438 lucis
645 2395 966 2449 exsurgens,
991 2397 1021 2435 a
1045 2381 1368 2450 quibusdam
1393 2381 1862 2451 insipientioribus

256 2475 332 2531 de
387 2474 522 2531 locis
571 2471 1024 2528 eminentioribus
1071 2473 1368 2529 adoretur:
1427 2474 1575 2543 quod
1618 2477 1860 2534 nonnulli

257 2573 432 2629 etiam
463 2568 758 2628 Christiani
802 2568 938 2624 adeo
960 2583 1020 2624 se
1060 2568 1311 2638 religiose
1340 2568 1524 2625 facere
1565 2579 1778 2639 putant,
1803 2578 1862 2625 ut

257 2665 583 2738 priusquam
629 2661 698 2716 ad
727 2661 874 2715 beati
922 2660 1072 2716 Petri
1111 2661 1339 2730 apostoli
1372 2662 1652 2717 basilicam
1678 2703 1693 2728 ,
1739 2680 1860 2734 quas

260 2757 362 2813 uni
390 2757 504 2812 Deo
530 2769 664 2810 vero
684 2762 740 2810 et
764 2754 887 2808 vivo
915 2753 1162 2809 dedicata
1191 2761 1299 2818 est,
1323 2754 1668 2822 perveniant,
1708 2771 1863 2826 supe-

259 2850 405 2906 ratis
426 2847 712 2919 gradibus,
746 2845 944 2916 quibus
979 2845 1048 2900 ad
1074 2853 1389 2916 suggestum
1426 2861 1534 2900 arae
1562 2847 1858 2916 superioris

256 2940 596 3005 ascenditur,
627 2952 898 2994 converso
919 2944 1149 3006 corpore
1175 2937 1244 2992 ad
1268 2948 1582 2994 nascentem
1609 2954 1668 2994 se
1688 2939 1856 2994 solem

233 3022 582 3097 reﬂectant,
638 3037 693 3086 et
738 3031 979 3085 curvatis
1025 3029 1330 3085 cervicibus
1377 3030 1432 3084 in
1483 3030 1743 3085 honorem
1798 3046 1858 3087 se

253 3126 531 3200 splendidi
559 3125 707 3179 orbis
739 3122 1034 3178 inclinent:
1071 3121 1214 3191 quod
1237 3122 1355 3176 ﬁeri
1380 3122 1577 3192 partim
1609 3122 1861 3193 ignoran-

253 3219 352 3277 tiae
381 3216 535 3281 vitio,
581 3213 778 3285 partim
812 3211 1142 3284 paganitatis
1185 3211 1404 3281 spiritu,
1440 3211 1667 3267 multum
1709 3211 1858 3267 tabe-

251 3311 470 3369 scimus
495 3317 550 3364 et
588 3307 854 3362 dolemus.
893 3304 1038 3387 Quia
1079 3303 1183 3360 etsi
1213 3304 1435 3372 quidam
1478 3303 1619 3359 forte
1643 3312 1856 3360 creato-
1882 3289 1926 3351 C

256 3405 385 3463 rem
427 3402 606 3475 potius
645 3401 858 3472 pulchri
905 3399 1162 3464 luminis,
1213 3412 1375 3467 quam
1423 3397 1601 3466 ipsum
1647 3395 1853 3462 lumen,

259 3498 416 3569 quod
441 3507 524 3553 est
559 3506 825 3560 creatura,
851 3501 1184 3550 veneratur
1209 3509 1222 3558 ;
1273 3490 1650 3546 abstinendum
1675 3499 1855 3546 tamen

261 3599 350 3646 est
373 3591 442 3645 ab
469 3590 580 3660 ipsa
610 3589 792 3661 specie
820 3585 984 3656 hujus
1005 3583 1201 3649 otﬁcii;
1233 3599 1398 3654 quam
1421 3597 1546 3636 cum
1573 3582 1628 3636 in
1656 3581 1857 3637 nostris

255 3683 572 3753 invenitqui
589 3683 813 3738 deorum
837 3680 1040 3736 cultum
1067 3678 1306 3747 reliquit,
1320 3690 1500 3730 nonne
1516 3676 1655 3730 hanc
1673 3689 1854 3729 secum

253 3785 472 3850 partem
493 3776 769 3847 epinienis
787 3780 1011 3830 vetusta:
1039 3781 1291 3843 tanquam
1320 3769 1657 3840 probabilem
1683 3776 1858 3822 retcn—

255 3871 418 3936 tabit,
443 3886 605 3941 quam
622 3868 947 3925 Christianis
978 3876 1032 3922 et
1050 3867 1228 3936 impiis
1251 3865 1447 3920 viderit
1470 3879 1591 3919 esse
1614 3878 1856 3918 commu-

255 3962 428 4031 nem?
454 3961 756 4033 Ahjiciatur
793 3973 923 4031 ergo
952 3975 983 4013 a
1011 3956 1402 4012 consuetudine
1432 3955 1672 4011 ﬁdelium
1706 3955 1857 4009 dam-

256 4057 438 4114 nanda
461 4055 811 4126 perversitas,
840 4069 940 4112 nec
965 4053 1137 4110 honor
1156 4052 1247 4106 uni
1273 4049 1382 4105 Deo
1407 4050 1636 4114 debitus,
1669 4066 1857 4106 eorum

256 4148 478 4215 ritibus,
509 4147 600 4218 qui
614 4147 880 4204 creaturis
905 4147 1170 4211 serviunt,
1197 4145 1512 4199 misceatur.
1547 4141 1689 4197 Dicit
1711 4141 1856 4197 enim

259 4237 547 4310 Scriptura
583 4239 763 4294 divina
813 4257 826 4293 :
883 4237 1169 4291 Dominum
1218 4235 1387 4288 Deum
1423 4241 1571 4286 tuum
1610 4231 1857 4286 adorabis

252 4337 307 4383 et
336 4327 418 4382 illi
441 4327 542 4382 soli
579 4327 787 4384 servies.
827 4327 893 4382 Et
912 4326 1098 4382 beatus
1125 4325 1244 4391 Job,
1275 4324 1438 4379 homo
1463 4323 1580 4377 sine
1609 4320 1853 4393 querela,

253 4424 318 4475 ut
343 4420 418 4478 ait
446 4419 725 4487 Dominus,
776 4427 832 4475 et
855 4419 1140 4476 continens
1186 4433 1244 4473 se
1293 4418 1360 4472 ab
1389 4416 1538 4472 omni
1586 4431 1644 4472 re
1674 4415 1853 4470 mala:

256 4510 519 4584 Nunquid
545 4513 674 4578 uidi,
712 4513 910 4583 inquit,
943 4509 1123 4574 solem,
1160 4526 1277 4564 cum
1319 4507 1562 4578 fulgeret,
1601 4517 1648 4561 et
1675 4505 1856 4561 lunam

1965 2027 2262 2081 corporeo;
2301 2022 2355 2068 et
2385 2022 2494 2069 toto
2532 2015 2732 2070 mentis
2757 2015 2951 2072 affectu
2995 2017 3125 2074 illud
3163 2034 3354 2074 verum
3377 2019 3559 2073 lumen

1964 2103 2290 2172 amplectere
2315 2105 2461 2174 quod
2487 2105 2756 2160 illuminat
2784 2121 3001 2162 onmem
3033 2109 3310 2164 hominem
3342 2109 3562 2164 venien-

1963 2203 2072 2250 tem
2122 2196 2174 2250 in
2205 2196 2348 2251 hunc
2391 2198 2678 2264 mundum,
2723 2206 2778 2254 et
2819 2201 2887 2255 de
2927 2215 3036 2270 quo
3061 2202 3194 2258 dicit
3237 2202 3556 2273 Propheta:

1961 2287 2206 2344 Accedite
2233 2290 2302 2344 ad
2327 2307 2465 2356 eum,
2496 2299 2545 2346 et
2570 2291 2966 2358 illuminamim',
2995 2303 3046 2348 et
3079 2295 3254 2350 vultus
3271 2298 3429 2354 nstri
3455 2313 3560 2351 non

1962 2381 2283 2436 erubesceret.
2331 2381 2387 2437 Si
2420 2383 2568 2438 enim
2612 2385 2877 2456 templum
2902 2385 2998 2442 Dei
3028 2402 3252 2450 sumus,
3303 2395 3363 2442 et
3402 2388 3562 2458 spiri-

1962 2479 2051 2526 tus
2077 2472 2172 2528 Dei
2215 2473 2424 2528 habitat
2448 2475 2500 2528 in
2529 2477 2684 2531 nobis
2709 2494 2723 2542 ;
2774 2478 2902 2547 plus
2922 2487 3012 2534 est
3047 2480 3194 2549 quod
3220 2479 3396 2535 ﬁdelis
3414 2479 3561 2550 quis-

1961 2577 2067 2632 que
2115 2564 2170 2617 in
2222 2579 2321 2618 suo
2367 2566 2529 2620 habet
2576 2568 2781 2632 animo,
2833 2583 2993 2637 quam
3036 2570 3186 2639 quod
3228 2571 3460 2626 miratur
3505 2569 3560 2625 in

1961 2655 2119 2711 cmlo.
2153 2655 2269 2710 Non
2295 2657 2478 2726 itaque
2506 2658 2682 2724 vobis,
2721 2659 3082 2728 dilectissimi,
3111 2663 3216 2717 hoc
3250 2671 3345 2717 aut
3369 2663 3560 2717 indici-

1960 2764 2103 2812 mus,
2149 2757 2242 2802 aut
2283 2750 2601 2812 suademus,
2647 2759 2708 2805 ut
2736 2752 3058 2822 despiciatis
3103 2767 3268 2823 opera
3297 2753 3414 2817 Dei,
3463 2761 3560 2808 aut

1960 2842 2293 2896 contrarium
2334 2843 2540 2913 aliquid
2567 2843 2692 2899 ﬁdei
2721 2853 2916 2900 vestrm
2939 2845 2998 2900 in
3029 2847 3114 2901 his
3140 2861 3264 2916 qua
3292 2849 3436 2904 Deus
3463 2849 3558 2904 be-

1959 2948 2062 2988 nus
2090 2935 2227 2987 bona
2251 2933 2490 2988 condidit
2517 2935 2796 2991 aestimetis
2821 2953 2838 3002 ;
2885 2939 2984 2992 sed
3014 2945 3076 2992 ut
3101 2939 3252 2994 omni
3277 2948 3558 2995 creatura-

1960 3040 2079 3080 rum
2109 3026 2288 3095 specie
2315 3035 2370 3080 et
2407 3026 2663 3083 universo
2690 3029 2878 3084 mundi
2907 3029 3070 3100 huius
3091 3039 3288 3085 ornatu
3315 3031 3551 3088 rationa-

1957 3115 2143 3172 biliter
2172 3128 2227 3174 et
2253 3126 2621 3189 temperanter
2648 3121 2896 3176 utamini.
2951 3121 3084 3189 Qua!
3119 3125 3260 3179 enim
3285 3125 3550 3190 videntur,

1960 3213 2099 3268 sicut
2127 3214 2205 3267 ait
2228 3213 2538 3285 Apostolus,
2570 3216 2882 3286 temporalia
2909 3227 3032 3272 sunt
3054 3235 3072 3283 ;
3102 3233 3219 3290 qua
3241 3227 3420 3272 autem
3446 3235 3552 3273 non

1958 3304 2214 3370 videntur,
2261 3315 2459 3360 (eterna
2484 3316 2627 3360 sunt.
2684 3306 2837 3362 Unde
2866 3309 2994 3378 quia
3023 3309 3092 3364 ad
3133 3310 3424 3380 praesentia
3459 3324 3551 3365 su-

1956 3411 2079 3450 mus
2099 3397 2228 3460 nati,
2259 3398 2326 3453 ad
2353 3396 2534 3452 futura
2558 3405 2742 3452 autem
2768 3399 2981 3465 renati;
3033 3414 3140 3455 non
3164 3399 3550 3470 temporalibus

1956 3487 2112 3542 bonis
2137 3487 2324 3554 dediti,
2351 3489 2450 3546 sed
2489 3490 2709 3545 aeternis
2753 3491 2924 3546 simus
2952 3492 3167 3547 intenti.
3219 3491 3288 3548 Et
3312 3501 3372 3546 ut
3396 3507 3548 3562 spem

1955 3590 2196 3636 nostram
2244 3583 2516 3654 possimus
2557 3585 2780 3655 prapius
2822 3586 3062 3650 intueri,
3109 3586 3166 3642 in
3210 3587 3329 3656 ipso
3366 3599 3551 3642 saera-

1956 3681 2143 3727 menlo
2165 3674 2359 3730 nat—alis
2387 3676 2597 3731 Domini
2629 3678 2932 3749 cogitemus
2953 3679 3084 3748 quid
3113 3689 3322 3734 naturae
3351 3689 3551 3736 nostra:

1957 3765 2128 3835 gratia
2149 3765 2328 3821 divina
2355 3767 2664 3824 contulerit.
2705 3767 3004 3825 Autiamus
3026 3769 3345 3840 Apostolum
3371 3771 3550 3827 dicen-

1958 3867 2069 3915 tem
2096 3879 2107 3913 :
2142 3859 2341 3914 Μονιαὶ
2366 3863 2503 3915 enim
2533 3863 2675 3922 estis,
2705 3872 2754 3917 et
2795 3863 2896 3916 vita
2927 3872 3097 3918 vestra
3127 3863 3434 3917 abscondita
3474 3873 3548 3918 est

1958 3971 2075 4010 cum
2107 3952 2314 4008 Christo
2355 3955 2409 4008 in
2445 3955 2575 4009 Dea.
2625 3955 2759 4009 Cum
2794 3954 3037 4009 Christus
3064 3956 3308 4025 apparuit
3337 3955 3443 4009 vita
3465 3972 3549 4010 ve-

1958 4053 2091 4110 stra,
2121 4055 2247 4097 tunc
2272 4053 2320 4097 et
2341 4060 2427 4098 vos
2451 4044 2767 4115 apparebilis
2799 4062 2917 4098 cum
2946 4046 3059 4117 ipso
3086 4047 3140 4099 in
3171 4045 3362 4118 gloria.
3397 4066 3414 4098 ι

2030 4133 2264 4190 XXVllI.
2289 4133 2344 4189 ln
2366 4135 2562 4206 quibus
2588 4135 2732 4191 beati
2755 4153 2906 4208 papa:
2926 4146 2981 4192 et
3001 4137 3290 4195 orthodoxi
3311 4138 3549 4195 doctoris

1957 4229 2139 4285 verbis
2191 4245 2534 4300 summopere
2585 4231 2921 4301 pensandum
2969 4241 3075 4298 est,
3115 4233 3244 4304 quia
3289 4234 3335 4288 si
3381 4248 3547 4303 opera

1958 4335 2216 4380 manuum
2244 4321 2340 4377 Dei
2381 4337 2485 4378 non
2513 4331 2639 4379 sunt
2673 4323 2946 4378 adoranda
2979 4332 3036 4380 et
3065 4325 3308 4390 colenda,
3351 4340 3452 4381 nec
3487 4324 3544 4380 in

1958 4415 2220 4472 honorem
2258 4414 2398 4482 Deo;
2428 4423 2630 4486 quanto
2665 4417 2839 4488 magis
2880 4432 3046 4489 opera
3076 4433 3334 4473 manuum
3373 4415 3547 4474 homi-

1959 4525 2088 4564 num
2134 4524 2241 4563 non
2297 4517 2422 4564 sunt
2483 4509 2759 4566 adoranda
2786 4518 2844 4567 et
2879 4510 3122 4575 colenda,
3150 4525 3251 4566 nec
3277 4509 3330 4564 in
3367 4510 3541 4564 hono-

250 4605 581 4660 incedentem
621 4605 764 4658 clare
787 4645 802 4669 ,
854 4612 903 4657 et
939 4601 1178 4657 lentatum
1217 4608 1292 4655 est
1330 4600 1386 4656 in
1427 4599 1733 4653 abscondito
1766 4615 1924 4671 cor_
1961 4617 2078 4656 rem
2121 4615 2308 4656 eorum
2361 4616 2593 4671 quorum
2638 4602 3020 4660 similitudines
3078 4615 3200 4659 esse
3251 4600 3547 4656 dicuntur?

252 4712 454 4764 meum,
491 4707 539 4753 et
564 4696 830 4752 osculatus
855 4712 972 4751 sum
995 4710 1208 4749 manum
1247 4709 1421 4748 meam
1439 4734 1454 4759 ,
1483 4693 1625 4765 quod
1652 4703 1726 4748 est
1755 4694 1856 4748 ini—
1879 4661 1934 4722 Β
1958 4691 2094 4748 Nam
2116 4693 2161 4748 si
2198 4692 2306 4748 ulla
2337 4693 2514 4765 imago
2537 4702 2680 4750 esset
2707 4693 2981 4749 adoranda
3009 4691 3093 4746 vel
3116 4689 3361 4755 colenda,
3386 4705 3545 4750 crea-

251 4789 432 4860 quitas
476 4787 730 4852 mima,
778 4795 826 4842 et
855 4785 1061 4856 negatio
1101 4793 1286 4840 contra
1320 4783 1487 4839 Deum
1516 4783 1851 4838 altissimum.

252 4878 398 4947 Quid
423 4887 510 4934 est
536 4887 716 4933 autem
760 4877 858 4943 sol,
900 4877 986 4932 vel
1015 4877 1142 4947 quid
1186 4885 1272 4932 est
1301 4876 1447 4942 luna,
1493 4878 1598 4932 nisi
1625 4875 1854 4931 visibilis

249 4979 527 5028 ereaturze
556 4980 612 5028 et
650 4985 923 5043 corporea:
956 4969 1094 5025 lucis
1129 4968 1416 5034 elementa,
1454 4985 1684 5040 quorum
1713 4982 1852 5022 unus

251 5063 484 5136 majoris
519 5062 805 5128 claritatis,
841 5060 988 5116 aliud
1025 5059 1250 5115 minoris
1288 5068 1372 5116 est
1408 5059 1666 5114 luminis?
1697 5058 1850 5115 Sicut

249 5157 402 5212 enim
429 5156 536 5210 alia
577 5156 792 5221 diurna,
839 5154 944 5208 alla
975 5159 1238 5207 nocturna
1285 5159 1412 5208 sunt
1456 5159 1720 5222 tempora,
1770 5152 1845 5206 ita

249 5247 528 5304 diversam
579 5246 634 5302 in
682 5244 1042 5301 luminaribus
1075 5244 1390 5315 qualitatem
1435 5243 1664 5298 Creator
1693 5243 1848 5298 iusti-

250 5342 399 5406 tuit;
446 5355 572 5398 cum
605 5347 787 5394 tamen
816 5337 969 5408 prius
1015 5352 1176 5408 quam
1215 5337 1332 5392 haec
1382 5335 1596 5399 tierent,
1637 5341 1692 5389 et
1731 5334 1848 5391 dics

247 5435 372 5492 sine
396 5434 531 5490 solis
554 5431 748 5497 oliicio,
783 5440 839 5488 et
866 5439 1051 5487 noctes
1079 5431 1196 5486 sine
1219 5429 1360 5486 lunae.
1386 5428 1688 5485 ministerio
1716 5443 1852 5498 prat-

250 5526 572 5582 eessissent.
611 5523 718 5580 Sed
763 5521 1134 5579 condebantur
1177 5522 1279 5576 ista
1307 5520 1374 5574 ad
1405 5519 1708 5575 faciendam
1752 5521 1850 5575 ho-

250 5619 416 5677 tuinis
439 5617 752 5682 utilitatem,
781 5624 842 5670 ut
869 5613 1131 5674 rationale
1161 5612 1384 5678 animal,
1432 5627 1533 5668 nec
1562 5612 1616 5667 in
1635 5611 1848 5700 \distin-

249 5711 436 5768 ctione
478 5709 769 5774 mensium,
814 5723 915 5768 nec
957 5708 1012 5763 in
1053 5721 1274 5763 recursu
1319 5723 1582 5763 annorum
1608 5747 1624 5772 ,
1663 5722 1762 5762 nec
1793 5707 1846 5762 in

254 5799 692 5859 dinumeratione
730 5806 1036 5872 temporum
1066 5797 1382 5864 falleretur;
1431 5815 1553 5854 cum
1583 5813 1681 5870 per
1722 5800 1850 5855 inan-

252 5892 502 5963 qualium
528 5893 786 5950 horarum
813 5893 1046 5963 impares
1073 5903 1274 5958 moras,
1306 5898 1362 5947 et
1391 5889 1733 5946 dissimilium
1759 5905 1848 5946 or-

1956 4786 2092 4842 toris
2126 4785 2306 4856 potius
2335 4794 2479 4841 esset
2510 4801 2672 4854 quam
2706 4792 2989 4840 creatum.
3022 4781 3226 4850 Nempe
3266 4780 3540 4835 hominem

1952 4877 2084 4932 fecit
2115 4877 2258 4932 Deus
2286 4878 2354 4931 ad
2393 4877 2684 4947 imaginem
2715 4885 2770 4933 et
2809 4874 3217 4931 similitudinem
3270 4871 3386 4926 Dei.
3437 4871 3547 4928 Ho-

1951 4985 2043 5024 mo
2072 4977 2251 5024 autem
2288 4967 2467 5024 facere
2500 4985 2608 5025 non
2647 4976 2822 5038 pmcst
2868 4964 3184 5038 quidquam,
3221 4965 3274 5019 in
3302 4979 3409 5035 quo
3469 4963 3542 5018 sit

1949 5063 2250 5120 similitudo
2275 5062 2512 5118 hominis
2550 5063 2604 5116 in
2641 5069 2819 5116 mente
2862 5058 3088 5114 ratione.
3118 5057 3249 5114 Nam
3281 5058 3327 5114 si
3355 5056 3539 5126 expri-

1953 5155 2054 5210 mit
2077 5161 2354 5224 utcunque
2392 5152 2686 5224 sculpendo
2709 5149 2796 5204 vel
2823 5149 3092 5220 pingendo
3118 5149 3358 5220 aliquam
3386 5147 3542 5202 simi-

1952 5244 2236 5300 litudinem
2287 5245 2533 5318 corporis
2586 5250 2679 5298 aut
2735 5241 3136 5308 membrorum;
3195 5240 3298 5297 hoc
3354 5238 3544 5309 utique

1955 5339 2211 5411 exprimit
2254 5340 2400 5410 quod
2450 5337 2734 5393 minimum
2762 5343 2847 5391 est
2892 5334 2946 5389 in
2975 5334 3216 5400 homine,
3260 5350 3369 5390 non
3396 5333 3543 5402 quod

1957 5431 2277 5488 maximum.
2317 5429 2477 5485 Certe
2505 5429 2551 5484 si
2589 5427 2849 5482 adorandi
2878 5425 3113 5483 fuissent
3148 5425 3420 5490 homines,
3466 5423 3544 5479 vi-

1956 5524 2006 5578 vi
2033 5525 2205 5593 magis
2241 5537 2401 5594 quam
2427 5520 2582 5592 picti,
2620 5519 2674 5575 id
2709 5527 2814 5588 est,
2843 5520 2936 5575 ubi
2981 5516 3391 5575 similitudinem
3441 5517 3541 5604 ha.-

1948 5614 2080 5672 bent
2102 5615 2214 5676 Dei,
2249 5629 2357 5670 non
2378 5613 2470 5668 ubi
2509 5627 2789 5684 pecorum,
2832 5611 2941 5679 vel,
2981 5610 3127 5682 quod
3167 5609 3369 5693 verius
3430 5613 3537 5674 est,

1948 5707 2186 5778 lapidum
2217 5706 2334 5762 sive
2374 5705 2665 5777 lignorum,
2701 5707 2832 5771 vita,
2878 5720 3041 5762 sensu
3091 5711 3148 5760 et
3189 5702 3403 5760 ratione
3449 5716 3540 5758 ca-

1949 5800 2206 5858 rentium.
2248 5797 2391 5855 Dicit
2413 5799 2479 5854 de
2504 5799 2591 5856 his
2621 5801 2814 5856 beatus
2859 5795 3195 5868 Augustinus
3224 5793 3329 5848 hoc
3377 5791 3538 5856 modo

1950 5889 2006 5947 in
2030 5889 2168 5946 libro
2205 5890 2272 5946 de
2300 5905 2427 5948 vera
2459 5887 2740 5962 Religione
2763 5886 2916 5961 (Cap.
2948 5883 3002 5955 5)
3055 5901 3068 5938 :
3123 5899 3141 5935 ι
3177 5873 3315 5937 .lusti
3350 5887 3533 5936 autem
