4012 6338
477 370 591 432 223

1420 373 1478 429 S.
1515 369 1869 431 AGOBARDI
1906 365 2217 427 EPISCOPI
2250 365 2737 426 LUGDUNENSIS

3643 367 3753 428 224

482 491 749 558 homines,
773 489 910 546 etin
930 498 1041 546 uno
1067 488 1178 545 Deo
1203 488 1467 545 habentes
1490 490 1670 545 omnia
1697 488 1891 560 gaudia
1934 502 2051 553 sua,
2080 486 2135 547 Α
2158 493 2249 540 tur
2269 483 2424 554 ipsis,
2463 483 2593 554 quia
2643 484 2748 539 hoc
2791 486 2917 537 sunt
2939 487 2995 537 et
3021 478 3146 553 ipsi.
3193 498 3213 535 ι
3249 479 3526 541 Hactenus
3555 483 3752 546 beatus

483 583 701 655 quando
725 597 823 653 per
848 597 1033 638 eorum
1072 580 1215 636 facta
1241 580 1384 636 Deus
1431 579 1791 645 benedicitur,
1835 592 2065 649 congra-

483 677 728 733 tulantur
767 674 1131 731 laudantibus.
1180 672 1317 728 Cum
1360 686 1491 727 vero
1515 670 1617 742 ipsi
1663 678 1926 741 tanquam
1956 669 2065 741 ipsi

483 766 794 833 laudantur,
822 765 1101 835 corrigunt
1150 770 1399 818 errantes
1434 777 1571 833 quos
1619 768 1876 833 possunt;
1930 774 2066 831 quos

458 900 471 905 η
484 868 666 914 autem
696 874 805 913 non
852 863 1099 927 possunt,
1147 869 1257 909 non
1298 855 1379 909 eis
1406 852 1871 925 congratulantur,
1902 859 1959 907 et
1996 853 2065 908 ab

486 949 577 1005 illo
629 950 762 1005 vitio
789 950 988 1022 corrigi
1027 948 1234 1004 volunt.
1286 947 1493 1015 Quibus
1529 946 1733 1002 similes
1766 944 1855 1001 vel
1898 945 2065 1001 etiam

485 1046 824 1103 mundiores°
850 1053 1011 1116 atque
1044 1043 1345 1101 sanctiores
1373 1043 1421 1098 si
1448 1050 1576 1097 sunt
1602 1039 1727 1097 boni
1758 1039 1957 1112 angeli,
2010 1046 2066 1094 et

485 1139 667 1195 omnia
695 1148 883 1196 sancta
923 1139 1020 1193 Dei
1053 1134 1378 1199 ministeria,
1406 1132 1537 1204 quid
1565 1131 1856 1187 metuimus
1876 1144 1944 1185 ne
1967 1128 2068 1184 ali-

484 1246 647 1303 quem
677 1231 893 1287 illorum
920 1229 1276 1293 oﬁ'endamus,
1298 1227 1345 1282 si
1376 1240 1484 1281 non
1510 1222 1874 1295 superstitiosi
1895 1220 2066 1277 fueri-

483 1340 629 1391 mus,
653 1340 778 1381 cum
804 1324 936 1395 ipsis
960 1320 1336 1391 adjuvantibus
1356 1318 1425 1373 ad
1449 1330 1619 1372 unum
1650 1314 1817 1369 Deum
1846 1313 2069 1369 tenden-

485 1426 589 1482 tes,
616 1423 671 1471 et
697 1415 748 1472 ei
774 1415 870 1470 uni
890 1413 1181 1485 religantes
1204 1410 1416 1466 animas
1447 1414 1684 1472 nostras,
1708 1405 1853 1462 unde
1876 1404 2066 1477 religio

483 1509 625 1565 dicta
638 1506 896 1571 creditur,
911 1504 1059 1561 omni
1078 1500 1464 1574 superstitione
1481 1497 1798 1555 careamus?
1826 1517 1844 1550 ι
1872 1496 1940 1551 Et
1952 1496 2068 1567 qui-

481 1607 709 1663 busdam
734 1602 1106 1676 interpositis:
1136 1619 1155 1651 ι
1185 1598 1397 1670 Religet
1422 1611 1577 1669 ergo,
1600 1595 1795 1666 inquit,
1822 1608 1923 1649 nos
1941 1592 2069 1648 reli-

482 1697 572 1768 gio
598 1697 692 1752 uni
718 1693 1075 1765 omnipotenti
1120 1691 1232 1746 Deo
1266 1708 1280 1746 :
1332 1690 1460 1760 quia
1506 1688 1650 1743 inter
1689 1694 1928 1742 mentem
1970 1700 2068 1742 no-

464 1799 674 1855 stram,
724 1803 830 1859 qua
856 1787 1010 1843 illum
1036 1782 1388 1854 intelligimus
1410 1781 1630 1837 Patrem
1664 1788 1720 1835 et
1744 1780 2028 1836 veritatem
2047 1819 2062 1847 ,

2162 582 2521 654 Augustinus.

2235 674 2404 732 XXX.
2437 675 2565 734 Haec
2601 683 2686 734 est
2713 674 2926 734 sincera
2970 675 3183 747 religio,
3210 675 3303 733 hic
3351 689 3473 732 mos
3519 675 3753 733 catholi-

2163 784 2280 835 cus,
2336 769 2449 826 haec
2498 770 2722 841 antiqua
2745 769 2970 826 Patrum
3012 768 3265 834 traditio,
3307 768 3450 824 sicut
3474 767 3643 823 etiam
3683 783 3751 824 ex

2165 872 2193 902 ι
2220 860 2383 917 Libro
2409 859 2905 928 Sacramentorum,
2931 876 3095 931 quem
3123 859 3367 916 Romana
3392 867 3541 915 tenet
3562 859 3754 915 Eccle-

2166 951 2270 1017 sia,
2306 948 2466 1007 facile
2504 951 2903 1022 comprobatur.
2934 950 3091 1007 Hunc
3116 949 3487 1007 venerationis
3526 949 3751 1005 modum

2165 1041 2260 1114 qui
2296 1044 2721 1116 supergreditur,
2771 1052 2864 1101 aut
2914 1043 3194 1115 relinquit,
3244 1042 3542 1100 contemnit
3589 1042 3750 1099 disci-

2165 1133 2368 1204 plinam
2411 1133 2590 1191 Patris
2623 1136 2730 1202 sui,
2778 1135 3111 1206 dimittitque
3159 1135 3334 1208 legem
3385 1134 3579 1189 matris
3618 1148 3749 1189 suae.

2165 1226 2290 1282 ldeo
2344 1242 2445 1284 nec
2489 1229 2662 1299 gratia
2707 1228 2873 1299 capiti
2925 1227 3044 1298 ejus
3070 1227 3314 1291 addetur,
3383 1241 3487 1283 nec
3514 1235 3743 1297 torques

2164 1318 2324 1387 collo.
2371 1321 2642 1378 Teneatur
2666 1321 2850 1392 itaque
2907 1321 2997 1377 via
3026 1320 3196 1393 regia.
3244 1319 3401 1376 Hanc
3451 1320 3754 1376 docuerunt

2167 1415 2416 1487 apostoli,
2443 1415 2701 1472 Ecclesia:
2749 1414 3025 1487 magistri;
3076 1415 3220 1470 hanc
3261 1421 3557 1469 tenuerunt
3614 1413 3756 1469 arie-

2167 1517 2251 1565 tes
2302 1507 2501 1579 gregis.
2551 1505 2649 1562 Dei
2712 1506 2832 1563 ovis
2883 1506 3031 1562 enim
3077 1505 3388 1576 relinquens
3438 1511 3720 1576 pastorem
3737 1543 3751 1571 ,

2166 1601 2428 1656 aberrans
2452 1614 2484 1654 a
2509 1599 2595 1654 via
2617 1614 2724 1669 qua
2751 1597 3010 1668 praecedit
3023 1597 3186 1662 aries,
3214 1596 3387 1652 haeret
3404 1595 3460 1650 in
3487 1596 3754 1663 sentibus,

2167 1690 2460 1746 devoratur
2483 1706 2514 1745 a
2554 1689 2714 1761 lupis.
2748 1688 2861 1745 Soli
2903 1687 3132 1744 Domino
3180 1684 3478 1743 offeramus
3524 1686 3758 1759 gloriam

2168 1787 2223 1836 et
2268 1781 2552 1845 honorem,
2583 1795 2686 1837 nec
2733 1795 2857 1836 cum
2914 1777 3223 1835 simulacris
3267 1777 3625 1843 fornicemur,
3674 1777 3765 1834 his

484 1881 538 1937 id
566 1890 673 1948 est,
714 1880 892 1936 lucem
913 1877 1251 1941 interiorem,
1294 1881 1351 1931 et
1374 1874 1547 1941 illum,
1580 1873 1725 1929 nulla
1750 1871 2071 1945 interposita
2097 1866 2146 1928 B
2173 1870 2353 1928 eﬁ‘ecti
2399 1870 2606 1927 similes
2655 1870 2725 1927 de
2753 1869 2950 1941 quibus
2993 1868 3139 1926 Deus
3171 1869 3305 1926 dicit
3338 1888 3352 1924 :
3385 1868 3500 1941 Ego
3551 1884 3766 1939 quoque

484 1979 737 2028 creatura
772 1977 877 2027 est.
911 1988 932 2024 ι

466 2098 473 2103 -
553 2061 745 2118 XXIX.
777 2060 838 2117 In
864 2059 1004 2115 libro
1040 2074 1156 2114 xm
1184 2058 1338 2131 (Cap.
1393 2056 1483 2129 10)
1533 2056 1600 2112 de
1645 2054 1878 2112 Civitate
1920 2053 2064 2109 Dei:

488 2177 509 2211 ι
551 2156 784 2213 Faciunt
801 2162 982 2210 autem
1006 2152 1277 2208 mirabilia
1298 2157 1587 2222 martyres,
1611 2148 1697 2205 vel
1716 2148 1900 2219 potius
1923 2146 2068 2204 Deus

484 2253 580 2302 aut
624 2242 1042 2315 conpetentibus
1085 2247 1181 2295 aut
1226 2239 1506 2295 orantibus
1563 2237 1663 2303 eis,
1708 2245 1770 2293 ut
1803 2235 1938 2293 ﬁdes
1977 2235 2068 2291 illa

482 2335 756 2408 proﬁciat,
788 2349 894 2405 qua
915 2346 1029 2396 eos,
1051 2346 1160 2387 non
1189 2330 1321 2386 deos
1356 2337 1575 2386 nostros
1604 2344 1743 2394 esse,
1777 2328 1873 2384 sed
1901 2342 2068 2383 unum

486 2429 658 2483 Deum
686 2426 969 2483 nobiscum
1005 2423 1207 2479 habere
1248 2422 1554 2479 credamus.
1604 2420 2069 2493 Denique‘pagani

486 2516 590 2573 diis
614 2516 726 2573 suis
747 2523 802 2572 et
824 2513 1025 2586 templa
1049 2519 1377 2578 statuerunt,
1406 2519 1464 2567 et
1493 2511 1901 2569 :ediﬁcaverunt
1921 2527 2068 2579 aras,

486 2617 544 2667 et
594 2609 905 2665 sacerdotes
955 2605 1327 2671 instituerunt,
1378 2609 1435 2660 et
1484 2602 1749 2660 sacriﬁcia
1802 2602 2068 2659 fecerunt.

486 2701 597 2760 Nos
627 2709 810 2758 autem
829 2697 1165 2770 martyribus
1189 2695 1393 2752 nostris
1418 2710 1528 2751 non
1549 2694 1748 2764 templa
1770 2694 1912 2751 sicut
1938 2694 2066 2763 diis,

487 2794 584 2850 sed
642 2793 936 2849 memorias
995 2792 1136 2847 sicut
1190 2790 1501 2847 hominibus
1534 2788 1785 2855 mortuis,
1837 2803 2070 2859 quorum

470 2886 632 2958 apud
689 2885 863 2941 Deum
907 2883 1100 2939 vivunt
1145 2883 1386 2954 spiritus,
1448 2880 1794 2937 fabricamus.
1838 2879 1951 2937 Nec
1996 2881 2074 2938 ibi

489 2976 750 3049 erigimus
770 2973 985 3040 altaria,
1012 2974 1070 3029 in
1092 2972 1290 3044 quibus
1314 2972 1687 3029 sacriﬁcemus
1715 2972 2067 3045 martyribus,

491 3066 588 3124 sed
618 3066 708 3121 uni
744 3065 857 3121 Deo
881 3072 939 3121 et
981 3074 1283 3136 martyrum
1313 3071 1369 3120 et
1404 3064 1584 3120 nostri
1607 3063 1934 3120 sacriﬁcium
1970 3065 2074 3121 im-

490 3160 784 3227 molemus;
814 3159 884 3214 ad
923 3160 1066 3230 quod
1091 3157 1440 3224 sacriﬁcium,
1476 3157 1618 3214 sicut
1669 3157 1917 3214 homines
1948 3157 2068 3224 Dei,

2168 1963 2389 2019 contrivi
2429 1979 2520 2018 cor
2560 1978 2741 2017 eorum
2780 1961 3052 2032 fornicans
3097 1969 3149 2017 et
3204 1959 3449 2016 recedens
3475 1977 3511 2015 a
3556 1976 3663 2025 me,
3711 1967 3767 2015 et

2167 2054 2347 2112 oculos
2371 2071 2464 2127 per
2491 2070 2572 2109 res
2598 2054 2772 2109 uarias
2795 2052 3136 2121 fornicantes.
3151 2051 3222 2108 Et
3235 2051 3507 2124 apostolus
3524 2050 3761 2109 Petrus:

2171 2147 2365 2205 Oculos
2390 2147 2637 2202 habentes
2660 2145 2841 2218 plenos
2856 2144 3128 2212 adulterii,
3151 2154 3201 2200 et
3214 2143 3539 2200 incessabilis
3556 2142 3763 2199 delicti.

2169 2238 2513 2298 Hierusalem
2539 2254 2754 2310 quoque
2774 2238 3045 2295 fornicata
3072 2237 3274 2294 dicitur
3291 2252 3419 2294 cum
3437 2236 3564 2292 ﬁliis
3592 2235 3764 2292 Chal-

2169 2333 2429 2398 daeorum,
2467 2330 2661 2387 videns
2683 2330 2807 2387 illos
2832 2330 2891 2386 in
2924 2329 3134 2401 pariete
3166 2328 3432 2400 depictos.
3459 2326 3764 2396 Adoretur,

2169 2426 2401 2493 colatur,
2441 2432 2731 2483 veneretur
2756 2440 2789 2479 a
2819 2422 3067 2480 ﬁdelibus
3094 2423 3265 2490 Deus;
3299 2422 3377 2479 illi
3406 2420 3505 2478 soli
3550 2421 3768 2479 sacriﬁ-

2170 2528 2344 2589 cetur,
2376 2518 2463 2576 vel
2491 2519 2753 2591 mysterio
2782 2517 3031 2590 corporis
3061 2522 3117 2573 et
3169 2516 3471 2588 sanguinis,
3516 2533 3627 2588 quo
3669 2532 3769 2573 su-

2172 2628 2293 2670 mus
2329 2611 2625 2683 redempti;
2681 2609 2769 2666 vel
2797 2610 2853 2665 in
2889 2608 3160 2666 sacriﬁcio
3218 2607 3399 2666 cordis
3423 2608 3649 2665 contriti
3701 2617 3766 2665 et

2172 2705 2464 2763 humiliati.
2492 2703 2685 2776 Angeli
2711 2703 2798 2761 vel
2824 2703 3073 2760 homines
3094 2704 3271 2760 sancti
3295 2709 3568 2769 amentur,
3588 2701 3770 2760 hono-

2172 2806 2388 2863 rentur,
2437 2795 2731 2861 charitate,
2791 2809 2901 2850 non
2952 2793 3234 2850 servitute.
3287 2792 3408 2850 Non
3449 2790 3532 2849 eis
3563 2808 3770 2865 corpus

2172 2889 2377 2947 Christi
2408 2887 2688 2953 offeratur,
2718 2901 2845 2943 cum
2878 2885 2988 2942 sint
3015 2885 3120 2941 hoc
3157 2892 3215 2940 et
3240 2884 3365 2957 ipsi.
3392 2883 3422 2927 ι»
3447 2883 3566 2941 Νοιι
3588 2900 3772 2957 pona-

2172 2998 2296 3040 mus
2343 2996 2497 3054 spem
2525 2978 2769 3035 nostram
2794 2979 2851 3034 in
2871 2977 3111 3043 homine,
3142 2976 3237 3033 sed
3259 2977 3316 3033 in
3336 2976 3478 3044 Deo;
3506 2993 3577 3033 ne
3622 2979 3773 3035 forte

2173 3076 2436 3133 redundet
2460 3074 2516 3129 in
2533 3089 2635 3129 nos
2662 3072 2790 3127 illud
2814 3070 3231 3143 propheticum:
3265 3069 3583 3126 Maledictus
3607 3071 3770 3127 homo

2174 3168 2263 3240 qui
2290 3165 2506 3236 Conﬁdit
2527 3166 2585 3220 in
2598 3164 2824 3229 homine,
2842 3172 2891 3218 et
2905 3162 3051 3235 ponit
3065 3178 3275 3216 carnem
3292 3161 3564 3216 brachium
3583 3179 3769 3231 suum,

491 3255 582 3326 qui
611 3253 870 3309 mundum
895 3252 951 3307 in
979 3252 1097 3323 ejus
1130 3250 1471 3307 confessione
1507 3250 1778 3316 vicerunt,
1804 3265 1902 3306 suo
1949 3249 2070 3305 loco
2099 3237 2145 3301 C
2176 3237 2225 3312 ξε
2252 3275 2286 3311 α
2315 3256 2542 3311 Domino
2565 3255 2755 3311 recedi:
2780 3271 2872 3310 cor
2896 3254 3035 3326 ejus,
3061 3252 3216 3322 Quod
3235 3252 3488 3309 catholici
3514 3253 3773 3312 doctores

490 3353 548 3401 et
594 3344 786 3399 ordine
836 3342 1221 3408 nominantur;
1279 3356 1390 3397 non
1445 3349 1627 3397 tamen
1660 3356 1692 3396 a
1747 3341 2067 3407 sacerdote,

493 3436 588 3507 qui
633 3434 927 3501 sacriﬁcat,
970 3434 1311 3489 invocantur.
1355 3434 1467 3489 Deo
1495 3433 1715 3505 quippe,
1763 3449 1871 3489 non
1917 3433 2072 3504 ipsis,

493 3527 786 3594 sacriﬁcat,
828 3529 1078 3598 quamvis
1124 3530 1179 3584 in
1224 3527 1490 3585 memoria
1544 3525 1813 3582 sacriﬁcet
1851 3540 2072 3592 eorum;

493 3621 621 3692 quia
682 3620 777 3676 Dei
844 3622 1098 3679 sacerdos
1150 3630 1255 3689 est,
1298 3636 1406 3676 non
1458 3620 1691 3676 illorum.
1720 3618 1901 3688 lpsum
1946 3632 2077 3674 vero

494 3713 844 3784 sacriﬁcium,
897 3728 1092 3787 corpus
1131 3723 1214 3772 est
1254 3713 1487 3779 Christi,
1551 3712 1694 3783 quod
1746 3727 1853 3767 non
1919 3710 2081 3769 oﬁ‘er—

2177 3346 2436 3403 Ecclesia:
2469 3344 2635 3401 etiam
2670 3346 2726 3399 in
2765 3344 2885 3401 illos
2920 3343 3253 3400 redundasse
3294 3342 3641 3409 conﬁrmant,
3671 3344 3772 3414 qui

2179 3441 2466 3496 Dominum
2513 3437 2698 3495 Jesum
2725 3436 3003 3493 Christum
3029 3450 3227 3506 purum
3273 3435 3551 3492 hominem
3599 3434 3775 3493 fuisse

2179 3531 2494 3596 credebant,
2530 3544 2641 3585 non
2668 3529 2833 3584 etiam
2861 3527 3052 3592 Deum,
3084 3534 3141 3582 et
3174 3527 3380 3583 idcirco
3404 3534 3564 3583 erant
3592 3527 3773 3585 conﬁ-

2181 3624 2371 3680 dentes
2397 3623 2452 3678 in
2483 3620 2726 3686 homine,
2748 3634 2814 3675 ac
2844 3632 2942 3690 per
2969 3619 3074 3675 hoc
3106 3617 3403 3673 maledicti.

2252 3709 2446 3767 XXXI.
2484 3707 2655 3766 Nemo
2694 3722 2753 3764 se
2802 3706 2973 3774 fallat,
3024 3720 3184 3764 nemo
3224 3720 3285 3762 se
3329 3706 3574 3771 seducat,
3604 3720 3771 3765 nemo

1857 3804 2128 3861 BALUZII
2168 3803 2402 3862 ΝΟΤᾹΞ.

570 3913 596 3943 α
627 3900 784 3957 Libro
811 3901 1299 3975 Sacramentorum,
1325 3900 1579 3975 lntelligit
1624 3899 1845 3975 Librum
1878 3897 2069 3975 Sacra-

498 3981 802 4027 mentorum
851 3974 1023 4029 sancti
1057 3972 1328 4042 Gregorii,
1368 3968 1529 4042 cujus
1564 3971 1870 4041 exemplum
1906 3968 2072 4025 habe-

499 4057 620 4115 mus
650 4042 702 4115 in
726 4043 815 4096 illo
828 4058 1000 4115 quem
1028 4042 1532 4115 virielarissallugo
1554 4042 1845 4115 Menardus
1876 4056 2069 4115 mona-

499 4111 635 4168 chus
664 4110 1050 4167 Benedictinus
1073 4114 1242 4168 edidit
1271 4114 1325 4168 in
1363 4110 1623 4168 hac'urbe
1658 4112 1956 4166 Parisiensi
1982 4127 2086 4177 an:

501 4190 554 4264 te
577 4180 676 4237 hos
695 4181 885 4264 viginti
913 4196 1103 4264 annos.
1132 4183 1199 4236 Et
1224 4183 1337 4264 ipse
1358 4183 1575 4252 quidem
1602 4180 1933 4264 existimavit
1951 4184 2101 4264 esse?L

502 4254 693 4324 ipsum
706 4250 929 4324 Librum
972 4250 1449 4324 sacramentorum
1471 4250 1948 4324 sanctiGregorii._
1966 4250 2078 4324 sed

501 4320 657 4379 nobis
682 4322 839 4392 longe
862 4321 1007 4393 aliud
1026 4337 1343 4393 persuasum
1363 4330 1465 4379 est.
1490 4322 1623 4377 Nam
1648 4322 1702 4376 in
1726 4320 1902 4393 ofﬁcio
1924 4320 2079 4378 feria!

541 4403 709 4448 uaria:
754 4400 877 4461 post
919 4392 1156 4460 Palmas,
1186 4401 1365 4448 exstat
1393 4394 1598 4449 mentio
1625 4394 1828 4453 diserta
1861 4392 2081 4464 imperii

550 4459 833 4519 raucorum
862 4463 1026 4534 quod.
1050 4465 1248 4519 evincit
1274 4465 1417 4520 hunc
1462 4465 1704 4521 codicem
1729 4479 1851 4519 esse
1884 4459 2072 4535 Aspérip—
2098 4459 2152 4521 1)

503 4542 618 4590 tum
647 4540 769 4605 post
795 4549 995 4605 annum
1020 4535 1373 4605 7800,,atque
1416 4535 1552 4591 adeo
1582 4550 1689 4590 non
1733 4550 1853 4591 esse
1882 4533 2079 4589 librum

508 4604 681 4678 sancti
705 4604 972 4678 Gregorii.
1003 4604 1157 4678 Quod
1178 4604 1378 4676 fugisse
1416 4605 1586 4660 miror
1623 4605 1959 4670 Menardum,
1987 4606 2079 4678 qui

505 4676 560 4760 in
589 4674 900 4760 praefatione
933 4692 1041 4760 ‘sua
1076 4676 1205 4760 hinc
1223 4674 1854 4760 (ineque_auctoritatem
1893 4674 2078 4760 conci-

506 4744 639 4799 liare
665 4755 890 4801 conatur
933 4747 1061 4802 huic
1088 4744 1280 4807 codici.
1322 4744 1466 4816 quod
1494 4746 1728 4816 scriptus
1762 4748 1851 4816 sit,
1875 4754 1936 4799 ut
1965 4746 2080 4816 ipse

508 4815 615 4887 ait,
664 4824 789 4870 ante
816 4816 993 4873 Caroli
1045 4817 1221 4887 Magni
1258 4813 1565 4887 imperium,
1593 4813 1711 4887 cum
1738 4817 1793 4871 in
1815 4815 1907 4869 illo
1932 4813 2078 4869 nulla

506 4886 573 4939 sit
601 4886 929 4963 imperatoris
970 4886 1184 4963 mentio.
1218 4886 1368 4963 liihri
1406 4888 1565 4963 istius
1600 4886 2078 4963 Sacrameptorum

507 4964 659 5026 vetus
676 4953 793 5026 jam
813 4967 930 5012 erat
973 4974 1103 5013 usus
1133 4958 1186 5012 in
1224 4958 1463 5014 Ecclesia
1502 4958 1777 5019 Romana,
1835 4953 2078 5026 a'deoque

507 5025 564 5099 in
611 5024 904 5099 Gallicana.
953 5025 1087 5083 Nam
1117 5027 1365 5085 Gelasius
1397 5044 1535 5099 papa
1590 5026 1959 5096 hujuscemodi
1992 5024 2077 5080 Vli-

506 5095 664 5170 brum
701 5097 1012 5170 scripserat,
1058 5099 1111 5153 in
1150 5095 1431 5170 epitonieii
1472 5095 1670 5170 postea
1720 5099 2013 5170 redactum
2044 5112 2075 5152 a

505 5162 766 5238 Gregorio
788 5162 1017 5238 AMagno,
1043 5177 1104 5223 ut
1130 5162 1287 5227 «lo-cet
1306 5162 1544 5225 Joannes
1574 5168 1843 5226 Diaconus
1873 5169 1928 5223 in
1955 5167 2076 5224 Vita

506 5234 746 5319 ejusdem
774 5234 1017 5322 Gregorii
1047 5251 1246 5322 npﬁrout
1270 5242 1471 5322 ritatur
1491 5258 1521 5296 a
1548 5240 1794 5322 Bernone
1811 5239 2076 5322 _Augiensi

507 5306 560 5361 in
590 5323 710 5379 cap.
758 5306 935 5379 primo
962 5306 1186 5379 li‘bri'De
1207 5312 1526 5379 qubusdam
1558 5310 1721 5367 rebus
1759 5312 1826 5366 ad
1856 5306 2077 5365 missam

412 5401 427 5447 λ
506 5376 890 5447 spectantibus,
931 5397 949 5429 ι
985 5376 1089 5433 Sed
1131 5388 1186 5433 et
1206 5376 1549 5437 Gelasianum
1586 5382 1825 5437 codicem
1862 5381 1928 5435 de
1955 5380 2078 5435 Mis-

412 5444 428 5511 i
504 5444 688 5504 sarum
713 5448 1012 5514 solemniis,
1043 5448 1218 5518 inquit
1254 5448 1508 5517 Joannes,
1534 5452 1702 5508 multa
1728 5450 2074 5518 subtrahens,

418 5526 424 5531 ’
501 5532 677 5644 pauca
712 5528 1050 5579 convertens.
1076 5520 1330 5575 nonnulla
1355 5522 1797 5595 superadjiciens,
1836 5521 1889 5575 in
1915 5520 2076 5577 unius

526 5588 666 5644 ibelli
692 5590 966 5644 volumine
1008 5592 1306 5644 coarclavit
1332 5609 1344 5644 :
1375 5595 1516 5644 ouod
1563 5594 1814 5644 volumen
1849 5591 2074 5644 Librum

526 5588 666 5662 ibelli
692 5590 966 5645 volumine
1008 5592 1306 5662 coarctavit
1332 5609 1344 5645 :
1375 5588 1516 5662 quod
1563 5588 1814 5649 volumen
1849 5591 2074 5647 Librum

505 5660 980 5731 Sacramentorum
1022 5659 1441 5731 pnetitulavit.)
1476 5663 1581 5719 Sed
1619 5673 1672 5719 et
1700 5665 1752 5719 in
1778 5663 1947 5718 veteri
1988 5678 2078 5718 co-

503 5729 625 5805 dice
655 5746 755 5786 ms.
788 5729 1102 5805 monasterii
1159 5731 1540 5805 ijipulleusis
1564 5735 1619 5792 in
1676 5734 1961 5791 Catalonia
1996 5733 2076 5790 sic

503 5799 699 5874 legitur
726 5821 739 5859 :
769 5820 787 5854 ι
807 5801 997 5876 Incipit
1014 5801 1168 5860 Liber
1182 5799 1665 5874 Sacramentorum,
1680 5805 1857 5864 editus
1878 5820 1909 5861 a
1925 5820 2075 5861 sanc-

2175 3909 2232 3955 to
2266 3897 2485 3955 Gelasio
2526 3912 2665 3968 papa
2702 3896 2971 3968 Romano,
2997 3895 3317 3968 emendatus
3345 3904 3401 3952 et
3414 3896 3770 3968 breviatusa

2176 3970 2337 4042 beato
2366 3966 2631 4042 Gregorio
2647 3983 2787 4042 papa
2814 3966 2959 4022 sedis
2988 3967 3313 4042 apostolicae.
3332 3966 3549 4042 _t_‘Vide
3575 3969 3771 4042 praefa-

2175 4041 2374 4096 tionem
2397 4036 2635 4095 Menardi
2650 4036 2865 4094 'in'eum
2886 4050 3047 4108 quem
3071 4038 3305 4093 diximus
3331 4036 3556 4094 Libmm
3570 4036 3771 4098 Sacra-

2176 4120 2502 4175 mentornm.
2560 4108 3059 4179 Sacramentarium
3107 4116 3337 4164 vocatur
3377 4108 3435 4164 in
3471 4109 3613 4166 libro
3661 4127 3765 4179 vn,

2179 4178 2775 4292 ““l’il’li'ﬁffsif’i;

2302 4251 2427 4306 Non
2450 4250 2705 4323 ponamus
2729 4266 2871 4321 spem
2903 4268 2957 4323 n.
2980 4250 3201 4323 initam.
3234 4250 3413 4319 Quid?
3438 4250 3522 4323 An
3545 4251 3772 4310 damnat

2174 4320 2576 4378 invocationem
2611 4320 2966 4377 sanctorum?
3003 4320 3120 4376 Non
3151 4323 3407 4377 arbitror.
3451 4322 3587 4378 Tum
3617 4324 3770 4382 enim

2176 4392 2792 4465 persuasumiomnibus
2828 4401 2948 4446 erat
2987 4391 3227 4447 invocari
3266 4393 3766 4465 deberesauctos,

2177 4462 2273 4521 eos
2309 4479 2439 4520 vero
2479 4464 2774 4535 plurimum
2803 4476 2963 4535 posse
3008 4476 3112 4535 pro
3153 4462 3311 4535 nobis
3356 4463 3499 4535 apud
3546 4463 3764 4522 Deum:

2181 4536 2326 4606 quod
2366 4544 2423 4592 et
2460 4532 2575 4606 ipse
2602 4532 2920 4606 Agobardus
2954 4532 3142 4588 scribit
3181 4534 3251 4606 ἰιιΔ
3274 4532 3453 4605 capite
3487 4536 3765 4604 sequenti.

2179 4604 2592 4678 liitelligitergo
2613 4604 2847 4678 sanctos
2883 4619 2993 4678 non
3030 4618 3150 4678 esse
3180 4604 3513 4678 adorandqs,
3552 4621 3679 4678 cum
3708 4617 3767 4664 et

2180 4671 2555 4749 ipsiihomines
2581 4676 2724 4749 sint;
2760 4674 3009 4749 exemplo
3053 4674 3197 4749 haud
3240 4674 3415 4749 dubie
3438 4671 3589 4749 Petri
3630 4693 3767 4749 apo-

2179 4743 2324 4812 stoli,
2350 4747 2418 4801 ad
2442 4745 2597 4815 cujus
2625 4746 2789 4816 pedes
2813 4743 2938 4816 cum
2962 4743 3247 4816 Cornelius
3269 4745 3615 4815 procidisset,
3639 4743 3767 4808 e'um

2180 4814 2520 4888 adoraturus,
2554 4814 2831 4888 incanduit
2854 4815 3070 4888 Petrus,
3100 4824 3156 4869 et
3181 4814 3357 4888 dixit:
3389 4815 3561 4888 Surge
3578 4835 3612 4888 7:
3639 4835 3767 4874 nam

2178 4897 2226 4942 et
2260 4904 2353 4958 ego
2382 4887 2537 4958 homo
2565 4904 2700 4941 sum.
2734 4886 2904 4958 Quem
2928 4887 3105 4941 locum
3128 4886 3350 4940 adduxit
3368 4886 3546 4958 etiam
3574 4887 3769 4943 Hiero-

2178 4956 2371 5031 nyuius
2400 4957 2662 5031 adversus
2698 4956 2985 5031 capitalem
3024 4964 3323 5031 martyrum
3363 4957 3574 5013 hostem
3608 4959 3764 5031 Vigi-

2178 5027 2403 5083 lantiam
2428 5069 2442 5093 ,
2495 5029 2714 5085 dicens:
2750 5027 2775 5078 ι
2801 5027 2932 5100 Quis
2959 5027 3142 5100 enim,
3173 5027 3223 5100 lo
3256 5028 3516 5100 insanum
3560 5027 3763 5100 caput,

2178 5099 2470 5170 aliquando
2493 5110 2759 5170 martyres
2787 5098 3071 5170 adoravit?
3099 5097 3232 5165 Quis
3252 5099 3525 5170 hominem
3549 5097 3768 5170 putavit

2178 5117 2465 5170 auquanuo
2493 5117 2637 5155 mort
2672 5117 2759 5155 res
2787 5117 3032 5153 adoravit
3052 5117 3070 5152 ι
3099 5117 3232 5165 uuis
3252 5117 3525 5153 nominem
3549 5117 3766 5170 putavit

2176 5170 2387 5241 Deum?
2427 5169 2615 5241 Nonne
2635 5117 2837 5226 l’aulus
2862 5176 2917 5223 et
2940 5168 3234 5233 Barnabas,
3267 5184 3390 5241 cum
3419 5169 3766 5241 Lycaonibus

2176 5239 2387 5313 Jupiter
2407 5249 2461 5297 et
2483 5240 2777 5298 Mercurius
2798 5247 3141 5313 putarentur,
3161 5248 3215 5296 et
3233 5239 3314 5295 eis
3337 5239 3532 5296 velle—nt
3551 5243 3766 5298 hostias

2177 5310 2457 5368 immolare
2477 5353 2490 5376 ,
2527 5310 2811 5368 sciderunt
2824 5310 3146 5367 vestimenta
3174 5325 3298 5375 sua,
3338 5319 3394 5365 et
3426 5326 3484 5366 se
3511 5312 3765 5369 homines

2176 5397 2296 5438 esse
2324 5383 2618 5438 dixerunt?
2653 5397 2760 5437 non
2798 5383 2941 5451 quod
2978 5381 3229 5436 meliores
3268 5397 3375 5436 non
3415 5392 3601 5438 essent
3630 5384 3763 5439 olim

2176 5454 2407 5509 mortuis
2444 5453 2751 5525 hominibus
2786 5452 2917 5525 Jove
2956 5464 3131 5525 atque;
3155 5452 3443 5525 Mercurio,
3483 5454 3763 5525 sedquod

2175 5524 2275 5579 sub
2310 5523 2629 5595 gentilitatis
2663 5538 2850 5595 errore
2885 5523 3059 5595 honor
3085 5523 3165 5579 eis
3201 5521 3311 5578 Deo
3337 5523 3554 5595 debitus
3579 5521 3765 5582 défcr-

2175 5593 2345 5650 retur.
2383 5593 2535 5661 Quod
2564 5602 2619 5648 et
2644 5594 2710 5648 de
2740 5595 2901 5649 Petro
2937 5594 3195 5664 legimus;
3237 5594 3329 5663 qui
3363 5594 3675 5651 Cornelium
3699 5611 3763 5654 se

2174 5664 2402 5719 adorare
2423 5665 2730 5738 cupientem
2759 5680 2934 5738 manu
2946 5664 3253 5738 sublevavit
3271 5676 3327 5720 et
3348 5665 3484 5738 dixit
3510 5684 3523 5721 :
3550 5665 3759 5738 Surge:

2174 5751 2297 5789 nam
2320 5744 2373 5808 et
2394 5736 2841 5808 egoqhgmo‘sum.‘
2852 5755 2895 5808 )_
2917 5735 3050 5791 Vide
3072 5734 3423 5791 Hincmarum
3439 5737 3504 5808 _iu
3527 5734 3758 5808 epistola

2174 5806 2408 5863 secunda
2425 5804 2503 5862 'ad
2527 5805 2781 5863 Carolum
2803 5804 3027 5863 Calvum
3054 5821 3257 5879 regem,
3285 5821 3406 5897 cap:
3430 5805 3486 5863 8.
