4012 6338
1249 405 1454 470 LIBER
1491 414 1581 472 DE
1617 409 2019 471 lMAGlNlBUS
2060 409 2504 472 SANCTORUM.

3399 409 3506 465 226

241 547 304 591 se
331 528 749 586 circumveniat.
796 527 1111 600 Quicunque
1137 527 1375 601 aliquam
1406 530 1694 601 picturam,
1740 525 1826 583 vel
1853 529 1907 589 Α
1931 528 2227 597 apostolos,
2255 536 2524 600 martyres
2552 531 2823 581 tormenta
2851 525 3142 596 patientes,
3197 525 3403 581 nullum
3441 525 3512 581 ab

243 619 465 677 fusilem
506 621 624 676 sive
650 618 908 677 ductilem
959 619 1149 677 adorat
1182 629 1439 689 statuam,
1474 637 1582 675 non
1609 619 1828 675 exhibet

243 712 453 768 cultum
520 711 665 778 Deo;
720 727 831 768 non
889 714 1120 769 honorat
1177 713 1392 785 angelos
1448 712 1534 768 vel
1582 711 1830 768 homines

242 813 488 871 sanctos,
542 805 640 862 sed
689 806 980 862 simulacra
1031 815 1339 862 veneratur.
1368 806 1493 874 Agit
1526 806 1630 861 hoc
1669 805 1830 860 nimi-

241 911 370 951 rum
423 904 675 953 versutus
721 904 776 952 et
804 897 1030 954 callidus
1055 897 1276 953 humani
1305 897 1518 969 generis
1553 895 1825 962 inimicus,

241 995 306 1043 ut
331 987 434 1042 sub
463 995 726 1058 praetextu
762 989 986 1045 honoris
1022 997 1332 1046 sanctorum
1361 1004 1549 1044 rursus
1575 988 1715 1043 idola
1746 988 1829 1042 in-

241 1081 516 1148 troducat,
545 1096 735 1136 rursus
784 1097 882 1152 per
923 1082 1165 1138 diversas
1193 1081 1396 1150 eﬁigies
1430 1081 1718 1147 adoretur;
1770 1088 1830 1134 ut

242 1177 460 1226 avertat
481 1186 580 1225 nos
602 1171 669 1225 ab
707 1170 1058 1240 spiritalibus,
1088 1171 1156 1226 ad
1178 1170 1417 1226 carnalia
1447 1186 1578 1225 vero
1617 1171 1829 1224 demer-

241 1270 373 1334 gat;
405 1277 469 1317 ac
492 1277 589 1332 per
614 1262 796 1317 omnia
822 1263 992 1317 simus
1020 1262 1167 1334 digni
1193 1261 1262 1317 ab
1300 1261 1558 1333 Apostolo
1582 1261 1769 1317 audire
1809 1278 1824 1314 :

243 1349 292 1406 0
313 1352 592 1419 insensati,
619 1353 736 1424 quis
767 1370 855 1408 vos
877 1353 1200 1424 fascinavit?
1234 1354 1303 1409 Et
1330 1373 1342 1407 :
1377 1352 1465 1408 Sic
1491 1352 1640 1408 stulti
1682 1353 1825 1420 estis,

238 1452 302 1496 ut
346 1460 466 1497 cum
510 1445 699 1514 spiritu
731 1445 1010 1516 coeperitis,
1049 1461 1187 1500 nunc
1229 1462 1387 1500 carne
1429 1445 1832 1501 consummemi-

242 1533 344 1588 ni!
392 1531 481 1588 Ita
525 1535 666 1588 enim
687 1533 942 1602 Satanas,
972 1536 1112 1591 sicut
1152 1535 1284 1590 dicit
1308 1535 1452 1590 idem
1515 1533 1826 1604 Apostolus,

237 1625 594 1696 transﬁgurat
640 1643 696 1682 se
728 1628 787 1682 in
813 1624 1056 1699 angelum
1086 1626 1237 1682 lucis.
1270 1626 1511 1698 Denique
1557 1641 1830 1682 comessa—

241 1716 425 1773 tiones
446 1727 502 1772 et
527 1718 820 1775 ebrietates
839 1719 1133 1775 introducit
1161 1719 1259 1774 sub
1283 1718 1499 1773 nomine
1521 1717 1824 1784 charitatis,

238 1810 558 1880 superbiam
583 1819 640 1866 et
665 1811 916 1866 duritiam
945 1809 1291 1866 inﬂexibilem
1328 1810 1685 1865 constantiam
1726 1809 1829 1863 im-

1929 619 2253 690 imaginibus
2291 633 2425 689 quas
2477 617 2768 688 aspicimus
2803 616 3062 672 auxilium
3101 633 3322 688 sperare
3349 619 3512 674 debe-

1928 723 2078 774 mus;
2111 710 2236 779 quia
2267 726 2366 765 nec
2399 709 2538 764 male
2561 717 2790 779 possunt
2811 707 3011 776 facere,
3035 725 3136 765 nec
3156 710 3314 766 bene.
3345 710 3530 766 Recte.

1928 802 2204 867 nimirum,
2229 802 2299 858 ob
2320 802 2627 874 hujusmodi
2650 803 3019 858 evacuandam
3045 804 3510 874 superstitionem,

1927 893 2039 948 abc
2082 893 2396 949 orthodoxis
2440 895 2684 964 patribus
2710 894 2989 949 deﬁnitum
3036 905 3121 951 est
3168 895 3408 966 picturas
3457 896 3512 950 in

1928 983 2171 1040 Ecclesia
2201 985 2320 1040 ﬁeri
2347 1001 2457 1040 non
2505 985 2703 1040 debere
2736 1004 2747 1038 :
2783 985 2866 1039 Ne
2893 985 3031 1057 quod
3063 986 3254 1041 colitur
3291 996 3340 1041 et
3382 987 3513 1041 ado-

1934 1087 2105 1143 ratur,
2133 1078 2190 1131 in
2214 1078 2499 1147 parietibus
2520 1079 2849 1149 depingatur.

2002 1167 2242 1224 XXXIV.
2273 1167 2405 1225 Illud
2432 1185 2563 1224 vero
2595 1185 2697 1240 qua
2728 1171 3146 1241 praesumptione
3169 1171 3249 1237 ﬁt,
3298 1178 3359 1226 ut
3397 1158 3512 1227 Sine

1929 1257 2175 1324 basilica,
2227 1258 2347 1313 sine
2395 1258 2577 1324 altari,
2629 1261 2833 1329 absque
2869 1269 3179 1316 sanctorum
3229 1261 3503 1332 reliquiis,

1931 1363 2094 1418 super
2140 1348 2449 1418 hujusmodi
2492 1347 2745 1420 ﬁgmenta
2771 1349 2952 1405 missas
2979 1349 3355 1416 celebrentur;
3386 1368 3508 1407 cum

1929 1441 2102 1497 sancti
2144 1440 2337 1496 Patres
2387 1441 2444 1496 in
2495 1441 2724 1498 concilio
2769 1441 3179 1516 Carthaginensi
3221 1445 3518 1500 statuerint

1931 1531 2087 1604 (Cod.
2147 1530 2351 1588 Canon.
2398 1531 2548 1588 Eccl.
2605 1534 2797 1604 Afric.,
2851 1536 2931 1590 tit.
2981 1535 3105 1607 85):
3145 1554 3165 1588 ί
3211 1535 3282 1592 Ut
3317 1536 3511 1592 altaria

1931 1638 2053 1694 quae
2076 1623 2280 1694 passim
2299 1639 2398 1694 per
2425 1639 2586 1696 agros
2631 1633 2725 1680 aut
2756 1626 2874 1682 vias
2925 1635 3182 1698 tanquam
3238 1630 3512 1685 memoria:

1929 1727 2234 1789 martyrum
2285 1726 2695 1785 construuntur,
2741 1720 3016 1790 inquibus
3064 1721 3269 1776 nullum
3313 1737 3512 1794 corpus

1932 1816 2026 1864 aut
2045 1809 2288 1880 reliquiae
2314 1820 2616 1882 martyrum
2670 1811 2899 1867 conditae
2929 1813 3248 1883 probantur,
3276 1815 3345 1869 ab
3392 1815 3506 1884 epi-

237 1901 550 1970 perturbati
593 1901 762 1956 animi
807 1916 930 1957 esse
970 1900 1187 1957 simulat
1212 1940 1228 1966 ,
1253 1914 1564 1971 caecumque
1586 1899 1827 1955 furorem
1853 1890 1902 1950 Β
1929 1903 2110 1973 scopis
2133 1903 2228 1973 qui
2254 1902 2448 1958 iisdem
2470 1902 2606 1958 locis
2644 1912 2906 1973 praesunt,
2931 1905 2978 1960 si
3002 1905 3117 1962 ﬁeri
3146 1914 3344 1976 potest,
3364 1921 3516 1962 ever-

239 1992 349 2047 zeli
377 1993 757 2048 rectitudinem
787 2001 966 2050 vocat.
1002 1992 1127 2048 Ideo
1153 1991 1284 2048 dicit
1327 1990 1564 2048 Joannes
1612 1999 1828 2062 aposto-

239 2081 332 2138 lus
367 2102 381 2138 :
415 2083 596 2140 Nolite
618 2086 760 2140 omni
803 2085 1014 2156 spiritui
1058 2083 1290 2150 credere,
1319 2084 1409 2138 sed
1454 2082 1669 2155 probate
1725 2084 1828 2154 spi-

237 2177 405 2243 ritus,
444 2185 622 2231 utrum
684 2193 748 2232 ea:
813 2176 922 2231 Deo
975 2179 1099 2232 sint.
1163 2177 1502 2248 Aspiciamus
1557 2179 1826 2248 picturam

238 2269 402 2340 quasi
434 2269 723 2339 picturam,
770 2269 901 2335 vita,
953 2284 1136 2335 sensu,
1173 2277 1228 2325 et
1259 2269 1472 2324 ratione
1527 2279 1822 2325 carentem.

237 2357 509 2416 Pascatur
530 2359 632 2415 hac
659 2359 863 2415 visione
885 2360 1091 2415 oculus.
1136 2361 1307 2416 Deum
1350 2376 1481 2416 vero
1535 2370 1827 2418 veneretur

237 2454 479 2519 animus,
517 2453 608 2523 qui
635 2460 690 2508 et
715 2453 916 2508 sanctis
939 2453 1052 2509 suis
1069 2453 1312 2510 victoria:
1343 2469 1624 2522 coronam,
1647 2465 1703 2512 et
1722 2471 1822 2511 no-

239 2543 330 2600 bis
357 2543 764 2599 inlercessionis
789 2558 976 2599 eorum
1000 2545 1193 2601 tribuit
1219 2546 1505 2616 adjutoria.

315 2634 529 2692 XXXII.
561 2635 878 2692 Habuerunt
901 2651 1134 2708 namque
1157 2645 1212 2693 et
1241 2638 1451 2708 antiqui
1507 2648 1824 2697 sanctorum

237 2727 508 2800 imagines
531 2727 613 2784 vel
638 2729 832 2799 pictas,
858 2729 943 2784 vel
968 2729 1229 2801 sculptas,
1276 2731 1419 2786 sicut
1446 2731 1612 2787 etiam
1658 2748 1823 2803 supe-

237 2820 360 2876 rius
391 2829 481 2884 est
499 2831 809 2887 ostensum;
833 2821 927 2877 sed
948 2837 1107 2879 causa
1145 2823 1408 2891 historiae,
1439 2823 1506 2880 ad
1533 2825 1825 2900 recordari:

236 2914 390 2978 dum,
440 2929 549 2972 non
597 2911 668 2968 ad
695 2913 1008 2980 colendum;
1067 2923 1147 2981 ut,
1184 2914 1335 2972 verbi
1385 2916 1582 2988 gratia,
1614 2928 1640 2957 ει
1672 2924 1824 2988 gesta

235 3006 541 3078 synodalia,
593 3006 687 3062 ubi
738 3007 1102 3078 pingebantur
1145 3008 1394 3064 catholici
1425 3009 1655 3064 veritate
1702 3009 1823 3065 fulti

234 3107 296 3154 et
346 3099 603 3164 victores,
667 3097 911 3154 haeretici
953 3106 1132 3154 autem
1179 3101 1334 3171 pravi
1365 3101 1633 3173 dogmatis
1670 3116 1824 3157 men-

235 3190 416 3246 daciis
439 3191 664 3246 detectis
691 3191 926 3247 convicti
941 3199 996 3247 et
1016 3192 1250 3264 expulsi,
1291 3194 1360 3249 ob
1389 3194 1820 3250 recordationem

236 3283 521 3339 ﬁrmitatis
569 3285 848 3341 catholicae
891 3285 1048 3354 ﬁdei,
1094 3287 1250 3358 juxta
1297 3304 1504 3345 morem
1553 3289 1819 3346 bellorum

237 3385 366 3433 tum
403 3386 742 3435 externorum
787 3397 914 3437 cum
967 3381 1207 3437 civilium
1262 3383 1331 3439 ad
1376 3385 1695 3442 memoriam
1738 3387 1820 3443 rei

243 3478 451 3544 gestae;
478 3471 611 3527 sicut
641 3480 694 3528 et
729 3473 785 3528 in
828 3472 1012 3529 multis
1036 3472 1171 3530 locis
1199 3475 1462 3531 videmus.
1498 3476 1605 3533 Sed
1638 3478 1819 3534 nullus

242 3566 590 3636 antiquorum
618 3566 1008 3623 catholicorum
1041 3583 1282 3639 unquam
1306 3584 1401 3624 eas
1429 3569 1685 3628 colendas
1731 3571 1819 3628 vel

233 3657 546 3714 adorandas
566 3658 682 3715 fore
703 3659 1056 3715 existimavit.

324 3741 560 3809 XXXllI.
621 3752 775 3810 Nunc
827 3763 1007 3810 autem
1059 3769 1214 3811 error
1265 3755 1650 3812 invalescendo
1708 3765 1820 3814 tam

233 3843 558 3917 perspicuus
581 3843 754 3900 factus
775 3853 881 3913 est,
920 3854 980 3900 ut
1008 3844 1326 3902 idololatriae
1344 3846 1430 3902 vel
1457 3846 1485 3887 δ
1505 3846 1818 3919 Anthropo-

235 3937 637 4007 morphitarum
666 3936 858 3992 haeresi
886 3937 1247 4008 propinquum
1277 3944 1372 3992 aut
1393 3938 1568 3995 simile
1596 3940 1669 3994 sit
1692 3939 1820 3996 ado-

235 4046 367 4086 rare
395 4029 669 4103 ﬁgmenta,
724 4037 780 4086 et
807 4043 956 4100 spem
999 4029 1055 4084 in
1082 4030 1164 4084 eis
1194 4029 1412 4084 habere.
1439 4029 1511 4084 At
1553 4045 1672 4100 quae
1720 4031 1821 4086 hu-

228 4123 327 4194 jus
376 4122 579 4178 erroris
636 4121 843 4176 causa?
875 4120 1038 4176 Fides
1080 4119 1146 4175 de
1192 4121 1356 4176 corde
1383 4120 1580 4188 ablata,
1613 4129 1727 4177 tota
1757 4122 1820 4177 ﬁ-

236 4215 402 4271 ducia
438 4216 494 4271 in
538 4214 702 4270 rebus
744 4212 1045 4268 visibilibus
1096 4212 1378 4268 collocata.
1429 4213 1582 4270 Sicut
1637 4225 1818 4272 autem

232 4308 492 4364 videntes
530 4308 706 4379 pictos
751 4314 991 4360 armatos
1017 4305 1184 4372 viros,
1234 4304 1316 4360 vel
1348 4305 1693 4376 agricultura:
1737 4307 1820 4362 iu-

234 4410 441 4467 tentos,
492 4401 607 4456 sive
654 4406 936 4464 metentes,
965 4397 1052 4453 vel
1077 4397 1492 4464 vindemiantes,
1525 4414 1620 4454 seu
1664 4408 1818 4455 stan-

233 4504 324 4552 tes
375 4496 431 4550 in
473 4493 704 4549 navibus
747 4494 1066 4564 piscatores,
1111 4500 1167 4546 et
1199 4493 1336 4546 retia
1361 4491 1689 4560 jaculantes,
1715 4508 1816 4549 nec

1928 1999 2135 2048 tantur.
2168 1990 2228 2048 Si
2277 2001 2460 2048 autem
2502 1993 2605 2048 hoc
2627 2007 2724 2063 per
2749 1994 3010 2051 tumultus
3059 1997 3350 2067 populares
3400 2012 3510 2052 non

1927 2082 2142 2150 sinitur,
2173 2083 2358 2154 plebes
2398 2092 2579 2140 tamen
2609 2083 3022 2152 admoneantur,
3053 2091 3122 2143 n'e
3143 2087 3232 2141 illa
3261 2087 3376 2143 loca
3402 2086 3512 2154 fre-

1925 2183 2216 2246 quenlent;
2236 2183 2297 2230 ut
2315 2175 2407 2246 qui
2421 2183 2566 2230 recte
2578 2175 2818 2246 sapiunt,
2837 2176 2982 2231 nulla
2999 2177 3101 2232 sibi
3116 2180 3504 2249 superstitione

1927 2266 2123 2322 devicti
2172 2274 2490 2336 teneantur;
2521 2279 2578 2324 et
2622 2269 2844 2326 omnino
2881 2269 3028 2325 nulla
3071 2273 3336 2328 memoria
3367 2281 3520 2328 mar-'

1924 2366 2107 2431 tyrum
2150 2361 2504 2430 probabiliter
2551 2371 2883 2433 acceptetur,
2920 2363 3027 2419 nisi
3051 2365 3144 2421 ubi
3192 2381 3391 2436 corpus
3418 2375 3515 2422 aut

1925 2450 2119 2522 aliquas
2141 2451 2382 2523 reliquiae
2399 2461 2549 2519 sunt,
2579 2462 2674 2508 aut
2701 2455 2854 2526 origo
2880 2453 3108 2524 alioujus
3133 2455 3518 2524 habitationis,

1923 2543 2011 2599 vel
2064 2546 2444 2616 possessionis,
2490 2547 2576 2602 vel
2619 2549 2891 2619 passionis
2945 2549 3259 2606 ﬁdelissima
3300 2552 3511 2623 origine

1925 2636 2178 2690 traditur.
2205 2635 2340 2691 Nam
2367 2653 2488 2708 quae
2508 2653 2606 2709 per
2634 2639 2844 2695 somnia
2866 2649 2921 2694 et
2943 2640 3132 2697 inanes
3155 2643 3311 2712 quasi
3359 2655 3514 2696 reve-

1923 2727 2155 2784 lationes
2169 2729 2532 2799 quorumlibet
2548 2730 2826 2786 hominum
2842 2721 3150 2802 ubicunque
3165 2732 3507 2787 constituun-

1923 2825 2013 2873 tur
2039 2818 2250 2884 altaria,
2302 2820 2614 2876 omnimodo
2641 2821 3031 2891 improbentur.
3063 2842 3081 2874 ι
3129 2822 3373 2877 Fuerunt
3403 2822 3512 2878 illis

1923 2910 2112 2968 diebus
2165 2910 2488 2968 sufﬁcientia
2520 2913 2637 2969 haec
2657 2921 2879 2969 statuta.
2909 2913 3149 2970 Necdum
3179 2915 3324 2971 enim
3353 2931 3512 2972 error

1921 3015 2238 3072 emerserat,
2266 3021 2373 3076 quo
2398 3022 2542 3063 nunc
2586 3007 2654 3062 de
2691 3007 3040 3076 carbonibus,
3081 3009 3375 3079 minioque,
3423 3008 3512 3064 vel

1921 3099 2169 3169 sinopide
2222 3098 2467 3170 ﬁguratae
2505 3097 2737 3172 efﬁgies,
2792 3109 2995 3156 sancta:
3046 3101 3308 3174 imagines
3343 3117 3512 3158 voca-

1922 3199 2132 3258 rentur,
2164 3200 2218 3246 et
2246 3191 2536 3248 adorandae
2561 3193 3009 3263 praedicarentur.

1847 3254 1892 3317 ί)
1996 3254 2212 3338 XXXV.
2243 3283 2354 3339 Nec
2398 3254 2593 3340 iterum
2645 3285 2715 3340 ad
2760 3300 2858 3341 sua
2905 3285 3129 3340 latibula
3169 3284 3512 3341 fraudulenta

1923 3385 2174 3430 recurrat
2207 3376 2430 3442 astutia,
2479 3383 2542 3430 ut
2592 3376 2736 3432 dicat
2759 3393 2816 3432 se
2845 3393 2951 3433 non
2983 3377 3246 3450 imagines
3293 3388 3510 3435 sancto-

1923 3479 2045 3520 rum
2076 3465 2323 3532 adorare,
2353 3465 2449 3521 sed
2471 3474 2707 3522 sanctos.
2735 3465 2944 3522 Clamat
2978 3469 3123 3524 enim
3154 3469 3296 3525 Deus
3324 3489 3336 3524 :
3379 3467 3506 3525 Glo-

1922 3557 2058 3612 riam
2083 3574 2251 3612 meam
2284 3556 2441 3612 alteri
2469 3575 2573 3613 non
2602 3558 2759 3625 dabo,
2789 3577 2882 3615 nec
2911 3561 3121 3616 laudem
3167 3579 3337 3618 meam
3365 3563 3508 3618 scul-

1919 3648 2153 3720 ptilibus.
2183 3647 2252 3704 Et
2271 3648 2564 3720 Apostolus
2593 3651 2660 3707 de
2703 3651 2931 3708 Domino
2987 3661 3174 3710 nostro
3214 3657 3512 3714 mediatore

1917 3740 2013 3797 Dei
2042 3750 2098 3798 et
2125 3743 2401 3798 hominum
2433 3744 2650 3798 homine
2677 3743 2896 3800 Christo
2922 3743 3050 3801 lesu
3083 3764 3098 3800 :
3123 3743 3348 3817 Propter
3366 3748 3507 3819 quod

1918 3841 1968 3886 et
2015 3831 2154 3887 Deus
2180 3832 2426 3888 exultavit
2445 3833 2615 3899 illum,
2638 3844 2686 3888 et
2717 3835 2858 3889 dedit
2905 3835 2984 3890 illi
3010 3853 3219 3903 nomen,
3245 3838 3386 3908 quod
3425 3847 3501 3893 est

1919 3941 2076 3996 super
2099 3941 2248 3980 omne
2275 3942 2478 3980 nomen.
2516 3925 2685 3994 Quale
2710 3941 2842 3981 vero
2874 3927 2978 3983 hoc
3006 3943 3203 3983 nomen
3229 3930 3335 3997 sit,
3378 3945 3507 3985 con-

1918 4027 2208 4088 sequenter
2259 4019 2513 4088 exponit:
2572 4017 2638 4073 Ut
2660 4019 2715 4073 in
2757 4021 2966 4075 nomine
2997 4056 3010 4076 .
3036 4037 3128 4076 esu
3165 4040 3316 4079 omne
3361 4041 3496 4096 genu

1919 4111 2192 4181 ﬂectatur,
2232 4108 2539 4176 caelestium,
2591 4112 2940 4178 terrestrium,
2967 4123 3015 4167 et
3062 4112 3406 4183 infernarum,
3453 4125 3502 4171 et

1920 4205 2089 4260 omnis
2107 4204 2288 4275 lingua
2313 4204 2625 4275 conﬁteatur
2647 4205 2771 4277 quia
2795 4204 3056 4261 Dominus
3075 4206 3230 4263 Iesus
3263 4207 3504 4264 Christus

1919 4297 1976 4350 in
2021 4295 2190 4366 gloria
2216 4306 2291 4351 est
2318 4294 2415 4350 Dei
2458 4294 2658 4351 Patris.
2691 4294 2844 4352 Hanc
2870 4307 3216 4368 potestatem,
3260 4299 3495 4366 laudem,

1921 4389 2366 4454 dominationem,
2418 4387 2519 4443 hoc
2568 4404 2766 4444 nomen
2819 4391 2964 4461 quod
3017 4399 3101 4447 est
3144 4406 3307 4462 super
3344 4405 3506 4448 omne

1920 4495 2137 4546 nomen,
2160 4479 2338 4534 nullus
2365 4486 2585 4534 sanctus
2610 4480 2856 4551 angelus,
2879 4481 3058 4538 nullus
3090 4491 3309 4538 sanctus
3332 4483 3497 4538 homo

235 4603 351 4643 non
379 4595 664 4642 venatores
709 4584 988 4640 venabulis
1016 4584 1280 4650 extensis,
1303 4598 1426 4638 cum
1459 4585 1684 4640 canibus
1726 4602 1817 4641 ca-

1925 4572 2023 4628 sibi
2048 4580 2292 4644 usurpat.
2324 4571 2561 4642 Angelus
2596 4572 2740 4628 enim
2771 4574 2863 4643 qui
2884 4575 3189 4645 usurpavit,
3220 4573 3306 4631 vel
3336 4574 3498 4631 homo

229 4693 402 4751 preas
423 4691 718 4748 CCI'VOSQIIC
735 4684 1145 4748 persequentes,
1176 4689 1274 4730 nec
1296 4683 1642 4746 augmentum
1665 4692 1820 4733 exer-

231 4769 400 4832 citus,
443 4782 547 4824 nec
589 4765 915 4836 adiutorium
969 4766 1136 4820 annui
1194 4766 1397 4836 operis,
1450 4765 1537 4820 vel
1590 4782 1817 4824 acervos

233 4858 432 4924 tritici,
472 4871 568 4915 seu
620 4855 824 4912 rivulos
857 4856 1043 4923 musti,
1091 4871 1192 4912 nec
1243 4857 1444 4927 pisces,
1486 4872 1713 4928 capreas
1764 4866 1821 4914 et

233 4966 368 5008 sues
428 4949 498 5004 ab
522 4948 626 5004 illis
673 4963 774 5004 nos
798 4956 1115 5018 accepturos
1137 4962 1452 5019 speramus;
1483 4949 1558 5003 ita
1582 4965 1815 5021 quoque,

232 5044 286 5100 si
310 5041 609 5098 viderimus
654 5048 919 5116 pennatos
961 5039 1182 5110 angelos
1213 5039 1410 5114 pictos,
1459 5041 1820 5116 prtedicautes

1921 4682 2082 4738 quem
2135 4680 2400 4736 usurpare
2449 4665 2643 4732 suasit,
2693 4675 2922 4736 uterque
2948 4666 3174 4722 corruit.
3209 4665 3266 4721 Si
3308 4676 3494 4721 autem

1922 4757 2118 4827 aliquis
2141 4757 2306 4811 homo
2335 4755 2613 4822 adoratur,
2642 4756 2728 4811 vel
2751 4756 2991 4827 angelus,
3021 4762 3222 4824 praeter
3242 4769 3363 4811 eum
3407 4756 3501 4827 qui

1918 4859 1975 4906 et
1995 4850 2138 4905 Deus
2160 4855 2215 4903 et
2238 4847 2401 4902 homo
2421 4854 2474 4902 et
2502 4847 2698 4902 summi
2724 4862 2845 4902 esse
2872 4845 3082 4901 consilii
3105 4843 3350 4916 angelus,
3373 4845 3503 4902 Pro-

1920 4943 2082 5015 pheta
2127 4947 2383 5004 testante,
2441 4939 2775 5009 perhibetur,
2805 4951 2932 5000 ~non
2978 4944 3062 4990 est
3107 4936 3252 4992 aliud
3301 4953 3501 4993 nomen

1904 5033 2068 5108 quod
2091 5033 2162 5089 sit
2186 5032 2272 5087 vel
2311 5047 2473 5102 super
2502 5035 2606 5087 hoc
2633 5045 2832 5086 nomen
2862 5029 3004 5100 quod
3034 5038 3119 5086 est
3142 5047 3304 5104 super
3346 5047 3507 5088 omne

1600 5131 1876 5190 BALUZII
1909 5125 2142 5187 ΝΟΤᾹΞ.

311 5255 338 5284 ι
366 5239 522 5298 Gesta
547 5242 845 5314 synodalia.
881 5240 1019 5298 Hinc
1045 5242 1319 5306 discimus,
1347 5243 1458 5299 illic
1484 5243 1671 5299 solitos
1697 5245 1824 5303 olim

232 5314 392 5389 pingi
415 5329 700 5370 consessus
720 5315 1115 5389 episcoporum,
1138 5315 1231 5389 ubi
1256 5315 1440 5369 habita
1467 5314 1681 5389 fuerant
1704 5331 1803 5372 con

1934 5243 2166 5307 Pascha,
2198 5253 2350 5295 more
2376 5240 2705 5303 Judaeorum,
2745 5237 2870 5293 luna
2898 5255 2990 5295 xw
3019 5239 3281 5298 celebrari
3313 5243 3510 5300 debere

1934 5314 2168 5384 aiebant.
2212 5312 2340 5382 Ejus
2373 5320 2534 5366 sectae
2559 5321 2750 5384 auctor
2772 5307 3004 5384 A_udaeus
3036 5327 3068 5368 e
3101 5311 3506 5384 Mesopotamia,

233 5380 388 5475 ἐίιίίν
413 5393 661 5475 etiam
685 5380 769 5475 νεῖ
785 5380 1370 5475 seruiuimus
1396 5387 1591 5475 animis
1622 5396 1827 5442 τηονιιι-
1887 5380 2504 5475 uictissimus?
2547 5380 2839 5475 esuries:
2851 5382 3164 5475 E95325“!
3193 5380 3407 5475 σοὶεεέξξι
3442 5399 3510 5475 se

233 5453 396 5523 lium,
427 5455 696 5527 ﬁdemque
722 5456 924 5511 faceret
951 5456 1153 5511 erroris
1178 5459 1457 5527 prostrati.

311 5528 342 5570 1³
369 5527 886 5598 ΛηεΙινοροηιονρΙιὶι.
909 5528 1114 5582 hwresi.
1150 5527 1260 5582 Hos
1284 5527 1614 5598 Epiphanius
1637 5527 1690 5582 in
1715 5528 1825 5584 hm-

237 5599 349 5653 resi
384 5614 492 5653 ιη
519 5598 792 5667 Audianos
817 5612 1048 5662 vocans,
1090 5613 1196 5652 non
1234 5597 1378 5652 inter
1414 5599 1695 5654 haereticos
1733 5615 1821 5654 re-

238 5677 458 5730 censet,
489 5669 585 5722 sed
613 5669 756 5722 inter
781 5668 1178 5732 schismaticos,
1208 5669 1342 5724 dans
1365 5670 1573 5733 veniam
1605 5670 1827 5726 rustici-

239 5739 362 5793 tati.
413 5738 547 5792 Nam
579 5753 767 5793 eorum
793 5753 945 5793 error
970 5739 1060 5793 hic
1095 5747 1244 5804 erat,
1283 5749 1342 5794 ut
1380 5741 1548 5795 Deum
1587 5741 1687 5796 sibi
1727 5741 1828 5796 ﬁn-

278 5819 436 5865 erent
476 5813 710 5865 humana
750 5809 958 5880 specie,
1011 5809 1304 5880 secundum
1350 5827 1510 5880 quam
1561 5812 1830 5867 creaverit

278 5825 436 5865 erant
477 5825 710 5865 numana
750 5825 958 5876 specre,
1011 5825 1304 5864 secundum
1350 5827 1510 5880 quam
1561 5825 1827 5867 creaverit

237 5825 519 5940 ﬁominem
545 5882 616 5939 ad
639 5878 933 5954 imaginem
962 5885 1018 5936 et
1043 5878 1455 5956 similitudinem
1483 5897 1654 5940 suam.
1689 5883 1827 5941 Tum

1931 5450 2123 5512 eodem
2172 5452 2491 5522 Epiphanio.
2547 5450 2681 5506 Vide
2724 5450 3210 5519 Prwdestinatum,
3262 5454 3400 5511 libro
3448 5472 3508 5522 ι,

1932 5524 2375 5649 ο³ξ’(ξι2)ιοάοπὶδ
2405 5590 2674 5666 P_atribus,
2707 5596 2974 5666 episcopis
3009 5595 3064 5650 in
3098 5596 3303 5666 synodo
3332 5596 3511 5652 Elihe-

1934 5668 2108 5722 ritana
2147 5663 2486 5736 congregatis
2517 5665 2670 5736 ,circa
2708 5663 2908 5722 annum
2945 5666 3084 5729 305,
3127 5663 3228 5736 'qui
3273 5669 3512 5736 picturas

1934 5739 2289 5792 decreverunt
2319 5736 2372 5808 in
2404 5735 2640 5792 Ecclesia
2668 5754 2786 5792 esse
2814 5755 2921 5792 non
2954 5735 3186 5808 debere:
3217 5756 3235 5788 ι
3265 5735 3342 5792 Ne
3368 5738 3511 5808 quod

1908 5869 1910 5871 ,
1935 5808 2133 5863 colitur
2171 5816 2224 5860 et
2265 5807 2542 5872 adoratur,
2571 5809 2623 5866 in
2653 5809 2950 5878 parietibus
2978 5807 3326 5876 depingatur;
3358 5829 3375 5861 ι
3395 5807 3399 5808 “
3419 5808 3511 5878 qui

1934 5894 2113 5938 canon
2139 5879 2274 5936 mire
2302 5878 2459 5936 torsit
2481 5879 2695 5950 ingenia
2723 5879 3000 5936 hominum
3025 5879 3379 5935 eruditorum.
