4012 6338
554 399 662 467 εει

1523 403 1584 459 8.
1625 399 1978 460 AGOBARDI
2015 397 2327 458 EPISCOPI
2361 394 2848 458 LUGDUNENSIS

3739 407 3862 464 23%

561 531 736 588 retur,
761 520 829 577 ad
863 519 1012 577 hunc
1055 517 1274 574 modum
1301 555 1317 584 ,
1373 524 1497 588 post
1520 516 1692 571 multa
1735 513 1999 586 colloquia
2022 555 2038 582 ,
2088 514 2144 569 in
2171 518 2224 579 Α
2249 511 2315 568 de
2337 511 2440 568 hoc
2458 512 2740 566 audiamus
2764 518 2820 566 et
2845 508 3152 578 loquamur,
3170 516 3340 577 recte,
3362 519 3424 566 ut
3471 520 3603 584 puto
3627 557 3642 582 ,
3699 515 3856 584 tibi,

559 624 821 688 quantum
845 627 946 684 ego
973 609 1237 677 intellexi,
1262 609 1544 664 ratiocinia
1601 617 1727 665 sunt
1773 608 2054 679 perducta,
2086 616 2147 663 ut

560 710 792 782 primum
820 707 1037 778 quidem
1066 701 1426 758 intellectibus
1458 701 1698 758 omnium
1745 699 2146 755 inculcarentur

561 803 757 858 delicta
785 803 851 855 de
900 801 1062 855 rebus
1089 797 1260 854 sacris
1288 797 1478 852 illicite
1521 797 1652 861 usis,
1677 803 1802 867 post
1836 808 1966 849 vero
2020 809 2144 848 cum

558 890 654 945 Dei
683 892 875 946 timore
901 889 956 944 in
983 889 1087 944 illis
1106 904 1242 960 quas
1285 887 1489 943 habent
1539 887 1660 942 laici
1711 886 1984 941 cautiores
2014 883 2143 940 effe-

559 984 652 1049 cti,
685 984 846 1039 etiam
873 999 928 1038 1n
962 983 1048 1038 his
1070 997 1190 1052 quae
1238 989 1615 1036 remanserunt
1643 979 1901 1038 Ecclesiis
1945 978 2146 1034 ﬁdelio-

558 1089 650 1129 res
676 1085 838 1144 atque
859 1074 1236 1129 clementiores
1259 1079 1610 1136 exsisterent;
1650 1071 1725 1125 ita
1749 1079 1806 1124 ut
1831 1078 1885 1125 et
1910 1073 2022 1124 suis
2051 1069 2143 1123 ad-

558 1163 808 1219 hiberent
842 1165 1119 1235 pietatem,
1146 1171 1206 1217 ut
1231 1171 1288 1218 et
1315 1162 1573 1218 Ecclesiis
1601 1159 2142 1226 defensionem;0ﬁe-

557 1267 748 1328 retque
769 1257 1118 1328 compatienti
1146 1256 1434 1313 concordia
1479 1253 1841 1310 remediabilis
1865 1269 1933 1308 ac
1958 1253 2142 1307 venia-

555 1351 700 1419 bilis,
732 1350 1062 1422 oﬁ'ensioque
1108 1351 1402 1408 comitante
1451 1349 1652 1420 pietate
1703 1347 1770 1404 de
1805 1347 2138 1419 indulgentia

555 1457 770 1512 quoque
795 1451 939 1498 esset
966 1457 1177 1498 secura.

633 1536 716 1590 Vl.
758 1535 908 1592 lianc
941 1551 1054 1591 rem
1079 1550 1204 1591 eum
1228 1535 1475 1590 dominus
1504 1533 1800 1603 imperator
1825 1530 2037 1586 audiret
2056 1536 2139 1585 at-

553 1642 660 1696 que
677 1627 1052 1697 perpenderet,
1081 1626 1269 1682 volens
1301 1640 1422 1680 eam
1449 1625 1646 1680 ducere
1674 1623 1743 1678 ad
1768 1621 2134 1692 tranquillita-

555 1724 664 1772 tem
691 1718 864 1787 pacis,
886 1732 1004 1787 qua:
1031 1717 1097 1772 ad
1118 1717 1388 1772 modicum
1419 1716 1632 1772 turbata
1662 1713 1858 1780 fuerat,
1871 1721 2135 1784 quantum

554 1806 612 1862 in
641 1823 698 1863 se
730 1807 853 1874 fuit,
885 1807 1015 1863 fecit
1047 1807 1192 1863 uniri
1224 1807 1506 1878 episcopos
1554 1814 1610 1861 et
1637 1806 1863 1861 comites
1913 1806 1969 1860 in
2012 1820 2135 1860 con-

2242 604 2413 662 frater
2440 606 2777 672 charissime,
2802 605 2980 660 visum
2998 611 3084 660 est
3106 612 3167 659 ut
3188 604 3255 660 de
3281 606 3456 662 sacris
3482 606 3636 666 libris
3657 619 3729 667 et
3763 627 3860 666 ca-

2242 695 2474 752 nonibus
2492 696 2872 752 auctoritatem
2918 702 3218 762 sumentes,
3240 697 3549 769 pariterque
3575 703 3857 773 exempla

2245 796 2558 845 sanctorum
2594 789 2662 844 ad
2680 789 2914 844 medium
2937 787 3284 854 deducentes,
3303 789 3566 846 humanos
3589 807 3856 857 errores,

2242 885 2335 954 qui
2369 899 2708 953 summopere
2728 880 2934 936 vitandi
2962 889 3112 948 sunt,
3139 897 3452 949 caveamus,
3469 893 3524 938 et
3543 886 3855 940 veritatem

2241 974 2359 1041 Dei,
2382 991 2413 1030 a
2439 991 2544 1046 qua
2575 975 2668 1044 qui
2693 974 2977 1030 recesserit
3005 973 3058 1027 in
3090 975 3323 1030 tenebris
3352 989 3567 1032 maneat
3597 993 3853 1032 necesse

2240 1074 2343 1130 est,
2375 1074 2673 1122 teneamus.
2705 1065 2849 1121 Sane
2872 1081 2994 1120 cum
3047 1079 3147 1120 nos
3189 1068 3254 1121 ad
3283 1067 3422 1123 hanc
3468 1069 3855 1124 roborandam

2240 1157 2307 1212 de
2330 1157 2680 1213 Testamento
2713 1158 2889 1213 Veteri
2913 1157 3068 1226 plura
3099 1159 3506 1228 sumpserimus,
3527 1168 3689 1215 entut
3731 1159 3857 1216 for-

2241 1259 2385 1306 tasse
2407 1251 2500 1322 qui
2529 1250 2712 1306 dicant
2731 1249 2959 1304 aliarum
2987 1266 3167 1306 rerum
3217 1253 3418 1324 ﬁguras
3436 1269 3573 1319 esse,
3601 1270 3712 1310 nec
3745 1270 3855 1324 per

2238 1345 2356 1402 hinc
2393 1344 2796 1400 contentionem
2835 1359 2994 1414 posse
3023 1345 3187 1399 ﬁniri.
3219 1345 3531 1416 Huiusmodi
3557 1363 3685 1419 ergo
3743 1349 3852 1404 ho-

2236 1435 2434 1504 mines,
2464 1436 2510 1492 si
2549 1435 2642 1507 qui
2686 1443 2845 1492 erunt
2861 1438 2898 1506 ,ι
2919 1435 3131 1492 videtur
3178 1436 3312 1492 mihi
3370 1446 3430 1492 ut
3477 1438 3848 1511 interrogare

2235 1528 2470 1592 studeas,
2491 1527 2633 1582 unde
2658 1526 2850 1583 Patres
2877 1527 3108 1582 doceant
3129 1543 3240 1584 non
3290 1542 3451 1599 posse
3499 1543 3850 1601 quemquam

2238 1620 2303 1676 ad
2326 1619 2686 1676 sacerdotium
2708 1619 3034 1690 promoveri,
3066 1619 3096 1659 ι)
3127 1619 3173 1674 si
3193 1619 3432 1686 viduam,
3460 1619 3546 1674 vel
3568 1623 3848 1692 repudia-

2236 1720 2367 1778 tam,
2396 1713 2508 1767 sive
2531 1711 2895 1777 meretricem,
2923 1717 3000 1777 et,
3022 1718 3082 1764 ut
3115 1709 3554 1781 compendiosius
3604 1712 3803 1767 dicam
3826 1754 3843 1780 ,

2237 1819 2347 1860 non
2371 1803 2637 1873 virginem
2691 1801 2747 1855 in
2771 1798 3079 1870 coniugium
3125 1801 3446 1870 sumpserit;
3486 1800 3699 1856 etiamsi
3752 1817 3846 1858 se-

553 1917 771 1957 sensum
796 1909 850 1957 et
876 1915 1083 1971 pacem.
1115 1901 1196 1955 Ex
1251 1901 1356 1955 hoc
1405 1900 1588 1969 itaque
1610 1899 1794 1970 putavi
1840 1912 1957 1969 ego,
1991 1897 2137 1966 quod
2163 1885 2210 1945 Β
2237 1893 2472 1950 cundum
2505 1890 2822 1962 Apostolum
2841 1890 3002 1946 unius
3046 1890 3232 1946 uxoris
3256 1890 3341 1946 vir
3383 1906 3506 1948 esse
3547 1892 3841 1947 doceatur.

551 1994 738 2048 eodem
764 1994 924 2049 modo
960 2008 1068 2064 quo
1107 1992 1355 2048 dominus
1381 1991 1675 2061 imperator
1701 1989 1950 2061 pensavit
1974 1998 2136 2060 atque

553 2086 818 2142 intellexit
866 2088 1169 2154 rationem,
1211 2086 1485 2156 sopirique
1530 2084 1658 2140 fecit
1711 2084 2133 2151 dissensionem,

549 2193 740 2232 omnes
766 2178 930 2232 etiam
960 2178 1185 2234 comites
1212 2177 1297 2232 vel
1341 2177 1587 2232 honorati
1610 2175 2138 2246 ejus-intellexissent

550 2278 714 2340 atque
743 2270 1056 2326 voluissent.
1090 2269 1196 2326 Sed
1224 2285 1255 2325 e
1279 2270 1553 2326 contrario
1581 2310 1595 2334 ,
1644 2277 1704 2323 ut
1730 2268 1912 2335 audio,
1943 2269 2032 2323 isti
2070 2269 2137 2324 de

550 2360 746 2429 quibus
773 2361 927 2416 nobis
957 2377 1136 2417 sermo
1175 2369 1258 2417 est
1315 2360 1627 2415 inchoatam
1662 2359 1985 2414 discordiam
2016 2373 2136 2412 na-

548 2449 826 2519 gniﬁcant,
865 2461 920 2506 et
948 2453 1012 2508 de
1038 2452 1306 2508 discordia
1340 2452 1394 2506 in
1419 2458 1712 2521 conspectu
1735 2449 1937 2504 domini
1968 2449 2142 2517 impe~

549 2540 750 2596 ratoris
779 2541 914 2596 nihil
961 2557 1020 2598 se
1048 2543 1263 2597 audisse
1291 2541 1375 2596 vel
1419 2540 1754 2596 intellexisse
1793 2539 1997 2595 dicunt.
2031 2537 2136 2593 Ve-

546 2645 667 2686 rum
703 2634 828 2702 quia
865 2634 918 2688 in
949 2633 1035 2690 his
1065 2634 1332 2690 neminem
1365 2633 1577 2690 illorum
1617 2641 1712 2687 aut
1737 2631 1989 2702 mitigare
2011 2644 2136 2699 pos-

545 2738 750 2792 sumus,
779 2735 872 2781 aut
891 2742 1220 2797 exasperare
1244 2726 1536 2792 voluimus,
1569 2738 1596 2767 ι
1633 2724 1972 2780 dimittamus
1999 2737 2134 2777 cau-

544 2829 663 2870 sam
690 2816 820 2884 Deo,
848 2819 941 2889 qui
969 2819 1153 2875 omnia
1199 2819 1516 2889 dispensat,
1561 2825 1617 2872 et
1637 2818 1686 2872 ei
1712 2817 1801 2873 cui
1842 2817 2132 2873 commissa

543 2916 674 2961 sunt
718 2909 786 2964 ad
847 2911 1158 2978 regendum,
1183 2920 1243 2966 ut
1273 2910 1435 2965 faciat
1479 2909 1623 2980 quod
1676 2909 1788 2965 Deo
1833 2908 2134 2978 inspirante

544 3007 769 3056 eventus
814 3016 996 3057 rerum
1025 3003 1232 3058 tulerit.
1279 3003 1346 3058 Et
1373 3004 1518 3074 quod
1551 3004 1620 3058 ad
1646 3017 1745 3058 nos
1766 3017 1873 3058 non
1895 3003 2133 3073 pertinet

543 3093 872 3160 amittentes,
898 3101 1240 3153 transeamus
1267 3097 1334 3152 ad
1369 3089 1437 3152 ea'
1458 3111 1580 3168 qua:
1612 3096 1680 3152 ad
1708 3111 1898 3152 omnes
1923 3095 2126 3162 ﬁdeles,

543 3187 1086 3257 qualiter‘credenda,
1115 3190 1202 3246 vel
1228 3189 1572 3262 intelligenda
1612 3189 1757 3256 sint,
1808 3189 2123 3259 pertinent;

545 3251 608 3337 ac
627 3281 782 3351 juxta
812 3286 954 3356 quod
995 3251 1262 3356 exiguitas
1296 3251 1485 3340 sensus
1538 3285 1708 3339 nostri
1743 3251 1978 3354 vat-tingit
2001 3322 2018 3349 ,
2061 3251 2130 3337 ex
2157 3251 2202 3316 Ο

543 3375 867 3430 auctoritate
902 3375 1309 3446 Scripturarum
1335 3374 1420 3430 vel
1450 3389 1718 3430 canonum
1775 3372 1975 3429 nostris
2001 3386 2130 3428 ocu-

543 3463 612 3520 lis
638 3467 1028 3524 consideranda
1057 3481 1438 3538 proponamus,
1467 3473 1528 3519 ut
1551 3464 1754 3536 petisti.

614 3561 724 3617 VII.
766 3561 919 3616 Licet
943 3561 1220 3632 indignum
1246 3560 1473 3615 ducatur
1497 3573 1597 3615 nos
1643 3557 1956 3614 melioribus
1997 3557 2131 3613 insi-

543 3669 715 3711 nuare
739 3653 867 3724 quid
889 3651 1231 3708 sentiendum
1261 3650 1332 3706 sit
1355 3651 1420 3706 de
1441 3649 1841 3720 dispensatione
1866 3648 2129 3704 ecclesia-

544 3748 805 3804 sticarum
836 3762 1036 3811 rerum,
1063 3760 1237 3816 neque
1265 3761 1296 3799 a
1329 3743 1527 3799 talibus
1552 3743 1738 3814 quales
1759 3758 1856 3798 nos
1894 3756 2080 3797 sumus
2103 3779 2118 3807 ,

542 3839 596 3896 id
624 3849 872 3910 potentes
900 3839 1079 3896 saeculi
1103 3838 1484 3910 inquirendum
1524 3844 1746 3908 putent;
1787 3845 1966 3892 tamen
1992 3836 2120 3905 quia

542 3931 688 3989 inter
712 3931 846 3988 tales
875 3946 1260 3988 conversamur
1298 3938 1360 3986 ut
1390 3928 1618 3985 velimus
1644 3928 1899 3994 nolimus,
1933 3927 2125 3984 crebro

2236 1983 2480 2053 Cumque
2499 1983 2602 2038 hoc
2629 1982 2684 2037 in
2709 1979 2858 2037 Novo
2880 1996 2988 2036 non
3012 1981 3289 2050 potuerint
3313 1980 3708 2048 demonstrare,
3749 1982 3840 2037 fa-

2236 2083 2455 2130 teantur
2481 2086 2703 2128 necesse
2733 2079 2818 2128 est
2847 2082 2869 2110 ο
2915 2071 3137 2126 decreto
3163 2072 3334 2127 veteri
3380 2073 3649 2128 contineri
3675 2090 3692 2130 :
3731 2089 3843 2130 ne-

2236 2182 2340 2238 que
2365 2168 2469 2223 hoc
2491 2165 2686 2232 solum,
2712 2164 2808 2220 sed
2834 2172 2889 2220 et
2908 2164 3076 2220 multa
3108 2163 3290 2220 forsan
3316 2164 3645 2235 huiusmodi.
3675 2165 3834 2222 Tum

2235 2273 2572 2330 consequens
2610 2258 2736 2324 erit,
2757 2258 3014 2324 arbitror,
3040 2267 3100 2312 ut
3126 2265 3180 2313 et
3208 2257 3341 2314 istas
3382 2258 3841 2319 ratiocinationes

2235 2353 2519 2408 inchoatas
2540 2351 2594 2406 in
2631 2350 2812 2406 Veteri
2867 2350 3236 2416 Testamento,
3263 2365 3332 2406 ex
3381 2349 3498 2421 ipso
3524 2351 3687 2406 etiam
3743 2350 3842 2406 fir-

2235 2449 2481 2505 mitatem
2505 2447 2751 2502 obtinere
2784 2459 2944 2518 posse
2995 2452 3051 2500 et
3076 2443 3272 2500 debere
3315 2445 3641 2511 concedant;
3686 2460 3840 2516 prm-

2235 2540 2425 2596 sertim
2447 2553 2571 2594 cum
2599 2545 2655 2593 et
2672 2536 2868 2592 litteris
2896 2535 3222 2607 evangelicis
3245 2544 3300 2592 et
3337 2536 3648 2607 apostolicis
3692 2552 3838 2594 con-

2235 2631 2486 2688 ﬁrmetur
2511 2631 2654 2702 quod
2673 2629 2980 2700 ubicunque
3011 2627 3098 2683 lex
3123 2627 3517 2683 mortalitatem
3539 2629 3714 2694 docet,
3750 2630 3837 2686 ita

2234 2733 2295 2781 ut
2315 2725 2512 2781 dicitur
2553 2722 2896 2794 intelligenda
2934 2722 3005 2777 sit
3043 2737 3105 2778 ac
3132 2723 3380 2777 tenenda.
3413 2721 3640 2778 Videtur
3682 2722 3829 2779 mihi

2231 2825 2590 2890 praeterea,ut
2616 2817 2870 2887 quoniam
2887 2816 3070 2872 omnia
3093 2815 3402 2872 testimonia
3425 2831 3547 2886 quae
3582 2817 3652 2872 ad
3679 2833 3829 2888 pra:-

2233 2911 2402 2968 sentis
2424 2909 2736 2982 quaestionis
2785 2908 3179 2966 absolutionem
3217 2909 3342 2965 inde
3388 2919 3711 2976 sumuntur,
3767 2922 3832 2968 et

2231 3003 2377 3057 omni
2399 3002 2621 3059 omnino
2649 3009 2804 3073 parte
2829 3015 2938 3057 non
2963 3002 3295 3058 conveniunt
3322 3002 3401 3058 eis
3434 3002 3597 3059 rebus
3624 3004 3829 3074 quibus

2232 3093 2582 3151 defendendis
2611 3101 2882 3166 aptantur,
2908 3102 3021 3149 tam
3042 3094 3280 3150 breviter
3305 3110 3334 3149 a
3355 3096 3513 3152 nobis
3546 3098 3827 3167 perstrin-

2235 3195 2450 3259 gantur,
2483 3194 2544 3242 ut
2591 3187 2696 3258 piis
2743 3187 2960 3259 quidem
3011 3185 3329 3243 sufﬁcientia
3372 3187 3689 3254 videantur,
3716 3189 3828 3246 illis

2232 3293 2363 3335 vero
2391 3280 2485 3350 qui
2513 3279 2903 3350 quaestionibus
2949 3281 3122 3352 magis
3155 3295 3318 3350 quam
3341 3280 3710 3360 .aadiﬁcationi
3744 3283 3826 3337 in-

2234 3371 2440 3426 servire
2458 3371 2630 3442 parati
2653 3378 2798 3438 sunt,
2821 3370 3149 3428 laboriosam
3174 3371 3560 3444 loquacitatem
3595 3376 3822 3447 proprio

2233 3461 2386 3518 libitu
2409 3471 2706 3518 reservent.

2305 3551 2436 3608 Vlll.
2477 3552 2674 3608 Notum
2704 3561 2789 3610 est
2819 3555 3037 3612 cunctis
3063 3555 3372 3628 Scripturas
3397 3558 3728 3634 legentibus,
3751 3562 3821 3618 ab

2233 3643 2386 3700 initio
2405 3644 2626 3699 humani
2657 3647 2869 3716 generis
2923 3648 3233 3704 sacerdotes
3267 3647 3435 3706 fuisse
3493 3657 3548 3705 et
3577 3650 3775 3706 altaria
3802 3691 3818 3718 ,

2228 3738 2476 3794 victimas
2497 3746 2554 3793 et
2581 3738 2882 3806 sacriﬁcia;
2916 3755 3018 3796 nec
3073 3740 3247 3797 solum
3281 3743 3394 3798 haec
3443 3741 3556 3798 Deo
3600 3741 3816 3810 oblata,

2228 3832 2320 3888 sed
2351 3840 2406 3887 et
2433 3831 2672 3887 decimas
2700 3840 2853 3887 votas
2877 3840 2931 3888 et
2958 3833 3329 3890 sacerdotibus
3352 3835 3592 3890 redditas
3621 3875 3636 3902 ,
3689 3834 3818 3906 ipsis

2230 3924 2406 3982 denuo
2439 3922 2807 3981 sacerdotibus
2826 3925 3094 3994 primitias
3124 3925 3410 3997 diligenter
3439 3925 3615 3993 datas,
3652 3933 3815 3982 cate-

1897 4020 2172 4080 BALUZII
2210 4018 2456 4076 NOTAE.‘

545 4115 625 4170 rei
652 4114 896 4168 meminit
917 4113 1089 4183 etiam?
1109 4122 1297 4167 auctor
1316 4113 1454 4183 Vitm
1471 4112 1736 4183 Ludovici
1759 4112 1862 4178 Pii,
1887 4113 2127 4183 itemque

540 4195 730 4241 auctor
757 4184 1039 4240 Annalium
1073 4182 1129 4238 S.
1158 4183 1384 4238 Bertini.
1440 4181 1517 4236 Ne
1551 4183 1673 4251 quis
1702 4197 1831 4237 vero
1869 4181 2128 4238 causetur

543 4264 869 4312 conventum
897 4253 1063 4311 fuisse
1093 4269 1242 4308 mere
1271 4252 1574 4322 politicum,
1603 4267 1709 4305 non
1741 4261 1921 4308 autem
1950 4253 2126 4309 eccle-

539 4325 839 4389 siasticum,
869 4326 1111 4396 adeoque
1139 4339 1238 4396 nec
1266 4323 1550 4396 synodum,
1587 4323 1742 4396 testis
1772 4332 1857 4396 est
1879 4324 2125 4396 Agobar-

538 4397 640 4452 dus
668 4397 720 4450 in
751 4396 924 4466 capite
948 4392 1214 4464 sequenti,
1239 4393 1288 4447 ei
1311 4393 1599 4466 conventui
1625 4392 2123 4451 interfuisse'etiam

537 4464 836 4538 episcopos.
873 4467 1100 4538 Vigebat
1120 4471 1299 4517 autem
1330 4464 1419 4538 hic
1445 4478 1561 4538 mos
1586 4480 1682 4534 per
1705 4480 1800 4538 eas
1829 4474 2123 4537 tempesta-

2229 4122 2451 4184 pantur,
2500 4127 2606 4166 non
2650 4119 2830 4181 potest
2869 4125 2990 4166 esse
3029 4111 3333 4184 episcopus,
3375 4119 3470 4184 aut
3507 4111 3810 4184 presbyter,

2231 4182 2324 4237 aut
2349 4183 2630 4247 diaconus,
2659 4191 2754 4236 aut
2779 4198 2844 4236 ex
2871 4195 2936 4235 eo
2965 4197 3187 4237 numero
3213 4183 3304 4251 qui
3331 4182 3632 4251 ministerio
3658 4182 3812 4239 sacro

2229 4254 2566 4309 deserviunt.
2595 4245 2624 4305 »⁷
2649 4251 2992 4308 Innocentius
3019 4252 3037 4306 l
3071 4253 3123 4307 in
3155 4245 3376 4323 epistola
3407 4253 3474 4307 ad
3495 4245 3810 4310 Victricium

2227 4324 2539 4395 episcopum
2558 4324 3045 4395 Rothomagensem
3069 4323 3196 4379 :tUt
3211 4324 3428 4395 viduam
3451 4323 3685 4380 clericus
3707 4341 3812 4381 non

2227 4393 2391 4450 ducat
2414 4408 2666 4458 uxorem;
2697 4393 3108 4463 quia’scriptum
3128 4402 3212 4449 est
3237 4435 3249 4448 .
3289 4393 3556 4450 Sacerdos
3583 4411 3810 4452 uxorem

2226 4464 2489 4538 virginem
2516 4465 2764 4538 accipiat,
2790 4481 2908 4538 none
2920 4463 3157 4538 viduam,
3191 4480 3298 4520 non
3327 4464 3576 4538 ejectam.
3615 4466 3809 4538 Utique

538 4533 639 4613 tes,
669 4533 736 4613 ut
753 4533 991 4613 episcopi
1021 4535 1075 4613 in
1107 4535 1462 4613 conventibus
1491 4533 1597 4589 illis
1625 4533 2122 4613 regiisAtrac'tarent
2145 4553 2199 4613 D
2224 4533 2337 4606 qui'
2365 4533 2847 4613 ad__sacerdotinm
2895 4533 3080 4613 labore
3125 4550 3225 4590 suo
3271 4545 3326 4613 et
3359 4533 3494 4613 vitae
3517 4533 3808 4613 probitate

535 4607 601 4663 de
629 4603 990 4678 rebus'sacris
1017 4612 1076 4678 _et
1103 4603 1170 4657 ad
1194 4604 1507 4675 religionem
1531 4603 1943 4678 pertinentibus,
1973 4624 2122 4664 seor-
2145 4603 2191 4613 ”
2224 4603 2523 4671 contendit,
2542 4621 2736 4662 cavere
2755 4605 2934 4678 debet,
2953 4620 3032 4678 ne
3053 4607 3157 4660 hoc
3177 4605 3486 4678 praeiudicio
3515 4603 3807 4678 impeditus

535 4693 655 4733 sum
690 4694 720 4731 a
747 4677 949 4746 laicis,
984 4675 1032 4746 si
1070 4688 1168 4746 res
1201 4684 1347 4729 esset
1382 4690 1533 4730 mere
1574 4677 1904 4746 spiritualis;
1959 4678 2120 4733 simul

533 4763 686 4818 vero,
702 4747 868 4818 si_res
888 4745 954 4798 ad
985 4744 1323 4818 disciplinam
1345 4744 1772 4818 ecclesiasticam
1795 4749 2115 4818 pertineret.

534 4816 654 4884 Quo
691 4815 852 4886 ﬁebat
889 4823 948 4870 ut
985 4814 1200 4870 decreta
1241 4816 1365 4871 dein
1399 4817 1453 4871 in
1491 4816 1762 4886 publicum
1795 4814 2115 4885 ederentur,

534 4901 655 4957 qua:
680 4885 891 4940 concilii
913 4886 1232 4958 episcopalis
1255 4885 1578 4958 auctoritate
1599 4897 1655 4942 et
1675 4887 1936 4958 dignitate
1957 4897 2118 4945 erant

535 4903 655 4957 qua:
680 4903 891 4940 concun
913 4903 1232 5011 episcopalis
1255 4903 1578 4942 anetorltate
1599 4903 1655 4942 et
1675 4903 1936 4958 dignitate
1957 4903 2118 4945 erant

535 4958 798 5012 instructa
817 4996 830 5021 ,
866 4965 926 5011 ut
954 4957 1093 5026 pluri
1134 4973 1196 5011 ns
1222 4959 1459 5012 ostendit
1490 4957 1668 5013 Marca
1697 4958 1750 5012 in
1781 4958 1920 5014 libro
1949 4977 2002 5015 vt
2042 4959 2119 5015 De

533 5026 854 5100 Qoncordia,
882 5042 1003 5097 cap.
1031 5027 1120 5081 25.
1157 5028 1337 5095 Quare
1365 5027 1587 5100 dubium
1614 5043 1722 5082 non
1753 5039 1838 5100 est
1864 5031 1997 5100 quin
2027 5030 2117 5085 hic

535 5097 985 5170 Compendiensis
1009 5108 1335 5170 conventus,
1349 5099 1416 5170 in
1444 5113 1551 5168 quo
1576 5097 1946 5170 raetumgdoc‘et
1972 5101 2118 5170 Ago-

533 5166 734 5223 bardus
771 5166 837 5222 de
875 5169 1036 5223 rebus
1073 5170 1246 5225 sacris
1283 5166 1475 5224 illicite
1502 5169 1651 5235 usis,
1693 5167 1887 5224 referri
1921 5166 2118 5226 debeat

534 5238 1378 5312 inter-synodosecclesiasticas,
1417 5255 1526 5296 non
1561 5254 1717 5296 secus
1746 5255 1808 5296 ac
1843 5241 1961 5297 alite
1995 5257 2117 5312 quae

535 5307 741 5364 saeculo
759 5307 851 5363 illo
876 5308 1159 5365 celebrata:
1187 5310 1423 5367 fuerunt.

607 5392 632 5419 ιι
665 5379 998 5434 Dimittamus
1039 5397 1253 5435 causam
1277 5381 1420 5447 Deo,
1471 5381 1525 5437 id
1567 5389 1686 5437 est:
1729 5381 1997 5449 Quoniam
2039 5380 2116 5437 illi

533 5449 726 5504 cedere
764 5449 950 5523 nolunt
974 5451 1222 5523 veritati,
1261 5453 1518 5508 cedamus
1546 5467 1647 5508 nos
1673 5453 1938 5523 tempori._
1972 5451 2116 5508 Deus

532 5529 718 5593 perro,
748 5520 1051 5593 cuicmnia
1092 5528 1218 5593 nota
1260 5531 1420 5588 sunt,
1463 5523 1746 5578 veritatem
1786 5520 2113 5593 patefaciet,

533 5589 759 5663 cumjta
786 5589 947 5663 rebus
975 5591 1225 5663 hemanis
1249 5593 1505 5663 expedire
1530 5594 1744 5648 viderit.

604 5657 718 5734 l[Si
751 5659 980 5734 viduam.
1018 5661 1302 5734 sumptum
1320 5657 1473 5717 'istud
1499 5679 1567 5718 ex
1595 5678 1806 5734 canone
1830 5679 1965 5720 xvm
1993 5679 2118 5734 apo-

531 5729 744 5804 stolico,
781 5731 835 5786 in
879 5746 986 5801 quo
1027 5732 1110 5804 sic
1151 5729 1414 5804 scriptum
1454 5743 1576 5789 est:
1607 5752 1626 5785 ‹
1658 5733 1716 5789 Si
1747 5734 1869 5804 quis
1897 5729 2114 5790 viduam

528 5800 842 5873 et_ejectam
872 5800 1165 5873 acceperit,
1196 5800 1293 5857 auf
1314 5805 1677 5867 meretricem,
1711 5800 1806 5858 aut
1835 5805 2113 5873 ancillam,

435 5907 437 5910 -
528 5869 619 5936 vel
642 5869 878 5948 aliquam
915 5873 981 5930 de
1002 5869 1103 5931 'his
1138 5890 1256 5950 qua:
1292 5874 1520 5947 publicis
1551 5875 1873 5949 spectaculis
1901 5869 2112 5938 manci;

2218 4678 2638 4749 pervenire_non
2671 4677 2859 4749 possit.
2894 4697 2911 4728 ι
2953 4675 3330 4749 Ηῆιθηιείρδρει
3371 4677 3425 4732 in
3465 4675 3674 4749 synodo
3703 4679 3806 4733 Ro-

2219 4746 2380 4829 man‘a
2407 4766 2420 4801 :
2451 4766 2469 4798 ι
2497 4746 2811 4829 pavendum
2843 4747 3064 4829 ergo
3100 4748 3291 4817 primis
3319 4756 3403 4802 est
3429 4746 3590 4829 nelad
3624 4765 3806 4805 sacros

2220 4819 2439 4890 gradus,
2473 4817 2813 4890 sicutgestis
2843 4817 3113 4890 prioribus
3140 4827 3264 4890 ante
3291 4819 3670 4890 praescriptum
3703 4829 3802 4884 est,

2254 4889 2522 4960 uisquam,
2545 4889 2637 4960 qui
2662 4903 2886 4960 uxorem
2911 4904 3021 4944 non
3039 4889 3499 4960 virginemduxiit,
3524 4889 3755 4960 'aspiret.
3781 4912 3798 4943 ι

2217 4903 2522 5016 ἓυιεῳιεῐη,
2545 4903 2637 4958 qui
2662 4903 2886 4944 uxorem
2911 4904 3021 4944 non
3039 4903 3306 4970 virginem
3327 4903 3499 4950 auxit,
3529 4903 3755 4960 aspiret.
3781 4912 3798 4943 ι

2267 4959 2511 5030 regorius
2555 4959 2779 5030 Magnus
2823 4958 2917 5032 lib.
2956 4975 3025 5032 ll,
3072 4967 3230 5032 epist.
3262 4959 3368 5032 25:
3401 4979 3418 5009 c
3449 4959 3802 5032 Przecipimus

2217 5029 2396 5084 autem
2417 5070 2432 5095 ,
2475 5043 2544 5084 ne
2567 5029 2803 5099 unquam
2841 5029 3058 5084 illicitas
3084 5030 3457 5085 ordinationes
3485 5029 3689 5099 facias,
3739 5048 3802 5088 ne

2217 5099 2524 5172 bigamum,
2565 5109 2660 5156 aut
2696 5101 2789 5170 qui
2827 5100 3096 5172 virginem
3132 5116 3241 5156 non
3280 5110 3363 5156 est
3402 5103 3630 5157 sortitus
3668 5119 3800 5158 uxo-

2216 5185 2352 5226 rem.
2390 5192 2409 5224 ι

2290 5251 2312 5280 ο
2338 5241 2559 5296 Decreto
2585 5244 2763 5308 veteri,
2795 5242 2850 5298 id
2877 5250 2979 5306 est,
3010 5241 3065 5297 in
3095 5241 3280 5300 Veteri
3309 5242 3686 5310 Testamento,
3715 5244 3799 5300 ubi

2217 5311 2320 5382 ista
2350 5321 2616 5382 prmcepta
2648 5321 2791 5379 sunt,
2823 5327 2934 5368 non
2963 5313 3019 5368 in
3046 5312 3216 5368 Novo.
3250 5313 3474 5369 Levitici
3513 5329 3636 5382 cap.
3668 5331 3795 5368 xxi:

2226 5380 2492 5454 Virginem
2519 5380 2671 5437 ducet
2702 5399 2940 5449 uxorem,
2973 5383 3226 5454 nimirum
3257 5384 3532 5439 sacerdos.
3576 5380 3796 5439 Viduam

2216 5453 2410 5517 autem,
2439 5463 2487 5506 et
2510 5454 2869 5524 repudiatam,
2897 5465 2946 5508 et
2974 5453 3266 5511 sordidam.
3293 5464 3448 5524 atque
3476 5456 3798 5509 meretricem

2216 5540 2321 5578 non
2350 5523 2606 5596 accipietL
2627 5524 2721 5596 sed,
2744 5524 2974 5596 puellam
3008 5524 3072 5579 de
3107 5525 3298 5596 populo
3325 5523 3440 5579 suo.
3497 5525 3796 5581 Ezechielis

2216 5608 2335 5664 cap.
2369 5593 2630 5668 thv:_Et
2676 5593 2886 5668 tviduam
2935 5605 2982 5649 et
3018 5593 3795 5668 repudiatammoneaeeipieut

2215 5681 2432 5736 umores,
2450 5666 2540 5719 sed
2569 5665 2791 5736 virgines
2821 5666 2885 5720 de
2915 5665 3109 5721 semine
3139 5667 3326 5720 domus
3351 5665 3542 5721 Israel.
3581 5665 3719 5720 Nam
3744 5665 3794 5718 in

2215 5733 2741 5808 NovoTestamento
2771 5737 2904 5792 nihil
2938 5737 3084 5792 aliud
3117 5738 3491 5808 praescriptum
3533 5751 3648 5808 est,
3695 5739 3796 5798 nisi

2215 5814 2275 5859 ut
2300 5805 2585 5877 episcopus
2615 5807 2685 5861 sit
2710 5809 2792 5864 vir
2818 5809 2979 5865 unius
3017 5805 3233 5877 uxoris,
3275 5805 3518 5869 tit—recte
3558 5805 3796 5871 notatum

2217 5884 2300 5940 est
2329 5876 2397 5935 ab
2421 5878 2728 5951 Agobarde.
