4012 6338
167 371 284 430 2‘55

1108 367 1235 424 LIB.
1279 368 1368 424 DE
1407 364 1958 424 DISPENSATIONE
1997 366 2191 423 ECCL.
2233 366 2502 425 BERUM.

3328 368 3442 433 tu

172 485 364 554 risque
395 481 661 538 ministris
690 478 771 536 'ab
814 481 961 537 omni
983 481 1176 552 populo
1210 492 1531 538 cunctarum
1580 495 1761 535 rerum
1789 485 1840 547 Α
1863 478 2067 534 secrari
2105 479 2206 534 sibi
2245 479 2516 548 homines,
2543 481 2834 548 animalia,
2873 483 2958 537 vel
2988 498 3168 555 agros,
3202 491 3297 541 aut
3351 485 3451 543 do-

175 573 419 630 decimas
446 572 697 636 tributas,
729 572 820 640 qui
851 572 1014 626 etiam
1039 571 1274 642 acceptis
1294 588 1360 626 ex
1385 573 1514 643 ipsis
1542 570 1767 626 decimis

173 664 418 720 decimas
444 663 814 733 persolverent
838 663 1228 719 sacerdotibus.
1255 663 1389 742 Illud
1415 677 1626 734 quoque
1655 678 1771 716 ma—

172 754 439 811 nifestum
463 763 567 820 est,
596 755 739 826 quod
777 765 976 825 praeter
1001 771 1095 811 eas
1117 771 1253 826 quas
1277 756 1559 821 ministris,
1601 755 1655 809 id
1684 764 1770 811 est

171 846 405 913 Levitis,
435 848 664 919 populus
712 849 1062 914 exsolvebat,
1101 847 1239 918 jussi
1295 856 1420 904 sunt
1461 864 1492 902 a
1539 847 1769 902 Domino

173 938 317 994 alias
347 955 530 995 rerum
557 955 779 996 suarum
807 941 860 995 in
887 941 1050 997 tertio
1076 955 1219 996 anno
1252 939 1491 995 decimas
1526 953 1764 1007 sumere;

171 1040 232 1088 et
265 1047 379 1086 non
403 1031 458 1086 in
485 1032 896 1105 quibuscunque
929 1032 1084 1098 locis,
1117 1033 1212 1088 sed
1253 1033 1308 1086 in
1332 1031 1526 1097 sacris,
1551 1031 1606 1087 id
1641 1039 1725 1087 est
1750 1072 1766 1098 ,

164 1123 334 1194 juxta
374 1123 546 1179 altare
569 1123 803 1190 Domini,
839 1125 1037 1192 viduis,
1087 1124 1339 1195 pupillis,
1371 1124 1632 1195 orphanis
1655 1165 1670 1190 ,
1716 1130 1773 1178 et

170 1213 388 1270 Levitis
409 1215 711 1271 comedere.
739 1214 909 1271 Iussit
939 1216 1103 1272 etiam
1135 1215 1396 1270 Dominus
1425 1224 1487 1269 ut
1515 1214 1769 1270 sacerdo-

175 1305 329 1361 tibus
358 1315 414 1361 et
435 1305 640 1362 Levitis
669 1307 932 1362 darentur
955 1307 1025 1362 ab
1058 1307 1307 1362 omnibus
1343 1306 1467 1382 ﬁliis
1494 1305 1659 1362 Israel
1686 1321 1772 1360 ur-

169 1399 274 1454 bes
307 1398 378 1452 ad
399 1398 775 1454 habitandum.
801 1398 867 1453 Et
892 1399 1030 1454 datae
1066 1406 1194 1454 sunt
1225 1399 1588 1470 quadraginta
1614 1398 1767 1465 duae,

167 1498 363 1546 et'sex
392 1490 650 1562 coniugii,
684 1491 737 1546 id
764 1499 847 1547 est
871 1531 886 1556 ,
953 1491 1113 1546 simul
1141 1491 1501 1563 quadraginta
1547 1500 1600 1546 et
1649 1497 1771 1546 octo

169 1583 462 1648 civitates;
504 1582 822 1654 pariterque
847 1583 900 1638 in
927 1584 1158 1640 circuitu
1184 1582 1606 1655 uniuscujusque
1639 1583 1773 1639 civi-

167 1675 311 1729 tatis
361 1675 598 1744 spatium
624 1677 927 1732 cubitorum
970 1677 1133 1732 duum
1174 1677 1401 1732 millium
1449 1676 1519 1730 ad
1556 1683 1772 1746 pastum

163 1783 459 1839 pecorum.
491 1769 905 1840 Permansitque
932 1771 1037 1826 hoc
1065 1770 1439 1825 inconvulsum
1463 1769 1611 1825 omni
1635 1778 1772 1825 tem-

1866 583 1985 623 mos
2020 569 2206 635 nollet,
2243 585 2520 641 nunquam
2548 572 2654 627 hoc
2676 573 2762 628 vel
2793 573 2848 627 in
2894 574 3079 630 Veteri
3132 575 3455 650 praeciperet

1865 661 1952 715 vel
1980 662 2032 715 in
2069 663 2218 718 Novo
2239 665 2356 719 ﬁeri
2382 665 2722 733 permitteret
2751 667 3115 725 Testamento.

1938 751 2028 806 XI.
2049 751 2257 819 Quanta
2273 763 2454 810 autem
2470 757 2770 812 reverentia
2788 769 3101 815 consecrata
3125 761 3354 818 Domino
3369 764 3458 820 de-

1865 843 2032 898 beant
2057 843 2338 910 custodiri,
2367 859 2434 899 ex
2463 845 2646 902 multis
2675 846 2970 918 Scriptura:
2994 850 3124 906 locis
3145 860 3326 923 potest
3343 853 3458 910 col-

1867 931 1980 1006 ligi,
1994 950 2061 989 ex
2074 933 2558 995 innumerabilibus
2578 939 2774 996 divina:
2796 941 3123 1001 defensionis
3136 945 3455 1016 ultionibus,

1867 1037 1988 1094 quae
2023 1025 2091 1081 ab
2125 1026 2379 1084 universo
2415 1031 2618 1088 mundo
2654 1047 2895 1104 unquam
2925 1037 3090 1092 scribi
3137 1040 3456 1109 potuerint;

1868 1117 2012 1174 sicut
2043 1135 2369 1193 magnopere
2391 1131 2554 1195 atque
2581 1125 2861 1183 evidenter
2876 1128 2931 1182 in
2961 1129 3142 1186 verbis
3164 1131 3462 1190 Dominicis

1866 1226 1967 1282 per
1993 1214 2284 1284 prophetas
2305 1217 2636 1276 denuntiatis
2654 1219 2892 1291 prudens
2907 1221 3078 1280 lector
3098 1223 3274 1282 valeat
3304 1226 3461 1283 intel-

1868 1306 2035 1377 ligere
2062 1323 2078 1362 :
2111 1310 2272 1381 quale
2291 1319 2377 1367 est
2400 1311 2531 1368 illud
2545 1314 2686 1385 quod
2709 1330 2809 1386 per
2828 1316 3142 1386 Jeremiam,
3160 1319 3319 1375 sicuti
3341 1336 3462 1377 mos

1868 1405 1953 1454 est
1986 1415 2084 1469 per
2117 1401 2525 1460 similitudinem
2568 1419 2756 1461 eorum
2791 1424 2912 1479 quae
2945 1409 3119 1481 magis
3171 1419 3299 1467 nota
3336 1421 3465 1468 sunt

1869 1490 2078 1544 occulta
2133 1492 2458 1563 signiﬁcari,
2514 1498 2925 1565 proverbialiter
2955 1500 3197 1557 dicitur:
3237 1499 3465 1558 Sanctus

1870 1577 2042 1634 Israel
2074 1581 2314 1651 Domino,
2342 1586 2591 1655 primitias
2615 1587 2828 1658 frugum
2863 1591 2999 1660 ejus.
3031 1590 3223 1648 Omnes
3248 1594 3339 1664 qui
3375 1593 3468 1650 de-

1870 1681 2055 1726 vorant
2095 1689 2215 1728 eum
2239 1674 2548 1747 delinquunt
2573 1691 2592 1730 :
2622 1679 2764 1732 mala
2787 1681 2987 1736 venient
3013 1699 3170 1754 super
3191 1700 3309 1750 eos,
3339 1684 3468 1738 dicit

1872 1761 2151 1818 Dominus.
2197 1764 2438 1832 Quorum
2460 1768 2770 1835 verborum,
2797 1778 2859 1825 ut
2887 1773 3079 1829 beatus
3106 1771 3469 1845 Hieronymus

163 1874 310 1930 pore
334 1859 578 1928 judicum
617 1870 672 1916 ει
718 1877 906 1933 regum
923 1877 938 1927 ;
991 1863 1069 1916 ita
1097 1868 1157 1915 ut
1194 1877 1294 1916 nec
1323 1847 1520 1932 impius
1552 1859 1769 1926 Achab,
1801 1849 1848 1909 B
1877 1851 1969 1916 ait,
1991 1852 2079 1907 hic
2101 1869 2294 1910 sensus
2315 1864 2398 1912 est
2424 1873 2436 1910 :
2466 1875 2485 1907 ‹
2513 1855 2794 1924 Quomodo
2812 1861 3184 1932 quiprimitias
3205 1863 3470 1921 devorant

163 1968 279 2008 nec
307 1953 603 2007 sceleratus
647 1952 922 2008 Manasses
950 1993 964 2018 ,
1015 1968 1116 2007 nec
1144 1951 1287 2006 ﬁlius
1343 1951 1458 2021 ejus
1501 1952 1731 2007 Ammon
1757 1989 1772 2016 ,

166 2053 454 2099 temerare
511 2045 626 2100 ausi
684 2044 812 2100 sint.
856 2043 962 2099 Sed
1015 2052 1303 2114 postquam
1354 2052 1638 2114 separatus
1691 2048 1776 2097 est

164 2133 346 2190 Israel
368 2150 401 2189 a
431 2135 590 2190 domo
613 2133 783 2189 David
817 2149 918 2205 per
938 2133 1250 2200 Jeroboam,
1276 2133 1368 2203 qui
1392 2148 1622 2203 peccare
1647 2132 1776 2188 fecit

162 2224 373 2289 Israel;
396 2231 524 2279 tunc
563 2225 799 2296 primum
835 2223 990 2294 ejecti
1034 2233 1164 2280 sunt
1191 2225 1506 2280 sacerdotes
1531 2224 1772 2293 Domini,

165 2317 320 2372 sicut
359 2317 464 2388 ipsi
491 2315 784 2374 Jeroboam
810 2319 1209 2390 improperatur
1236 2333 1336 2391 per
1370 2318 1566 2374 Abiam
1591 2333 1772 2390 regem

165 2408 340 2464 Iuda.

245 2502 339 2557 IX.
376 2501 508 2559 Post
535 2510 767 2558 mortem
796 2503 987 2576 Moysi,
1017 2504 1139 2559 tulit
1172 2502 1337 2560 Iosue
1384 2518 1604 2560 omnem
1632 2503 1774 2558 mul-

165 2594 465 2648 titudinem
500 2593 730 2648 ﬁliorum
751 2593 937 2661 Israel,
967 2603 1023 2650 et
1053 2596 1202 2650 venit
1222 2596 1277 2650 in
1314 2594 1562 2666 Galgala.
1599 2593 1768 2649 Cum-

167 2701 282 2757 que
313 2686 804 2743 circumdedissent
848 2689 1038 2744 urbem
1064 2687 1304 2755 Iericho,
1340 2689 1478 2744 dixit
1502 2687 1666 2743 Josue
1702 2687 1772 2744 ad

163 2792 393 2832 omnem
433 2777 639 2833 Israel:
672 2777 912 2833 Tradidit
963 2780 1106 2834 vobis
1153 2779 1412 2834 Dominus
1465 2779 1770 2847 civitatem,

165 2872 344 2943 sitque
370 2873 551 2927 civitas
579 2873 692 2927 hac
717 2873 1020 2941 anathema,
1043 2884 1091 2930 et
1109 2876 1285 2931 omnia
1312 2891 1430 2946 qua
1460 2876 1515 2930 in
1537 2893 1598 2930 ea
1620 2884 1766 2942 sunt,

165 2964 425 3019 Domino.
463 2965 530 3020 Et
559 2975 683 3036 post
713 2982 921 3038 pauca:
953 2965 1140 3024 Cavete
1189 2986 1252 3025 ne
1279 2969 1345 3024 de
1379 2970 1462 3026 his
1488 2987 1606 3042 qua:
1635 2987 1772 3040 prte-

166 3067 320 3128 cepta
341 3067 464 3112 sunt
487 3059 822 3131 contingatis,
845 3071 895 3115 et
924 3061 1038 3116 sitis
1084 3065 1533 3134 prwvaricationis
1555 3065 1666 3131 rei,
1720 3071 1772 3120 et

166 3150 354 3202 omnia
383 3159 559 3202 castra
589 3147 759 3204 Israel
783 3150 878 3205 sub
905 3163 1114 3222 peccato
1134 3153 1256 3218 sint,
1291 3162 1445 3224 atque
1466 3154 1764 3210 turbentur.

145 3240 452 3314 .Quidquid
503 3254 676 3298 autem
703 3245 824 3298 auri
853 3254 903 3300 et
931 3246 1134 3316 argenti
1183 3245 1378 3316 fuerit,
1425 3255 1474 3301 et
1521 3263 1766 3302 vasorum

165 3351 451 3389 cneorum
480 3351 544 3387 ac
571 3334 714 3403 ferri,
745 3334 973 3390 Domino
1019 3345 1370 3402 consecretur,
1404 3337 1688 3406 repositum
1714 3338 1772 3392 in

164 3423 450 3477 thesauris
478 3423 610 3493 ejus.
640 3424 703 3479 Et
751 3425 948 3480 iterum
977 3443 990 3477 :
1026 3423 1214 3480 Urbem
1244 3436 1294 3480 et
1331 3427 1507 3481 omnia
1545 3445 1663 3498 quae
1715 3429 1772 3484 in

161 3532 240 3570 ea
277 3514 492 3570 inventa
517 3527 635 3570 sunt
668 3517 1044 3573 succenderunt
1075 3518 1268 3590 absque
1289 3530 1529 3591 argento,
1553 3529 1600 3575 et
1616 3521 1778 3589 auro,‘

164 3618 224 3662 et
258 3607 402 3662 vasis
434 3609 608 3675 (eaeis,
641 3627 703 3664 ac
760 3611 900 3680 ferro
923 3649 941 3676 ,
991 3628 1108 3682 qua:
1144 3614 1202 3667 in
1253 3613 1502 3666 azrarium
1560 3613 1772 3668 Domini

163 3708 572 3753 consecrarunt.
597 3698 900 3769 Mirumque
941 3701 996 3756 in
1026 3702 1263 3766 modum,
1292 3717 1418 3758 cum
1442 3719 1582 3759 unus
1611 3704 1773 3759 homo

164 3793 278 3849 hoc
306 3795 700 3864 praevaricatus
729 3794 938 3862 fuisset,
970 3811 1160 3852 omnes
1210 3796 1465 3852 dicuntur
1515 3799 1774 3868 przevari-

165 3882 286 3937 cati
327 3897 453 3937 esse
473 3891 530 3938 et
554 3899 846 3954 usurpasse
879 3887 945 3940 de
973 3887 1342 3941 anathemate'
1401 3887 1774 3958 Dominusque

163 3972 350 4028 iratus
373 3975 610 4029 refertur
639 3986 831 4031 contra
855 3975 995 4031 ﬁlios
1017 3976 1202 4031 Israel.

242 4063 316 4118 Χ.
358 4064 700 4137 Praeceptum
726 4074 811 4122 est
848 4083 879 4121 a
905 4067 1135 4124 Domino
1160 4085 1260 4139 per
1306 4069 1525 4142 Moysen
1553 4081 1613 4126 ut
1651 4074 1774 4127 ani-

159 4155 282 4209 mal
327 4157 474 4226 quod
515 4157 783 4213 immolari
811 4167 990 4230 potest
1012 4160 1260 4227 Domino,
1289 4163 1332 4218 si
1358 4165 1480 4234 quis
1515 4166 1726 4221 voverit
1755 4206 1772 4232 ,

161 4256 430 4300 sanctum
459 4247 552 4313 sit,
582 4255 636 4303 et
660 4249 861 4303 mutari
890 4265 996 4305 non
1018 4252 1211 4322 possit,
1238 4252 1293 4306 id
1320 4263 1423 4320 est,
1457 4270 1557 4310 nec
1582 4255 1776 4312 melius

163 4335 350 4408 malo,
370 4351 475 4392 nec
510 4336 664 4408 pejus
695 4337 874 4394 bono:
906 4341 1049 4411 quod
1082 4342 1128 4397 si
1182 4351 1450 4399 mutatum
1492 4343 1686 4412 fuerit,
1725 4355 1776 4402 et

158 4424 367 4493 ipsum,
400 4425 497 4492 ait,
519 4427 660 4497 quod
684 4437 945 4483 mutatum
991 4440 1087 4495 est,
1119 4441 1166 4485 et
1192 4432 1326 4486 illud
1349 4451 1445 4504 pro
1466 4452 1568 4506 quo
1596 4447 1775 4495 musa-

155 4524 277 4570 tum
303 4527 412 4583 est,
445 4530 802 4574 consecratum
829 4521 928 4575 erit
951 4521 1199 4576 Domino.
1234 4521 1477 4594 Itemque
1509 4526 1577 4580 de
1603 4527 1776 4581 domi-

155 4609 267 4667 bus
287 4621 350 4668 et
386 4615 536 4686 agris
572 4616 808 4672 dicitur:
842 4616 1014 4671 Homo
1041 4619 1088 4672 si
1131 4618 1323 4672 voverit
1359 4619 1572 4673 domum
1598 4636 1770 4685 suam,

152 4712 207 4756 et
234 4705 660 4773 sanctificaverit
689 4707 938 4776 Domino,
962 4710 1316 4764 considerabit
1355 4727 1470 4765 eam
1499 4711 1770 4779 sacerdos,

151 4809 207 4854 et
221 4801 406 4870 juxta
427 4801 650 4871 pretium
677 4803 816 4874 quod
837 4805 901 4858 ab
929 4821 988 4859 eo
1019 4805 1176 4875 fuerit
1201 4807 1542 4861 constitutum
1572 4824 1773 4861 venun-

150 4893 414 4948 dabitur.
455 4891 552 4948 Sin
577 4905 753 4949 autem
790 4895 880 4950 ille
905 4897 994 4966 qui
1022 4904 1254 4962 voverat,
1284 4895 1506 4951 voluerit
1529 4913 1645 4951 eam
1690 4913 1773 4951 re-
1797 4891 1809 4907 ’

149 4985 396 5052 dimere,
429 4985 573 5040 dabit
600 4988 837 5057 quintam
866 4999 1065 5059 partem
1092 4989 1456 5043 wstimationis
1480 5006 1663 5060 supra.
1689 4988 1775 5044 Si-

147 5077 378 5132 militer
411 5091 630 5147 quoque
653 5078 875 5148 jubetur
902 5088 957 5135 et
1006 5081 1071 5135 de
1098 5096 1264 5151 agro;
1297 5095 1458 5148 quem
1487 5081 1533 5135 si
1587 5081 1635 5136 is
1681 5082 1777 5151 qui

147 5171 319 5224 vovit
360 5168 544 5223 noluit
573 5170 854 5234 redimere,
886 5170 976 5225 sed
1021 5169 1173 5224 alteri
1203 5169 1364 5240 fuerit
1407 5171 1734 5225 venundatus
1759 5211 1775 5238 ,

148 5262 310 5316 ultra
362 5277 489 5315 eum
529 5260 619 5332 qui
669 5273 874 5316 voverat
925 5263 1176 5316 redimere
1221 5279 1326 5316 non
1381 5264 1604 5333 poterit;
1653 5265 1779 5335 quia

149 5370 278 5407 cum
300 5351 532 5424 jubilazi
559 5358 750 5407 venerit
777 5354 908 5417 dies,
936 5354 1296 5422 sanctificatus
1327 5355 1425 5408 erit
1456 5355 1700 5422 Domino,
1732 5365 1781 5410 et

143 5448 439 5519 possessio
473 5458 801 5516 consecrata,
829 5449 897 5501 ad
925 5449 1039 5518 ejus
1069 5449 1290 5520 pertinet
1317 5447 1662 5501 sacerdotem.
1711 5446 1780 5501 Et

146 5547 285 5607 post
337 5553 563 5608 pauca:
601 5536 768 5592 Omne
803 5539 942 5609 quod
996 5539 1222 5593 Domino
1256 5547 1595 5592 consecratur
1619 5578 1633 5601 ,
1674 5537 1778 5591 sive

144 5630 324 5684 homo
355 5628 487 5692 erit,
514 5627 620 5680 sive
656 5628 876 5693 animal,
904 5630 1010 5683 sive
1047 5646 1192 5700 ager,
1219 5647 1320 5684 non
1362 5628 1776 5695 venundabitur,

147 5740 252 5778 nec
285 5719 495 5776 redimi
524 5722 733 5789 poterit.
796 5721 1063 5794 Quidquid
1098 5721 1258 5778 semel
1312 5722 1472 5792 fuerit
1510 5739 1780 5778 consecra-

146 5828 302 5883 tum,
335 5821 594 5871 sanctum
615 5815 713 5868 erit
741 5813 990 5873 Domino.
1033 5815 1091 5874 Si
1115 5817 1460 5889 omnipotens
1487 5818 1631 5876 Deus
1651 5831 1780 5876 con-

440 5925 715 5988 Ps'raon.
761 5926 925 5991 CIV.

1874 1959 2216 2015 nequaquam
2243 1948 2310 2002 de
2337 1963 2535 2019 genere
2565 1951 2909 2018 sacerdotali,
2943 1954 3164 2011 sceleris
3191 1956 3270 2012 rei
3307 1964 3465 2022 sunt;

1873 2037 1956 2094 sic
1983 2039 2075 2109 qui
2105 2041 2477 2097 contaminant
2496 2041 2685 2108 Israel,
2713 2044 2871 2100 malis
2900 2044 3276 2115 subjicientur.
3307 2069 3326 2102 ι
3358 2048 3471 2105 Ma-

1874 2128 2081 2186 lachias
2107 2147 2323 2202 quoque
2363 2134 2464 2188 sub
2503 2134 2882 2191 exhortatione
2917 2138 3252 2196 decimarum
3304 2141 3469 2196 retri-

1872 2217 2150 2276 butionem
2173 2230 2228 2276 et
2265 2223 2562 2279 vindictam
2601 2226 2949 2299 diligentibus
2973 2231 3180 2300 pariter
3204 2247 3270 2288 ac
3296 2232 3472 2305 negli-

1873 2313 2124 2384 gentibus
2149 2329 2218 2370 ex
2266 2317 2447 2373 verbis
2474 2317 2688 2375 Domini
2715 2337 3025 2392 proponens
3054 2327 3212 2396 quasi
3236 2326 3476 2383 interro-

1873 2407 2131 2477 gantibus
2155 2408 2348 2476 Deum,
2379 2419 2435 2466 et
2470 2412 2794 2481 dicentibus,
2826 2415 2894 2469 In
2923 2433 3026 2487 quo
3049 2418 3364 2482 conﬁcimus
3385 2419 3476 2475 te.’

1871 2499 2149 2566 respondit
2171 2499 2357 2556 dicens
2383 2520 2396 2555 :
2429 2501 2498 2557 In
2522 2503 2738 2560 decimis
2758 2517 2808 2560 et
2831 2508 3133 2579 primitivis.
3161 2509 3232 2564 In
3247 2512 3475 2582 penuria

1871 2605 1960 2644 vos
1985 2588 2251 2647 maledicti
2271 2595 2414 2660 estis,
2443 2605 2491 2650 et
2518 2612 2600 2651 me
2626 2614 2714 2652 vos
2744 2599 3006 2670 conligitis
3030 2618 3156 2673 gens
3205 2612 3337 2658 tota.
3375 2602 3476 2659 In-

1871 2682 2002 2752 ferte
2039 2701 2242 2739 omnem
2270 2685 2527 2742 decimam
2555 2687 2612 2744 in
2649 2690 2924 2758 horreum,
2947 2702 2998 2746 et
3021 2694 3090 2748 sit
3117 2693 3265 2750 cibus
3283 2694 3341 2749 in
3367 2694 3470 2750 do-

1868 2793 1956 2832 mo
1993 2795 2145 2844 mea;
2182 2789 2230 2834 et
2258 2779 2476 2851 probate
2502 2797 2584 2836 me
2611 2798 2770 2852 super
2801 2783 2922 2849 hoc,
2953 2783 3078 2839 dicit
3107 2784 3391 2852 Dominus,
3422 2787 3473 2842 si

1871 2886 1978 2924 non
2000 2871 2236 2942 speriero
2279 2871 2420 2927 vobis
2449 2882 2748 2928 cataractas
2775 2873 2890 2929 caeli
2917 2917 2933 2942 ,
2974 2885 3023 2930 et
3051 2876 3290 2947 e/fudero
3327 2877 3475 2935 vobis

1870 2961 2282 3017 benedictionem
2317 2981 2482 3035 usque
2511 2965 2581 3019 ad
2609 2963 3016 3034 abundantiam,
3039 2976 3095 3022 et
3122 2977 3342 3024 caetera.
3375 2967 3477 3026 His

1871 3052 2070 3108 similia
2093 3055 2146 3109 in
2173 3055 2312 3111 libro
2333 3055 2586 3126 leguntur
2605 3057 2810 3114 Esdrae.
2841 3051 3092 3116 Aitenim
3119 3078 3130 3114 :
3167 3060 3473 3118 Statuemus

1870 3160 2028 3215 super
2057 3161 2151 3200 nos
2178 3156 2458 3218 praecepta,
2483 3157 2543 3204 ut
2565 3149 2748 3204 demus
2773 3152 2982 3206 ter.“iam
3002 3160 3206 3223 partem
3233 3153 3352 3209 sicli
3379 3171 3476 3226 per

1872 3251 2070 3289 annum
2103 3235 2173 3289 ad
2209 3253 2338 3307 opus
2374 3235 2562 3293 domus
2589 3237 2687 3294 Dei
2733 3241 2920 3307 nostri,
2953 3251 3003 3296 et
3036 3259 3198 3313 panes
3235 3246 3476 3315 proposi-

1873 3327 2052 3391 tionis,
2094 3335 2142 3380 et
2195 3327 2265 3381 ad
2316 3328 2638 3399 sacriﬁcium
2681 3333 3077 3403 sempiternum.
3118 3335 3188 3390 Et
3229 3336 3469 3393 iterum:

1875 3419 2056 3476 Sortes
2084 3421 2323 3477 misimus
2346 3439 2504 3495 super
2531 3423 2792 3480 oblatione
2839 3426 3107 3498 lignorum
3146 3429 3283 3486 inter
3303 3447 3475 3487 sacer-

1873 3511 2019 3566 dotes
2046 3522 2096 3568 et
2128 3512 2334 3568 Levitas
2354 3523 2404 3569 et
2434 3514 2708 3586 populum,
2731 3527 2791 3572 ut
2819 3518 3124 3588 inferantur
3148 3522 3204 3576 in
3256 3523 3476 3579 domum

1873 3602 1974 3658 Dei
2002 3606 2168 3659 nostri
2187 3623 2281 3676 per
2307 3607 2492 3663 domos
2514 3618 2726 3678 patrum
2754 3620 3078 3681 nostrorum,
3100 3631 3194 3685 per
3213 3625 3472 3683 temvora,

1875 3711 1908 3748 a
1928 3697 2241 3767 temporibus
2271 3697 2401 3752 anni
2421 3715 2583 3770 usque
2603 3699 2674 3755 ad
2700 3717 2932 3769 annum;
2961 3714 3018 3758 ut
3049 3705 3294 3762 arderent
3315 3724 3478 3779 super

1875 3784 2045 3840 altare
2062 3785 2158 3841 Dei
2182 3789 2366 3854 nostri,
2384 3791 2519 3843 sicut
2533 3790 2788 3860 scriptum
2813 3800 2890 3846 est
2903 3791 2958 3846 in
2977 3791 3090 3865 lege
3105 3793 3279 3864 Moysi
3296 3813 3316 3861 ;
3343 3805 3395 3851 et
3415 3805 3478 3851 ut

1875 3877 2186 3946 aﬁ'erremus
2209 3880 2554 3950 primogenita
2581 3890 2735 3934 teme
2764 3890 2977 3948 nostris,
3003 3892 3051 3936 et
3072 3884 3338 3952 primitiva
3362 3886 3481 3939 uni-

1875 3969 2010 4022 versi
2035 3969 2240 4038 fructus
2277 3970 2446 4024 ornnis
2482 3970 2630 4041 ligni,
2655 3971 2720 4024 ab
2769 3988 2908 4028 anno
2956 3973 3012 4027 in
3035 3991 3234 4029 annum
3275 3977 3330 4032 in
3379 3977 3480 4035 do-

1873 4078 2019 4116 mum
2047 4060 2291 4126 Domini,
2347 4071 2395 4116 et
2434 4063 2701 4133 primitiva
2749 4063 2987 4134 ﬁliorum
3035 4077 3379 4138 nostrorum,
3425 4081 3479 4128 et

1875 4171 2122 4226 pecorum
2170 4164 2489 4219 nostrorum,
2521 4155 2656 4209 sicut
2711 4157 2967 4227 scriptum
3011 4168 3087 4214 est
3122 4161 3180 4216 in
3221 4160 3365 4233 lege;
3428 4172 3480 4219 et

1875 4247 2140 4318 primitiva
2165 4246 2320 4302 boum
2347 4257 2648 4303 nostrorum
2675 4289 2690 4312 ,
2743 4259 2792 4303 et
2815 4251 2987 4305 ovium
3015 4261 3317 4309 nostrarum
3343 4295 3362 4320 ,
3420 4261 3482 4310 ut

1877 4339 2170 4408 o/ferantur
2203 4341 2259 4394 in
2287 4340 2442 4394 domo
2471 4340 2568 4395 Dei
2594 4341 2760 4395 nostri
2787 4343 3150 4400 sacerdotibus
3187 4348 3278 4418 qui
3319 4347 3479 4402 mini-

1877 4439 2047 4484 strant
2060 4431 2117 4484 in
2139 4430 2293 4484 domo
2306 4430 2405 4484 Dei
2427 4431 2631 4496 nostri;
2661 4443 2708 4486 et
2733 4433 2998 4503 primitiva
3019 4435 3256 4491 ciborum
3272 4445 3483 4492 nostro-

1879 4541 2018 4589 rum,
2031 4533 2079 4578 et
2100 4521 2408 4577 libaminum
2418 4564 2432 4588 ,
2447 4532 2494 4577 et
2518 4540 2674 4595 poma
2688 4528 2858 4580 omnis
2879 4525 3029 4598 ligni,
3052 4528 3328 4583 vindemia:
3341 4546 3480 4599 quos

1878 4633 2000 4688 que,
2017 4625 2066 4669 et
2097 4613 2220 4680 olei,
2242 4615 2531 4686 aﬂ'eramus
2554 4616 2917 4672 sacerdotibus
2941 4618 3011 4671 ad
3038 4618 3478 4690 gazophylacium

1883 4707 1978 4762 Dei
2002 4705 2169 4761 nostri
2189 4746 2204 4771 ,
2243 4714 2290 4759 et
2342 4705 2598 4759 decimam
2633 4717 2835 4777 partem
2864 4715 3018 4762 terrae
3050 4719 3241 4763 nostra’
3262 4708 3478 4766 Levitis.

1877 4799 1990 4870 Ipsi
2016 4798 2207 4853 Levita:
2238 4798 2469 4852 decimas
2507 4799 2765 4869 accipient
2800 4815 2866 4852 ex
2907 4799 3148 4854 omnibus
3179 4801 3480 4860 civitatibus

1874 4905 2092 4959 operum
2121 4897 2440 4945 nostrorum.
2472 4887 2592 4942 Erit
2621 4897 2794 4942 autem
2834 4887 3080 4943 sacerdos
3111 4888 3258 4958 ﬁlius
3296 4893 3483 4950 Aaron

1877 5002 1998 5039 cum
2027 4983 2219 5038 Levitis
2247 4984 2302 5037 in
2345 4983 2563 5038 decimis
2591 4981 2914 5046 Levitarum,
2941 4991 2990 5036 et
3022 4981 3210 5038 Levita:
3258 4986 3482 5056 o/ferent

1881 5077 2140 5131 decimam
2165 5084 2367 5146 partem
2405 5075 2620 5130 decima
2647 5092 2758 5130 sua:
2791 5076 2848 5130 in
2875 5074 3031 5131 domo
3073 5077 3172 5133 Dei
3201 5082 3366 5135 nostri
3408 5082 3480 5137 ad

1882 5167 2317 5239 gazophylacium
2340 5169 2396 5223 in
2435 5168 2590 5222 domo
2617 5168 2869 5222 thesauri.
2917 5168 3001 5222 Ad
3040 5171 3479 5243 gazophylacium

1883 5259 2022 5312 enim
2047 5257 2393 5329 deportabant
2422 5257 2523 5328 ﬁlii
2554 5255 2726 5311 Israel
2745 5265 2791 5311 et
2812 5256 2913 5327 ﬁlii
2939 5256 3061 5314 Levi
3081 5263 3342 5331 primitias
3361 5262 3480 5332 fru-

1886 5351 2068 5416 menti,
2093 5350 2196 5405 vini
2219 5359 2266 5404 et
2295 5350 2393 5404 olei
2406 5367 2425 5416 ;
2451 5357 2499 5402 et
2540 5348 2613 5402 ibi
2656 5359 2805 5403 erunt
2851 5367 2975 5404 vasa
3013 5352 3345 5419 sanctiﬁcata
3373 5393 3389 5419 ,
3430 5362 3482 5407 et

1880 5441 2199 5506 sacerdotes,
2230 5451 2278 5494 et
2319 5449 2577 5503 cantores,
2617 5449 2667 5493 et
2699 5440 2994 5509 janitores,
3040 5453 3088 5496 et
3113 5442 3376 5508 ministri,
3430 5454 3481 5498 et

1883 5549 1986 5586 non
2008 5533 2325 5586 dimittemus
2372 5533 2586 5583 domum
2616 5529 2713 5584 Dei
2764 5531 2948 5586 nostri.
2981 5532 3038 5587 In
3064 5533 3261 5603 quibus
3299 5534 3482 5592 verbis

1882 5623 2157 5677 evidenter
2188 5629 2426 5691 apparet,
2455 5630 2657 5691 quanta
2689 5623 2833 5678 illius
2865 5623 3050 5694 pepuli
3088 5640 3218 5678 cura
3250 5633 3305 5679 et
3357 5621 3483 5681 dili-

1881 5716 2062 5788 gentia
2086 5722 2229 5769 esset
2257 5727 2386 5784 erga
2423 5712 2642 5770 domum
2672 5715 2786 5780 Dei,
2825 5725 2882 5770 et
2917 5716 3099 5772 cuncti
3143 5717 3360 5785 generis
3392 5731 3482 5772 sa-

1882 5808 2090 5867 criﬁcia
2142 5807 2229 5868 vel
2260 5807 2527 5867 donaria:
2561 5811 2655 5883 qui
2717 5825 2825 5867 non
2878 5811 3053 5866 solum
3118 5807 3382 5892 decimas,
3414 5822 3483 5870 ss

2958 5925 3001 5987 8
