4012 6338
1103 345 1236 407 Lm.
1274 346 1369 404 ne
1394 339 1957 407 01011111111110110
1997 339 2197 398 scen.
2238 301 2505 395 1111111111.

164 473 375 546 legitur
398 509 417 536 ,
453 466 682 538 ﬂagellis
725 463 856 521 talia
900 468 1125 534 agentes
1159 459 1466 517 eliminavit
1500 461 1570 516 de
1619 467 1750 514 tem:
1790 458 1843 520 Α
1865 455 1969 509 dm.
1998 454 2255 528 Nunquid
2276 463 2481 526 tempus
2503 454 2647 509 vobis
2670 460 2749 510 est
2779 462 2835 509 ut
2860 453 3109 510 habitetis
3135 456 3194 510 in
3215 455 3457 512 domibus

162 566 279 638 ple.
309 563 514 617 Peuset
538 559 706 629 igitur
724 555 813 611 cui
836 554 1019 624 placet
1041 568 1110 609 ex
1141 551 1301 606 factis
1333 558 1389 606 et
1439 549 1620 605 verbis
1666 550 1767 604 Do-

166 655 307 712 mini
324 695 339 719 ,
362 653 410 707 si
439 652 495 706 in
523 647 821 719 ejusdomo
835 646 984 701 aliud
1005 643 1209 713 aliquid
1230 642 1465 699 vendere
1485 655 1592 695 non
1614 639 1763 706 licet,

167 754 382 818 quanto
409 742 588 813 magis
623 740 797 810 ipsum
827 736 1049 793 domum
1090 734 1271 790 facere
1300 732 1459 788 nefas
1484 740 1570 788 est
1600 746 1766 787 vena-

165 838 303 893 lem.
329 832 659 890 Sacerdotes
694 827 1108 899 Egyptiorum,
1156 832 1404 896 tempore
1448 823 1649 889 famis,
1689 823 1766 877 ita

167 930 397 984 aluntur
425 921 831 994 atipe.publiea,
866 929 927 974 ut
966 917 1348 989 possessiones
1377 930 1505 971 suas
1532 914 1769 971 vendere

167 1037 285 1077 nou
309 1017 733 1090 compellantur.
762 1012 919 1068 Nunc
940 1028 1051 1068 non
1078 1011 1253 1067 solum
1277 1010 1653 1080 possessiones
1670 1023 1765 1065 ec-

165 1110 532 1175 clesiastica,
563 1107 663 1164 sed
692 1108 824 1178 ipsa
866 1106 1030 1160 etiam
1061 1115 1089 1144 ι
1118 1102 1377 1167 Ecclesia:
1401 1114 1524 1157 cum
1555 1114 1769 1171 posses-

167 1206 428 1264 sionibus
452 1202 850 1259 vemmdautur.
912 1197 1026 1254 Nec
1079 1198 1147 1253 de
1175 1197 1282 1252 illis
1318 1209 1485 1267 quam
1530 1193 1770 1250 maxime

170 1301 447 1358 audemus
478 1299 685 1362 (ﬁcere,
711 1308 945 1365 quorum
961 1292 1151 1364 proavi
1183 1299 1283 1346 aut
1310 1289 1470 1347 abavi
1517 1296 1769 1345 constru-

169 1399 383 1449 xerunt
407 1390 692 1455 ecclesias,
720 1400 786 1443 ac
811 1387 1122 1442 ditaveth
1144 1424 1160 1451 ,
1188 1393 1245 1439 et
1271 1383 1616 1439 testamentis
1635 1380 1771 1436 scri-

169 1485 285 1557 ptis
310 1491 478 1554 aurae
511 1480 740 1536 ﬁrmatis
775 1479 957 1535 nullos
977 1493 1041 1533 se
1080 1477 1365 1532 habituros
1392 1475 1637 1531 hmredes
1661 1471 1769 1528 nisi

172 1577 475 1634 ecclesiam
498 1584 556 1630 et
580 1581 827 1630 rectores
863 1572 983 1644 ejus
1007 1569 1500 1633 denuntiaverunt;
1548 1574 1604 1622 et
1626 1576 1773 1620 nunc

171 1673 286 1744 ipsi
314 1677 507 1727 contra
528 1667 788 1739 pietatem
812 1663 1102 1734 majorum,
1125 1663 1172 1717 si
1195 1663 1431 1732 parietes
1454 1660 1558 1715 sibi
1588 1657 1774 1714 vendi-

1868 549 2124 620 loqucatis
2144 588 2160 617 ,
2192 559 2241 604 et
2268 550 2456 605 domus
2489 549 2592 605 ista
2619 549 2868 604 deserta?
2899 550 2972 604 Et
3016 566 3155 605 nunc
3187 551 3301 606 Iure
3330 552 3458 608 dicit

1864 638 2130 696 Dominus
2151 640 2479 697 exercituum
2513 652 2533 691 ε
2565 636 2759 699 Ponite
2777 640 2940 694 corda
2963 648 3133 695 vestra
3168 651 3325 711 super
3349 643 3459 698 eius

1867 742 2083 789 vestras.
2112 733 2424 791 Seminastis
2451 733 2696 802 multum,
2732 744 2779 789 et
2819 735 3077 791 intulistis
3100 742 3324 808 pat‘ttm,‘
3371 755 3462 794 co-

1866 829 2128 895 medistis,
2151 838 2200 885 et
2224 838 2328 886 nan
2355 832 2481 885 estis
2498 832 2724 897 satiati;
2757 830 2984 895 bibistis,
3012 840 3067 885 et
3086 847 3191 886 non
3209 831 3334 886 estis
3353 832 3465 887 ins-

1870 921 2064 987 briuti;
2095 924 2377 993 ope'ruistis
2420 940 2545 990 vos,
2590 931 2642 977 et
2686 939 2793 978 non
2825 924 2950 978 estis
2979 921 3260 993 calefacti;
3293 924 3349 978 εἰ
3373 924 3463 996 qui

1869 1013 2132 1067 mercedes
2149 1014 2505 1083 congregavit,
2527 1012 2669 1067 misit
2689 1022 2779 1068 eus
2801 1012 2857 1067 in
2873 1011 3149 1067 sacculum
3167 1022 3461 1084 pertusum.

1870 1102 2003 1159 Hice
2026 1105 2156 1159 dicit
2177 1103 2435 1160 Dominus
2460 1105 2787 1160 exercituum
2809 1124 2828 1161 :
2866 1101 3056 1159 Ponite
3084 1104 3247 1159 corda
3289 1108 3465 1161 vestri:

1861 1212 2027 1266 super
2046 1197 2157 1251 vias
2179 1204 2402 1262 vestras,
2451 1196 2718 1251 ascendite
2764 1198 2825 1251 in
2859 1205 3122 1263 montem,
3166 1207 3375 1269 portate
3395 1198 3465 1253 li-

1868 1302 2061 1361 gnum,
2105 1297 2153 1343 et
2179 1288 2441 1358 wdiﬁcate
2470 1290 2719 1355 domum;
2744 1298 2793 1344 et
2818 1290 3155 1358 acceptabiiis
3184 1291 3315 1346 mihi
3341 1292 3465 1361 crit,

1869 1392 1919 1439 et
1940 1382 2297 1454 glorificabor,
2323 1383 2452 1437 dicit
2474 1382 2754 1438 Dominus.
2772 1382 3099 1455 Respexistis
3117 1386 3189 1441 ad
3213 1386 3465 1458 amplius,

1871 1484 1923 1530 et
1938 1490 2057 1531 ecce
2078 1476 2280 1545 factum
2301 1485 2380 1531 est
2415 1477 2593 1531 minus
2617 1490 2637 1530 :
2662 1488 2712 1531 et
2732 1477 2986 1533 intulistis
3023 1479 3081 1534 in
3118 1479 3334 1535 domum
3352 1520 3369 1547 ,
3414 1488 3470 1536 et

1870 1568 2137 1641 cnumcri
2189 1566 2343 1623 illud.
2377 1566 2552 1635 Quam
2605 1567 2673 1622 ob
2712 1570 2976 1623 causant?
3017 1569 3148 1624 dicit
3203 1570 3467 1627 Dominus

1869 1661 2216 1716 exercituum.
2243 1660 2386 1727 Quid
2408 1660 2597 1716 domus
2622 1676 2739 1717 mea
2763 1670 2971 1717 deserta
2995 1672 3095 1730 est,
3114 1672 3164 1717 et
3191 1676 3279 1719 ess
3309 1663 3457 1735 festi-

171 1778 313 1822 care
339 1762 621 1834 potuerint
645 1801 661 1826 ,
706 1762 817 1813 11011
844 1762 1061 1812 tantum
1096 1770 1165 1811 ea
1192 1766 1316 1823 quae
1363 1767 1393 1806 a
1426 1756 1771 1807 construtto-
1806 1832 1835 1837 Ἀ
1872 1756 2012 1809 natis
2025 1758 2382 1828 unusquisque
2410 1756 2468 1810 in
2494 1756 2709 1811 domum
2736 1770 2909 1811 suam.
2943 1754 3172 1828 Propter
3191 1759 3291 1814 hoc
3311 1772 3471 1831 super

172 1859 334 1917 ribus
344 1832 549 1912 “collata
566 1859 715 1917 sum,
739 1849 834 1906 sed
850 1856 910 1905 et
931 1848 1101 1904 multa
1121 1860 1238 1915 qum
1257 1845 1504 1915 plerique
1528 1842 1774 1897 ﬁdelium
1796 1832 1845 1906 ﬁ
1868 1862 1964 1901 eos
1984 1846 2231 1917 prohibiti
2252 1856 2376 1902 sunt
2405 1847 2521 1903 coeli
2557 1862 2625 1903 ne
2651 1849 2836 1903 darent
2870 1862 3061 1916 rorem,
3093 1860 3142 1906 et
3176 1861 3320 1907 terra
3344 1868 3471 1924 pro-

173 1951 333 2022 l'pro
378 1942 673 2017 sepulturis
706 1952 799 1999 aut
824 1941 1064 2013 qualibet
1091 1936 1379 1995 devotione
1423 1936 1528 1990 alia
1568 1934 1772 1989 ibidem

172 2038 546 2098 sacraverant
561 2078 578 2103 ,
609 2048 732 2092 eum
762 2034 896 2106 ipsis
915 2031 1165 2088 ecclesiis
1189 2028 1431 2085 vendere
1447 2026 1659 2083 licitum
1678 2036 1773 2095 pu-

172 2140 325 2193 tant.
357 2129 507 2186 nullo
537 2122 882 2199 prohibente.

245 2222 395 2279 XVI.
421 2220 626 2277 Verum
659 2218 788 2290 quia
810 2226 881 2273 ex
902 2215 1063 2272 domo
1090 2212 1339 2277 Domini,
1393 2225 1514 2281 quae
1559 2208 1665 2265 fuit
1714 2208 1772 2265 in

169 2314 547 2380 Hierusalem,
578 2311 793 2369 occasiio
822 2307 981 2365 nobis
1028 2315 1240 2377 sumpta
1295 2306 1515 2362 videtur
1562 2312 1623 2359 ut
1669 2303 1773 2359 ista

175 2409 247 2466 de
288 2404 557 2462 Ecclesiis
587 2404 924 2467 diceremus,
960 2412 1030 2456 ne
1076 2398 1216 2455 forte
1262 2398 1460 2468 aliquis
1507 2402 1662 2467 putet
1709 2410 1773 2451 ea

174 2514 303 2572 qum
332 2499 400 2555 de
424 2497 514 2553 illa
544 2495 854 2552 reibmntur
882 2506 990 2549 non
1015 2493 1291 2563 pertinere
1321 2491 1388 2545 ad
1413 2491 1602 2545 domos
1625 2487 1772 2542 basi-

175 2574 418 2647 Iicarum
449 2631 466 2657 ,
504 2584 777 2659 intelligat
800 2626 814 2652 ,
857 2585 949 2641 cui
978 2577 1103 2639 talis
1128 2583 1468 2653 subrepserit
1496 2580 1772 2651 cogitatio,

177 2699 443 2742 eacausa
492 2682 612 2738 ﬁeri
640 2679 936 2745 ecclesias,
989 2691 1096 2749 qua
1123 2685 1179 2733 et
1229 2677 1345 2746 ipsa
1390 2677 1581 2731 domus
1634 2672 1777 2727 facta

177 2784 306 2843 est,
338 2775 411 2831 ad
456 2773 788 2829 laudandum
827 2769 1079 2825 videlicet
1130 2764 1323 2834 Deum,
1369 2768 1436 2821 ad
1483 2767 1779 2836 deprecan-

179 2871 316 2926 dum
346 2911 363 2937 ,
404 2870 474 2925 ad
498 2865 949 2930 sacriﬁcandum;
991 2863 1133 2918 sicut
1164 2862 1279 2931 ipse
1307 2858 1568 2915 Salomon
1606 2856 1778 2912 aedili-

178 2970 341 3019 calor
367 2969 425 3017 et
446 2959 729 3016 dedicatur
755 2955 1001 3025 ejusdem
1018 2952 1208 3023 templi
1230 2952 1289 3006 in
1312 2950 1563 3007 oratione
1581 2962 1775 3004 conse-

175 3054 453 3111 crationis
471 3067 587 3109 suae
605 3052 686 3107 ait
706 3049 974 3107 Domino:
1006 3047 1070 3104 Si
1090 3046 1279 3102 caelum
1314 3054 1365 3101 et
1391 3044 1504 3100 caeli
1530 3041 1779 3098 calorum

179 3166 293 3206 non
316 3158 368 3204 te
390 3150 606 3220 capiunt
624 3187 641 3213 ,
669 3152 867 3218 quanto
888 3144 1057 3215 mgis
1082 3143 1270 3197 domus
1293 3142 1396 3195 ista
1422 3154 1581 3212 quam
1609 3135 1779 3206 rediti-

179 3244 303 3297 caei
321 3243 347 3296 ?
513 3240 582 3294 ad
606 3202 702 3293 hoc
725 3244 931 3293 tantum
959 3202 1103 3306 facta
1129 3241 1206 3289 est
1230 3240 1289 3287 ut
1311 3202 1559 3303 respicias
1585 3202 1781 3284 0111110-
1806 3202 1853 3282 C

179 3349 310 3391 nem
336 3333 477 3388 servi
524 3331 628 3395 tui,
657 3338 704 3386 et
746 3327 1157 3383 obsecrationem
1204 3326 1357 3395 ejus,
1387 3322 1610 3377 Domine
1636 3320 1781 3376 Deus

178 3440 383 3489 sucus;
413 3432 473 3477 ut
492 3423 693 3495 aperias
722 3419 905 3477 oculos
924 3428 1043 3474 tuos
1068 3432 1225 3489 super
1253 3412 1469 3471 domum
1494 3415 1651 3468 istam
1670 3413 1783 3467 dfe-

184 3519 295 3574 bus
347 3530 411 3571 uc
440 3515 690 3570 noctibus.
734 3512 953 3569 Exaudi
978 3527 1154 3585 preces
1183 3508 1373 3580 famuli
1423 3508 1500 3563 tui
1532 3518 1580 3562 et
1602 3504 1783 3579 populi

183 3608 277 3665 rei
309 3606 502 3672 Israel,
527 3607 825 3679 quicunque
852 3603 1079 3657 oraverit
1130 3608 1177 3655 te
1219 3600 1277 3655 in
1307 3598 1423 3655 loco
1463 3600 1586 3653 isto.
1638 3597 1783 3664 Quas

181 3709 417 3774 propter
443 3700 593 3755 omni
615 3699 722 3755 ﬁde
744 3699 1002 3769 omnique
1030 3696 1244 3751 ratione
1267 3692 1529 3765 quidquid
1551 3694 1605 3747 in
1630 3692 1720 3746 illa
1750 3702 1782 3746 a

183 3792 495 3853 cultoribus
522 3791 610 3847 vel
630 3789 1101 3861 contemptoribus
1127 3787 1336 3842 licitum
1378 3787 1493 3842 sive
1535 3783 1782 3840 illicitum

185 3892 403 3959 gestum
443 3890 554 3949 est,
586 3888 646 3938 et
665 3880 929 3954 quidquid
950 3879 1021 3935 de
1042 3878 1151 3942 illa,
1188 3884 1299 3932 tam
1347 3876 1415 3931 ad
1446 3874 1782 3946 diligentiam

181 3976 625 4043 exstruentium,
681 3984 843 4046 quam
895 3973 965 4028 ad
1008 3969 1391 4044 negligentiam
1426 3965 1781 4031 cessantium,

183 4084 288 4126 seu
312 4068 382 4124 ad
404 4066 673 4123 malitiam
699 4061 1088 4121 destruendum
1106 4102 1121 4127 ,
1153 4061 1457 4132 pertinens,
1512 4069 1784 4111 memora-

181 4166 302 4225 tur,
324 4157 723 4214 rediﬁcatarum
745 4155 1095 4213 basilicarum
1115 4151 1382 4223 exempla,
1406 4149 1782 4216 auctoritates,

182 4261 245 4307 et
271 4251 453 4307 cultus
476 4258 602 4307 esse
624 4250 917 4306 tenendum
967 4255 1072 4304 est.
1100 4245 1459 4315 Consequens
1505 4255 1635 4314 ergo
1681 4238 1788 4296 erit

182 4349 250 4398 ut
280 4342 541 4412 religiose
574 4340 1009 4412 perpendamus,
1065 4335 1301 4407 qualiter
1348 4334 1609 4391 Dominus
1656 4340 1787 4403 erga

186 4438 653 4494 restaurationem
676 4436 917 4507 ejusdem
942 4432 1161 4504 templi,
1191 4439 1249 4486 et
1271 4430 1608 4502 negligentes
1635 4428 1788 4482 dam-

1872 1934 2039 1995 hibita
2068 1950 2143 1995 est
2166 1956 2230 1995 ne
2257 1942 2406 1998 daret
2431 1950 2641 2013 germen
2681 1950 2872 2005 mm,-
2897 1950 2946 1995 et
2972 1944 3152 1998 vocavi
3175 1944 3466 1999 siccitatem

1873 2050 2032 2104 super
2059 2043 2278 2099 terram,
2309 2042 2361 2088 et
2401 2050 2561 2104 super
2586 2041 2808 2099 montes,
2842 2042 2891 2088 et
2932 2050 3091 2106 super
3135 2035 3392 2100 triticum,
3419 2043 3472 2090 ct

1873 2141 2031 2197 super
2058 2125 2255 2190 vinum,
2294 2134 2345 2180 et
2373 2139 2531 2195 super
2571 2123 2744 2178 oleum
2764 2165 2779 2191 ,
2827 2128 2876 2179 et
2904 2126 3227 2197 quacunque
3272 2126 3473 2199 profert

1873 2218 2091 2285 humus,
2123 2226 2173 2273 et
2200 2230 2358 2289 super
2382 2218 2618 2273 homines
2636 2258 2651 2282 ,
2686 2225 2737 2272 et
2766 2210 3209 2288 superjumenta,
3240 2227 3291 2274 et
3317 2226 3478 2292 super

1877 2316 2083 2368 clunem
2113 2310 2350 2365 laborem
2396 2324 2672 2365 manuum.
2703 2309 2772 2364 Et
2821 2317 2947 2380 post
2995 2310 3176 2381 aliqua
3223 2328 3239 2367 :
3284 2310 3479 2369 Ponite

1874 2405 2038 2460 corda
2065 2414 2235 2460 vestra
2266 2421 2331 2459 ea:
2358 2404 2445 2458 die
2468 2405 2589 2470 ista,
2619 2411 2668 2459 et
2694 2406 2750 2459 in
2774 2404 3036 2476 futurum,
3065 2423 3097 2460 a
3116 2405 3202 2462 die
3227 2409 3474 2464 vicesima

1874 2502 1927 2551 et
1954 2504 2143 2568 quarta
2183 2496 2307 2549 noni
2340 2494 2536 2550 mensis
2562 2535 2577 2561 ,
2616 2512 2649 2549 a
2680 2495 2766 2548 die
2810 2512 2917 2566 qua
2952 2496 3300 2567 fundamenta
3320 2498 3478 2570 jacta

1877 2600 2001 2646 sunt
2036 2590 2213 2662 templi
2244 2590 2492 2657 Domini,
2536 2591 2713 2661 ponite
2737 2607 2894 2662 super
2922 2606 3013 2645 cor
3032 2600 3287 2646 oestrum.
3314 2590 3479 2647 Nun-

1876 2683 2006 2757 quid
2037 2700 2211 2738 semen
2240 2683 2295 2737 in
2334 2682 2564 2753 germine
2587 2691 2697 2747 est,
2736 2692 2784 2736 et
2810 2678 2986 2737 adhuc
3027 2683 3195 2746 vinea,
3228 2692 3281 2736 et
3308 2682 3476 2752 ﬁcus,

1880 2783 1931 2831 et
1962 2773 2422 2845 malogranatum,
2460 2783 2509 2829 et
2553 2773 2755 2844 lignum
2786 2772 2938 2829 olivae
2977 2788 3083 2828 non
3125 2774 3308 2845 ﬂoruit
3331 2775 3357 2828 ?
3389 2773 3480 2831 Ea:

1880 2868 1964 2923 die
1991 2868 2092 2922 ista
2117 2866 2455 2922 benedicam.‘
2482 2864 2540 2921 Si
2565 2864 2659 2920 ﬁlii
2692 2862 2861 2920 Israel
2887 2907 2903 2933 ,
2942 2879 3117 2936 nuper
3145 2863 3214 2921 de
3242 2865 3476 2937 captivi-

1881 2960 1995 3013 tate
2046 2956 2324 3029 regressi,
2380 2958 2508 3027 quia
2558 2954 2840 3030 negligant
2866 2964 3180 3013 restaurare
3217 2957 3481 3029 templum

1881 3046 2121 3120 Domini,
2173 3060 2325 3109 tanta
2361 3054 2648 3111 sterilitate
2694 3048 2983 3120 feriuntur,
3015 3052 3257 3124 itemque
3284 3052 3482 3110 funda-

1884 3145 2086 3200 mentis
2104 3144 2289 3214 jactis,
2316 3158 2442 3201 mox
2464 3146 2612 3201 omni
2634 3146 3017 3201 benedictione
3044 3152 3476 3215 cunctarumque

1883 3246 2071 3292 rerum
2101 3235 2435 3292 fecunditate
2456 3237 2825 3303 cumulantur,
2855 3243 3070 3292 constat
3086 3234 3335 3306 profecto
3357 3249 3477 3292 ma-

1883 3327 2092 3382 11111111111
2114 3326 2394 3399 religionis
2419 3342 2545 3383 esse
2559 3327 2757 3382 divinae
2769 3325 2953 3381 domui
2970 3325 3307 3398 diligentiam
3329 3322 3483 3383 adhi-

1885 3419 2046 3497 bere;
2076 3434 2305 3491 eamque
2331 3419 2630 3493 negligere,
2655 3432 2876 3477 causam
2895 3418 3134 3477 miseriae
3152 3427 3317 3493 atque
3338 3418 3479 3480 infc-

1885 3511 2112 3569 Iicitatis
2137 3513 2391 3568 existere.

1957 3600 2121 3660 XVII.
2164 3602 2273 3660 Sed
2302 3611 2356 3659 et
2383 3601 2514 3659 illud
2541 3603 2807 3660 attentius
2829 3602 3287 3662 considerandum
3326 3604 3477 3678 quod

1887 3696 1943 3751 in
1974 3694 2080 3750 bac
2109 3696 2397 3766 prophetia
2418 3695 2647 3768 legitur;
2676 3693 2746 3749 Et
2766 3696 3037 3751 suscitavit
3060 3694 3205 3752 Deus
3230 3695 3480 3768 spiritum

1884 3784 2178 3844 Zorobabel
2206 3789 2380 3857 ducis,
2408 3799 2456 3844 et
2478 3790 2721 3861 spiritum
2745 3788 2877 3845 Iesu
2904 3790 3218 3859 sacerdotis,
3247 3798 3299 3845 et
3328 3790 3488 3863 spiri-

1884 3890 1998 3935 tum
2019 3881 2343 3955 reliquorum
2374 3882 2440 3936 de
2467 3882 2609 3936 omni
2630 3878 2845 3953 populo.
2872 3880 2946 3937 Ut
2978 3898 3047 3938 ex
3073 3883 3179 3938 hoc
3197 3882 3487 3953 perspicue

1886 3973 2255 4045 intelligatur,
2297 3974 2689 4043 obsequentem
2723 3971 3021 4045 quemlibet
3071 3979 3130 4029 et
3180 3979 3485 4031 amatorem

1885 4065 2071 4135 templi
2093 4064 2212 4128 Dei,
2236 4064 2459 4119 domum
2490 4079 2611 4121 esse
2640 4062 2876 4136 Spiritus
2907 4065 3114 4130 sancti;
3143 4081 3270 4123 cum
3297 4066 3478 4124 mani-

1886 4148 2027 4211 feste
2055 4163 2348 4228 appareat,
2378 4171 2488 4211 non
2520 4154 2698 4212 solum
2737 4153 2979 4212 ﬁdelium
3021 4155 3274 4228 spiritum
3306 4157 3483 4214 susci-

1888 4238 2037 4304 tasse
2065 4256 2200 4304 tunc
2223 4246 2420 4314 Deum,
2449 4255 2510 4303 ut
2535 4263 2660 4304 cum
2696 4247 2845 4303 omni
2869 4247 3057 4304 laetitia
3084 4248 3344 4320 omnique
3374 4248 3489 4304 ala-

1889 4340 2085 4398 critate
2106 4341 2324 4397 domum
2350 4339 2448 4396 Dei
2476 4348 2738 4411 cuperent
2774 4339 3082 4396 instaurare
3100 4382 3115 4408 ,
3148 4336 3245 4398 sed
3273 4347 3328 4396 et
3356 4336 3486 4396 inii-

1889 4432 2091 4490 deliuui
2117 4448 2339 4503 regum,
2389 4430 2520 4506 Cyri
2552 4432 2826 4499 videlicet,
2860 4447 2927 4488 ac
2945 4432 3117 4499 Darii,
3148 4439 3206 4488 et
3226 4429 3488 4488 Artaxer-

184 4541 302 4600 uet,
332 4544 396 4589 et
415 4535 644 4590 devotos
672 4536 1009 4596 remuneret,
1056 4541 1125 4583 ex
1170 4522 1356 4581 verbis
1383 4539 1506 4594 quae
1551 4536 1651 4592 per
1674 4520 1785 4592 Ag-
1808 4584 1857 4600 ἢ
1890 4523 1978 4580 nis
2010 4541 2025 4578 :
2057 4524 2152 4595 qui
2178 4538 2287 4578 non
2309 4528 2520 4578 tantum
2557 4520 2833 4577 licentiam
2861 4520 3165 4579 aediﬁcandi
3194 4519 3484 4589 dederunt,

185 4638 369 4700 gauli!
399 4625 721 4700 prepbetam
764 4623 1005 4696 loquitur
1026 4663 1041 4689 ,
1084 4616 1271 4676 dicens

184 4719 318 4779 dicit
332 4736 354 4778 :
371 4719 635 4779 Nondum
654 4720 792 4775 venit
813 4726 1019 4788 tempus
1052 4712 1242 4771 domus
1264 4710 1482 4772 Domini
1507 4706 1782 4778 adiﬁcan-

1331 4636 1345 4673 :
1402 4613 1640 4687 Populus
1683 4614 1782 4668 iste
1806 4584 1862 4647 Β
1886 4584 2146 4673 verum-et
2165 4612 2495 4685 adiutorium
2518 4614 2868 4686 praebuerunt
2884 4611 3185 4687 lignorum,
3200 4584 3484 4683 frumenti,

1883 4716 1941 4765 et
1958 4707 2099 4776 vini,
2117 4714 2175 4764 et
2194 4705 2321 4775 0101,
2348 4720 2415 4764 ac
2432 4704 2585 4775 salis,
2605 4713 2663 4764 et
2681 4710 2969 4778 pecorum,
2985 4710 3043 4762 et
3061 4705 3202 4761 dona
3220 4703 3368 4771 auri,
3396 4709 3488 4760 at-

1546 4842 1821 4906 BALUZII
1854 4840 2094 4904 NOTAE.

257 4987 288 5017 ι
323 4973 586 5031 Ecclesia:
621 4987 741 5027 cum
775 4985 998 5042 possess.
1025 4963 1416 5042 venundantur.
1458 4961 1787 5042 Origo_ma_li

188 5044 351 5103 istius
374 5044 727 5117 petendaest
759 5034 827 5098 ex
871 5040 1219 5117 concessiqne
1243 5050 1424 5117 rerum
1453 5034 1787 5117 ecclesiasti;

190 5105 404 5181 carum:
433 5122 557 5189 01110
582 5115 718 5189 viris
745 5111 1095 5168 saecularibus
1122 5108 1263 5189 facta
1298 5107 1499 5189 fuerat.
1524 5105 1669 5189 Alfium
1707 5105 1788 5189 illi

190 5178 471 5245 ecclesias.
492 5186 597 5243 sibi
633 5186 785 5242 datas
823 5198 948 5240 eum
981 5180 1415 5245 possessionibus
1456 5178 1786 5245 retinebant,

190 5242 245 5315 et
266 5242 629 5315 adhaeredes
657 5271 782 5313 suos
817 5242 1250 5318 transferebant;
1282 5259 1340 5305 ut
1365 5257 1514 5320 patet
1544 5264 1609 5320 ex
1641 5242 1731 5302 lib.
1769 5242 1795 5304 ί

191 5328 610 5401 Capitularium,
637 5342 756 5401 cap.
794 5324 916 5401 llo,
947 5333 1000 5401 et
1026 5322 1164 5379 libro
1190 5318 1391 5401 v,lcap_.
1418 5318 1509 5401 il.
1549 5318 1790 5401 1100ορ10

192 5391 375 5457 aufem
406 5391 858 5471 semelboc'jure,
874 5397 1109 5471 dubium“
1123 5411 1225 5449 non
1239 5391 1353 5471 iuit
1373 5392 1525 5461 quin,
1544 5391 1684 5446 sicut
1711 5391 1790 5471 in:

193 5479 281 5527 ter
300 5473 555 5530 heredes
579 5461 741 5526 dividi
766 5461 1037 5541 poterant,
1063 5465 1300 5541 distrahi
1317 5478 1531 5541 quoque
1557 5470 1611 5517 et
1633 5461 1793 5541 vendi

296 5552 443 5609 sent,
500 5544 545 5598 si
590 5557 676 5598 res
729 5533 803 5596 ita
854 5540 1038 5593 ferret.
1102 5539 1257 5605 Quod
1288 5534 1448 5590 hodie
1483 5533 1795 5609 quoquein

242 5616 372 5670 allia
410 5604 622 5670 obtinet
660 5613 835 5683 quoad
874 5604 1277 5683 decimasquas
1311 5604 1521 5683 vocant
1548 5604 1791 5683 1111001111-

196 5692 301 5743 ιῖις.
340 5688 448 5742 Eas
480 5686 627 5740 enim
662 5676 999 5755 possessores
1046 5676 1533 5755 transmittuntad
1552 5676 1799 5732 1110101100

198 5772 350 5825 suos,
384 5767 478 5812 aut
515 5758 632 5813 aliis
662 5746 1107 5825 vendunt,prout
1139 5751 1348 5805 animus
1378 5746 1581 5825 tulerit.

271 5831 305 5873 δ
330 5820 446 5888 Pro
473 5827 779 5903 sepulturis.
817 5824 898 5883 Ex
928 5820 1031 5882 hoc
1068 5821 1217 5879 fonte
1252 5828 1313 5877 ut
1349 5820 1642 5892 plurimum
1679 5832 1801 5891 pro-

1891 4960 2109 5022 dierunt
2140 4960 2543 5034 possessiones,
2577 4958 2891 5034 latifundia,
2914 4958 2981 5034 et
3000 4957 3150 5034 agri,
3178 4958 3249 5034 ex"
3285 4960 3484 5032 quibus

1894 5038 2064 5094 ditata
2091 5030 2496 5104 et'ampliﬁcata
2518 5040 2602 5091 est
2623 5030 2895 5104 Ecclesia.
2913 5030 3319 5104 Exisrimabant
3337 5034 3483 5089 enim

1893 5104 2079 5164 ﬁdeles
2104 5102 2298 5161 melius
2325 5105 2428 5162 sibi
2474 5103 2865 5173 futurumpos't'
2885 5103 3026 5173 hanc
3052 5102 3241 5170 vitam,
3270 5103 3314 5161 si
3343 5104 3485 5159 viro-

1895 5180 2015 5253 rum
2033 5176 2544 5253 ecclesiasticarum
2570 5171 2823 5249 precibus
2867 5171 3268 5253 adiuvarentur.
3281 5173 3487 5253 .Atque

1894 5246 1963 5329 uti
1994 5246 2051 5305 id
2083 5246 2223 5324 apud
2253 5263 2355 5329 eos
2383 5245 2718 5329 obtinerent,
2748 5245 3018 5329 curabant
3049 5246 3105 5302 in
3133 5245 3328 5329 primis
3353 5245 3487 5329 Icorf-

1896 5324 2030 5394 pora
2065 5315 2163 5394 sua
2194 5318 2409 5394 sepeliri
2437 5320 2503 5374 ad
2529 5315 2810 5394 ecclesias,
2840 5332 2944 5386 qua
2980 5315 3213 5394 transire
3238 5317 3484 5394 solebant

1898 5385 2003 5457 'viri
2047 5385 2425 5454 ecclesiastici,
2452 5396 2512 5444 ut
2541 5385 2921 5443 defunctorum
2954 5387 3217 5446 memoria
3246 5385 3487 5458 quotidie

1897 5465 1954 5521 in
1980 5480 2169 5520 eorum
2210 5460 2485 5516 mentibus
2530 5468 2902 5514 renovaretur.
2951 5458 3176 5517 Interim
3225 5474 3314 5515 res
3356 5473 3486 5515 suas

1897 5534 2219 5607 delegabant
2246 5530 2620 5607 Ecclesitc,_ut
2646 5528 2729 5584 vel
2764 5545 2829 5607 ex
2874 5529 2977 5588 hac
3005 5529 3287 5607 temporali
3308 5529 3487 5607 _retri-

1898 5598 2120 5662 1111116110
2162 5602 2372 5658 facilius
2402 5600 2650 5671 homines
2683 5602 3075 5671 excitarentur
3096 5598 3162 5656 ad
3195 5598 3491 5671 imploran-

1900 5677 2025 5749 dum
2045 5662 2715 5749 DBlAIIllSQI'lCI‘OI‘dluanl'O
2740 5662 2845 5749 illis
2868 5672 2958 5742 qui
2978 5662 3490 5749 dederant,_'qu_iquc

1899 5738 2010 5816 iam
2060 5744 2300 5816 defuncti
2350 5740 2523 5816 erant.
2574 5738 2709 5816 Vide
2759 5738 2957 5798 librum
2982 5759 3035 5797 vi
3074 5738 3486 5816 capitularilﬁn.

1901 5812 2020 5893 cap.
2044 5816 2175 5887 285,
2201 5814 2329 5886 295,
2362 5813 2490 5885 522,
2525 5823 2582 5873 et
2607 5815 2805 5875 librum
2830 5830 2928 5885 vn,
2957 5829 3076 5884 cap.
3106 5812 3228 5869 i99.
