4012 6338
1163 233 1228 245 μοι

1133 250 1216 269 *κεῖ

539 331 667 394 Ἡυ

1520 329 1584 385 S.
1622 323 1973 386 AGOBARDI
2006 320 2317 380 EPISCOPI
2353 316 2832 378 LUGDUNENSIS

555 464 669 524 que
686 442 926 520 argenti,
959 463 1083 506 cum
1109 446 1446 518 principibus
1490 445 1623 501 suis.
1673 443 1731 498 1n
1772 439 1925 495 libris
1971 437 2138 490 etiam
2166 437 2220 497 Α
2241 432 2400 488 Jesus
2420 433 2688 504 Christus,
2717 429 2811 499 qui
2835 426 3098 484 Ecclesiae
3124 439 3236 480 suae
3263 421 3496 480 formam
3525 430 3582 479 et
3611 422 3832 480 instrn—

545 537 1278 603 ‘Machabteorummonnulli
1301 550 1455 610 reges
1469 549 1596 606 erga
1628 531 1886 602 templum
1908 527 2005 582 Dei
2026 525 2144 581 mu-

560 633 711 694 niﬁci
754 634 922 689 fuisse
951 638 1340 692 memorantur,
1374 630 1428 682 in
1458 627 1655 697 quibus
1687 633 1743 679 et
1769 623 2021 678 vindictae
2047 619 2144 674 Dei

563 728 772 798 pariter
797 725 1051 795 leguntur
1071 722 1126 776 in
1154 736 1249 776 eos
1273 721 1365 789 qui
1392 719 1733 789 diripuerunt
1779 714 1864 770 vel
1908 714 2146 783 diripere

559 818 744 874 conati
765 823 894 871 sunt
920 830 1054 869 vasa
1081 829 1270 878 sacra;
1308 813 1452 868 sicut
1495 811 1565 866 de
1615 808 1886 864 Antiocho
1915 821 2062 876 rege,
2091 812 2146 861 et

562 908 873 968 Heliodoro,
908 906 1002 976 qui
1031 921 1063 960 a
1091 903 1321 960 Seleuco
1349 903 1549 958 missus
1568 900 1773 961 fuerat,
1805 899 1859 952 in
1890 904 2144 968 promptu

560 1012 650 1059 est
675 1000 1015 1056 meminisse.
1044 999 1183 1053 Ecce
1223 996 1319 1051 tilii
1349 994 1534 1056 Israel,
1568 990 1936 1046 fundamentis
1959 987 2144 1057 templi

555 1093 744 1164 iactis,
773 1092 1056 1149 confestim
1086 1075 1140 1146 in
1155 1089 1404 1144 omnibus
1431 1083 1849 1147 benedicuntur;
1895 1079 2146 1136 dill‘eren-

559 1194 654 1244 tes
678 1201 838 1258 opus,
867 1184 1066 1240 acriter
1092 1195 1189 1252 pro
1227 1176 1555 1248 negligentia
1576 1173 1963 1244 'ﬂagellantur;
2003 1169 2147 1224 dire-

559 1289 753 1352 .ptores
784 1293 1083 1340 sacrorum,
1124 1270 1468 1330 irrevocabili
1501 1266 1768 1323 sententia
1796 1265 2141 1319 damnantur.

563 1370 702 1427 Cum
729 1384 859 1439 ergo
885 1365 1040 1422 nobis
1069 1380 1176 1420 non
1215 1359 1410 1418 suﬁicit
1437 1360 1505 1414 ad
1533 1355 1862 1426 exemplum,
1889 1368 2011 1408 cum
2034 1360 2145 1407 tam

565 1458 939 1530 multipliciter
963 1472 1062 1528 per
1086 1461 1226 1509 totas
1249 1451 1559 1521 Scripturas
1599 1447 1840 1516 legamus
1863 1451 1920 1498 et
1941 1457 2144 1515 cogno-

568 1566 787 1607 scamus
813 1551 1028 1605 domum
1070 1547 1169 1601 Dei
1197 1545 1443 1614 diligere,
1473 1539 1784 1611 religiosum
1807 1551 1953 1602 esse,
1981 1534 2148 1604 negli-

561 1657 720 1716 gere,
745 1641 1135 1712 irreligiosum;
1165 1637 1420 1705 diripere,
1446 1631 1702 1702 impium;
1727 1642 2023 1698 omnesque
2047 1640 2147 1682 sua

560 1734 840 1804 recepisse
863 1733 1078 1793 merita,
1100 1737 1156 1785 et
1173 1741 1363 1784 omnes
1389 1723 1661 1795 principes
1673 1736 1860 1778 eorum
1881 1720 1976 1791 qui
1994 1719 2146 1775 dixe-

2242 526 2477 580 ctionem
2502 523 2767 593 praemisit
2793 520 2954 575 factis
2973 527 3030 575 et
3051 518 3234 584 dictis,
3256 518 3400 573 sicut
3417 517 3682 587 scriptum
3704 525 3830 584 est;

2243 614 2376 680 Qua:
2413 613 2562 682 ctepit
2591 610 2747 666 Iesus
2781 611 2952 680 facere
3005 616 3052 663 et
3103 608 3321 672 docere;
3351 607 3655 677 praevidens
3681 608 3836 664 fum-

2242 719 2364 758 rum
2392 718 2514 758 esse
2536 711 2595 757 ut
2619 701 2675 756 in
2703 699 2961 756 Ecclesiis
2982 699 3224 754 thesauri
3257 698 3491 755 ﬁdeliter
3519 715 3548 753 a
3576 698 3837 755 ﬁdelibus

2239 808 2306 848 ac
2333 793 2674 849 laudabiliter
2694 807 2726 846 a
2753 789 3022 862 religiosis
3041 791 3424 855 conderentur,
3453 797 3617 860 atque
3636 797 3835 846 custo-

2241 885 2507 950 direntur,
2545 893 2600 940 et
2629 882 3090 954 perniciosissime
3119 898 3151 936 a
3193 881 3404 938 furibus
3441 881 3839 938 fraudarentur

2241 977 2436 1050 (Fures
2462 977 2787 1049 generaliter
2813 975 2955 1041 dico,
2979 975 3124 1029 sicut
3142 974 3198 1028 in
3219 973 3477 1044 Apostolo
3505 974 3835 1042 accipimus,

2241 1071 2335 1126 ubi
2355 1071 2432 1125 ait
2459 1085 2474 1124 :
2505 1069 2610 1136 Qui
2652 1068 2968 1139 (urebatur,
3011 1067 3134 1138 jam
3179 1084 3285 1122 non
3331 1067 3556 1138 furetur,
3587 1069 3652 1124 de
3673 1069 3839 1123 omni

2242 1162 2452 1219 scilicet
2469 1162 2760 1217 inhonesto
2784 1157 3039 1231 quaestu),
3052 1159 3221 1214 voluit
3240 1159 3296 1214 in
3314 1160 3421 1216 hac
3440 1175 3499 1215 re
3520 1160 3838 1231 praeﬁgere,

2242 1262 2305 1309 nt
2335 1254 2468 1319 dixi,
2500 1251 2734 1308 formam
2762 1250 3025 1306 Ecclesiae
3052 1265 3186 1317 suae,
3214 1250 3284 1306 ad
3319 1265 3456 1321 quos
3480 1265 3612 1306 usus
3655 1252 3842 1307 babe-

2244 1350 2456 1410 rentur,
2483 1352 2538 1399 et
2565 1357 2674 1414 qua
2695 1342 2801 1398 ﬁde
2821 1347 3210 1405 tractarentur,
3241 1339 3329 1396 vel
3352 1355 3459 1409 qua
3478 1341 3843 1398 damnatione

2245 1435 2394 1508 digni
2419 1443 2606 1492 essent
2633 1434 2982 1500 fraudantes,
3011 1449 3139 1491 cum
3164 1433 3261 1488 tali
3305 1432 3411 1488 ﬁne
3439 1433 3605 1489 Iudas
3629 1434 3844 1489 abierit

2244 1526 2302 1581 in
2321 1525 2500 1582 locum
2521 1541 2698 1581 suum.
2730 1525 2790 1580 In
2824 1540 2931 1596 qua
2961 1524 3324 1596 disputatione
3355 1524 3642 1594 praedictus
3664 1524 3843 1580 Pater

2245 1626 2382 1681 tres,
2411 1615 2517 1671 nisi
2545 1615 2725 1682 fallor,
2753 1613 3084 1671 differentias
3103 1614 3369 1669 furtorum
3393 1622 3452 1669 et
3475 1613 3652 1669 furum
3675 1613 3840 1681 facit,

2246 1707 2314 1762 de
2334 1705 2561 1776 privatis
2589 1707 2858 1772 videlicet,
2889 1705 3141 1777 publicis,
3166 1719 3230 1759 ac
3254 1704 3453 1759 divinis
3481 1705 3661 1759 rebus.
3687 1703 3839 1758 Nam

563 1794 735 1881 runt:
763 1823 1086 1882 Hazreditate
1107 1817 1464 1891 possideamus
1485 1812 1847 1868 sanctuarium
1861 1811 1979 1876 Dei,
2002 1809 2148 1880 posi-
2173 1800 2222 1860 B
2237 1811 2371 1860 ευιη
2391 1797 2554 1891 alicui
2569 1798 2795 1891 homini
2821 1797 2887 1891 de
2907 1796 3126 1891 proprio
3152 1795 3409 1891 thesauro
3433 1795 3633 1891 aliquid
3655 1794 3841 1891 furari

565 1926 652 1973 tos
684 1926 778 1972 aut
810 1915 1089 1987 ponendos
1110 1919 1171 1968 ut
1193 1917 1369 1966 rotam
1389 1914 1448 1963 et
1466 1907 1609 1963 sicut
1633 1903 1891 1976 stipulam
1913 1911 2039 1959 ante
2067 1901 2147 1958 fa-

563 2007 704 2062 ciem
732 2006 920 2062 venti?

636 2100 824 2158 XVIII.
871 2099 977 2154 Sed
1002 2096 1230 2152 forsitan
1262 2092 1459 2164 aliquis
1483 2091 1599 2146 haec
1628 2089 1683 2145 in
1731 2088 1915 2144 Veteri
1959 2085 2150 2142 Testa-

561 2201 756 2250 mento
777 2191 894 2247 ﬁeri
923 2188 1230 2259 oportuisse
1250 2185 1559 2247 contendat,
1581 2182 1635 2237 in
1659 2179 1808 2236 Novo
1837 2187 2020 2234 autem
2040 2192 2150 2233 non

566 2292 852 2352 tantopere
893 2279 1177 2336 servanda.
1210 2275 1537 2339 Meminerit,
1590 2271 1838 2342 quisquis
1888 2269 1978 2325 ille
2022 2275 2149 2336 est,

563 2373 838 2429 Dominici
863 2371 1117 2440 exempli,
1147 2369 1290 2438 quod
1310 2383 1379 2422 ex
1402 2366 1585 2421 verbis
1616 2362 1946 2433 evangelicis
1973 2359 2151 2416 sancti

564 2461 885 2517 intellexere
901 2449 1113 2516 Patres.
1143 2459 1330 2516 Refert
1342 2471 1574 2525 namque
1594 2451 1925 2523 evangelista
1952 2450 2148 2506 mulie-

565 2568 684 2608 rem
712 2553 997 2626 quamdam
1036 2550 1331 2606 accessisse
1380 2547 1448 2602 ad
1490 2545 1775 2600 Dominum
1802 2584 1818 2609 ,
1873 2543 2148 2614 pedesque

566 2641 686 2710 ejus
713 2642 933 2697 unxisse
955 2659 968 2694 :
993 2656 1092 2710 pro
1111 2655 1217 2708 qua
1246 2653 1304 2693 re
1325 2649 1671 2693 murmurans
1691 2633 1940 2704 proditor
1959 2630 2150 2698 Judas,

564 2733 648 2787 ait
686 2750 700 2784 :
751 2730 817 2786 Ut
846 2732 972 2803 quid
1013 2729 1234 2802 perditio
1269 2729 1381 2783 htrc
1416 2725 1708 2796 unguenti?
1783 2721 1965 2778 Potuit
2012 2722 2152 2776 enim

549 2825 862 2890 .uenundari
911 2822 1093 2888 multo,
1139 2832 1187 2876 et
1234 2820 1354 2875 dari
1381 2817 1716 2890 pauperibus.
1751 2815 1834 2871 Ad
1857 2814 2001 2887 quod
2024 2814 2152 2870 sub-

565 2918 803 2990 jurgens
825 2916 1155 2988 evangelista
1185 2931 1197 2966 :
1233 2912 1385 2979 ch,
1417 2911 1610 2981 inquit,
1643 2909 1868 2976 dicebat,
1899 2925 2003 2964 non
2022 2909 2150 2980 quia

569 3010 636 3064 de
671 3009 843 3079 egenis
878 3005 1162 3076 pertinebat
1196 3003 1264 3058 ad
1295 3019 1436 3067 eum,
1467 2999 1557 3056 sed
1582 3001 1705 3072 quia
1729 2997 1818 3069 {ur
1843 3007 1981 3067 erat,
1999 3007 2050 3053 et
2075 2997 2152 3052 lo-

566 3099 714 3154 culos
743 3098 960 3161 habens,
991 3113 1052 3150 ea
1082 3111 1200 3165 quae
1243 3093 1605 3156 mittebantur,
1652 3090 1980 3160 asportabat.
2008 3087 2150 3156 Quid

2247 1886 2437 1957 procul
2459 1886 2621 1942 dubio
2641 1893 2826 1942 reatus
2842 1886 2934 1951 sit,
2951 1884 3119 1940 multo
3135 1882 3309 1954 major
3327 1884 3396 1940 de
3417 1885 3652 1954 publico,
3680 1885 3841 1955 quod

2247 1987 2305 2034 et
2328 1991 2354 2020 ι
2381 1978 2528 2049 leges
2549 1976 2732 2034 steculi
2771 1975 3117 2047 sacrilegium
3162 1983 3512 2030 vocaverunt.
3557 1973 3674 2029 Jam
3705 1990 3845 2030 vero

2248 2069 2318 2127 de
2358 2069 2678 2136 Dominicis,
2710 2068 2764 2124 id
2793 2076 2900 2133 est,
2927 2065 3311 2122 ecclesiasticis
3358 2066 3648 2130 thesauris,
3679 2064 3842 2121 frau-

2251 2160 2384 2216 dare
2415 2159 2620 2229 aliquid
2664 2158 2830 2230 (quod
2873 2157 3014 2228 apud
3043 2171 3143 2212 nos
3169 2157 3479 2229 specialiter
3507 2157 3533 2196 δ
3561 2157 3844 2228 sacrilegii

2251 2249 2470 2307 nomine
2496 2247 2793 2320 censetur),
2826 2249 2961 2304 adeo
2993 2247 3230 2302 immane
3279 2247 3458 2303 scelus
3505 2261 3625 2302 esse
3655 2247 3843 2302 mani-

2251 2329 2451 2397 festum
2480 2349 2586 2404 est,
2626 2347 2684 2394 ut
2719 2340 2812 2410 qui
2838 2339 3001 2394 istum
3029 2339 3401 2402 committant,
3432 2340 3486 2393 in
3516 2346 3719 2394 sortem
3748 2337 3845 2394 Ju-

2253 2433 2336 2489 dte
2382 2431 2675 2503 deputandi
2729 2429 2955 2485 minime
3005 2429 3342 2486 dub'itentur.
3379 2427 3516 2484 Cum
3559 2443 3691 2500 ergo
3722 2429 3844 2485 haec

2252 2523 2328 2578 ita
2354 2538 2414 2578 se
2444 2523 2712 2588 habeant,
2750 2536 2984 2592 cumque
3031 2521 3098 2577 de
3144 2520 3387 2594 praefatis
3424 2521 3586 2577 rebus
3643 2522 3844 2578 illicito

2254 2615 2460 2686 aliquid
2505 2617 2558 2670 in
2611 2616 2788 2671 dando
2812 2655 2829 2681 ,
2869 2615 3185 2687 accipiendo
3206 2656 3224 2683 ,
3253 2616 3339 2672 vel
3370 2617 3654 2672 retinendo
3682 2633 3848 2673 usur-

2253 2722 2406 2778 pare,
2435 2705 2605 2762 furari
2624 2706 2724 2774 sit;
2760 2715 2953 2777 penset
2970 2705 3062 2778 pia
3083 2721 3256 2775 mens,
3283 2716 3486 2779 quanta
3510 2708 3729 2764 cautela
3757 2725 3846 2764 res

2255 2807 2428 2869 egeat.

2328 2908 2470 2965 XIX.
2513 2909 2812 2978 Quaesitum
2841 2917 2929 2966 est
2950 2910 3148 2977 etiam,
3189 2911 3274 2966 vel
3310 2913 3480 2983 quaeri
3507 2911 3710 2982 potuit,
3748 2926 3846 2966 cur

2254 3001 2518 3058 Dominus
2557 3000 2903 3056 exactoribus
2930 3001 3192 3072 publicis,
3237 3002 3331 3072 qui
3371 3001 3625 3058 dixerunt
3658 3000 3846 3062 Petro.

2257 3091 2513 3164 Magister
2549 3101 2712 3146 uester
2732 3108 2839 3146 non
2873 3091 3026 3147 solvit
3060 3092 3373 3148 didrachma
3398 3094 3465 3150 de
3483 3093 3705 3158 (oculis,
3733 3109 3846 3150 non

467 3253 469 3258 η
567 3197 748 3246 autem
770 3187 1032 3243 Dominus
1045 3163 1112 3240 de
1131 3183 1322 3239 loculis
1343 3182 1569 3246 faceret,
1584 3180 1888 3237 ostenditur
1909 3193 1974 3234 ex
1997 3185 2153 3250 parte
2179 3163 2226 3227 C
2257 3163 2471 3242 dederit
2490 3191 2772 3250 stateram,
2806 3185 2900 3240 sed
2922 3183 3142 3240 Petrum
3171 3202 3204 3240 a
3229 3200 3381 3240 mare
3415 3185 3615 3241 direxit
3636 3225 3653 3251 ,
3697 3194 3761 3240 ιιι
3781 3186 3846 3242 de

565 3297 632 3338 ex
655 3297 722 3337 eo
742 3279 885 3350 quod
903 3294 1025 3334 cum
1046 3275 1196 3332 Iudae
1220 3274 1521 3344 egredienti
1543 3289 1573 3328 a
1597 3287 1677 3337 se,
1701 3279 1757 3328 et
1774 3271 2020 3342 ingresso
2034 3269 2150 3341 jam

555 3372 773 3447 _Satana
787 3370 840 3425 in
864 3383 943 3434 se,
960 3368 1209 3432 dixisset,
1229 3365 1380 3432 Quod
1398 3364 1551 3433 facis,
1569 3363 1655 3432 {ac
1675 3361 1851 3427 citius,
1867 3361 2150 3417 audientes

571 3459 820 3529 discipuli
849 3464 1176 3528 putaverunt
1216 3454 1360 3525 quod
1384 3451 1602 3524 juberet
1631 3451 1708 3504 illi
1732 3458 1792 3505 ut
1817 3457 2026 3506 emeret
2053 3465 2150 3506 ne-

567 3551 807 3606 cessaria
825 3550 893 3605 ad
907 3549 1050 3605 diem
1074 3548 1290 3610 festum,
1315 3552 1406 3599 aut
1434 3552 1490 3598 ut
1517 3542 1705 3613 egenis
1731 3541 1936 3610 aliquid
1957 3541 2146 3596 daret:

569 3641 711 3713 quod
742 3641 928 3711 utique
953 3654 1060 3694 non
1092 3641 1368 3706 putarent,
1401 3633 1505 3687 nisi
1531 3641 1689 3686 antea
1718 3629 1837 3686 ﬁeri
1865 3630 2144 3686 vidissent.

565 3731 769 3789 Verum
799 3731 924 3801 quia
952 3729 1240 3801 quaesitum
1269 3734 1369 3787 est,
1414 3739 1512 3779 cur
1532 3723 1825 3789 Dominus,
1859 3722 1950 3794 qui
1981 3723 2149 3778 disci-

560 3822 710 3894 pulis
732 3821 983 3876 dixerat:
1016 3814 1196 3870 Nolite
1237 3821 1450 3884 portare
1485 3827 1698 3874 aurum,
1751 3827 1914 3884 neque
1961 3827 2150 3881 argen-

567 3923 707 3977 tum,
765 3927 928 3983 neque
971 3925 1040 3962 tes
1070 3908 1126 3960 in
1172 3905 1317 3959 zonis
1371 3905 1581 3967 vestris,
1622 3918 1724 3958 nec
1776 3902 2023 3972 permisit
2055 3917 2149 3958 eos

569 4004 712 4058 ferre
739 4003 884 4056 aliud
911 4003 967 4058 in
989 4002 1072 4055 via
1097 4041 1112 4065 ,
1156 3999 1263 4054 nisi
1296 3998 1502 4068 virgam
1527 4004 1756 4060 tantum,
1789 3995 1902 4066 ipse
1925 3995 1978 4049 in
2003 3994 2152 4050 loeu-

565 4095 635 4153 lis
664 4096 948 4149 thesauros
1004 4092 1284 4155 habuerit;
1333 4090 1570 4158 disputat
1616 4089 1682 4142 de
1712 4088 1835 4152 his,
1878 4087 1932 4142 in
1974 4103 2147 4156 quan-

569 4198 681 4242 tum
711 4183 984 4241 recordari
1010 4183 1198 4248 valeo,
1233 4183 1426 4236 beatus
1471 4179 1804 4249 Augustinus
1857 4177 1936 4249 (In
1984 4177 2140 4234 Joan.

567 4278 752 4334 Tract.
787 4294 818 4332 ι.
873 4291 991 4345 cap.
1031 4274 1158 4344 12);
1193 4272 1429 4342 dicitque
1475 4271 1620 4340 quod
1667 4269 1930 4327 Dominus
1959 4280 2147 4328 noster

2250 3293 2352 3334 ore
2375 3277 2542 3349 piscis
2573 3275 2820 3334 tolleret?
2847 3277 3295 3350 Responsumque
3323 3287 3411 3336 est
3455 3295 3488 3334 a
3533 3280 3846 3338 doctoribus

2251 3367 2532 3434 Ecclesiae,
2556 3367 2683 3437 quia
2707 3366 2972 3424 Dominici
2993 3367 3154 3424 loculi
3180 3368 3237 3425 in
3264 3384 3536 3440 pauperes
3558 3377 3616 3426 et
3650 3370 3708 3425 in
3730 3371 3846 3426 dies

2250 3459 2420 3516 festos
2458 3459 2943 3530 expendebantur;
2990 3468 3194 3516 etcum
3231 3463 3507 3532 exegisset
3541 3464 3844 3520 necessitas

2250 3550 2309 3606 in
2355 3549 2615 3605 alimenta
2660 3549 3050 3620 discipulorum
3094 3552 3309 3607 Domini
3362 3553 3530 3622 (sicut
3580 3555 3844 3625 scriptum

2259 3647 2346 3695 est
2389 3657 2402 3694 :
2449 3639 2712 3711 Discipuli
2744 3650 2919 3694 autem
2964 3641 3206 3696 abierunt
3242 3643 3298 3698 in
3332 3643 3593 3699 civitatem
3623 3655 3681 3699 ut
3708 3646 3844 3701 cibos

2249 3727 2523 3801 emerent),
2550 3729 2792 3786 noluisse
2819 3730 3108 3787 Dominum
3135 3746 3248 3787 rem
3271 3749 3569 3804 pauperum
3593 3737 3649 3791 in
3671 3738 3844 3807 publi—

2251 3837 2373 3878 cam
2419 3823 2762 3879 exactionem
2806 3822 3025 3880 mittere
3045 3865 3062 3891 ,
3100 3825 3196 3880 sed
3223 3825 3584 3895 omnipotenti
3621 3829 3842 3892 virtute,

2250 3914 2396 3984 quod
2432 3915 2618 3985 utique
2640 3929 2937 3986 pauperum
2971 3931 3082 3972 non
3105 3925 3254 3985 erat,
3303 3919 3371 3974 de
3405 3919 3542 3974 mari
3570 3919 3760 3977 tollere
3794 3928 3843 3975 et

2252 4004 2388 4063 ﬁsco
2429 4007 2656 4061 reddere
2697 4006 2964 4074 voluisse,
3002 4015 3063 4062 ut
3088 4008 3316 4066 formam
3349 4011 3504 4067 daret
3541 4013 3840 4084 discipulis,

2250 4111 2416 4168 quam
2462 4095 2719 4151 Ecclesia:
2777 4099 3244 4155 commendarent.
3308 4099 3469 4157 Juxta
3507 4119 3676 4174 quam
3736 4106 3842 4160 for-

2251 4203 2396 4242 mam
2443 4194 2754 4242 statuerunt
2783 4197 2807 4226 σ
2841 4188 2982 4244 sacri
3015 4204 3253 4248 canones
3299 4193 3518 4248 modum
3556 4211 3648 4251 res
3679 4198 3844 4251 eccle-

2250 4279 2502 4335 siasticas
2529 4278 2913 4348 dispensandi;
2957 4280 3170 4338 scilicet
3205 4289 3266 4338 ut
3301 4283 3359 4338 in
3392 4284 3604 4342 alendis
3633 4289 3840 4358 egenis,

1919 4385 2194 4447 BALUZH
2229 4389 2463 4447 NOTAE.

639 4501 664 4528 ε
689 4485 848 4566 tege
877 4480 1158 4566 ξαῖαείίνὲα
1201 4474 1478 4566 salsas?
1503 4473 1707 4566 eriles;
1747 4474 2142 4566 ιὲξεεαιθιεφω
2171 4487 2223 4547 D
2250 4491 2454 4566 ηιιξιωτ
2495 4479 2702 4566 more
2725 4480 3269 4566 qualiacuequeﬂﬂi
3299 4485 3675 4566 ειρςειιιειιιιεν
3721 4487 3840 4566 (P9-

561 4555 684 4613 hmc
711 4543 792 4611 [ei
821 4553 874 4609 in
898 4551 1051 4625 l_.bris
1074 4543 1483 4625 Pandectartint,
1517 4543 1553 4625 Ιε
1583 4546 1632 4607 9,
1664 4545 1725 4598 Ι).
1756 4546 1825 4625 uti
1867 4545 2145 4625 l._Juliam
2171 4543 2205 4547 —
2249 4553 2459 4625 culatus
2481 4551 2625 4625 enim
2653 4543 2848 4608 dicitur
2881 4543 3082 4625 furtum
3107 4553 3174 4609 de
3200 4571 3260 4609 re
3289 4543 3521 4625 publica,
3551 4564 3602 4613 et
3631 4543 3742 4614 ιιόιὶ
3764 4560 3841 4614 sic

562 4626 761 4698 pecul.,
795 4625 894 4698 ubi
915 4623 1028 4698 haec
1063 4621 1226 4698 verba
1256 4613 1817 4698 Daulijurisconsulti
1840 4616 2148 4698 referuntur

561 4684 632 4750 ex
678 4684 816 4750 libro
854 4690 1111 4762 singulari
1131 4690 1227 4762 Ade
1261 4685 1486 4742 Judiciis
1517 4684 1768 4762 Publicis.
1825 4703 1844 4736 ε
1882 4687 2146 4762 Sacrilegi

567 4765 743 4835 capite
774 4754 1089 4835 puniuntur.
1125 4759 1268 4835 Sunt
1291 4764 1470 4835 autem
1506 4754 1775 4835 sacrilegi,
1804 4757 1895 4826 qui
1933 4754 2147 4835 publica

568 4826 723 4888 sacra
753 4826 1198 4902 compilaverunt.
1242 4827 1312 4880 At
1339 4826 1430 4895 qui
1457 4826 1877 4902 privatasacra,
1903 4827 2147 4902 velaedi-

569 4903 718 4967 cuias
753 4896 1108 4957 incustoditas
1135 4903 1496 4961 tentaverunt,
1527 4896 1758 4967 amplius
1788 4911 1949 4965 quam
1979 4897 2146 4965 fures,

566 4966 748 5051 minus
770 4988 929 5051 quam
945 4968 1200 5051 sacrilegi
1227 4974 1520 5051 merentur:
1543 4966 1723 5049 Quare
1745 4968 1896 5051 quod
1910 4983 2146 5051 sacrum,

568 5035 1210 5115 quodve'admissumin
1254 5035 1516 5115 sacrilegii
1567 5037 1770 5115 crimen
1800 5037 1975 5115 cadat,
2020 5038 2145 5094 dili-

568 5107 767 5185 g'entt-r
792 5110 1237 5185 considerandum
1277 5115 1397 5185 est;
1424 5107 1602 5185 habeo
1640 5107 2146 5185 trigesim_o__octavo

567 5177 930 5253 posteriorum
970 5179 1268 5253 peculatum
1297 5177 1486 5253 deﬁnit
1519 5177 1761 5253 pecuniae
1800 5177 2145 5253 publieae‘a‘ut

569 5246 738 5308 sacne
765 5246 986 5314 furtum,
1013 5266 1115 5304 non
1153 5252 1219 5305 ab
1243 5265 1309 5304 eo
1342 5246 1542 5303 factum
1569 5246 1723 5316 cujus
1750 5247 1989 5316 periculo
2017 5247 2140 5316 fuit,

567 5333 625 5382 et
654 5323 775 5377 ideo
808 5321 1060 5376 aedituum
1102 5321 1154 5376 in
1185 5320 1269 5376 bis
1299 5334 1418 5390 quae
1453 5317 1501 5372 ei
1535 5318 1734 5390 tradita
1763 5328 1886 5372 sunt
1922 5319 2143 5390 pecula-

569 5405 683 5450 tum
713 5409 818 5447 non
847 5391 1151 5446 admittere.
1189 5411 1208 5443 ι
1258 5387 1342 5444 Ad
1369 5389 1510 5443 hunc
1534 5387 1710 5443 locum
1741 5387 2041 5458 respexisse
2063 5389 2144 5444 vi-

569 5464 724 5520 detur
767 5462 1096 5532 Augustinus
1157 5461 1220 5532 in
1270 5459 1524 5513 Tractatu
1594 5457 2038 5532 quinquagesimo
2081 5459 2141 5532 in

569 5472 724 5520 detur
767 5472 1096 5532 Augustinus
1166 5472 1220 5516 in
1270 5472 1524 5513 't'ractatu
1594 5472 2038 5581 qumquagesmo
2085 5475 2141 5517 tn

567 5533 849 5590 Joannem.
909 5551 926 5583 ε
967 5531 1107 5587 Ecce
1151 5531 1294 5585 inter
1339 5535 1554 5582 sanctos
1601 5534 1685 5581 est
1727 5598 1739 5600 _
1765 5529 1914 5592 udas,
1946 5530 2142 5600 inquit,

568 5619 696 5661 ecce
722 5603 910 5684 fur__est
933 5601 1101 5658 Judas
1112 5618 1135 5684 ξ
1157 5609 1232 5665 et,
1261 5607 1689 5684 necentemuas,
1716 5598 1807 5684 fur
1827 5598 2140 5684 sacrilegus,

568 5689 677 5732 non
697 5675 1086 5750 qualiscunque
1107 5670 1228 5750 fur_;
1258 5668 1346 5723 fur
1367 5667 1686 5750 loculorugt,
1715 5667 2143 5750 sed.D0m_i_nico-

569 5737 734 5810 rum;
755 5737 1074 5804 loculoruin,
1111 5741 1206 5799 sed
1239 5753 1533 5797 sacrorum.
1596 5737 1653 5799 Si
1685 5740 1911 5803 crimina
1945 5740 2146 5807 discet.

2243 4622 2522 4693 judicatur
2556 4620 2792 4698 _furtum_
2821 4621 2917 4698 rei.
2949 4623 3179 4698 privatae
3231 4620 3337 4695 quo
3388 4620 3548 4682 modo
3585 4629 3837 4698 publicae)

2249 4689 2453 4761 quanto
2489 4689 3223 4769 vehementiusju'dicandus
3247 4689 3346 4769 'e_st
3388 4689 3694 4769 sacrilegus
3733 4689 3836 4762 fur,

2249 4760 2357 4816 non
2401 4761 2756 4831 undecunque
2798 4760 3006 4826 tollere,
3047 4764 3143 4819 sed
3177 4765 3244 4820 de
3281 4767 3521 4822 Ecclesia
3562 4760 3778 4824 tollere.
3813 4760 3830 4822 ἰ

2250 4831 2527 4954 ἓὲἑιόὲἓέι·
2598 4832 2689 4887 hic
2744 4831 2895 4888 locus
2970 4831 3027 4888 in
3081 4832 3222 4890 libro
3283 4853 3337 4891 vt
3401 4838 3833 4908 Capitularium,

2251 4917 2372 4957 can.
2404 4917 2528 4954 ουκ.

2319 4917 2658 5039 ﬁ.Sotig'ilegii
2701 4971 2912 5026 nomine
2945 4983 3200 5028 censetur.
3246 4975 3624 5033 Exstat.enim
3663 4994 3730 5034 ea
3774 4981 3836 5036 de

2251 5055 2311 5114 re
2339 5041 2425 5096 lex
2464 5041 2518 5095 in
2557 5040 2694 5114 libro
2721 5054 2775 5094 vr
2801 5039 3210 5114 Capitularium,
3242 5061 3359 5114 cap.
3390 5046 3534 5101 525:
3586 5067 3605 5096 ο
3646 5048 3834 5107 Scien-

2250 5110 2378 5166 dum
2413 5119 2495 5167 est
2525 5111 2774 5166 omnibus
2809 5110 2950 5179 quod
2983 5110 3328 5179 sacrilegium
3359 5117 3430 5171 sit
3458 5133 3546 5173 res
3574 5118 3836 5177 Ecclesia;

2250 5132 2378 5166 uum
2413 5132 2495 5167 est.
2525 5132 2774 5166 omnibus
2809 5132 2950 5179 quou
2983 5132 3178 5170 sacrue
3217 5132 3328 5169 tum
3359 5132 3430 5171 Stt
3458 5133 3546 5173 res
3574 5132 3836 5177 Ecclesiae

2247 5195 2570 5306 ﬂuocunquc
2607 5181 2766 5263 modo
2813 5181 3118 5266 injusteab
3164 5132 3422 5241 Ecclesiis
3461 5189 3662 5257 quibus
3716 5191 3836 5260 jure

2284 5252 2512 5306 cbentur
2545 5251 2765 5306 auferri.
2803 5260 2857 5306 et
2889 5269 2942 5306 tn
2966 5253 3110 5306 aliud
3135 5255 3441 5306 transferri.
3472 5277 3491 5306 ι
3530 5258 3662 5306 Vide
3699 5261 3834 5306 ιίιπο

2284 5251 2512 5308 cbentur
2545 5251 2765 5311 auferri.
2803 5260 2857 5307 et
2889 5253 2942 5308 in
2966 5253 3110 5311 aliud
3135 5255 3441 5312 transferri.
3472 5251 3494 5310 ἱ
3530 5258 3662 5316 Vide
3697 5251 3834 5318 libro

2244 5323 2366 5378 eod.
2387 5338 2515 5393 cap.
2540 5321 2644 5378 285
2670 5331 2724 5378 et
2746 5321 2870 5393 505.

2287 5403 2342 5474 _c
2369 5391 2521 5450 Sacri
2549 5409 2790 5476 canones.
2839 5391 3046 5476 Quippe
3067 5395 3238 5476 veteri
3260 5395 3520 5476 Ecclesiae
3547 5411 3831 5476 consuetu-

2248 5461 2396 5537 dine,
2437 5479 2556 5534 quae
2594 5471 2649 5518 et
2689 5479 2719 5517 a
2750 5461 2997 5537 conciliis
3033 5473 3093 5537 et
3127 5483 3157 5521 a
3188 5465 3447 5522 Romanis
3485 5471 3828 5537 pontiﬁcibus

2248 5533 2565 5607 confirmata
2589 5541 2693 5607 est,
2727 5549 2815 5589 res
2837 5534 3204 5607 Ecclesiarum
3217 5533 3621 5607 quadrifariam
3645 5543 3827 5598 divisae

2244 5611 2422 5685 erant,
2453 5611 2510 5658 ut
2549 5603 2637 5685 hic
2662 5619 2878 5685 quoque
2922 5614 3077 5685 notat
3098 5603 3437 5685 agebamus.
3467 5607 3679 5685 Harum
3707 5629 3825 5685 por:

2247 5675 2452 5753 tionem
2495 5675 2668 5753 prima
2719 5675 3028 5753 pertinebat
3060 5677 3129 5732 ad
3150 5675 3486 5748 'episcopum
3508 5720 3522 5743 ,
3556 5675 3726 5736 altera
3762 5681 3823 5736 ad

2246 5741 2507 5809 clericos,
2528 5743 2685 5802 tertia
2719 5741 2785 5802 ad
2813 5747 3035 5811 alendos
3059 5741 3571 5824 pauperesfquarta
3610 5753 3821 5816 demunt
