4012 6338
192 323 305 380 261

1137 307 1269 378 LIB.
1313 320 1403 377 DE
1440 317 1991 376 DISPENSATIONE
2029 316 2228 374 ECCL.
2271 313 2542 372 RERUM.

3381 312 3492 374 ιιι

190 442 257 499 in
284 432 665 496 sustentandis
710 430 957 503 clericis,
1007 438 1064 494 in
1105 437 1425 509 reparandis
1451 436 1695 502 fabricis,
1723 441 1800 490 at-
1823 437 1876 498 Α
1900 441 2193 504 ponerent,
2241 433 2404 505 legati
2442 427 2676 487 Romani
2702 426 2832 487 'sive
2880 430 3223 504 imperatoris
3254 448 3363 490 non
3395 438 3492 492 ad-

189 546 307 603 que
337 532 394 587 In
425 539 703 585 rectorum
729 527 1045 598 supplendis
1079 527 1503 584 necessitatibus
1524 525 1797 597 expende-

189 636 396 682 rentur
421 645 434 680 ε
472 633 636 696 prout
659 633 973 680 sanctorum
1001 623 1249 694 exempla
1278 625 1692 689 commendant,
1740 631 1797 678 et

185 735 373 791 usque
394 719 463 775 ad
488 719 738 790 proxima
766 725 1012 787 tempora
1050 717 1380 774 custoditum
1411 731 1534 771 esse
1557 730 1665 771 non
1694 715 1794 769 du-

183 810 349 865 bium
379 817 485 865 est.
525 808 606 864 Ex
641 808 798 864 laicis
828 808 1061 878 denique
1097 823 1205 862 non
1246 807 1420 863 solum
1447 817 1795 878 possessores

186 917 482 958 sacrarum
510 915 726 964 rerum,
766 912 793 940 ⁸
823 900 918 955 sed
951 913 1056 955 nec
1087 899 1490 971 dispensatores
1518 898 1637 955 ﬁeri
1663 913 1793 970 per-

184 993 463 1050 mittunt:
510 994 642 1064 quin
683 992 862 1062 potius
892 992 921 1032 ὶι
951 1006 1264 1048 (economos
1307 992 1374 1047 de
1400 991 1624 1062 proprio
1646 991 1793 1048 clero

183 1085 319 1157 eligi
353 1085 760 1156 pmcipinntur,
793 1091 850 1140 et
876 1098 1057 1155 agros,
1085 1083 1296 1150 vineas,
1327 1092 1491 1153 atque
1521 1083 1792 1154 mancipia

187 1177 260 1231 ad
283 1192 448 1232 usum
480 1176 664 1242 tribui,
693 1190 801 1230 non
829 1175 934 1230 nisi
962 1175 1197 1239 clericis,
1223 1175 1526 1240 monachis,
1551 1174 1794 1246 peregri-

187 1268 398 1337 nisque
432 1266 758 1322 concedunt.
797 1265 876 1321 De
901 1280 1008 1335 qua
1037 1280 1096 1321 re
1122 1266 1168 1320 si
1192 1265 1316 1336 quis
1339 1265 1654 1336 diligentius
1675 1265 1792 1322 vult

188 1373 495 1430 agnoscere
520 1357 650 1427 quid
663 1355 751 1412 vel
773 1356 830 1411 in
853 1355 1051 1426 quibus
1072 1354 1319 1411 conciliis
1340 1355 1574 1422 dicatur,
1601 1355 1788 1426 legen-

187 1448 262 1503 do
290 1459 351 1504 et
379 1447 707 1504 revolvendo
735 1453 1050 1518 cognoscat.

262 1540 386 1596 XX.
427 1540 628 1596 Verum
671 1540 798 1610 quia
846 1547 974 1594 sunt
1016 1540 1108 1610 qui
1135 1549 1159 1578 ο
1197 1536 1504 1594 Gallicanos
1548 1553 1788 1594 canones

185 1639 288 1684 aut
332 1632 559 1685 aliarum
604 1630 884 1700 regionum
928 1637 1121 1700 putent
1161 1645 1269 1683 non
1317 1631 1693 1700 recipiendos,
1722 1644 1788 1686 eo

186 1722 343 1792 quod
375 1721 532 1793 legati
553 1721 806 1785 Romani,
833 1736 925 1775 seu
950 1719 1294 1789 imperatoris
1315 1760 1330 1786 ,
1362 1720 1416 1774 in
1444 1735 1632 1775 eorum
1657 1735 1788 1775 con-

187 1816 477 1871 stitutione
520 1830 628 1869 non
672 1811 1051 1878 interfuerint,
1082 1821 1256 1867 restat
1282 1820 1342 1866 ut
1375 1813 1540 1867 etiam
1569 1821 1786 1868 sancto-
1812 1793 1860 1854 Β

187 1924 311 1964 ιἰιιιι
342 1908 772 1964 clarissimorum
805 1908 1026 1963 Patrum
1055 1907 1360 1972 doctrinas,
1404 1915 1459 1962 et
1488 1907 1786 1978 expositio-

189 2015 314 2065 nes,
338 2001 696 2068 diversosque
727 2006 1025 2064 tractatus,
1057 2005 1118 2053 ut
1149 2007 1275 2052 sunt
1306 1997 1586 2069 Cypriani,
1616 1997 1784 2054 Atha-

188 2091 357 2158 nasii,
406 2090 621 2157 Hilarii,
670 2089 1005 2161 Hieronymi,
1048 2089 1357 2161 Augustini,
1408 2090 1638 2145 doceant
1670 2104 1780 2145 non

187 2199 312 2240 esse
334 2185 677 2256 recipiendos
708 2202 724 2240 :
763 2183 891 2254 quia
925 2197 1048 2240 cum
1080 2183 1198 2240 haec
1225 2191 1546 2252 tractarent,
1577 2185 1662 2241 vel
1688 2201 1784 2242 ex-

1894 535 2070 606 erant.
2114 525 2304 582 Melius
2329 524 2464 580 mihi
2494 523 2699 580 sentire
2730 525 3008 590 videntur,
3047 523 3139 594 qui
3188 525 3492 583 secundum

1894 618 2108 675 Domini
2137 619 2364 684 dictum,
2407 617 2501 673 ubi
2527 617 2633 672 duo
2658 614 2742 671 vel
2770 624 2881 671 tres
2922 615 2978 671 in
3022 619 3242 672 nomine
3274 617 3492 677 Domini

1893 722 2252 785 congregatos
2283 718 2606 784 agnoscunt,
2648 709 2941 765 Dominum
2970 725 3186 780 quoque
3215 712 3360 766 inter
3397 726 3492 769 eos

1893 803 2113 860 affuisse
2159 818 2268 858 non
2319 801 2607 863 dubitant,
2660 808 2716 854 et
2759 813 2883 854 eum
2915 801 3010 870 qui
3050 801 3352 857 Ecclesiam
3381 819 3490 859 non
3550 820 3558 826 λ

1893 895 2169 960 audierit,
2221 895 2367 950 sicut
2395 892 2671 949 ethnicum
2709 901 2768 948 et
2796 891 3146 963 publicanum
3177 888 3492 952 habendum

1890 984 2140 1040 credunt.
2227 981 2549 1053 Ubicunque
2604 981 2748 1036 enim
2804 980 3056 1037 catholici
3115 982 3489 1041 Ecclesiarum

1891 1084 2138 1132 rectores
2165 1089 2268 1146 pro
2299 1074 2668 1130 Ecclesiarum
2698 1072 3027 1129 utilitatibus
3055 1090 3182 1129 cum
3211 1075 3306 1131 Dei
3329 1066 3500 1150 timo-4.

1891 1169 2032 1224 rein
2059 1168 2177 1238 ejus
2224 1166 2445 1221 nomine
2475 1174 2531 1220 et
2569 1164 2777 1220 honore
2818 1165 3185 1232 conveniunt,
3223 1167 3490 1238 quidquid

1889 1258 1917 1300 δ
1950 1265 2318 1315 consonanter
2344 1257 2550 1312 sanctis
2576 1253 2879 1327 Scripturis
2911 1264 3174 1322 statuunt,
3201 1255 3334 1312 nulli
3358 1273 3488 1328 pro-

1890 1353 1978 1409 cul
2005 1353 2166 1408 dubio
2193 1349 2499 1422 spernenda
2525 1390 2542 1416 ,
2587 1349 2696 1404 imo
2735 1351 3044 1404 veneranda
3080 1351 3330 1406 omnibus
3360 1367 3490 1408 esse

1889 1444 2128 1500 debent:
2156 1442 2302 1513 quod
2323 1441 2412 1497 illa
2442 1456 2606 1512 quam
2636 1442 2870 1496 maxime
2895 1442 3220 1498 auctoritate
3237 1441 3487 1511 fulcitur,

1889 1535 2015 1605 quia
2048 1535 2172 1589 bina
2197 1549 2297 1604 per
2327 1547 2503 1588 annos
2529 1531 2770 1603 singulos
2795 1532 3024 1588 concilia
3055 1531 3172 1587 ﬁeri
3203 1546 3258 1590 et
3287 1535 3493 1593 Roma:

1889 1627 1946 1681 ni
1970 1623 2258 1695 pontifices
2287 1625 2666 1691 decreverunt,
2706 1631 2760 1678 et
2781 1638 2975 1695 magna
2997 1624 3224 1680 concilia
3251 1629 3491 1685 sollicite

1890 1717 2360 1772 commendarunt.
2403 1715 2627 1771 Rectius
2654 1712 2899 1786 profecto
2922 1713 3102 1770 facere
3129 1715 3364 1783 videtur,
3393 1720 3487 1789 qui

1889 1810 2197 1880 ubicunque
2225 1824 2547 1879 magnarum
2589 1807 2916 1879 synodorum
2957 1815 3166 1867 statuta
3203 1810 3485 1878 deficiunt,

1887 1911 2112 1974 propter
2136 1903 2381 1959 insuetas
2404 1910 2749 1973 emergentes
2769 1916 2964 1956 causas
3000 1902 3346 1973 antiquorum
3374 1913 3490 1960 sta-

1887 2005 2027 2064 tuta,
2070 2012 2192 2067 qua:
2207 1995 2400 2050 merito
2420 1991 2862 2064 reprehendenda
2889 2006 3001 2046 non
3027 2002 3175 2060 sunt,
3209 1995 3486 2061 sequenda

1889 2091 2186 2154 deliberat,
2215 2102 2380 2158 quam
2421 2087 2514 2157 qui
2554 2101 2621 2143 ea
2661 2101 2782 2156 quae
2830 2085 2949 2156 ipse
2980 2085 3180 2152 sentit,
3231 2097 3256 2125 ο
3293 2102 3486 2143 eorum

1887 2181 2139 2240 sensibus
2172 2180 2474 2251 anteponit.
2511 2178 2854 2235 Firmissime
2883 2178 3108 2234 omnino
3140 2185 3300 2236 teneo
3337 2177 3490 2251 quod

1547 2293 1682 2350 BAL
1693 2294 1825 2352 UZII
1861 2291 2097 2351 NOTJE.

189 2392 602 2460 expendehatnr
637 2387 703 2460 ad
734 2389 1131 2460 reparationem
1159 2385 1536 2460 ecclesiarum.
1573 2387 1642 2442 Et
1666 2387 1784 2460 haec

189 2459 411 2530 quidem
443 2469 569 2515 sunt
590 2459 890 2515 notissima.
917 2459 1021 2530 Sed
1054 2469 1232 2530 tamen
1255 2459 1300 2513 si
1325 2459 1448 2530 quis
1468 2472 1531 2530 ea
1547 2459 1782 2530 probari

187 2527 337 2600 velit.
397 2532 561 2586 habet
607 2545 768 2600 quem
821 2528 1087 2600 consulat,
1113 2527 1310 2600 librum
1344 2527 1638 2600 clarissimi
1679 2529 1782 2600 viri

188 2599 420 2684 Joannis
445 2598 668 2684 Launoii
705 2601 936 2672 theologi
965 2599 1293 2684 farisiensis
1330 2600 1397 2655 de
1424 2598 1569 2654 Cura
1595 2599 1783 2656 Eccle-

188 2687 287 2783 sm:
309 2671 1195 2813 ἓᾘᾼῗὲῗθξξῗιὶιηεὲιδξῖζἶῗῖῗίἶιιξο
1225 2755 1275 2794 vr
1302 2737 1639 2813 Capitular.,_
1654 2755 1773 2812 cap.

186 2813 336 2870 294:
371 2833 392 2864 ι
427 2811 608 2868 Laicis
641 2810 891 2883 quamvis
929 2811 1197 2881 religiosis
1237 2810 1491 2883 nullade
1531 2810 1784 2867 ecclesia-

188 2884 344 2940 sticis
371 2880 720 2956 facultatibus
741 2882 942 2956 aliquid
966 2880 1286 2953 disponendi
1315 2880 1512 2953 legitur
1539 2897 1779 2952 unquam

188 2956 458 3010 attributa
485 2954 732 3010 facultas.
771 2974 791 3007 ι

258 3025 289 3065 δ
313 3023 639 3080 ιΕεοηοιηοε
667 3025 734 3079 de
757 3021 1169 3095 proprioiclero.
1195 3020 1480 3095 Sumptum
1525 3023 1670 3079 istud
1709 3039 1778 3079 ex

188 3095 490 3184 9°29???
513 3093 1206 3184 φηὲί¹ῗὶςὲῧίὲἓξ¹9ῖῖἓξ¹ἓίὲ
1229 3093 1565 3184 ifilli???
1591 3103 1779 3184 ΡΒὲἝὲ
1806 3120 1850 3184 C

187 3166 548 3222 confirmatus
572 3176 657 3222 est
681 3165 752 3221 ab
773 3165 1211 3236 imperatoribus,
1240 3179 1446 3233 usuque
1471 3180 1567 3236 per
1587 3178 1776 3236 omnes

188 3237 730 3318 ubiqueprovincias
758 3233 1038 3318 receptus;
1066 3242 1128 3318 ut
1154 3233 1335 3318 lli-arca
1359 3233 1596 3290 ostendit
1630 3235 1686 3290 in
1720 3235 1781 3292 li-

188 3303 521 3364 bro'octavo
547 3309 615 3364 de
637 3303 957 3370 Concordia,
984 3305 1161 3375 capite
1189 3303 1273 3359 18.

261 3389 284 3416 ε
315 3376 624 3434 Gallicanos
654 3393 898 3434 canones.
943 3371 1068 3431 lani
1100 3382 1256 3430 antea
1294 3371 1673 3432 adnotavimus
1710 3377 1779 3433 ad

187 3447 391 3505 librum
428 3450 690 3505 adversus
727 3449 922 3520 Legem
947 3445 1300 3512 Gundobadi,
1342 3461 1594 3520 magnam
1641 3448 1782 3504 anti-

189 3521 375 3589 quitus
422 3520 595 3575 fuisse
639 3514 997 3575 reverentiam
1049 3514 1777 3589 canonumGallicanorum;

191 3586 658 3671 neque_nunc.ea
688 3589 878 3671 repeti.
900 3596 985 3671 est
1011 3603 1164 3671 opus.
1206 3586 1337 3671 illud
1382 3586 1782 3671 inpraesentia-

191 3658 312 3716 rum
335 3661 680 3718 adm0nuisse
709 3658 957 3723 sufﬁciat,
989 3673 1055 3713 ex
1081 3659 1183 3712 hoc
1206 3658 1475 3729 Agobardi
1507 3658 1626 3714 loco
1651 3673 1780 3715 con-

188 3742 338 3788 stare
383 3748 493 3787 non
535 3732 830 3788 credidisse
869 3730 1102 3801 majores
1149 3737 1373 3801 nostros
1408 3730 1779 3801 necessariam

186 3803 361 3858 fuisse
398 3803 757 3874 praesentiam
791 3797 1090 3874 legatorum
1135 3797 1407 3874 pontificis
1447 3799 1678 3856 Romani
1723 3801 1780 3857 in

186 3869 437 3945 conciliis
487 3869 872 3945 regionalibus'
886 3880 989 3945 aut
1021 3869 1473 3945 provincialibus,
1507 3885 1780 3945 canones-

187 3957 301 4013 que
337 3944 395 3999 in
421 3945 501 3999 eis
530 3939 779 4000 decretos
802 3939 1311 4013 perinde'valuisse,
1341 3954 1404 4013 ac
1429 3940 1476 3995 si
1505 3939 1579 3994 illi
1610 3941 1781 3997 inter-

163 4010 448 4075 fuissent.
484 4013 632 4070 Unde
659 4010 1014 4070 confirmatur
1044 4010 1420 4080 interpretatio
1453 4027 1614 4080 quam
1654 4026 1778 4067 ver-

187 4083 281 4139 bis
309 4085 580 4139 Benedicti
609 4085 808 4140 Levitaa
843 4084 1058 4139 adhibet
1085 4080 1263 4136 Marco
1310 4082 1363 4137 in
1407 4081 1502 4136 lib.
1531 4089 1686 4138 sexto
1712 4083 1781 4138 de

184 4153 518 4226 Concordia,
559 4171 679 4226 cap.
707 4155 796 4209 27.
844 4154 1162 4209 Benedictus
1188 4153 1332 4207 enim
1382 4152 1434 4206 in
1463 4152 1778 4226 praefatione

184 4225 314 4281 libri
368 4226 544 4296 quinti
589 4223 980 4297 C'apitularium
1023 4237 1199 4297 exeo
1252 4223 1671 4297 quoquetvalde
1712 4240 1779 4297 _s_e

186 4293 577 4351 commendare
601 4293 754 4366 pu'tat
781 4297 896 4351 haec
920 4294 1177 4364 capitula,
1203 4293 1347 4366 quod
1382 4301 1437 4366 et
1475 4293 1530 4348 in
1557 4293 1779 4366 synodis

187 4382 220 4421 a
252 4367 532 4422 Bonifacio
565 4364 874 4436 Moguntino
906 4366 1049 4422 sedis
1083 4364 1602 4436 apostolicaehlegato
1630 4365 1777 4420 cele-

185 4437 365 4492 bratis
403 4437 623 4494 condita
657 4434 884 4502 fuerint,
923 4434 1163 4504 adeoque
1203 4434 1496 4505 apostolica
1538 4436 1776 4490 auctori-

185 4516 303 4563 tate
345 4507 592 4573 firmata,
629 4517 687 4563 et
727 4508 871 4578 quod,
901 4506 1374 4578 sequentiatetiam
1404 4505 1639 4578 capitula
1668 4507 1778 4578 sint

185 4581 430 4634 maxima
480 4595 549 4650 ex
597 4575 762 4650 parte
800 4575 1052 4634 roborata
1084 4576 1291 4650 eadem
1340 4575 1684 4650 auctoritate:
1718 4576 1775 4631 ld

184 4650 332 4705 enim
374 4645 778 4720 intelligendum
809 4657 891 4704 est
919 4646 1202 4720 de_tribus
1241 4647 1530 4720 postremis
1556 4645 1778 4720 Capitu-

187 4720 389 4775 larium
429 4715 603 4784 liuri's,
644 4729 703 4775 ut
742 4720 969 4790 ipsemet
990 4715 1315 4790 Benedictus
1353 4715 1510 4772 docet
1555 4717 1608 4772 in
1636 4715 1777 4790 libro

183 4807 285 4854 vn,
325 4807 449 4860 cap.
479 4790 621 4847 377:
661 4811 679 4842 ι
715 4787 944 4846 maxime
983 4790 1144 4843 trium
1184 4788 1499 4842 ultimorum
1542 4787 1776 4860 capitula

183 4859 422 4917 istorum
459 4860 718 4917 librorum
754 4860 1046 4932 apostolica
1081 4866 1211 4913 sunt
1230 4867 1423 4932 cuncta
1457 4859 1778 4932 auctoritate

184 4933 482 4996 roborata,
525 4933 649 5002 quia
695 4928 1068 4987 his'cudendis
1101 4929 1336 4984 maxime
1375 4929 1672 4999 apostolica
1699 4928 1780 4986 in-

185 5003 384 5073 terfuit
413 5003 627 5073 legatio.
663 5022 681 5055 ι

257 5072 286 5112 ά
321 5069 692 5128 Consonanter
717 5072 912 5127 sanctis
953 5069 1258 5142 Scripturis.
1316 5069 1502 5142 Itaque
1548 5070 1627 5142 sic
1657 5083 1778 5142 per-

184 5158 420 5199 suasum
449 5151 588 5210 erat,
622 5143 818 5198 nullius
844 5141 1101 5213 momenti
1137 5157 1255 5197 esse
1279 5141 1492 5213 regulas
1519 5141 1780 5196 ecclesia-

183 5217 381 5278 sticas,
435 5215 602 5284 etiam
656 5215 710 5269 in
758 5212 1220 5284 synodisteditas,
1274 5212 1379 5266 nisi
1414 5219 1778 5284 consonarent

185 5287 402 5342 sanctis
447 5283 763 5352 Scripturis.
790 5281 933 5351 'Quo
979 5283 1158 5346 fiebat,
1207 5293 1267 5338 ut
1313 5282 1524 5352 quoties
1547 5281 1777 5337 Romani

183 5355 485 5428 pontiﬁces
527 5352 605 5428 ad,
638 5355 870 5428 synodos
913 5353 1184 5428 mitterent
1219 5352 1477 5423 epistolas
1516 5353 1571 5406 in
1609 5367 1776 5428 causa

186 5421 345 5508 ﬁdei,
373 5427 613 5498 episcopi
659 5421 965 5508 congregati
1007 5421 1406 5508 examina—rent“
1425 5437 1493 5476 an
1537 5421 1777 5508 epistoite

186 5497 299 5569 illa:
326 5491 693 5569 congruerent
730 5491 901 5569 sacris
928 5493 1255 5569 Scripturis;
1287 5502 1348 5547 ut
1380 5491 1498 5548 fuse
1539 5491 1778 5550 ostendit

187 5568 378 5625 Marca
415 5567 469 5625 in
497 5569 634 5625 libro
668 5584 700 5620 v
725 5569 792 5622 de
817 5567 1136 5623 Concordia.

267 5652 296 5680 ο
333 5639 539 5694 Eorum
574 5640 810 5694 sensibus
847 5639 1131 5708 anteponit.
1194 5635 1478 5708 Agobardo
1507 5634 1778 5708 consentit

186 5721 352 5768 vetus
392 5720 582 5768 auctor
611 5710 948 5767 Collectionis
969 5705 1278 5771 'canonum',
1311 5709 1568 5761 hactenus
1606 5705 1778 5760 inedi-

186 5793 308 5852 tus,
329 5801 495 5853 quem
520 5783 664 5855 apud
688 5797 772 5840 me
799 5783 969 5839 habeo
997 5799 1010 5837 :
1038 5779 1152 5852 qui,
1179 5787 1465 5851 postquam
1500 5776 1556 5833 in
1580 5774 1776 5846 praefa-

1888 2387 2037 2441 tione
2081 2383 2295 2439 locutus
2336 2389 2421 2438 est
2462 2381 2529 2436 de
2571 2379 2838 2436 divisione
2877 2378 3223 2437 Collectionis
3270 2392 3382 2434 suae
3424 2377 3488 2433 im

1891 2466 2003 2512 tres
2032 2454 2217 2515 libros,
2255 2454 2468 2508 demum
2497 2452 2614 2507 haec
2641 2451 2827 2506 addit:
2863 2469 2883 2502 ι
2924 2450 2981 2506 in
3017 2450 3213 2520 quibus
3252 2449 3297 2502 si
3326 2448 3486 2519 quis-

1888 2541 2052 2598 quam
2096 2523 2299 2649 aliﬂuid
2347 2523 2555 2578 invenit
2595 2521 2664 2577 de
2708 2521 2904 2576 talibus
2951 2520 3196 2578 conciliis
3236 2535 3356 2590 qum
3383 2525 3491 2573 aut.

1890 2595 2164 2649 desnicien
2205 2609 2235 2648 a
2287 2603 2382 2648 aut
2425 2609 2535 2649 non
2581 2591 2893 2649 recipienda
2938 2591 3144 2649 iudicat
3168 2630 3183 2649 .
3234 2590 3488 2649 ignoscat

1890 2590 2235 2668 despicienda
2287 2603 2382 2648 aut
2425 2609 2535 2649 non
2581 2591 2893 2668 recipienda
2938 2591 3144 2668 iudicat
3168 2630 3183 2656 ,
3234 2590 3488 2668 ignoscat

1887 2661 2194 2740 paupertati
2224 2679 2416 2720 sensus
2445 2663 2636 2718 nostri.
2660 2661 2779 2740 _Nos
2806 2663 3235 2740 ta_men_dignum
3261 2661 3492 2740 depu_ta-

1882 2731 2022 2802 inus',
2052 2736 2404 2808 plurimorum
2439 2734 2793 2808 sententiam,
2825 2732 3164 2805 singulorum
3185 2731 3487 2808 _suspicio-

1882 2802 2483 2878 nibus'prcherendam,
2519 2813 2574 2860 et
2601 2804 2655 2858 in
2683 2802 3293 2878 quibuscunquerebus
3315 2818 3489 2875 gena-

1881 2873 2089 2934 ralium'
2109 2875 2464 2933 conciliorum
2492 2873 2870 2929 auctoritatem
2900 2873 3023 2930 non
3039 2873 3341 2938 habemus;
3357 2889 3486 2928 ma-

1917 2950 1964 3005 is
2008 2963 2195 3003 earum
2249 2948 2601 3017 synodorum,
2631 2961 2751 3019 qum
2774 2960 2871 3016 per
2899 2943 3140 3016 singulas
3164 2945 3481 3019 provincias

1905 3016 2039 3075 “actze
2088 3025 2236 3082 sunt,
2283 3016 2457 3087 quam
2489 3016 2785 3087 proprium
2833 3025 3082 3071 nostrum
3115 3016 3358 3087 sensum
3392 3031 3482 3071 se-

1921 3090 2178 3146 uendum.
2205 3086 2446 3157 Denique
2483 3086 2598 3156 ipsa
2628 3101 2784 3142 sacra
2818 3097 2874 3140 et
2905 3086 3184 3156 generalia
3207 3101 3480 3142 canonum

1921 3107 2178 3146 uetulum.
2205 3107 2446 3157 uenlque
2484 3107 2598 3156 Ipsa
2628 3107 2784 3142 sacra
2818 3107 2874 3140 et
2905 3107 3184 3156 generalia
3207 3107 3480 3142 canonum

1881 3107 2099 3217 Ἄρει-ειη
2127 3159 2464 3230 praecipiunt,
2493 3165 2554 3211 ut
2586 3157 2670 3230 bis
2699 3157 2752 3210 in
2783 3171 2926 3211 anno
2953 3157 3485 3230 pertsingulasgpro-

1878 3231 2087 3286 vincias
2115 3227 2492 3299 episcoporum
2529 3227 2834 3299 celebretur
2875 3227 3191 3293 concilium,
3215 3238 3272 3283 et
3293 3229 3489 3298 plena-

1879 3302 2017 3358 riam
2053 3297 2318 3373 synodum
2343 3298 2529 3373 dicunt
2552 3312 2673 3373 esse
2717 3297 2806 3352 ubi
2835 3313 2960 3373 cum
2994 3299 3110 3355 suis
3150 3297 3485 3373 dioecesanis.

1879 3368 2328 3443 metropolitanus
2370 3368 2534 3424 fuerit
2567 3369 2874 3443 episcopus.
2915 3369 3054 3443 Cum
3089 3384 3220 3443 ergo
3256 3369 3330 3423 ita
3357 3383 3486 3439 spe-

1879 3443 2038 3501 cialia
2058 3440 2310 3498 'concilia
2335 3455 2406 3495 ex
2429 3440 2766 3510 generalium
2802 3442 3130 3499 auctoritate
3161 3442 3320 3506 fiunt,
3347 3455 3484 3496 con~

1880 3522 1990 3596 stat
2025 3513 2232 3596 nullum
2266 3511 2518 3595 posseOde
2546 3527 2746 3596 eorum‘
2774 3512 2978 3596 aliquid
3016 3511 3326 3596 improbare
3361 3519 3486 3595 διεισ-

1881 3585 2030 3651 tutis,
2061 3584 2164 3639 nisi
2195 3581 2322 3639 eum
2350 3581 2442 3653 qui
2487 3583 2691 3654 apertis
2725 3581 2940 3638 indiciis
2976 3581 3215 3654 potuerit
3246 3583 3479 3638 convin-

1879 3671 2008 3711 cere
2044 3670 2139 3710 eos
2175 3655 2356 3711 aliqua
2391 3653 2580 3710 contra
2611 3653 2772 3709 fidem
2811 3663 2904 3710 aut
2935 3653 3115 3710 mores
3143 3654 3313 3709 bonos
3341 3668 3483 3710 con-

1880 3727 2142 3782 stituisse.
2177 3745 2200 3780 ι
2247 3725 2523 3781 Hactenus
2561 3733 2718 3781 vetus
2763 3726 2853 3782 ille
2886 3725 3144 3782 collector
3178 3743 3194 3780 :
3222 3739 3384 3794 quem
3419 3725 3479 3780 ιιἰέ

1879 3797 2151 3868 Agobardi
2195 3805 2531 3868 coaetaneum
2582 3795 2748 3852 fuisse
2789 3797 3016 3863 dixero,
3063 3795 3332 3868 fortassis
3359 3809 3481 3862 non.

1881 3865 2165 3924 aberrabo.
2195 3866 2332 3920 Nam
2358 3865 2534 3921 nullos
2561 3881 2797 3922 canones
2822 3867 2976 3931 citat,
3007 3881 3168 3934 quam
3196 3880 3291 3919 eos
3321 3865 3480 3934 ipsos.

1881 3953 2018 4010 quos
2053 3937 2287 4010 laudare
2306 3937 2485 4010 potuit
2511 3935 2853 4006 Agobardus,
2898 3935 2951 3989 id
2987 3945 3092 4010 est,
3132 3947 3376 4010 canones
3385 3942 3478 4010 Δ(ιιι

1881 4004 2096 4076 decreta
2139 4004 2454 4076 pontificum
2498 4004 2617 4075 quae
2664 4013 2780 4060 tum
2830 4007 3119 4062 exstabant
3168 4005 3224 4060 in
3263 4004 3477 4064 Codice

1880 4075 2158 4135 Canonum
2195 4075 2449 4148 Ecclesiae
2478 4076 2788 4132 Gallicana}.
2815 4076 2968 4146 Quod
3008 4084 3190 4148 autem
3215 4076 3476 4148 Agebat-

1880 4149 1981 4222 dus
2009 4158 2071 4222 et
2081 4147 2496 4222 collectoriste
2531 4158 2712 4222 vetus,
2750 4156 2811 4203 ut
2847 4147 3213 4222 regionalibus
3243 4147 3303 4208 et
3341 4165 3478 4222 pro-

1879 4220 2200 4276 vincialibus
2236 4218 2481 4275 conciliis
2508 4219 2888 4275 auctoritatem
2917 4218 3151 4285 addant,
3181 4218 3474 4277 aiunt—eo-

1880 4306 2000 4346 rum
2019 4290 2450 4363 celebrationem
2485 4305 2620 4363 esse
2638 4289 2958 4363 imperatam
2991 4304 3033 4363 at
3051 4293 3264 4363 magnis
3290 4301 3346 4346 et
3383 4304 3477 4362 ge-

1880 4361 2157 4417 neralibus
2193 4360 2458 4429 conciliis,
2489 4370 2550 4418 ut
2573 4360 2656 4415 bis
2692 4360 2746 4414 in
2784 4377 2926 4416 anno
2950 4360 3282 4426 habeantur,
3318 4360 3475 4416 scin-

1919 4441 2032 4486 tum
2060 4442 2146 4486 est
2183 4446 2250 4486 ex
2281 4445 2490 4488 canone
2510 4431 2543 4486 5
2569 4430 2804 4494 Nicmno,
2836 4432 2906 4487 20
2927 4430 3284 4494 Antiocheno,
3313 4440 3369 4485 et
3397 4431 3470 4487 i9

1801 4478 1853 4538 D
1879 4448 2325 4558 Ehalcedonensl.
2381 4501 2542 4556 Addit
2584 4511 2739 4557 vetus
2784 4503 3042 4558 collector
3087 4503 3248 4558 aliam
3296 4501 3470 4558 ratio-

1923 4501 2325 4557 halcedonensl.
2381 4501 2542 4556 Addit
2584 4511 2739 4557 vetus
2784 4503 3042 4564 collector
3087 4503 3248 4558 aliam
3296 4501 3475 4558 ratio«

1878 4587 2252 4644 nem,inempe
2281 4571 2545 4644 synodum
2577 4572 2876 4644 illam_esse
2905 4573 3202 4644 plenariam
3234 4574 3318 4644 cui
3350 4588 3464 4629 me-

1878 4643 2233 4716 tropolitanus
2263 4642 2547 4714 episcopus
2582 4642 2892 4703 interfuerit
2909 4642 3041 4700 cum
3062 4643 3477 4716 suis_dia_:cesa--

1874 4711 1983 4769 nis:
2031 4715 2178 4785 Istud
2207 4711 2340 4769 vero
2377 4711 2653 4785 sumptum
2693 4723 2778 4771 est
2815 4731 2880 4774 ex
2919 4727 3126 4785 canone
3169 4711 3234 4767 l6
3276 4714 3474 4771 Antio--

1876 4787 2068 4850 cheno,
2114 4784 2168 4839 in
2198 4784 2421 4856 quotsic
2459 4781 2721 4856 scriptum
2758 4794 2841 4856 est
2877 4801 2890 4838 :
2928 4802 2950 4856 ι
2993 4781 3296 4856 Perfectum
3327 4799 3460 4842 vero

1876 4856 2164 4911 concilium
2203 4853 2333 4910 illud
2375 4863 2480 4918 est,
2522 4853 2614 4910 ubi
2662 4855 2968 4910 interfuerit
3010 4853 3469 4923 metropolitanus

1876 4928 2133 4982 antistes:
2158 4943 2177 4978 ι
2197 4924 2351 4984 cuius
2372 4925 2538 4981 etiam
2561 4926 2887 4984 mentionem
2911 4925 3044 4980 facit
3063 4923 3373 4982 Ferrandus
3399 4927 3464 4983 in-

1876 4997 2216 5053 Breviatione
2244 4993 2548 5062 Canonum,
2581 4997 2662 5050 tit.
2695 4995 2826 5060 1M;
2879 4996 3116 5064 itemque
3139 4993 3490 5064 Gratianus,-

1874 5066 2249 5130 Burchardus,
2295 5066 2405 5133 lvo,
2443 5065 2552 5121 alii.
2599 5065 2669 5122 Ut
2711 5067 2867 5120 valde
2905 5066 3104 5121 mirum
3139 5067 3210 5121 sit
3244 5067 3294 5122 id
3339 5083 3450 5124 non

1875 5137 2310 5193 animadversum
2365 5154 2395 5192 a
2443 5137 2596 5192 R.P.
2625 5135 2896 5192 Ludovico
2941 5136 3201 5203 Cellotio,
3258 5137 3351 5203 qui
3399 5139 3464 5195 ia

1875 5209 2020 5265 notis
2059 5209 2129 5264 ad
2165 5215 2328 5279 caput
2371 5207 2442 5262 25
2483 5206 2697 5279 concilii
2727 5206 3076 5279 Duziacensis
3110 5206 3460 5278 reprehendit

1877 5277 2618 5350 Hincmarum'stepiuscule,
2662 5287 2721 5332 ut
2769 5279 2884 5349 ipse
2932 5278 3036 5342 ait,
3085 5277 3460 5350 proferentens
3544 5312 3545 5316 η

1875 5349 2019 5406 hunc
2051 5364 2315 5405 canonem
2340 5347 2754 5419 Antiochenum,
2791 5347 2919 5405 cum
2959 5347 3142 5404 tamen
3179 5349 3465 5419 conceptis

1874 5421 2056 5477 verbis
2084 5435 2191 5475 non
2221 5427 2396 5474 exstet
2415 5418 2484 5490 _in
2514 5419 2720 5490 synodo
2745 5419 3308 5490 AntiochenagMulta
3335 5418 3460 5489 qui.

1875 5491 1998 5547 dem
2057 5492 2124 5545 de
2167 5487 2705 5558 metropolitanorum
2770 5491 3062 5563 dignitate,
3112 5487 3460 5616 juribuzﬂ'ue,

1875 5560 2270 5616 sapientissime
2303 5558 2469 5612 variis
2504 5560 2801 5616 canonibus
2844 5561 3149 5616 decrevisse
3189 5575 3290 5616 svn
3363 5577 3460 5616 um

1875 5560 2270 5634 sapientissime
2303 5560 2469 5612 variis
2504 5560 2801 5634 canonibus
2833 5560 3149 5618 decrevisse
3174 5560 3462 5634 synodum

1874 5629 2021 5686 illam
2050 5629 2461 5703 Antiochenam,
2503 5630 2596 5703 sed
2639 5647 2903 5702 nusquam
2932 5629 3306 5703 pronuntiare,
3342 5645 3466 5703 per»

1874 5703 2074 5757 fectum
2109 5699 2238 5770 illud
2281 5713 2402 5755 esse
2437 5699 2864 5768 concilium,'cui
2894 5699 3464 5770 m‘etropolitauus'iu-

1875 5771 2142 5864 terruerit.
2181 5768 2454 5850 Hactenus
2477 5771 2755 5830 Cellotius.
2788 5773 2942 5834 Unde
2969 5768 3184 5832 constat
3213 5773 3304 5831 res
3327 5786 3466 5875 quo:
