4012 6338
529 277 637 349 245

1498 281 1555 347 S.
1590 282 1944 341 AGOBARDI
1979 279 2288 349 EPISGOPI
2326 282 2814 343 LUGDUNENSIS

3687 288 3812 347 244

527 406 720 453 munes
769 392 1058 450 orthodoxi
1108 370 1352 455 rectores
1401 396 1813 468 quibuscunque
1860 396 1994 463 locis
2026 395 2115 452 vel
2138 399 2193 465 Α
2216 393 2376 451 Certe
2401 395 2487 451 lex
2516 412 2623 453 non
2648 396 2821 453 vetuit
2846 396 3241 467 subjectosaut
3260 401 3446 459 vinum
3464 404 3674 472 bibere,
3702 416 3811 463 aut

527 484 867 557 temporibus
907 484 974 540 de
1015 484 1177 541 rebus
1219 484 1608 543 ecclesiasticis
1651 487 1948 545 tractandis
1980 502 2113 543 con-

524 577 923 649 servandisque
965 575 1171 647 aliquid
1196 584 1536 648 statuerunt,
1566 588 1976 641 antecessorum
2005 592 2115 639 sta-

460 714 474 747 ,
524 671 664 728 tutis
686 678 744 728 et
777 670 1085 731 divinarum
1109 670 1420 728 litterarum
1444 676 1762 735 auctoritati
1786 692 2114 748 magnopere

390 752 393 755 ’
522 763 838 827 studuerint
860 778 1185 821 consonare.
1246 763 1368 876 iam
1400 780 1529 823 vero
1557 767 1626 822 de
1659 767 1929 876 donandis
1952 769 2116 829 rebus

525 862 584 913 et
613 856 932 917 ordinandis
958 856 1208 915 ecclesiis
1229 857 1367 913 nihil
1395 874 1633 929 unquam
1663 859 1719 917 in
1740 861 1961 933 synodis
1991 876 2115 918 con-

524 947 781 1025 stitutum
816 956 903 1007 est
923 991 938 1017 ,
970 950 1111 1009 nihil
1149 966 1182 1007 a
1208 951 1415 1007 sanctis
1450 951 1705 1011 Patribus
1734 953 1949 1027 publice
1981 969 2117 1026 praei

525 1040 790 1101 dicatum.
842 1041 1004 1101 Nulla
1038 1043 1185 1100 enim
1222 1043 1483 1116 compulit
1509 1046 1838 1112 necessitas,
1875 1044 2117 1101 fervente

523 1133 732 1217 ubique
764 1133 1026 1207 religiosa
1050 1135 1372 1203 devotione,
1402 1144 1460 1193 et
1484 1152 1670 1195 amore
1701 1135 2004 1191 illustrandi
2030 1150 2117 1191 ec-

524 1225 727 1287 clesias
767 1227 912 1284 ultro
956 1236 1239 1289 metuente.
1283 1229 1458 1299 Quem
1480 1245 1593 1287 non
1616 1230 1683 1285 ad
1706 1231 1825 1291 haec
1856 1229 2117 1285 accende-

523 1325 613 1387 ret
646 1317 992 1377 Dominicum
1029 1320 1158 1378 illud
1187 1321 1392 1385 metum
1418 1329 1475 1377 et
1503 1321 1735 1387 dictum,
1764 1321 1907 1393 quod
1942 1320 2116 1377 Evan-

525 1409 734 1483 gelium
768 1412 942 1475 refert
961 1453 979 1481 ,
1028 1414 1235 1473 sedisse
1265 1413 1554 1477 Dominum
1581 1422 1768 1477 contra
1791 1411 2117 1484 gazophyla-

524 1500 677 1556 cium
699 1540 716 1566 ,
763 1510 821 1559 et
863 1503 1144 1575 aspexisse
1182 1503 1457 1577 qmmodo
1502 1502 1661 1563 turba
1691 1501 1924 1571 jactarct
1951 1518 2027 1559 aes
2060 1503 2117 1559 in

526 1593 1003 1669 gazophylacium,
1032 1609 1437 1671 pauperemque
1470 1595 1689 1651 viduam
1733 1612 1896 1667 super
1925 1610 2115 1651 omnes

523 1681 809 1752 laudasse,
844 1704 972 1759 qua:
1000 1689 1109 1747 duo
1138 1696 1347 1755 tantum
1374 1688 1581 1745 urinuta
1600 1688 1939 1761 jactaverat?
1975 1687 2116 1745 Ecce

2212 487 2270 559 in
2292 488 2541 546 domibus
2578 490 2846 547 habitare.
2903 492 2971 549 Et
3011 501 3193 567 tamen
3214 495 3480 567 Ionadab,
3519 499 3663 555 ﬁlius
3692 499 3811 556 Re-

2214 580 2315 637 cab
2338 624 2354 649 ,
2420 582 2547 641 ﬁliis
2604 586 2718 642 suis
2768 587 3104 644 exhortando
3160 591 3442 649 interdixit
3486 604 3809 667 utrumque.

2215 671 2317 739 Qui
2346 683 2471 745 post
2514 676 2682 731 multa
2729 693 2998 743 annorum
3027 681 3297 736 curricula
3320 676 3584 754 compulsi
3608 685 3676 740 ab
3704 686 3810 742 ho-

2215 764 2387 823 stibus
2430 767 2637 840 ingredi
2682 769 2957 827 civitatem
2999 772 3068 827 ad
3111 774 3461 841 manendum,
3488 776 3812 835 nullatenus

2216 856 2461 926 compelli
2490 865 2817 931 potuerunt,
2869 877 2938 917 ne
2984 878 3015 933 a
3057 865 3317 934 propheta
3350 867 3595 937 quidem,
3624 868 3696 923 ad
3724 869 3813 925 bi-

2214 945 2451 1019 bendum
2476 938 2688 1019 viuum;
2715 961 2765 1007 et
2788 953 2991 1010 idcirco
3013 955 3213 1012 laudati
3233 966 3362 1015 sunt
3386 974 3418 1014 a
3442 959 3675 1018 Domino
3703 978 3809 1034 pro

2215 1042 2518 1107 obedientia
2536 1084 2551 1109 ,
2596 1046 2945 1113 promittente
2972 1048 3137 1104 etiam
3163 1049 3306 1120 quod
3334 1067 3441 1107 non
3469 1060 3617 1110 esset
3654 1055 3807 1111 defe-

2217 1142 2399 1193 cturus
2432 1134 2514 1188 vir
2546 1135 2729 1205 stirpis
2767 1136 3008 1199 Ionadab
3046 1140 3114 1197 de
3150 1152 3438 1215 conspectu
3462 1144 3699 1203 Domini.
3746 1146 3809 1203 Si

2217 1228 2360 1299 quod
2385 1243 2524 1291 unus
2554 1228 2715 1285 homo
2739 1231 2999 1305 praecepit
3026 1236 3285 1305 posteris,
3318 1244 3428 1293 tam
3456 1246 3669 1301 attente
3692 1248 3813 1297 tam

2217 1319 2472 1389 religiose
2517 1323 2843 1387 custoditum
2884 1332 2969 1380 est
3008 1341 3180 1399 usque
3218 1328 3277 1383 in
3314 1329 3708 1403 longinquum,
3753 1341 3818 1389 ut

2216 1409 2377 1467 laude
2427 1413 2591 1467 etiam
2634 1415 2855 1486 dignum
2900 1416 3003 1473 Dei
3043 1419 3364 1493 haberetur;
3417 1422 3585 1495 (quod
3621 1425 3817 1496 utique

2216 1518 2326 1560 non
2355 1520 2422 1560 ex
2448 1505 2583 1578 legis
2605 1508 2906 1576 sanctione,
2931 1511 3027 1579 sed
3052 1526 3121 1569 ex
3134 1513 3415 1585 religionis
3433 1516 3654 1574 fervore
3670 1534 3819 1589 prat-

2218 1597 2457 1670 ccperat)
2498 1599 2629 1669 quid
2674 1600 2741 1656 de
2784 1602 2955 1657 nostri
3002 1606 3263 1674 temporis
3306 1606 3619 1666 hominibus
3668 1613 3819 1668 testi-

2218 1691 2477 1745 mandum
2515 1698 2633 1759 est,
2683 1693 2879 1765 quibus
2914 1696 3259 1766 omnipotens
3284 1698 3428 1757 Deus
3456 1710 3513 1755 et
3537 1703 3818 1771 generalis

524 1777 724 1834 sedens
764 1778 1026 1838 Dominus
1056 1782 1255 1853 aspicit
1279 1780 1570 1839 oﬂ‘erentcs
1587 1823 1604 1848 ,
1635 1791 1695 1836 ut
1718 1781 2121 1853 beneplacitum
2146 1762 2194 1829 Β
2220 1782 2467 1841 Ecclesia
2496 1786 2600 1840 sub
2627 1762 2848 1842 nomine
2875 1762 3133 1859 patriaac
3157 1792 3351 1851 matris
3378 1762 3680 1865 praeripere
3706 1812 3819 1855 non

525 1868 633 1925 sibi
670 1869 1010 1929 demonstret
1040 1888 1239 1928 munus
1276 1873 1538 1933 ﬁdelium.
1594 1873 1742 1931 Satis
1770 1890 1903 1933 vero
1930 1890 2123 1935 conse-

525 1976 702 2037 quens
719 1971 832 2033 est,
858 1972 919 2023 ut
946 1965 1220 2036 aspiciens
1248 1965 1559 2035 ﬂorentes,
1581 1968 1842 2040 despiciat
1868 1967 2124 2029 auferen-

521 2061 632 2125 tes,
662 2057 891 2129 laudans
924 2067 1109 2127 totum
1153 2061 1370 2117 dantem
1395 2102 1412 2129 ,
1441 2063 1711 2132 vituperet
1735 2078 1843 2131 non
1876 2050 2125 2130 dantem,

525 2144 640 2203 imo
668 2149 951 2224 quidpiam
980 2149 1345 2219 frondentem,
1376 2152 1491 2208 sive
1517 2153 1721 2225 aliquid
1743 2155 2067 2227 rapientem.

598 2236 742 2295 XXI.
788 2240 895 2296 Sed
918 2250 975 2296 et
999 2242 1130 2299 illud
1151 2247 1295 2315 quod
1320 2246 1473 2316 jubet
1503 2255 1558 2302 et
1584 2249 1813 2303 reddere
1837 2265 1958 2319 quae
1992 2256 2121 2307 sunt

455 2376 467 2383 .
524 2328 759 2399 Caesaris
790 2333 1015 2403 Caesari,
1050 2344 1108 2390 et
1152 2353 1273 2409 qua:
1313 2337 1409 2399 Dei
1440 2338 1570 2404 Deo,
1600 2347 1753 2399 tanto
1781 2330 2010 2413 quisque
2039 2348 2122 2394 at—

526 2425 734 2491 tentius
773 2434 1000 2496 penset,
1037 2438 1241 2499 quanto
1288 2432 1541 2491 devotius
1576 2440 1753 2497 ωερε.
1819 2432 1971 2499 Quod
1995 2448 2124 2488 vere

522 2524 853 2586 praeceptum
893 2524 949 2572 et
987 2517 1279 2588 Apostolus
1312 2522 1660 2577 commendat
1683 2521 2013 2591 implendum
2038 2523 2125 2578 di-

525 2620 699 2665 cens:
741 2607 967 2666 Reddite
994 2613 1232 2668 omnibus
1280 2614 1491 2682 debita;
1537 2618 1623 2670 cui
1662 2617 1915 2672 bibulum
1949 2620 2118 2674 tribu-

521 2709 657 2771 tum,
821 2702 1041 2777 vectigal
1076 2704 1315 2776 vectigal,
1358 2708 1993 2778 cuitimoremtimorem,
2034 2714 2123 2768 cui

524 2784 778 2863 Lenones:
818 2799 1095 2863 honorem.
1137 2801 1325 2872 Neque
1366 2804 1514 2859 enim
1560 2806 1811 2861 timorem
1863 2810 2123 2867 debemus

522 2883 861 2955 hominibus,
893 2906 1016 2947 cum
1049 2894 1400 2965 praecipiatur
1421 2895 1578 2952 nobis
1617 2912 1716 2968 per
1742 2897 2071 2971 Pmphetam
2105 2921 2118 2956 :

526 2973 711 3047 Holite
742 2980 922 3039 timere
958 2985 1300 3056 opprobrium
1344 2988 1635 3057 hominum,
1678 3000 1727 3045 et
1773 2991 2123 3064 blasphemia:

523 3083 709 3133 enim
732 3087 805 3132 ne
826 3077 1090 3133 mutastis.
1130 3078 1375 3150 Itemque
1400 3083 1663 3153 scriptum
1701 3086 1809 3141 sit:
1844 3084 1951 3153 Qui
1975 3090 2122 3144 timet

522 3157 806 3225 hominem,
834 3165 942 3218 cito
976 3177 1208 3224 corruet.
1238 3168 1342 3225 Et:
1388 3170 1569 3228 Nolite
1597 3176 1780 3231 timere
1806 3194 1892 3232 eos
1915 3179 2006 3249 qui
2034 3196 2121 3234 oc-

524 3252 941 3345 eiduntporpus,
998 3257 1107 3325 Sed
1156 3265 1409 3323 timorem
1460 3267 1651 3341 utique
1698 3271 1959 3341 debemus
1985 3272 2121 3345 Deo,

524 3344 790 3411 honorem
824 3361 1016 3413 autem
1041 3355 1178 3422 Deo,
1220 3374 1287 3429 ac
1317 3361 1535 3430 domui,
1562 3365 1925 3437 omnibusque
1951 3344 2124 3423 mem-

525 3437 644 3493 bris
670 3438 1000 3509 eius;.sieut
1036 3444 1354 3519 Scriptura,
1401 3454 1523 3526 quis
1553 3456 1629 3510 sit
1665 3455 1848 3525 justus
1893 3458 2122 3514 demon-

524 3535 727 3597 strans,
759 3531 926 3589 dicit:
958 3534 1041 3590 Ad
1078 3539 1299 3597 militum
1341 3543 1594 3607 deductus
1626 3555 1702 3611 est
1750 3549 1809 3606 in
1844 3561 2127 3623 conspectui

531 3622 648 3713 fit“
686 3625 950 3699 malignus
973 3670 990 3697 ,
1034 3632 1272 3695 timentes
1314 3648 1490 3699 autem
1530 3639 1796 3699 Dentium
1832 3642 2119 3713 gloriﬁcat.

523 3710 594 3769 Et
632 3716 973 3776 exhibendas
1022 3738 1154 3795 ergo
1198 3734 1288 3781 est
1326 3727 1439 3783 Deo
1484 3730 1667 3798 timor,
1719 3749 1790 3788 ne
1812 3710 2125 3789 ollendatur

524 3802 801 3873 moribus;
838 3815 894 3863 et
920 3810 1261 3871 exbibendus
1288 3816 1483 3885 honor,
1518 3828 1579 3874 ut
1606 3820 1945 3893 gloriﬁcetur
1969 3823 2121 3887 obla-

522 3893 786 3956 tionibus.
847 3900 940 3958 Sic
965 3920 1160 3979 nempe
1192 3924 1224 3965 a
1251 3908 1505 3968 Patribus
1531 3914 1851 3986 intelligitur
1874 3919 2018 3987 quod
2041 3919 2125 3974 di-

524 3995 675 4079 ctum
698 3999 787 4047 est
812 4012 825 4046 :
859 3992 1084 4052 Reddite
1113 4015 1230 4070 qum
1255 4011 1378 4056 aut
1400 4002 1631 4060 Caesaris
1657 4006 1860 4062 Circaei
1878 4050 1892 4076 ,
1921 4009 1975 4064 id
2002 4019 2118 4079 est,

526 4078 755 4146 tributa,
768 4098 835 4137 ac
852 4088 1153 4160 vectigalia.
1182 4090 1316 4158 Quae
1330 4104 1505 4149 autem
1527 4107 1647 4152 sunt
1675 4097 1769 4155 Dei
1794 4100 1926 4165 Deo,
1945 4102 1998 4155 id
2014 4078 2121 4169 est,

527 4169 790 4241 decimas,
804 4177 1090 4263 primitias,
1106 4192 1413 4259 caeteraque
1430 4188 1677 4259 donaria,
1693 4199 1805 4253 tam
1822 4201 1943 4249 vota
1960 4209 2123 4264 quam

526 4272 851 4355 βροηιαιιθα.
904 4270 1041 4333 Nam
1066 4283 1127 4335 et
1152 4279 1383 4335 assertio
1411 4278 1639 4338 iudaice
1668 4284 1876 4340 idcirco
1897 4288 2126 4355 putabat

524 4353 776 4451 illicitum
794 4374 921 4418 esse
966 4366 1232 4425 tributum
1262 4372 1475 4431 solvere
1496 4372 1721 4443 Ctesari,
1767 4353 2119 4451 quia'supra-

525 4444 675 4505 dicta
720 4451 829 4509 Deo
872 4456 1083 4517 solvere
1118 4459 1259 4532 jussi
1294 4474 1470 4533 erant.
1529 4444 1893 4533 Cmnntctidat
1936 4444 2117 4533 alitem

525 4536 794 4601 Dominus
819 4544 938 4603 haec
956 4548 1233 4621 faciunda,
1258 4556 1351 4615 ubi
1374 4557 1452 4617 ait
1478 4576 1495 4618 ;
1551 4557 1643 4614 Vae
1669 4561 1815 4617 vobis
1840 4561 2046 4621 Scribat
2068 4576 2119 4623 et

469 4690 474 4695 .
525 4629 794 4692 Pharium
821 4640 1150 4712 hypocrita!
1192 4650 1284 4719 qui
1316 4650 1594 4707 decimatis
1615 4664 1874 4722 meritam,
1907 4666 1959 4713 et
1988 4676 2115 4713 anc-

524 4722 675 4825 tlrunt
697 4767 711 4791 ,
762 4735 811 4783 et
850 4734 1142 4809 cuminum,
1169 4748 1218 4793 et
1241 4756 1391 4796 omne
1414 4743 1564 4813 olus;
1613 4757 1661 4802 et
1688 4746 1979 4820 relinquitis
2002 4770 2118 4825 qua:

521 4816 766 4911 graviora
806 4834 936 4891 sunt
974 4827 1146 4899 legis,
1168 4829 1436 4901 judicium
1458 4875 1474 4903 ,
1517 4845 1569 4891 et
1608 4816 2119 4911 miscricordiam“

520 4905 718 5007 ﬁde-ut;
748 4928 878 4973 cum
915 4915 1064 4973 illico
1088 4918 1370 5001 subiungit
1407 4942 1422 4979 :
1473 4925 1608 4983 Haec
1651 4933 1878 4988 euanuit
1918 4905 2114 5007 facere,

520 5001 689 5057 (tilla
714 5021 819 5061 non
845 5008 1101 5063 omittere.

596 5097 761 5169 XXII,
800 5103 1028 5177 Oportet
1070 5121 1223 5180 ergo,
1274 5119 1331 5167 et
1373 5127 1592 5186 semper
1619 5119 1925 5189 oportebit,
1970 5121 2119 5191 quod

830 5198 1143 5267 oportuisse
1181 5210 1447 5273 testatur,
1497 5188 1675 5279 neque
1719 5188 2118 5286 parvipenden-

521 5282 648 5377 dum
687 5284 791 5342 fuit
826 5292 928 5377 Vaut
964 5289 1074 5344 erit
1112 5307 1350 5377 unquam
1395 5299 1539 5370 quod
1578 5297 1839 5361 Dominus
1876 5282 1965 5361 vel
1998 5305 2119 5364 ﬁeri

514 5375 711 5449 jussit,
748 5376 837 5449 vel
858 5377 1066 5443 factum
1094 5375 1346 5453 facientis
1376 5391 1667 5453 devotione
1692 5398 2113 5459 commendavit.

2142 4508 2198 4571 D

2222 1877 2444 1945 desinit,
2479 1878 2584 1935 nisi
2632 1888 2691 1933 ut
2742 1896 2929 1937 eorum
2976 1886 3382 1954 comparatione
3428 1888 3821 1959 objurgemur,

2223 1970 2366 2029 sicut
2399 1979 2453 2027 et
2480 1970 2736 2029 Iudaicus
2774 1976 3027 2047 populus,
3049 1976 3281 2043 Domino
3308 1980 3523 2049 dicente
3548 2000 3564 2036 :
3590 1981 3821 2039 Prorsa-

2222 2061 2435 2125 luerunt
2460 2081 2723 2121 sermones
2749 2064 2998 2131 Ionadab
3027 2070 3355 2137 sermoni!!!»
3391 2074 3519 2135 meis
3541 2113 3557 2137 ,
3606 2082 3666 2129 et
3716 2090 3825 2135 ca:-

2222 2156 2379 2211 tera?
2425 2155 2470 2211 E
2512 2158 2790 2213 contrario
2842 2168 3025 2215 autem
3066 2162 3400 2221 credendum
3440 2173 3525 2220 est
3565 2167 3720 2235 quod
3764 2168 3823 2223 in

2221 2245 2768 2318 regimineprtelatus
2794 2249 3052 2318 quilibet,
3098 2252 3218 2307 sine
3260 2252 3460 2310 damno
3498 2256 3823 2314 inobedien-

2224 2333 2331 2398 tiae,
2364 2312 2704 2409 prazcipiens,
2749 2342 3021 2395 contemni
3068 2357 3175 2397 non
3220 2355 3429 2415 petest;
3476 2349 3625 2403 sicut
3657 2364 3819 2420 aper-

2227 2425 2436 2484 tissime
2454 2439 2681 2501 apparet
2703 2430 2758 2487 in
2784 2433 2952 2502 gestis
2985 2431 3184 2493 Saulis.
3224 2435 3359 2495 Nam
3381 2455 3506 2495 cum
3528 2441 3675 2497 illius
3704 2441 3822 2511 ejus

2223 2519 2509 2589 Jonathas,
2539 2525 2644 2579 ﬁde
2670 2541 2735 2581 ac
2759 2527 2963 2584 virtute
2989 2533 3318 2600 protectoris
3340 2543 3607 2601 armatus,
3637 2551 3823 2606 perre-

2222 2613 2396 2669 xisset
2423 2615 2491 2669 ad
2520 2616 2809 2672 stationem
2839 2617 3275 2689 Philistinorum,
3307 2635 3598 2698 castraque
3627 2643 3821 2684 eorum

2222 2710 2601 2778 turbarentur;
2661 2712 2852 2769 videns
2894 2713 2987 2781 illo
3034 2733 3158 2783 cum
3207 2718 3369 2777 sociis
3412 2720 3696 2783 insecutus
3740 2731 3824 2777 est

2223 2797 2497 2867 inimicos,
2523 2816 2859 2873 persequens
2881 2816 3049 2878 atque
3066 2818 3446 2878 prosternens;
3473 2826 3825 2881 cernensque

2223 2892 2368 2960 quod
2393 2907 2481 2948 res
2508 2908 2771 2965 prospere
2792 2896 3034 2965 cederet,
3068 2909 3403 2958 contestatus
3429 2913 3515 2959 est
3534 2905 3820 2979 populum,

2223 2982 2447 3041 dicens:
2481 2986 2799 3046 Maledicta:
2843 2994 2935 3063 qui
2977 2995 3260 3055 comederit
3294 3015 3485 3070 panem
3524 3000 3706 3071 hodie,
3733 3002 3825 3058 Jo-

2225 3092 2320 3133 nec
2346 3078 2579 3137 ulciscar
2605 3081 2670 3136 de
2689 3084 2921 3141 inimicis
2957 3088 3086 3141 meis
3117 3105 3137 3142 :
3162 3088 3311 3159 quod
3354 3090 3615 3161 ignorans
3660 3092 3825 3149 Jona-

2224 3168 2389 3237 thas,
2434 3180 2654 3241 sumpto
2697 3174 2857 3228 melle
2902 3177 3142 3245 gustavit
3185 3180 3461 3253 paululum
3498 3200 3511 3235 :
3545 3198 3711 3253 quam
3756 3184 3823 3241 ob

2224 3276 2446 3318 causam
2472 3263 2735 3322 Dominus
2768 3267 3084 3339 indignatus
3130 3281 3236 3341 est,
3274 3274 3365 3337 ita
3386 3282 3447 3331 ut
3487 3279 3825 3348 respondere

2222 3357 2392 3419 nollet
2412 3362 2555 3427 quod
2576 3360 2805 3430 populus
2826 3379 2989 3434 agere
3010 3365 3262 3434 deberet;
3285 3383 3351 3425 ac
3371 3370 3477 3426 nisi
3496 3386 3625 3427 eum
3647 3379 3827 3428 trans-

2224 3458 2347 3505 aeta
2391 3450 2531 3506 bona
2585 3454 2955 3535 eripuissent,
3013 3458 3153 3514 forte
3194 3462 3567 3532 deprehensus
3618 3464 3827 3537 absque

2224 3543 2612 3598 retractatione
2656 3556 2982 3604 moreretur.
3042 3550 3157 3621 Qua
3192 3552 3247 3609 in
3294 3569 3353 3609 re
3395 3571 3523 3613 cum
3567 3558 3719 3613 omni
3760 3558 3825 3612 ti-

2223 3646 2377 3691 more
2422 3635 2878 3699 considerandum
2923 3649 3029 3706 est,
3074 3644 3218 3711 quod
3246 3659 3370 3703 cum
3393 3646 3699 3717 ignorantia
3733 3664 3825 3703 er-

2224 3737 2422 3781 cusare
2446 3741 2557 3781 non
2587 3731 2857 3797 potuerit,
2889 3747 2990 3787 nec
3020 3741 3185 3789 tantm
3213 3735 3339 3791 ﬁdei
3366 3738 3541 3791 virtus
3570 3738 3825 3809 indigna-

2223 3816 2431 3872 tionem
2480 3820 2720 3881 divinam
2768 3824 2986 3890 avertit,
3046 3841 3328 3903 quousque
3375 3829 3444 3884 ad
3483 3828 3676 3885 horam
3710 3846 3826 3886 mo-

2224 3908 2403 3971 riendi
2434 3920 2657 3973 ventum
2692 3923 2776 3969 est
2801 3957 2813 3972 .
2840 3916 2933 3973 ubi
2958 3916 3137 3973 adhuc
3165 3919 3355 3983 mirari
3378 3936 3685 3992 possemus,
3718 3921 3823 3977 nisi

2226 4003 2391 4075 aliqui
2422 4007 2691 4073 viderent,
2720 4010 2867 4078 quod
2894 4011 2998 4065 mel
3028 4014 3284 4080 comedit,
3312 4030 3419 4070 non
3449 4030 3666 4085 panem.
3721 4015 3825 4072 Ve-

2225 4111 2348 4151 rum
2376 4099 2535 4168 quia,
2591 4115 2741 4155 more
2782 4102 2924 4156 sacri
2972 4102 3203 4175 eloquii,
3242 4105 3296 4160 in
3346 4120 3510 4175 pane,
3555 4107 3824 4179 quidquid

2225 4189 2433 4245 comedi
2464 4197 2676 4260 potest,
2719 4193 3018 4265 accipitur,
3069 4197 3406 4267 pensandum
3433 4205 3517 4255 est
3544 4216 3708 4272 quam
3736 4208 3823 4256 at-

2224 4290 2374 4340 tente
2416 4284 2682 4341 Dominus
2730 4290 2991 4344 custodiri
3033 4291 3163 4346 velit
3202 4292 3465 4364 quidquid
3490 4308 3603 4347 non
3640 4293 3824 4348 irreli-

2225 4376 2377 4454 giose
2399 4378 2659 4449 praelatus
2686 4380 2915 4452 quisque
2939 4384 3278 4454 praeceperit,
3312 4399 3435 4445 cum
3465 4382 3645 4439 Saulis
3662 4383 3825 4453 iussa

2223 4481 2256 4524 a
2280 4453 2564 4529 nesciente
2586 4480 2946 4545 transgressa,
2972 4475 3091 4533 sine
3114 4475 3295 4548 aliqua
3323 4475 3559 4532 vindicta
3586 4477 3823 4537 transire

2224 4577 2335 4623 non
2380 4579 2575 4634 passus
2616 4567 2709 4620 sit.
2773 4566 2911 4635 Quis
2935 4576 3021 4624 est
3039 4569 3201 4625 hodie
3231 4570 3323 4641 qui
3353 4585 3414 4626 se
3442 4571 3613 4641 culpa:
3650 4572 3823 4628 οὑκ-υ

2222 4645 2375 4712 Ilum
2403 4672 2527 4712 esse
2554 4659 2821 4725 crederet,
2851 4660 2896 4714 si
2921 4660 3290 4734 praecipientis
3317 4659 3558 4730 iniuncta
3588 4676 3696 4717 non
3723 4679 3821 4718 au-

2226 4748 2412 4817 diret?
2456 4750 2525 4807 Et
2558 4759 2737 4808 tamen
2778 4768 2847 4811 ex
2892 4754 3105 4810 interna
3144 4755 3330 4826 regula
3364 4755 3694 4833 judiciorum
3721 4756 3822 4819 Dei

2224 4843 2472 4902 videmus
2491 4852 2716 4915 peccato
2742 4846 2997 4904 subtilius
3024 4856 3083 4904 et
3108 4849 3361 4905 acerbius
3384 4849 3621 4919 inquiri,
3651 4864 3820 4920 quam

2226 4948 2328 4992 nos
2357 4951 2666 5006 praecavere
2684 4946 2785 4994 ‘aut
2807 4939 3103 4996 formidare
3127 4942 3426 4997 valeamus.
3794 4943 3805 4959 '

2242 5098 2247 5101 _
2296 5027 2485 5095 XXIII.
2528 5029 2657 5087 Haec
2704 5032 2849 5089 dicta
2896 5032 3029 5100 sint,
3083 5040 3144 5087 ut
3188 5033 3508 5105 prudentius
3540 5020 3818 5089 ’oﬂ‘eratur

2221 5123 2442 5183 occasio
2473 5124 2786 5194 diligentius
2830 5126 3238 5192 considerandi,
3288 5127 3335 5183 si
3377 5137 3489 5199 tam
3536 5126 3818 5187 fructuosa

2220 5228 2364 5269 unus
2408 5215 2629 5270 auditur
2674 5231 2707 5270 a
2750 5218 2938 5273 multis
2971 5226 3085 5273 tam
3126 5218 3321 5274 noxius
3347 5218 3629 5285 omnibus,
3676 5232 3817 5275 unus

2221 5306 2540 5373 inobcdiens
2565 5305 2796 5365 edicitur
2822 5309 3028 5366 inscius
3049 5350 3067 5377 ,
3117 5317 3321 5380 quanto
3351 5312 3549 5367 merito
3576 5313 3813 5369 retribu-

2220 5405 2387 5462 tionis
2413 5405 2542 5465 boni
2571 5405 2656 5461 vel
2683 5406 2814 5465 mali
2848 5406 3141 5477 obediens,
3181 5415 3276 5464 aut
3322 5417 3670 5479 contemptor
3702 5406 3817 5464 eiii-

1880 5491 2012 5546 BAL
2022 5492 2156 5551 Ule
2194 5495 2430 5553 NOTAE.

521 5579 648 5655 quo
660 5564 1062 5655 minutissimas
1107 5572 1381 5655 interdum
1410 5577 1664 5655 excidere
1692 5582 1856 5638 etiam
1889 5583 1995 5638 illis
2023 5587 2116 5655 qui

520 5651 580 5691 se
626 5636 1168 5722 sapientes_putant.
1214 5645 1375 5722 _Nam
1423 5649 1635 5722 legendi
1698 5636 1906 5708 tantum
1936 5636 2118 5714 "(iniit

521 5722 766 5789 canones
805 5708 1150 5789 dntidcheni.
1210 5716 1319 5789 Sed
1363 5708 1508 5789 quia"
1534 5732 1647 5777 tum
1692 5708 2117 5785 Cellotius'erat

520 5781 991 5859 occupatissimus,
1029 5790 1163 5846 satis
1205 5781 1398 5847 habuit
1440 5791 1629 5851 titulos
1668 5781 1943 5855 canonum
1972 5781 2117 5859 illius

2224 5591 2417 5663 synodi
2448 5591 2708 5663 relegere.
2740 5592 2818 5647 Ea
2854 5608 3015 5648 causa
3041 5594 3143 5650 fuit
3168 5595 3408 5651 errandi.
3449 5594 3586 5650 Nam
3620 5596 3815 5652 lemma

2148 5717 2159 5729 ,
2226 5662 2455 5739 canonis
2484 5662 2691 5739 1(3me
2733 5672 2941 5739 tantum
2970 5665 3144 5739 habet
3180 5667 3319 5738 apud
3356 5665 3674 5739 Dionysium
3699 5684 3711 5721 :
3735 5667 3814 5725 De

2224 5735 2531 5805 vacantibus
2558 5737 2831 5809 episcopis.
2858 5736 3003 5795 Nihil
3028 5739 3093 5794 de
3121 5735 3366 5811 perfecto
3389 5735 3644 5799 concilio.
