4012 6338
491 295 606 361 ’8⁸1

1456 292 1517 349 S.
1556 285 1909 352 AGOBARDI
1947 285 2258 348 EPISCOPI
2295 280 2785 344 LUGDUNENSIS

3665 280 3781 346 248

492 411 748 474 denuda
774 417 925 479 sunt,
959 413 1113 466 tanta
1143 407 1494 464 veneratione
1524 407 1741 462 intactae
1774 405 2073 470 servandae,
2103 406 2158 467 Α
2181 399 2392 454 ratione
2416 398 2718 464 utentibus,
2761 404 2966 467 quanta
3014 409 3084 453 ex
3126 391 3216 452 his
3263 395 3787 466 reprehensibiliter

491 518 550 566 et
603 523 728 564 cum
786 502 1095 576 huiusmodi
1149 499 1512 557 confessionis
1566 500 1804 571 puritate
1857 498 2087 552 Domino

494 599 810 666 afferendae,
841 605 1113 669 quatenus
1140 596 1240 651 Dei
1271 595 1340 651 de
1369 593 1588 651 excelso
1613 593 1874 650 caelorum
1905 606 2090 662 respe-

495 701 638 758 ctus,
674 700 731 747 et
768 689 956 763 populi
983 703 1050 745 ac
1076 696 1238 745 terrae
1279 686 1583 743 benedictio
1625 685 1836 756 possint
1876 684 2090 740 facilius

494 781 817 854 promereri.

564 871 805 930 XXVIII.
843 871 984 928 Huic
1018 870 1349 928 confessioni
1371 883 1402 924 a
1432 869 1658 924 Domino
1680 866 1937 937 injuncta:
1962 867 2092 923 iide-

492 961 658 1032 libus,
712 964 804 1020 illa
853 979 1072 1036 quoque
1117 962 1363 1035 Apostoli
1410 961 1680 1017 sententia
1724 970 2092 1032 congruenter

495 1057 644 1113 valet
672 1057 916 1129 adiungi,
942 1072 1052 1128 qua
1079 1056 1224 1113 ﬁdeli
1267 1055 1533 1125 discipulo
1556 1055 1837 1126 praecepit,
1868 1053 2087 1110 dicens:

500 1147 559 1207 Si
588 1151 703 1223 quis
736 1150 930 1220 ﬁdelis,
961 1161 989 1191 ι
1029 1149 1108 1204 uel
1133 1149 1179 1204 si
1203 1163 1306 1220 qua
1326 1147 1523 1218 ﬁdelis,
1550 1147 1703 1201 habet
1731 1146 1939 1212 viduas,
1969 1146 2094 1200 sub-

497 1241 757 1298 ministret
795 1241 926 1306 illis,
964 1249 1014 1296 et
1057 1256 1159 1296 non
1205 1249 1453 1311 gravetur
1495 1237 1756 1303 Ecclesia,
1778 1249 1834 1292 ut
1865 1239 1945 1292 his
1973 1254 2093 1309 qua:

497 1355 617 1394 uere
664 1337 836 1393 vidua
869 1345 1014 1402 sunt,
1055 1334 1312 1405 sufﬁciat.
1346 1333 1451 1400 Qui
1473 1332 1599 1388 bene
1627 1341 1858 1404 primunt
1883 1331 2096 1403 presby-

499 1428 622 1494 teri,
651 1428 852 1500 duplici
882 1428 1079 1482 honore
1105 1425 1270 1496 digni
1291 1424 1606 1490 habeantur,
1647 1411 1879 1479 maaiime
1902 1425 1992 1496 qui
2014 1422 2096 1478 la-

501 1520 689 1576 borant
731 1521 787 1575 in
827 1520 976 1576 uerbo
999 1528 1049 1574 et
1077 1517 1342 1573 doctrina.
1392 1515 1534 1572 Dicit
1579 1518 1717 1572 enim
1771 1516 2048 1587 Scriptura
2073 1528 2094 1568 :

501 1612 630 1670 Non
686 1612 976 1684 infrenabis
1025 1628 1084 1667 os
1128 1612 1243 1666 bovi
1293 1610 1587 1665 trituranti.
1635 1609 1739 1665 Et:
1769 1609 1972 1681 Dignus
2020 1616 2095 1664 est

501 1705 776 1776 operarius
803 1702 1037 1761 mercede
1083 1719 1203 1757 sua.
1233 1700 1291 1756 In
1321 1701 1518 1772 quibus
1542 1701 1724 1757 verbis
1743 1699 1796 1756 id
1825 1701 2098 1772 praecipue

2189 500 2247 548 et
2281 491 2462 546 minus
2503 492 2764 546 decenter
2790 498 3020 561 agantur
3045 489 3112 546 ab
3157 489 3242 544 bis
3265 490 3430 544 etiam
3459 505 3600 562 quos
3627 507 3789 550 sacer

2187 583 2324 641 ordo
2373 583 2439 639 ad
2485 583 2919 639 ecclesiasticum
2965 581 3210 654 regimen
3260 582 3520 636 admittit.
3573 581 3789 650 Quibus

2188 674 2434 747 profecto
2465 674 2611 728 omni
2650 673 2948 729 attentione
2978 673 3258 743 pensanda
3289 681 3346 728 et
3371 675 3789 743 expavescenda

2188 777 2336 824 esset
2361 767 2447 822 illa
2477 765 2769 830 sententia,
2815 780 2921 835 qua
2967 781 3032 819 ex
3082 778 3268 819 eorum
3312 779 3544 836 persona
3592 766 3790 821 beatus

2188 859 2290 916 Job
2312 860 2568 931 loquitur,
2596 858 2782 914 dicens
2807 876 2820 911 :
2850 855 2908 912 Si
2953 857 3231 911 adversum
3260 873 3342 912 me
3372 867 3512 911 terra
3537 874 3656 912 mea
3681 858 3796 912 cla-

2189 960 2318 1016 mat,
2357 960 2406 1004 et
2436 965 2556 1004 cum
2592 949 2708 1020 ipsa
2743 946 2875 1004 sulci
2913 947 3029 1017 ejus
3067 945 3296 1016 deﬂent;
3343 947 3390 1000 si
3425 946 3634 1016 fructus
3674 946 3795 1018 ejus

2191 1039 2391 1096 comedi
2421 1039 2614 1111 absque
2642 1038 2889 1109 pecunia,
2920 1046 2967 1091 et
2995 1037 3230 1090 animam
3273 1037 3636 1108 agricolarum
3676 1037 3795 1108 ejus

2191 1136 2406 1206 afﬂixi;
2454 1149 2550 1205 pro
2591 1133 2855 1202 frumento
2903 1131 3112 1185 oriatur
3137 1130 3270 1184 mihi
3304 1129 3551 1195 tributus,
3606 1141 3656 1184 et
3697 1146 3795 1202 pro

2191 1228 2386 1282 hordeo
2429 1228 2602 1298 spina.
2636 1224 2696 1281 In
2725 1224 2923 1295 quibus
2949 1223 3130 1278 verbis
3159 1223 3411 1293 quamvis
3449 1233 3504 1279 et
3535 1223 3678 1278 alius
3715 1224 3800 1278 in-

2191 1319 2440 1375 veniatur
2486 1315 2825 1382 intellectus,
2871 1315 3152 1386 pertinens
3193 1313 3263 1369 ad
3301 1316 3799 1370 murmurationem

2193 1412 2424 1469 subditae
2473 1410 2668 1481 plebis,
2719 1425 2843 1464 cum
2890 1407 3088 1464 merito
3127 1407 3483 1477 conqueritur
3529 1409 3801 1466 adversus

2194 1514 2470 1576 pastorem
2493 1505 2565 1560 ob
2595 1501 2980 1575 negligentiam
3023 1501 3448 1571 praedicationis,
3496 1501 3804 1573 vel'impe-

2197 1599 2438 1654 dimenta
2481 1595 2854 1666 exemplorum
2891 1593 3180 1659 malorum,
3220 1602 3399 1664 poteSt
3425 1603 3611 1649 tamen
3643 1605 3698 1650 et
3730 1595 3801 1652 ad

2195 1705 2486 1762 personam
2517 1687 2906 1744 ecclesiasticae
2953 1686 3172 1742 familiae
3204 1701 3312 1741 non
3351 1687 3802 1744 inconvenienter

502 1797 744 1852 arbitror
782 1794 1239 1852 considerandum
1265 1833 1280 1859 ,
1327 1793 1457 1864 quia
1507 1793 1555 1848 si
1599 1793 1760 1848 vidua
1808 1791 2096 1862 cujuslibet
2125 1800 2173 1860 Β
2201 1780 2377 1851 aptari
2408 1796 2422 1834 ε
2449 1794 2613 1850 (illam
2663 1793 2787 1833 cum
2833 1777 3018 1846 inique
3049 1791 3342 1847 Ρεΐνθΐευε
3384 1789 3571 1849 1³³81οῐ
3616 1777 3804 1850 Oppri-

501 1887 696 1953 iidelis,
723 1886 791 1942 ab
819 1885 910 1940 illo
939 1893 1025 1941 est
1047 1885 1422 1951 sustentanda,
1449 1899 1520 1940 ne
1547 1891 1805 1956 gravetur
1826 1882 2095 1947 Ecclesia,

501 1978 668 2036 multa
701 1977 876 2049 magis
903 1976 1122 2032 aliunde
1149 1975 1678 2031 subministrandum
1703 1984 1790 2030 est
1808 1975 1836 2014 ι’
1869 1974 2098 2029 canibus

499 2076 555 2124 et
585 2067 832 2134 cavallis,
867 2065 1190 2135 ceterisque
1216 2073 1327 2120 tam
1355 2065 1637 2120 hominum
1663 2079 1826 2134 quam
1849 2064 2100 2118 animan-

504 2159 639 2217 tium
677 2157 972 2222 ministris,
1007 2173 1128 2228 qua:
1153 2155 1242 2212 vel
1264 2155 1332 2210 ad
1366 2156 1608 2221 delicias,
1646 2155 1729 2210 vel
1754 2155 1820 2209 ad
1849 2170 2096 2226 pompas,

502 2261 794 2325 turpesque
827 2248 1016 2320 iocos,
1071 2265 1103 2304 a
1155 2248 1413 2305 divitibus
1459 2248 1826 2320 possidentur.
1880 2249 1948 2302 Et
1995 2248 2099 2303 hoc

499 2343 643 2408 ideo,
676 2359 745 2398 ne
774 2341 1074 2398 Ecclesiam
1116 2340 1212 2405 Dei
1257 2356 1365 2395 non
1411 2340 1586 2396 solum
1628 2349 1877 2411 gravent,
1909 2355 2101 2395 verum

501 2439 671 2495 etiam
711 2444 944 2500 vastent,
987 2434 1340 2505 funditusque
1382 2435 1725 2505 pandentur.
1765 2433 1824 2489 Id
1867 2447 2102 2502 namque

502 2531 670 2588 nimis
689 2544 812 2587 esse
837 2529 1086 2586 illicitum
1127 2542 1236 2583 non
1263 2529 1370 2582 hac
1403 2527 1518 2582 sola
1554 2526 1826 2582 Sententia
1862 2523 2104 2580 ostendi-

502 2629 615 2687 tur,
665 2623 762 2678 sed
804 2618 1101 2676 multifarie
1150 2619 1209 2675 in
1253 2627 1368 2674 toto
1410 2617 1710 2689 Scriptura:
1744 2618 1942 2672 divinae
1983 2631 2106 2672 cor-

501 2727 639 2786 pore
697 2713 1105 2769 demonstratur
1147 2728 1162 2764 :
1206 2709 1300 2765 ubi
1350 2725 1458 2764 non
1511 2708 1686 2764 solum
1735 2708 2100 2778 praevarican-

505 2805 644 2861 tium
677 2819 874 2876 ptume,
924 2805 1021 2860 sed
1065 2803 1537 2858 remunerationes
1587 2800 1819 2856 ﬁdeliter
1865 2810 2107 2856 tractan-

505 2897 646 2951 tium
671 2910 764 2952 res
791 2894 1025 2950 Domino
1051 2899 1427 2960 consecratas,
1467 2891 1654 2946 multis
1685 2893 1862 2948 modis
1898 2891 2108 2948 descri-

508 2987 734 3044 buntur.

579 3077 776 3136 XXIX.
835 3078 1157 3152 Quicunque
1209 3086 1392 3134 autem
1439 3092 1576 3148 opus
1622 3078 1725 3134 hoc
1769 3077 2003 3135 lectione
2048 3086 2105 3136 et

2200 1873 2322 1939 mit,
2352 1881 2407 1927 et
2432 1871 2654 1942 indigne
2678 1871 2842 1925 rebus
2871 1869 2983 1925 Deo
3010 1871 3243 1925 sacratis
3269 1871 3535 1937 abutitur,
3565 1884 3803 1941 cumque

2203 1973 2408 2021 statum
2444 1971 2501 2018 et
2537 1961 2756 2018 illicitos
2797 1962 3073 2033 appetitus
3115 1977 3243 2018 suos
3271 1977 3337 2017 ac
3365 1978 3586 2018 suorum
3618 1963 3688 2017 ad
3718 1963 3803 2030 ia—

2201 2057 2463 2113 ctantiam
2502 2069 2840 2126 pompasque
2876 2053 3146 2110 mendacii
3183 2061 3438 2120 exornat,
3477 2055 3588 2110 imo
3617 2056 3803 2110 detur-

2199 2160 2315 2224 pat,
2341 2166 2449 2206 non
2474 2149 2590 2204 sola
2617 2146 2880 2213 Ecclesia,
2905 2147 2996 2203 cui
3025 2148 3143 2219 ipse
3167 2157 3388 2219 praeest,
3412 2146 3508 2204 sed
3533 2155 3590 2204 et
3610 2163 3803 2204 omnes

2201 2245 2293 2316 qui
2325 2258 2539 2298 morum
2569 2242 2714 2296 illius
2742 2239 3025 2296 leditatem
3056 2249 3413 2312 cognoscunt,
3454 2241 3524 2297 ad
3558 2256 3805 2297 murmu-

2202 2335 2470 2391 rationem
2491 2335 3009 2405 derogationemque
3031 2342 3221 2388 contra
3248 2333 3510 2405 ejusmodi
3534 2343 3804 2391 rectorem

2203 2429 2530 2484 excitantur.
2566 2438 2590 2466 ε
2617 2426 2716 2483 Hic
2766 2426 2914 2491 talis,
2943 2426 3158 2482 etiamsi
3184 2428 3591 2498 prtedicationis
3617 2436 3806 2500 eroget

2203 2521 2512 2593 pecuniam,
2555 2523 2624 2577 ob
2667 2518 2914 2576 carnales
2949 2527 3130 2576 tamen
3174 2519 3362 2576 libitus
3393 2529 3451 2576 et
3489 2521 3805 2578 indecentes

2206 2625 2362 2674 actus
2389 2632 2497 2672 non
2529 2624 2711 2688 potest
2735 2624 2998 2672 statutam
3023 2617 3257 2672 evadere
3282 2631 3524 2688 poenam,
3551 2619 3682 2689 quin
3705 2633 3806 2690 pm

2207 2711 2659 2768 delectationibus
2685 2711 2812 2766 vitae
2833 2709 3140 2781 praesentis,
3166 2717 3495 2766 mternarutn
3521 2725 3803 2783 pinnarum

2207 2803 2282 2858 illi
2304 2804 2630 2874 punctiones
2655 2803 2926 2858 oriantur.

2280 2894 2449 2950 XXX.
2490 2893 2602 2950 Nec
2628 2902 2811 2950 tamen
2845 2895 2963 2951 haec
2999 2895 3268 2951 sententia
3297 2884 3446 2953 satos
3473 2912 3675 2969 pravos
3698 2894 3807 2970 epi-

2209 3002 2423 3057 scopos,
2455 2983 2826 3057 presbyteros,
2875 2986 2960 3042 vel
3000 2986 3229 3043 abbates
3263 2989 3523 3059 percutit,
3557 2997 3614 3045 et
3639 2989 3804 3046 laicos

2211 3078 2452 3133 indebite
2487 3077 2876 3133 ecclesiasticis
2918 3077 3082 3134 rebus
3125 3087 3341 3135 utentes
3384 3095 3612 3136 securos
3645 3080 3806 3136 relin-

507 3171 947 3230 consideratione
975 3173 1200 3244 dignum
1228 3169 1469 3237 duxerit,
1501 3171 1714 3226 noverit
1741 3171 1962 3228 omnino
1993 3188 2104 3228 non
2133 3168 2179 3231 C
2210 3170 2345 3240 quit.
2375 3169 2584 3237 Quibus
2631 3169 2760 3223 illud
2805 3183 3151 3238 summopere
3180 3169 3284 3226 hoc
3318 3168 3439 3226 loco
3467 3170 3805 3240 pensandum

508 3261 627 3321 hac
672 3279 772 3320 nos
818 3263 888 3320 de
927 3262 1059 3320 solis
1085 3261 1242 3317 laicis
1286 3261 1491 3328 dicere,
1526 3272 1549 3301 °
1581 3262 1677 3318 sed
1703 3262 1869 3318 etiam
1901 3263 1969 3319 de
1993 3265 2110 3335 epi-

509 3357 714 3427 scOpis,
761 3357 1070 3418 abbatibus.
1116 3354 1145 3395 (ι
1184 3355 1302 3412 sive
1345 3355 1669 3426 quibusdam
1720 3356 1955 3424 clericis,
2014 3359 2110 3429 qui

511 3445 660 3501 aliud
697 3443 907 3500 faciunt
931 3445 999 3501 de
1030 3445 1339 3516 sapedictis
1363 3447 1533 3503 sacris
1563 3448 1744 3513 rebus,
1773 3463 1939 3518 quam
1964 3450 2109 3520 quod

509 3536 822 3594 faciendum
846 3545 953 3605 est,
981 3546 1077 3594 aut
1107 3539 1268 3595 aliter
1301 3555 1397 3596 eas
1423 3555 1587 3610 quam
1620 3555 1651 3594 a
1689 3539 1800 3596 Deo
1827 3549 1884 3596 et
1906 3543 2112 3599 sanctis

509 3630 757 3700 patribus
789 3645 856 3686 ac
884 3630 1192 3686 rectoribus
1222 3631 1580 3687 constitutum
1604 3641 1708 3696 est,
1738 3640 1994 3688 tractant.
2029 3633 2108 3690 De

511 3723 620 3791 qna
647 3734 709 3777 re
731 3735 843 3776 non
873 3729 960 3776 est
983 3736 1228 3787 necesse,
1276 3722 1347 3778 ad
1389 3720 1561 3776 multa
1599 3721 1885 3778 dicendum
1903 3765 1918 3789 ,
1950 3725 2110 3780 nobis

509 3809 805 3884 plurimum
833 3803 1102 3869 laborare.
1131 3813 1396 3882 Quoniam
1409 3812 1613 3884 liquido
1630 3822 1782 3885 patet
1799 3814 2111 3873 hominibus

2210 3271 2327 3328 est;
2360 3263 2488 3333 quia
2510 3261 2556 3316 si
2586 3261 2634 3316 is
2659 3275 2821 3330 quem
2851 3268 3127 3332 utcunque
3155 3261 3291 3316 ordo
3321 3273 3578 3332 acceptus
3599 3263 3684 3320 vel
3710 3280 3807 3319 im-

2210 3369 2379 3426 pensa
2424 3353 2739 3425 praedicatio
2791 3353 3140 3419 comitantur,
3191 3353 3808 3424 pmpterlasciviamet

2212 3447 2386 3516 turpis
2409 3445 2547 3500 lucri
2582 3445 2881 3515 appetitum
2910 3443 3053 3500 malo
3080 3459 3180 3500 suo
3205 3444 3426 3500 easdem
3457 3461 3546 3500 res
3577 3445 3633 3500 in
3663 3460 3808 3501 com-

2213 3554 2406 3595 munes
2442 3552 2574 3592 usus
2616 3537 2904 3606 expendit;
2951 3535 3042 3590 ille
3068 3535 3162 3605 qui
3191 3550 3293 3591 nec
3327 3537 3696 3591 ministerium
3729 3551 3810 3593 ec-

2215 3631 2579 3689 clesiasticum
2610 3629 2841 3686 sortitur
2879 3629 2964 3684 vel
2998 3629 3339 3698 exsequitur,
3382 3643 3485 3683 nec
3525 3629 3805 3699 pecuniam

2215 3723 2366 3782 verbi
2396 3729 2608 3794 erogat,
2638 3721 2733 3777 sed
2767 3720 2992 3790 insuper
3022 3720 3285 3790 quidquid
3310 3731 3378 3775 ad
3409 3735 3667 3790 pompam
3692 3733 3810 3790 per-

2218 3817 2375 3880 tinet,
2407 3814 2522 3870 sive
2543 3812 2844 3878 lasciviam,
2875 3811 3029 3881 quasi
3053 3810 3309 3866 licentius
3332 3819 3613 3881 properat,
3640 3809 3808 3866 sacris

1867 3908 2141 3967 BALUZII
2181 3908 2416 3967 NOTAE.

587 4007 615 4036 ι
646 3993 740 4068 Vel
765 3996 812 4051 si
837 4012 944 4068 qua
967 3996 1164 4067 ﬁdelis.
1209 3996 1338 4053 Haec
1381 4012 1490 4053 non
1535 4005 1754 4054 exstant
1801 4001 1941 4068 apud
1968 3999 2108 4056 Pau-

511 4063 646 4120 lum.
697 4063 884 4146 Itaque
930 4063 1184 4124 existimo
1228 4077 1514 4146 peccatum
1562 4084 1704 4146 esse
1733 4063 1938 4146 librarii
1971 4073 2108 4146 :_qui

513 4150 641 4192 cum
681 4135 926 4212 divinare
964 4155 1070 4212 non
1096 4135 1281 4212 posset
1301 4139 1564 4212 quidnam
1594 4141 1776 4212 potius
1818 4135 2108 4212 legendum

512 4214 683 4284 esset,
725 4203 794 4284 Si
831 4203 1185 4284 quis_ﬁ_del_is,
1233 4203 1389 4284 vel-si
1437 4226 1543 4280 qua
1571 4203 1765 4284 ﬁdelis,
1817 4203 2109 4284 utrumque

512 4276 733 4352 po_suit_,
780 4276 998 4333 lectori
1013 4277 1280 4352 judicium
1330 4276 1601 4352 integrum
1668 4276 2109 4352 relinquensfld

513 4347 661 4403 enim
697 4347 1028 4418 frequenter
1049 4351 1313 4406 accidisse
1336 4347 1612 4407 veteribus
1649 4347 1888 4409 librariis
1922 4355 2111 4411 admo-

514 4419 736 4490 nuimus
764 4417 832 4474 ad
859 4417 1176 4476 Salvianum
1211 4429 1265 4477 et
1295 4420 1505 4490 Lupum
1537 4421 1964 4480 Ferrariensem.

586 4488 872 4563 {Canibus
903 4500 952 4545 et
983 4491 1218 4546 cavallis.
1263 4488 1402 4547 Hine
1447 4501 1598 4563 patet
1646 4495 1834 4562 laicos,
1882 4497 1974 4563 qui
2021 4512 2110 4552 res

514 4559 918 4634 ecclesiasticas
958 4563 1326 4632 possidebant,
1365 4563 1432 4618 iis
1447 4559 1596 4619 'usos
1638 4581 1759 4622 esse
1799 4559 1866 4621 ad
1897 4559 2107 4634 luxum,

514 4645 623 4714 non
650 4632 718 4714 ad
739 4635 1149 4716 necessitatem:
1178 4634 1323 4690 haud
1350 4634 1511 4716 dubie
1539 4646 1696 4716 extra
1720 4632 2109 4693 conscientiam

515 4703 856 4773 principum;
897 4703 1096 4775 alioqui
1128 4720 1236 4759 non
1279 4713 1436 4760 erant
1472 4705 1655 4762 laturi.

591 4781 614 4810 α
651 4770 754 4826 Sed
787 4775 945 4848 etiam
979 4775 1045 4830 de
1084 4776 1360 4846 episcOpis.
1397 4776 1572 4832 Taxat
1615 4777 1896 4848 episcopos
1930 4787 1986 4833 et
2031 4794 2114 4834 se-

517 4851 748 4916 quentes
797 4845 1073 4915 praalatos,
1107 4845 1200 4916 qui
1244 4845 1410 4902 rebus
1453 4845 1840 4904 ecclesiasticis
1881 4858 2114 4903 utuntur

517 4913 586 4994 ad
635 4912 840 4994 luxum,
889 4931 1069 4994 neque
1108 4912 1631 4994 considerant_quid
1677 4919 1763 4994 de_
1795 4919 2113 4994 rebus‘Deo

517 4983 716 5066 dicatis
726 4983 997 5066 statutum
1027 4987 1151 5066 sita
1181 4983 1662 5066 patribus._Neque
1686 4989 1831 5046 solos
1858 4989 2111 5066 praelatos

518 5053 787 5137 percellit,
953 5059 1142 5137 _etiam
1181 5053 1418 5115 clericos
1461 5061 1538 5137 in_
1567 5053 1930 5137 universum._
1960 5060 2114 5137 Unde

518 5124 822 5209 intelligere
883 5127 1166 5209 debemus,
1207 5138 1473 5209 quotquot
1525 5130 1577 5184 in
1623 5139 1834 5209 sortem
1885 5131 2114 5209 _Dom_ini

517 5197 743 5269 ascripti
792 5212 996 5264 sumus,
1042 5201 1200 5257 nobis
1225 5197 1470 5269 'quidem
1511 5199 1775 5256 creditam
1821 5217 1852 5256 a
1885 5203 2115 5259 Domino

517 5273 574 5320 et
601 5267 670 5339 ab
699 5267 942 5326 Ecclesia
980 5287 1168 5326 curam
1200 5267 1556 5339 proventuum
1594 5271 2110 5337 ecclesiasticorum,

518 5337 615 5394 sed
630 5345 704 5412 _ut
740 5340 808 5396 iis
843 5348 1064 5412 utamur
1092 5337 1548 5412 quemadmodum
1591 5342 1677 5398 lex
1715 5341 1893 5411 jubet,
1920 5360 2024 5398 non
2059 5345 2116 5398 in

518 5408 675 5484 vanis
699 5411 881 5468 saeculi
910 5408 1134 5484 pompis
1148 5419 1249 5484 aut
1277 5408 1728 5484 oblectamentis,
1750 5414 1844 5469 sed
1883 5408 1936 5470 in
1967 5415 2116 5470 alen-

520 5479 606 5535 dis
631 5484 850 5556 egenis,
869 5479 1188 5556 reparandis
1213 5481 1479 5550 ecclesiis,
1510 5484 1661 5540 libris
1693 5500 1909 5556 quoque
1932 5487 2024 5555 qui
2050 5486 2119 5540 ad

519 5555 946 5623 comparandam
1003 5555 1259 5623 pietatem
1311 5562 1367 5608 et
1407 5556 1770 5611 eruditionem
1824 5555 2116 5611 necessarii

522 5631 619 5676 aut
647 5625 806 5680 utiles
833 5633 959 5681 sunt
984 5624 1251 5698 emendis,
1281 5624 1508 5696 aliisque
1541 5627 1594 5681 id
1619 5643 1808 5698 genus.
1841 5626 1896 5681 In
1929 5627 2118 5697 primis

523 5703 706 5749 tamen
753 5710 814 5751 ea
865 5711 1020 5750 mens
1048 5695 1304 5751 Ecclesia:
1349 5695 1564 5768 semper
1609 5695 1728 5768 fuit,
1777 5707 1836 5754 ut
1883 5695 2118 5754 clericus

527 5773 652 5818 ante
698 5768 880 5821 omnia
942 5775 1155 5825 tantum
1208 5776 1390 5827 sumat
1431 5767 1501 5825 de
1546 5767 1811 5826 reditibus
1869 5769 2124 5827 ecclesia-

2214 4001 2390 4065 sticis,
2419 4007 2681 4070 quantum
2708 3999 2756 4054 ei
2794 3997 2989 4070 alendo
3017 4012 3156 4068 opus
3181 4003 3283 4052 est.
3329 3993 3482 4064 Quod
3513 3997 3638 4052 ideo
3663 3996 3804 4070 dico,

2215 4089 2284 4128 ne
2320 4069 2449 4142 q'uis
2485 4072 2554 4126 ad
2585 4071 2842 4125 invidiam
2882 4069 3062 4123 trahat
3103 4084 3170 4124 ea
3211 4084 3337 4139 qua:
3371 4072 3626 4137 superius
3666 4069 3808 4124 dicta

2285 4153 2362 4196 nt.

2216 4159 2312 4253 sud
2346 4211 2464 4269 Sive
2487 4211 2802 4284 quibusdam
2823 4209 3047 4266 clericis.
3080 4209 3217 4284 Nam
3238 4209 3562 4284 clericorum
3593 4210 3810 4284 nomine

2215 4280 2751 4355 comprehenduntur
2778 4289 3056 4355 quotquot
3087 4281 3376 4355 inplerum
3408 4280 3632 4355 ascripti
3664 4292 3806 4355 sunt,

2216 4350 2380 4411 etiam
2407 4353 2732 4426 presbyteri,
2767 4350 2826 4408 et
2849 4350 3100 4426 diaconi_._
3133 4350 3689 4426 Gregoriusliiagnus
3720 4351 3808 4426 lib.

2134 4421 2189 4481 D
2215 4443 2292 4492 xi,
2322 4421 2511 4482 ind-iet.
2543 4421 2598 4489 6⁷,
2643 4425 2804 4494 epist.
2847 4423 2954 4477 54:
3004 4443 3022 4474 ‹
3057 4422 3136 4477 Ne
3175 4421 3306 4478 vero
3339 4422 3654 4494 objiciatur,
3686 4423 3812 4493 quia

2215 4513 2342 4554 ecce
2374 4500 2439 4554 de
2474 4493 2903 4552 eodem’clerico
2945 4494 3205 4566 loquitur,
3244 4509 3353 4566 non
3377 4493 3443 4547 de
3471 4493 3812 4566 presbytero,

2213 4570 2493 4626 sciendum
2514 4576 2599 4622 est
2624 4567 2749 4636 quia
2777 4567 2832 4620 in
2861 4563 3051 4621 eadem
3078 4564 3464 4620 constitutione
3492 4563 3811 4633 capitulol9

2213 4640 2412 4710 legitur
2467 4641 2522 4693 in
2570 4635 2930 4710 appellatione
2985 4636 3309 4710 clericorum
3359 4641 3416 4689 et
3462 4635 3814 4710 presbyteros

2211 4703 2562 4765 et'diaconos
2596 4703 2882 4763 contineri.
2925 4727 2944 4759 ι
3003 4707 3140 4762 Tum
3177 4705 3336 4761 affert
3370 4703 3534 4760 verba
3578 4703 3815 4760 Novella:

2214 4781 2318 4835 125
2366 4779 2712 4851 imperatoris
2758 4777 3088 4843 Justiniani,
3137 4777 3192 4832 in
3242 4791 3349 4851 qua
3395 4775 3513 4830 haac
3559 4774 3815 4851 leguntur

2215 4868 2332 4922 cap.
2367 4847 2474 4906 l9':
2510 4871 2528 4901 ε
2563 4850 2932 4922 Presbyteros
2962 4858 3162 4912 autem,
3197 4856 3254 4902 et
3283 4847 3562 4911 diaconos,
3596 4847 3656 4922 e_'t
3695 4847 3817 4922 sub-

2215 4916 2493 4982 diaconos.
2523 4916 2796 4986 cantores,
2837 4930 2894 4976 et
2921 4920 3173 4984 lectores,
3201 4934 3338 4990 quos
3367 4933 3556 4973 omnes
3586 4916 3815 4990 clericos

2215 4994 2568 5066 appellamus.
2604 5012 2629 5066 s_
2666 4991 2766 5066 I_)iu
2804 5000 2983 5066 tamen
3020 5000 3140 5066 post
3165 4989 3578 5066 _b_a3c_t_einpora
3607 4989 3817 5066 dubita-

2216 5061 2330 5120 tum
2369 5073 2454 5119 est
2489 5062 2630 5134 apud
2669 5061 3036 5125 Ruscinones,
3081 5061 3270 5134 Gallia:
3314 5061 3688 5134 Narbonensis
3727 5075 3818 5134 po-

2214 5135 2387 5206 pulos,
2417 5152 2483 5189 an
2508 5131 2829 5206 clericorum
2857 5134 3074 5188 nomine
3101 5133 3528 5206 intelligerentur
3552 5131 3815 5206 episcopi.

2215 5147 2387 5206 pulos,
2417 5152 2483 5189 an
2508 5147 2829 5190 ctencorum
2857 5147 3074 5188 nomine
3101 5147 3528 5202 intelligerentur
3552 5147 3815 5256 episcog:

2215 5206 2462 5270 abbates,
2493 5213 2549 5260 et
2587 5205 2767 5259 caeteri
2807 5206 3005 5274 gradus
3041 5203 3397 5274 ecclesiastici
3426 5217 3631 5274 {quam
3664 5203 3733 5256 du
3776 5203 3787 5214 '

2216 5278 2478 5334 tationem
2509 5276 2653 5332 edita
2677 5277 3059 5330 constitutione
3088 5273 3303 5330 sustulit
3325 5273 3498 5328 Guido
3528 5273 3815 5344 episcopus

2218 5349 2537 5404 Ilelenensis
2593 5347 2646 5400 in
2698 5349 2904 5418 synodo
2949 5347 3400 5418 suaddimcesana
3445 5344 3632 5398 habita
3675 5356 3815 5398 anno

2220 5420 2358 5474 1359
2385 5421 2471 5474 die
2495 5425 2691 5473 octava
2719 5416 2922 5473 mensis
2943 5416 3164 5486 Aprilis.

2294 5502 2318 5529 ε
2364 5488 2466 5543 Hic
2504 5489 2646 5542 talis.
2686 5488 2777 5542 Ait
2821 5484 3168 5558 episcopum,
3217 5487 3434 5542 tametsi
3480 5487 3674 5558 doctus
3713 5484 3812 5558 sit,

2222 5577 2284 5616 ac
2311 5560 2567 5630 populum
2597 5555 2884 5628 diligenter
2925 5555 3177 5630 instruat.
3207 5559 3427 5612 aeternis
3453 5555 3814 5630 pmnismaddi-

2221 5628 2488 5694 ctum—iri,
2519 5631 2564 5684 si
2597 5633 2806 5700 pompis
2839 5629 3020 5686 saeculi
3055 5629 3272 5685 deditus
3308 5630 3400 5695 sit,
3435 5637 3492 5685 et
3517 5628 3696 5683 sacris
3731 5639 3816 5681 ne-

2222 5705 2324 5759 bus
2357 5703 2628 5760 abutatur.
