4012 6338
193 319 314 377 ’λθ

1316 315 1521 373 LIBER
1561 316 1841 375 CONTRA
1878 314 2200 376 JUDICIUM
2242 315 2379 376 DEI.

196 437 372 493 rebus
389 434 586 498 utitur,
608 433 812 502 quanto
839 429 1028 499 majuri
1055 432 1199 488 malo
1223 448 1322 489 suo
1346 434 1589 489 convivia
1613 435 1792 506 splen-
1817 437 1868 497 Α
1894 443 2050 503 rent,
2092 435 2178 490 vel
2223 451 2255 490 a
2300 433 2462 490 tineis
2503 431 2825 489 vestimenta
2865 433 3315 502 comederentur;
3359 435 3470 494 imo

195 525 331 581 dida
355 525 423 579 de
454 523 624 580 sacris
658 522 836 586 rebus,
882 523 1078 592 quibus
1111 534 1387 595 gementes
1415 535 1470 580 et
1494 538 1788 584 maerentes

195 619 254 673 in
278 616 626 672 tribulatione
661 616 997 685 paupertatis
1022 617 1322 674 debuerant
1342 618 1629 685 consolari,
1657 636 1788 690 cpu-

193 709 349 766 latur
391 725 515 765 cum
559 709 816 764 divitibus
866 709 1228 780 epulantibus,
1273 713 1532 783 gaudens,
1585 714 1792 771 ridens-

193 816 330 872 que,
361 808 577 871 etopus
604 799 816 854 Domini
861 817 968 856 non
1014 803 1302 872 recipiens,
1343 812 1399 859 et
1443 805 1596 874 quasi
1623 821 1789 877 agens

192 906 322 962 qua:
369 891 481 950 Deo
524 890 775 961 placeant
815 890 1168 961 jucundatur,
1219 894 1383 949 satiat
1425 905 1687 965 pmterea
1733 906 1790 953 et

193 982 440 1038 inebriat
488 983 804 1048 histriones,
842 983 1061 1048 mimos,
1105 985 1561 1056 turpissimosque
1595 996 1650 1042 et
1690 1003 1786 1044 va-

192 1075 461 1130 nissimos
488 1087 514 1116 ι
541 1074 830 1144 ioculares,
879 1091 1002 1130 cum
1049 1091 1315 1146 pauperes
1345 1078 1602 1135 Ecclesia:
1644 1079 1786 1137 fame

190 1167 515 1223 discruciati
572 1167 860 1222 intereant.
930 1166 1103 1234 Quam
1164 1183 1278 1224 rem
1334 1172 1786 1228 considerandam

189 1257 556 1330 prudentibus
591 1257 888 1322 oﬂ'erimus,
929 1274 1034 1313 non
1060 1269 1242 1315 autem
1265 1263 1584 1331 exponendo
1605 1264 1785 1334 aperi-

189 1364 340 1413 mus,
364 1349 617 1418 quoniam
643 1350 745 1404 etsi
769 1350 972 1405 dictum
999 1359 1082 1406 est
1120 1351 1382 1407 divitibus
1408 1371 1421 1406 :
1446 1353 1598 1423 Agite
1621 1371 1780 1422 nunc,

187 1443 404 1506 divites,
454 1441 656 1511 plorate
701 1441 963 1498 ululantes
999 1443 1054 1497 in
1085 1445 1326 1509 miseriis,
1365 1462 1482 1515 qute
1512 1447 1786 1500 advenient

187 1535 339 1590 vobis
360 1547 380 1586 :
411 1534 610 1588 divitiae
643 1543 826 1588 vestra:
862 1534 1172 1604 putrefacta:
1214 1545 1357 1600 sunt,
1404 1545 1452 1589 et
1479 1538 1782 1591 vestimenta

188 1635 366 1680 vestra
391 1643 424 1678 α
453 1625 604 1681 tineis
651 1636 876 1680 comesta
914 1636 1059 1690 sunt,
1107 1643 1294 1680 aurum
1324 1638 1369 1681 et
1404 1639 1672 1698 argentum
1701 1646 1782 1683 ve-

185 1726 363 1772 strum
407 1718 736 1787 teruginavit,
781 1727 829 1771 et
867 1734 1044 1787 aerugo
1086 1733 1267 1771 eorum
1307 1718 1659 1772 testimonium
1683 1720 1782 1772 erit

1890 525 2032 580 sicut
2076 541 2176 596 pro
2217 525 2462 590 avaritia,
2511 525 2588 579 sic
2641 533 2696 578 et
2742 539 2842 595 pro
2885 525 3077 594 epulis,
3135 535 3193 582 et
3233 544 3332 598 pro
3380 528 3467 583 lu-

1889 617 2062 671 xuriis
2089 658 2104 683 ,
2179 617 2462 687 praesentis
2533 616 2818 672 sententiae
2891 616 3311 674 comminatione
3381 618 3466 674 fe-

1887 709 2117 764 riuntur.

1959 799 2151 855 XXXI.
2211 801 2270 856 Si
2320 811 2500 858 autem
2544 801 2661 858 haec
2705 801 2848 857 dicta
2894 808 3022 856 sunt
3066 799 3170 856 illis
3217 799 3308 870 qui
3339 799 3470 858 talia

1887 892 2114 948 forsitan
2163 895 2228 948 de
2272 895 2507 964 propriis
2559 895 2722 950 rebus
2769 894 3030 965 agebant,
3081 893 3252 949 multo
3296 893 3471 963 magis

1887 986 2209 1056 quibusdam
2249 987 2531 1054 praesentis
2561 986 2815 1056 temporis
2835 985 3094 1040 divitibus
3116 983 3223 1040 dici
3250 992 3467 1055 potest:

1889 1077 2100 1133 Ululate
2130 1077 2181 1131 in
2211 1077 2445 1132 miseriis
2472 1077 2921 1141 advenientibus;
2961 1076 3215 1147 quoniam
3242 1075 3468 1147 epulan-

1885 1170 2032 1226 tibus
2077 1169 2230 1223 vobis
2273 1168 2340 1222 de
2385 1169 2546 1223 rebus
2580 1184 2685 1224 non
2727 1168 2941 1233 vestris,
2971 1177 3028 1222 et
3051 1165 3471 1221 thesaurizanti-

1885 1263 1986 1318 bus
2013 1262 2080 1317 de
2107 1261 2192 1316 bis
2218 1276 2338 1331 qua:
2371 1262 2439 1316 ad
2481 1262 2930 1317 sustentationem
2956 1275 3254 1330 pauperum
3283 1258 3471 1314 Eccle-

1883 1353 1979 1408 siae
2009 1353 2210 1408 tradita
2237 1361 2382 1418 sunt,
2413 1354 2515 1424 ipsi
2544 1366 2813 1424 pauperes
2837 1361 2891 1406 et
2917 1351 3285 1406 ecclesiastica
3315 1349 3469 1404 fami-

1882 1443 2125 1499 lia‘l'ame
2153 1445 2494 1511 cruciantur;
2539 1453 2595 1499 et
2627 1446 2717 1514 qui
2743 1460 2810 1498 ex
2835 1459 2916 1498 eis
2948 1443 3226 1498 fraudatus
3255 1457 3286 1496 a
3315 1440 3469 1496 vobis

1881 1545 1964 1590 est
1989 1537 2073 1591 vel
2111 1552 2425 1607 oppressus,
2473 1537 2690 1601 clamat,
2727 1543 2780 1590 et
2812 1536 3018 1590 clamor
3062 1549 3248 1589 eorum
3281 1534 3334 1587 in
3364 1547 3466 1586 au-

1879 1644 1968 1683 res
1992 1629 2202 1682 Domini
2235 1629 2476 1685 Sabaoth
2518 1629 2747 1693 introiit,
2775 1629 2868 1698 qui
2906 1627 3042 1682 dixit
3066 1626 3213 1681 :Non
3251 1625 3466 1696 negabis

1884 1720 2169 1773 mercedem
2208 1721 2487 1790 indigentis
2514 1730 2559 1773 et
2577 1720 2862 1790 pauperis;
2903 1719 2993 1773 sed
3022 1718 3204 1772 eadem
3230 1717 3314 1772 die
3350 1716 3468 1770 red-

187 1809 360 1873 vobis,
411 1818 459 1862 et
519 1809 855 1863 manaucavit
909 1819 1104 1863 vestras
1161 1825 1360 1872 carnes,
1419 1811 1553 1863 sicut
1604 1813 1780 1880 ignis;
1809 1797 1856 1858 Β
1883 1810 1973 1864 des
2008 1811 2057 1864 ei
2081 1815 2301 1878 pretium
2329 1811 2524 1863 laboris
2553 1810 2636 1863 sui
2673 1819 2792 1862 ante
2818 1808 2942 1862 solis
2978 1823 3237 1870 occasum,
3268 1824 3331 1860 ne
3360 1805 3468 1860 cla-

184 1900 563 1954 thesaurisatis
597 1900 650 1954 in
687 1901 980 1956 novissimis
1013 1900 1212 1954 diebus.
1257 1900 1324 1954 Et
1365 1900 1556 1956 iterum
1588 1919 1600 1954 :
1636 1900 1782 1972 Epu-

185 1989 288 2043 lati
324 1990 447 2043 estis
477 2006 636 2060 super
663 2001 878 2057 terram,
915 2000 965 2046 et
995 1992 1048 2044 in
1091 1991 1290 2046 deliciis
1330 1993 1572 2046 enutritis
1617 1993 1778 2048 corda

183 2092 383 2137 vestra.
427 2080 544 2136 Non
583 2092 761 2140 tamen
790 2093 1120 2155 praeceptum
1149 2093 1232 2140 est
1261 2085 1341 2140 eis
1365 2095 1426 2140 ut
1451 2086 1626 2156 epulis
1652 2101 1782 2155 quo-

182 2173 412 2230 tidianis
434 2183 712 2240 vacarent,
738 2185 794 2232 et
813 2177 1223 2246 pretiosissimis
1247 2177 1601 2232 induerentur
1624 2177 1781 2233 vesti-

179 2265 311 2331 bus,
351 2281 418 2320 ne
445 2267 583 2323 forte
607 2268 690 2323 vel
715 2283 903 2323 eorum
940 2269 1141 2324 divitiae
1175 2268 1492 2340 putrefactm
1535 2285 1780 2324 remane-

1882 1911 1986 1954 met
2029 1913 2209 1955 contra
2255 1913 2302 1954 te
2334 1901 2404 1954 ad
2453 1901 2756 1964 Dominum,
2785 1909 2831 1952 et
2857 1899 2951 1966 ﬁat
2977 1898 3066 1951 tibi
3090 1899 3145 1950 in
3169 1905 3460 1967 peccatum.

1881 1990 1948 2044 Et
1993 1992 2161 2046 multa
2202 1991 2509 2062 hujusmodi
2538 2031 2552 2056 ,
2605 2005 2725 2059 quae
2767 1989 2832 2043 de
2881 1988 2983 2042 hac
3013 2002 3092 2053 re,
3138 1996 3195 2041 et
3237 1987 3304 2041 de
3347 1999 3466 2040 om-

1880 2087 2039 2142 nibus
2092 2102 2212 2157 quae
2267 2086 2517 2156 superius
2564 2083 2954 2153 comprehensa
2999 2088 3162 2146 sunt,
3210 2081 3266 2134 in
3319 2077 3462 2133 divi-

1879 2181 1966 2236 nis
2003 2180 2158 2236 libris
2205 2180 2480 2244 dicuntur,
2534 2194 2636 2233 nec
2676 2177 2744 2230 ab
2782 2176 2890 2230 ullo
2924 2191 3149 2245 prorsus
3182 2175 3464 2231 hominum

1882 2274 2086 2342 absque
2113 2274 2197 2328 sui
2222 2273 2544 2345 gravissimo
2567 2272 2764 2325 damno
2791 2267 3136 2339 negliguntur

1550 2361 1824 2418 BALUZII
1866 2360 2100 2420 NOTAE.

260 2451 618 2527 {Iocularem
674 2454 1008 2527 Histrionum
1058 2471 1267 2527 genus,
1320 2455 1468 2510 tibiis
1513 2465 1778 2527 praeterea

180 2523 498 2596 ﬁdibusque
529 2534 622 2580 aut
657 2526 778 2580 aliis
815 2523 1186 2581 instrumentis
1227 2523 1660 2582 canentes—Hos
1695 2543 1777 2583 se-

179 2611 362 2665 quens
407 2605 542 2652 aetas
578 2596 785 2654 Gallico
832 2606 946 2652 tum
997 2609 1215 2667 recepto
1262 2597 1524 2652 vocabulo
1564 2599 1780 2653 vocavit

1884 2458 2186 2529 Jongleurs.
2237 2457 2375 2513 Dicti
2431 2466 2612 2514 autem
2652 2455 2926 2528 joculares
2972 2469 3005 2510 a
3045 2451 3190 2523 jocis
3230 2460 3287 2510 et
3324 2449 3470 2510 ludis

1885 2545 2021 2599 quos
2045 2529 2239 2600 populo
2264 2529 2552 2584 faciebant.

205 2745 2787 2772 Μ

1565 2857 2123 2971 LIBER

747 3070 909 3180 DE
981 3091 1431 3181 DIVINIS
1506 3047 2191 3176 SENTENTIIS
2263 3083 2906 3179 DIGESTUS.

258 3297 401 3344 ουκ
444 3297 839 3344 Βιιεγιεεηηε
883 3299 1465 3354 ADNOTATIONIBUS,
1507 3296 1753 3343 CONTRA
1798 3292 2221 3337 DAMNABILEM
2265 3287 2620 3334 OPINIONEM
2664 3282 3080 3337 PUTANTIUM,
3119 3277 3145 3309 ⁸
3175 3277 3379 3324 ΒΙἮΝΙ

537 3380 761 3424 ιυυιοη
806 3381 1172 3426 VERITATEM
1216 3380 1390 3435 IGNE,
1424 3381 1541 3425 νει.
1584 3375 1793 3432 AQUIS,
1831 3375 1950 3418 γει
1993 3371 2345 3415 CONFLIGTU
2391 3367 2710 3412 ARMORUM
2754 3362 3116 3408 PATEFIERI.

1611 3501 2007 3518 ἔ

259 3594 302 3649 Ι.
343 3594 401 3650 In
444 3595 657 3651 nomine
684 3596 898 3653 Domini
930 3596 1026 3651 Dei
1053 3605 1107 3651 et
1129 3594 1426 3650 Salvatoris
1449 3592 1621 3647 nostri
1646 3589 1774 3646 Jesu
1802 3593 1846 3654 C
1881 3585 2011 3642 tioni
2065 3582 2284 3654 generis
2336 3577 2602 3640 humani,
2653 3589 2718 3630 ac
2767 3565 3171 3626 reconciliatori
3213 3562 3459 3628 Christo,

171 3689 388 3747 Christi
413 3689 502 3760 qui
525 3700 599 3744 est
629 3707 735 3760 pax
757 3701 954 3753 nostra,
982 3690 1172 3762 quique
1197 3688 1318 3758 fecit
1344 3697 1561 3758 utraque
1582 3701 1767 3748 unum,

171 3792 226 3838 et
269 3781 502 3836 medium
551 3783 802 3853 parietem
841 3780 1081 3834 maceriae
1121 3778 1322 3834 solvens
1358 3775 1689 3830 inimicitiam
1715 3774 1771 3827 in

170 3891 339 3930 carne
373 3891 497 3939 sua,
529 3873 693 3944 legem
725 3873 1094 3928 mandatorum
1133 3870 1351 3925 decretis
1392 3883 1669 3927 evacuans,
1715 3872 1769 3917 ut

169 3967 313 4021 duos
343 3967 536 4021 condat
565 3968 619 4020 in
644 3968 974 4036 semetipsum
994 3964 1048 4018 in
1073 3981 1176 4017 uno
1202 3978 1331 4016 novo
1351 3960 1576 4024 homine,
1607 3957 1769 4024 faciat

168 4075 384 4130 pacem,
414 4069 463 4113 et
494 4057 789 4112 reconciliet
820 4056 996 4111 ambbs
1022 4055 1075 4108 in
1120 4070 1222 4107 uno
1270 4068 1485 4121 corpore
1525 4049 1632 4102 Deo
1676 4063 1771 4118 per

170 4168 407 4214 crucem,
440 4152 760 4221 interﬁciens
799 4148 1103 4205 inimicitias
1142 4147 1198 4204 in
1247 4144 1542 4214 semetipso,
1589 4151 1636 4194 et
1686 4156 1780 4225 ve-A

169 4245 328 4298 aiens
367 4243 737 4314 euangelizavit
775 4259 954 4314 pacem
983 4241 1147 4305 vobis,
1173 4239 1262 4310 qui
1290 4237 1440 4307 longe
1483 4235 1676 4306 favistis,
1717 4241 1767 4286 et

166 4350 360 4404 pacem
399 4334 481 4388 his
508 4336 598 4404 qui
631 4349 809 4404 prope.
859 4331 1122 4397 Quoniam
1164 4345 1256 4400 per
1301 4328 1472 4398 ipsum
1516 4323 1767 4377 habemus

166 4440 446 4479 accessum
483 4425 634 4478 ambo
661 4424 716 4478 in
745 4441 848 4477 uno
875 4423 1063 4492 spiritu
1103 4421 1170 4474 ad
1211 4417 1427 4473 Patrem
1462 4416 1677 4486 (Ep/tes.
1708 4430 1770 4480 ιι,

168 4515 388 4588 14-18).
433 4516 704 4587 Incipiunt
738 4513 1043 4570 testimonia
1075 4511 1250 4566 divina
1299 4509 1363 4563 de
1399 4507 1594 4561 litteris
1616 4521 1774 4560 evan-

166 4604 404 4677 gelicis,
453 4613 512 4659 et
556 4604 900 4674 apostolicis,
949 4609 1113 4671 atque
1160 4596 1528 4669 propheticis,
1576 4595 1771 4664 quibus

166 4698 295 4752 luce
322 4696 528 4751 clarius
553 4695 960 4751 demonstratur
983 4691 1256 4748 contraria
1289 4703 1412 4744 esse
1451 4687 1774 4742 reconcilia-

1877 3692 2069 3748 pugnze
2111 3672 2424 3731 domesticae
2469 3677 2525 3724 et
2569 3665 2852 3723 conflictus
2878 3660 3122 3725 fraterni,
3150 3656 3462 3728 putantium

1877 3783 2060 3822 rerum
2089 3764 2382 3819 labentium
2411 3760 2574 3816 dubia
2603 3767 2658 3812 et
2683 3755 2892 3813 occulta
2912 3768 3071 3824 posse
3106 3749 3374 3822 pateﬁeri,
3404 3755 3464 3802 et

1875 3876 1972 3931 per
2001 3877 2090 3915 res
2119 3858 2426 3915 contrarias
2453 3852 2673 3908 veritati
2700 3851 2984 3905 veritatem
3017 3847 3271 3900 latentem
3303 3855 3462 3895 mon-

1878 3951 2060 4006 strari.
2094 3949 2227 4002 Nam
2271 3948 2316 4001 si
2353 3945 2697 4014 omnipotens
2731 3940 2893 4003 Deus,
2924 3936 3109 3991 mundi
3136 3933 3385 3988 conditor
3405 3936 3462 3984 et

1879 4048 2081 4102 rector,
2107 4037 2294 4105 judicii
2326 4035 2609 4089 veritatem
2635 4032 2687 4084 in
2716 4028 2880 4083 rebus
2905 4025 3198 4096 latentibus
3222 4037 3318 4093 per
3341 4035 3462 4077 mu-

1874 4141 1993 4186 tuas
2035 4131 2209 4186 caedes
2249 4125 2473 4182 inveniri
2523 4123 2802 4187 voluisset,
2832 4128 2924 4174 aut
2951 4116 3310 4190 permisisset,
3359 4128 3461 4170 nec

1866 4223 2080 4292 judices
2102 4231 2195 4276 aut
2221 4223 2248 4261 δ
2297 4219 2584 4290 magistros
2614 4231 2710 4287 per
2741 4213 2982 4285 singulas
3009 4210 3174 4266 urbes
3199 4206 3460 4264 constitui

1873 4317 2243 4388 praecepisset,
2293 4328 2392 4368 nec
2437 4311 2662 4368 testibus
2702 4308 3005 4363 inticiantes
3049 4302 3314 4364 convinci,
3357 4312 3460 4353 nec

1873 4409 1965 4463 ubi
2014 4416 2178 4462 testes
2221 4408 2434 4470 desunt,
2476 4400 2900 4457 controversiam
2943 4412 3040 4467 per
3076 4390 3458 4464 jusjurandum

1876 4503 2041 4557 ﬁniri.
2079 4501 2184 4557 Sed
2217 4516 2317 4554 nec
2359 4497 2506 4552 illam
2548 4495 2718 4564 legem
2757 4493 2900 4547 inter
2923 4489 3102 4543 virum
3128 4496 3182 4542 et
3206 4497 3454 4547 uxorem,

1874 4597 1921 4652 si
1965 4595 2190 4664 spiritus
2236 4590 2517 4662 zelotypize
2564 4588 2740 4642 virum
2780 4581 3148 4642 concitaverit,
3190 4579 3361 4642 daret,
3395 4582 3458 4629 ut

1873 4703 1971 4758 per
1991 4701 2160 4758 aquas
2189 4684 2558 4739 amarissimas
2588 4690 2609 4718 ε
2635 4678 2959 4749 probaretur
2986 4671 3180 4727 mulier
3207 4667 3456 4723 adultera

1529 4777 1801 4834 BALUZII
1841 4778 2072 4835 NOTAE.

242 4893 270 4920 ³
301 4879 474 4950 Egre
508 4879 690 4935 ferens
720 4877 1049 4950 Agobardus
1077 4873 1425 4950 iniquitatem
1453 4868 1766 4950 legis_Gun-
1798 4876 1846 4934 ι)
1872 4871 1925 4924 in
1957 4871 2143 4950 codice
2170 4869 2405 4950 Oper-um
2425 4864 2714 4950 Agobardi.
2745 4862 2863 4950 qut)
2888 4859 3458 4950 [filiifﬁsﬁg‘hﬁggf‘

161 4941 424 5016 dobadre,
457 4967 576 5020 qua:
614 4941 797 5005 causis
829 4949 993 5020 linem
1019 4941 1237 5020 imponi
1269 4941 1614 5020 praecipiebat
1650 4941 1765 4994 sin-

161 5021 353 5094 gulari
406 5013 705 5076 cei-tamine
750 5022 864 5094 sive
910 5013 1125 5094 duello,
1160 5015 1303 5094 quod
1337 5013 1499 5094 stulte
1544 5027 1770 5094 prorsus

161 5082 232 5150 ac
287 5107 578 5163 perperam
634 5093 898 5145 vocabant
941 5082 1212 5141 Iudicium
1259 5085 1375 5163 l_)_ei,
1425 5082 1669 5163 congerit
1713 5083 1767 5163 in

160 5155 303 5221 hoc-
338 5155 480 5217 libro
532 5163 830 5217 sententias
878 5175 945 5214 ex
993 5167 1223 5225 utroque
1281 5155 1648 5216 Testamento,
1710 5161 1771 5206 ut

160 5234 430 5291 ostendat
455 5233 626 5304 legem
667 5233 810 5286 illam
837 5245 957 5304 esse
994 5227 1236 5304 impiam,
1263 5225 1524 5304 valdeque.
1549 5231 1766 5304 contra-

161 5308 316 5364 riam
366 5295 555 5374 pietaii
602 5321 667 5359 ac
706 5300 1036 5374 simplicitati
1072 5295 1412 5374 Christiana}.
1449 5295 1515 5348 Et
1548 5295 1767 5374 omnino

160 5363 426 5433 eruditus
460 5385 544 5431 est
588 5377 677 5431 hic
715 5363 872 5445 liber,
912 5379 968 5426 et
999 5369 1294 5445 Agobardo
1337 5367 1546 5436 dignus.
1580 5363 1768 5445 .Porro

163 5449 315 5504 duos
341 5463 408 5502 ex
448 5449 552 5502 isto
593 5447 732 5501 libro
772 5444 973 5500 fecerat
999 5440 1310 5503 Massonus;
1359 5440 1767 5504 sententiasque

163 5519 508 5574 distinxerat
541 5520 610 5573 ab
647 5517 752 5571 hoc
791 5513 971 5569 libello
1018 5520 1202 5566 contra
1234 5507 1391 5562 ﬁdem
1424 5505 1597 5569 tituli,
1638 5521 1767 5558 con-

164 5598 375 5658 traque
425 5589 791 5643 testimonium
836 5582 1129 5659 Agobardi.
1170 5579 1307 5659 pos,
1353 5579 1636 5659 rquod‘r‘cs
1674 5591 1768 5644 p0-

165 5647 440 5723 stulabat,
473 5675 688 5714 rursum
718 5647 1116 5729 conjunximus.
1168 5650 1274 5729 sed
1312 5658 1366 5729 _e_t
1402 5647 1550 5729 illud
1571 5656 1628 5729 te.
1661 5661 1768 5699 mo-

169 5721 435 5786 nendum
471 5721 1044 5794 existimaviflector,
1081 5721 1344 5794 Agobardi
1394 5721 1768 5794 adnotationcs

173 5819 302 5872 quae
335 5801 665 5875 respondent
702 5789 1006 5864 sententiis,
1039 5796 1094 5852 in
1132 5789 1375 5864 margine
1407 5789 1613 5862 positas
1650 5803 1770 5845 esse

1877 4924 2120 5007 nuenSis,
2147 4924 2254 5011 qui)
2282 4924 2561 4993 Massoxius
2602 4924 2866 5011 utebatur,
2899 4943 3018 5011 c_um
3049 4941 3156 4981 non
3191 4924 3455 5011 intellige-

1877 5024 1962 5066 ret
2011 4995 2091 5066 ad
2108 4995 2280 5081 'qiiem
2326 5002 2870 5081 quaequeadnotatio
2920 4997 3104 5063 locum,
3132 4995 3453 5081 essetreie-

1877 5083 2061 5145 reuda,
2092 5066 2271 5135 omnia
2313 5066 2632 5135 turbaverit.
2680 5074 2788 5129 Nos
2815 5085 2912 5126 sua
2937 5083 3163 5138 quaeque
3200 5066 3335 5121 locis
3365 5081 3456 5124 re-

1875 5153 2168 5208 stituimus.

1948 5225 1975 5262 ι)
2004 5223 2306 5293 Magistros,
2334 5223 2386 5276 id
2413 5230 2517 5284 est,
2546 5217 2893 5289 magistratus
2919 5232 2931 5268 :
2960 5226 3064 5282 qua
3093 5211 3256 5266 etiam
3285 5207 3455 5333 signi-

1950 5294 2128 5333 nlinnn
2156 5302 2444 5333 uelit-nullm
2475 5291 2609 5333 infra
2653 5291 2702 5333 in
2733 5286 2906 5333 currite
2939 5293 3094 5333 SGXIO
3122 5283 3282 5333 huius
3307 5279 3340 5333 ll
3382 5279 3449 5333 ri.

1876 5279 2128 5348 ﬁcalione
2156 5279 2444 5362 usurpatur
2475 5279 2610 5344 infra
2636 5279 2710 5362 fin
2733 5286 2906 5356 capite
2936 5279 3094 5362 seruo
3122 5283 3282 5352 hujus
3307 5279 3449 5362 libri.

1945 5377 1966 5404 ο
2012 5350 2334 5419 Probaretur
2367 5362 2553 5417 mulier
2585 5350 2859 5421 adultera,
2897 5355 3150 5411 nimirum
3180 5350 3452 5423 perAjudi-

1869 5435 2010 5490 cium
2042 5451 2195 5504 aqua:
2231 5434 2437 5504 frigidae
2476 5452 2488 5486 :
2522 5430 2664 5500 quod
2696 5419 2870 5482 tamen
2905 5426 3170 5504 judicium
3182 5419 3228 5476 'a
3246 5419 3450 5504 .Carolo

1870 5505 2062 5578 Magno
2086 5490 2331 5578 fvetituiii
2361 5512 2468 5578 _est
2492 5543 2506 5566 ,
2540 5490 2615 5554 ἰιι
2660 5507 2809 5578 patet
2852 5490 2922 5578 ei
2953 5493 3258 5578 _Ca_pitu|ari
3304 5490 3450 5578 edito

1870 5567 2010 5630 anno
2044 5575 2126 5629 l6.
2161 5573 2401 5628 Meminit
2441 5582 2620 5627 autem
2661 5567 2821 5636 hujus
2864 5570 2998 5639 legis
3026 5567 3347 5639 llincmarus
3390 5567 3448 5616 in

1869 5647 2125 5715 cpusculo
2158 5646 2224 5700 de
2262 5635 2768 5715 Divortioflsotharii
2799 5651 2852 5696 et
2882 5635 3180 5715 Tetbergae,
3214 5635 3450 5715 itemgue

1871 5703 1924 5770 in
1949 5717 2174 5785 cpistola
2219 5716 2287 5768 59
2336 5714 2401 5768 ad
2444 5713 2803 5784 ilildegarium
2859 5703 3169 5785 episcolium
3201 5703 3452 5785 .Melden-

1874 5777 2011 5854 seni,
2060 5787 2117 5842 in
2156 5801 2263 5856 qua
2306 5802 2372 5842 ex
2413 5777 2658 5856 professo
2705 5777 2907 5842 tractat
2945 5782 3010 5837 de
3042 5777 3252 5850 judicio
3290 5786 3450 5842 aqua
