4012 6338
146 450 157 457 ρ
218 369 337 425 853

1326 381 1533 440 LIBER
1567 374 1845 442 comm
1879 376 2202 446 J'Uotcmu
2236 373 2368 453 DEI.

3370 395 3480 457 256

217 481 540 582 intelligens.
584 487 751 582 Et
794 489 897 557 alio
950 478 1105 547 loco:
1140 490 1425 553 Multitudo
1464 499 1799 570 sapientium,
1829 505 1883 577 Α
1906 503 1998 559 liat
2028 504 2082 557 in
2103 507 2320 573 mundo,
2345 504 2450 561 nisi
2475 505 2589 562 Deo
2614 513 2707 561 aut
2739 505 3106 581 dispensante,
3139 516 3230 565 aut
3257 497 3483 582 permit-

216 575 431 628 sanitas
484 584 557 629 est
603 578 740 631 orbis
790 588 1091 647 terrarum;
1128 592 1175 637 et
1222 601 1312 639 rea:
1356 587 1581 657 sapiens,
1625 590 1804 660 populi

215 665 638 721 stabilimentum
678 679 791 725 est-
826 672 891 725 Et
933 674 1126 729 iterum
1158 690 1174 729 :
1210 675 1400 731 Melior
1432 687 1506 732 est
1546 680 1803 751 sapientia

216 774 383 830 quam
410 760 562 826 vires,
586 772 635 815 et
665 763 742 817 vir
775 764 1002 835 prudens
1038 768 1203 837 magis
1224 786 1380 839 quam
1409 770 1582 839 fortis.
1612 772 1803 828 Audite

218 864 373 918 ergo,
392 865 556 918 reges,
575 859 621 904 et
643 850 927 924 intelligite,
946 854 1145 922 discite,
1155 857 1387 927 judices,
1411 858 1600 928 ﬁniunt
1626 869 1797 918 teme.

214 936 469 1010 Itemque
498 960 511 994 :
543 941 756 997 Habebo
802 956 1011 1017 propter
1052 949 1184 1003 hanc
1231 950 1397 1021 (haud
1424 950 1643 1007 dubium
1671 953 1801 1021 quin

214 1048 452 1105 propter
481 1039 822 1111 sapientiam)
845 1041 1136 1098 claritatem
1158 1042 1227 1097 ad
1257 1046 1460 1113 turbas,
1486 1058 1534 1102 et
1554 1048 1800 1102 honorem

215 1127 368 1197 apud
411 1130 635 1185 seniores
674 1132 902 1200 juvenis,
947 1142 995 1186 et
1020 1143 1204 1188 acutus
1236 1135 1471 1190 inveniar
1497 1137 1552 1191 in
1570 1138 1798 1207 judicio.

202 1214 298 1270 De
328 1232 438 1286 quo
467 1219 654 1275 beatus
696 1236 911 1291 quoque
950 1222 1050 1277 Job
1088 1222 1287 1279 fatetur
1315 1226 1503 1282 dicens
1532 1244 1546 1283 :
1581 1225 1641 1282 Si
1672 1244 1797 1282 con-

215 1309 410 1378 tempsi
451 1310 623 1365 subire
668 1310 933 1382 judicium
981 1330 1097 1368 cum
1145 1331 1289 1370 servo
1343 1333 1478 1382 meo,
1519 1325 1568 1371 et
1606 1316 1801 1373 ancilla

213 1413 361 1463 mea,
411 1418 529 1453 cum
577 1401 924 1472 disceptarent
975 1403 1246 1458 adversum
1296 1423 1393 1459 me.
1442 1403 1626 1477 Neque
1655 1407 1801 1471 enim

214 1497 443 1544 sanctus
468 1489 568 1545 Job
594 1508 716 1551 cum
750 1494 922 1549 servis
951 1495 1270 1565 ancillisque
1300 1496 1492 1568 gladiis
1518 1506 1613 1552 aut
1642 1495 1799 1555 lusti-

210 1578 318 1634 bus
354 1580 881 1666 conﬂigebatpcum
930 1585 1095 1640 sciret
1141 1587 1452 1654 aequitatem
1494 1602 1603 1641 non
1638 1586 1800 1642 caedi-

1908 601 2079 661 tente;
2113 611 2238 650 cum
2264 605 2318 651 et
2350 597 2527 667 capilli
2557 599 2747 669 capitis
2776 597 3015 655 ﬁdelium
3054 615 3244 658 omnes
3286 618 3479 663 nume-

1904 686 2005 739 rati
2045 686 2169 752 sint,
2201 695 2257 744 et
2280 704 2421 745 unus
2446 704 2512 744 ex
2538 690 2867 747 duobus‘aut
2901 692 3139 762 quinque
3171 692 3483 762 passeribus

1903 791 2011 835 non
2036 777 2196 834 cadat
2217 781 2272 835 in
2297 789 2498 837 terram
2528 780 2645 839 sine
2670 780 2804 847 Deo,
2837 789 2892 836 et
2927 782 3069 838 sicut
3097 782 3314 854 quidam
3355 798 3483 838 sau-

1901 875 2110 929 etorum
2145 870 2217 924 ait
2248 870 2404 942 (Aug.
2438 872 2492 927 in
2531 870 2722 933 Matth.
2752 889 2908 928 serm.
2951 872 3004 944 6)
3034 888 3049 926 :
3084 890 3103 923 ‹
3141 872 3250 929 Nec
3293 872 3480 933 folium

1902 950 1968 1019 de
1994 962 2190 1021 arbore
2240 962 2357 1019 sine
2390 971 2521 1019 nutu
2548 963 2642 1018 Dei
2673 965 2902 1021 decidat.
2941 983 2959 1017 ι
2992 964 3196 1019 Tamen
3227 964 3353 1034 quia
3384 979 3482 1018 no-

1902 1050 2172 1109 tissimum
2200 1059 2281 1106 est
2300 1052 2470 1109 bonos
2490 1070 2520 1108 a
2546 1054 2703 1113 malis
2721 1053 2973 1121 interﬁci,
2995 1069 3269 1124 nunquam
3299 1061 3480 1107 autem

1900 1142 2073 1199 malos
2096 1158 2129 1199 a
2152 1142 2332 1215 bonis,
2352 1144 2455 1201 nisi
2498 1144 2551 1207 in
2590 1144 2745 1199 bellis
2777 1143 3005 1219 publicis
3029 1151 3084 1199 et
3105 1144 3364 1215 legalibus
3390 1143 3480 1212 ju-

1902 1235 2078 1300 diciis,
2110 1236 2342 1306 pertinet
2365 1238 2467 1291 hoc
2496 1237 2563 1290 ad
2597 1236 2804 1292 occulta
2824 1236 3027 1305 judicia
3054 1236 3171 1303 Dei,
3203 1251 3321 1307 qua:
3350 1246 3480 1293 sunt

1901 1326 2041 1383 sicut
2067 1326 2291 1399 abyssus
2310 1326 2498 1392 ntulta,
2522 1342 2622 1382 nec
2651 1336 2734 1384 est
2768 1328 2952 1395 datum
2980 1327 3288 1391 hominibus
3314 1344 3477 1384 nosse

1900 1433 1999 1474 cur
2043 1419 2384 1488 omnipotens
2432 1418 2505 1475 ita
2545 1421 2826 1489 permittat
2877 1420 3013 1477 ﬁeri.
3062 1419 3249 1475 Solere
3295 1428 3476 1477 autem

1893 1507 2072 1580 jnstos
2110 1512 2177 1565 ab
2217 1511 2415 1579 iniquis
2461 1510 2693 1565 interﬁci
2737 1519 2967 1564 testatur
3012 1518 3067 1565 et
3095 1509 3284 1574 David,
3317 1524 3480 1579 super

1896 1601 2081 1663 Abner
2122 1602 2363 1667 interitu,
2412 1601 2639 1661 dicens:
2665 1601 3010 1673 Nequaquam
3039 1612 3097 1669 ut
3131 1602 3264 1659 mori
3310 1602 3478 1657 solent

208 1667 345 1737 bos:
384 1671 479 1726 58d
533 1673 798 1743 sopiomia
847 1683 902 1729 ot
948 1676 1318 1731 misericordia
1347 1680 1796 1751 componendam.
1896 1690 2095 1763 ignaui,
2122 1702 2361 1747 mortuus
2389 1699 2467 1746 est
2494 1690 2687 1756 Abner;
2710 1693 2799 1747 sed
2821 1694 2953 1747 sicut
2980 1692 3144 1751 solent
3178 1692 3362 1749 cadere
3385 1708 3475 1746 co-

212 1775 336 1853 (ξιιεε
361 1778 460 1832 per
501 1763 733 1833 seipsam
773 1764 1009 1836 loquitur
1042 1768 1263 1827 dicens:
1294 1767 1469 1831 Meum
1507 1778 1583 1823 est
1625 1771 1798 1823 consi-
1899 1799 2011 1835 ram
2036 1782 2159 1851 ﬁliis
2191 1782 2501 1853 iniquitatis,
2535 1783 2750 1836 corruit.
2777 1782 2904 1849 Sed,
2947 1791 3007 1837 ut
3049 1783 3303 1849 diximus,
3345 1781 3477 1839 nulli

210 1849 368 1919 lium,
396 1861 446 1944 et
471 1855 709 1924 tequitas,
754 1873 869 1910 mea
914 1866 989 1912 est
1036 1859 1333 1928 prudentia,
1374 1876 1491 1913 mea
1535 1868 1611 1913 est
1641 1858 1792 1927 forti-
1818 1871 1868 1937 Β
1894 1872 2012 1935 [κερ
2037 1849 2364 1944 -ίηνρειίϐᾇτθ
2385 1887 2703 1929 concessum
2734 1880 2834 1937 est,
2868 1872 3081 1943 quando
3116 1882 3171 1928 οι
3198 1874 3311 1944 ipse
3337 1872 3475 1927 pa“-

208 1947 361 2041 tudo.
419 1942 526 2041 ξεν
575 1966 654 2003 me
706 1966 849 2020 reges
898 1960 1137 2023 regnant,
1190 1959 1239 2005 et
1290 1950 1460 2022 legum
1498 1951 1794 2006 conditores
1896 1963 2002 2029 lus,
2043 1962 2110 2025 ad
2163 1942 2378 2021 teriium
2417 1963 2613 2019 ccelum
2662 1942 2971 2031 raptus,iet
3005 1963 3196 2017 iterum
3218 1942 3289 2017 in
3316 1977 3477 2041 para-

200 2034 359 2106 justa
402 2036 708 2095 decernunt.
740 2041 845 2095 Per
868 2059 946 2096 me
990 2043 1251 2115 principes
1296 2046 1575 2115 imperant,
1612 2055 1661 2099 et
1696 2061 1792 2115 ρο·
1895 2054 2014 2109 diso
2042 2054 2338 2118 admirans,
2365 2053 2648 2119 exclamet,
2691 2053 2873 2107 dicens
2908 2034 3475 2122 incomprehensibilia

206 2136 375 2183 tentes
404 2130 687 2185 decernunt
724 2131 1007 2203 justitiam.
1055 2133 1192 2189 Hinc
1236 2142 1416 2189 autem
1458 2142 1660 2190 interna
1697 2135 1792 2190 Dei

1894 2160 2015 2201 esse
2031 2143 2235 2213 judicia
2258 2145 2354 2202 Dei
2376 2155 2431 2201 et
2451 2145 2852 2218 investigabiles
2881 2145 2994 2199 vias
3022 2143 3157 2213 ejus.
3187 2143 3314 2210 Quis
3338 2143 3474 2199 enim

207 2219 477 2287 sapientia
512 2221 833 2278 indubitanti
862 2222 963 2278 ﬁde
986 2226 1274 2294 quaerenda
1302 2234 1403 2291 est,
1455 2227 1708 2297 precibus
1737 2234 1793 2280 et
1894 2238 2127 2306 cognovit
2174 2253 2381 2291 sensum
2412 2236 2669 2293 Domini?
2707 2245 2797 2291 aut
2840 2236 2953 2311 quis
2989 2233 3320 2299 consiliarius
3357 2234 3473 2307 ejus

200 2309 535 2368 lectionibus
581 2314 813 2370 assiduis
850 2315 1140 2375 obtinenda
1173 2324 1278 2381 est,
1302 2315 1558 2386 Apostolo
1588 2314 1793 2373 Jacobo

202 2412 545 2473 protestante
570 2424 583 2458 :
610 2402 669 2460 Si
693 2406 828 2477 quis,
870 2406 1063 2476 inquit,
1093 2417 1315 2461 vestrum
1353 2405 1547 2476 indiget
1579 2406 1792 2478 sapien-

205 2494 305 2559 tia,
351 2494 574 2565 postulet
601 2513 634 2549 a
662 2496 771 2561 Deo
798 2496 886 2568 qui
912 2497 1000 2551 dat
1028 2497 1263 2551 omnibus
1289 2499 1577 2569 afﬂuenter,
1604 2504 1657 2550 et
1685 2512 1791 2551 non

202 2586 550 2658 improperat,
574 2596 624 2641 et
657 2587 869 2641 dabitur
888 2589 955 2641 ei.
984 2587 1220 2642 Postulet
1249 2597 1421 2641 autem
1451 2587 1506 2639 in
1532 2585 1637 2655 ﬁde
1662 2584 1790 2640 nihil

204 2675 479 2731 lia-situas.
513 2675 667 2744 Quod
691 2693 821 2732 vero
857 2677 1075 2733 instanti
1116 2677 1346 2733 lectione
1382 2677 1450 2732 sit
1484 2678 1673 2733 eadem
1700 2693 1787 2734 sa-

200 2763 411 2834 pientia
445 2768 830 2836 perquirenda,
872 2768 945 2822 ita
985 2768 1244 2824 Dominus
1287 2766 1449 2823 Josue
1482 2768 1790 2824 eontestans

204 2855 480 2910 ostendit:
508 2854 823 2927 Confortare
857 2858 1040 2928 igitur,
1078 2868 1124 2914 et
1165 2870 1271 2914 esto
1320 2859 1560 2913 robustus
1606 2857 1787 2931 valde,

204 2958 265 3001 ut
308 2947 575 3003 custodias
615 2959 663 3004 et
702 2950 868 3021 facias
911 2968 1113 3006 omnem
1154 2951 1316 3023 legem
1355 2969 1513 3021 quam
1546 2951 1791 3022 pracepit

202 3039 300 3096 tibi
332 3039 536 3114 Moyses
573 3059 749 3098 servus
774 3061 939 3105 meus.
980 3043 1064 3099 Ne
1087 3044 1312 3099 declines
1344 3043 1407 3098 ab
1437 3060 1498 3099 ea
1523 3043 1594 3097 ad
1620 3042 1792 3097 dexte-

201 3150 359 3199 ram,
413 3134 489 3188 uel
534 3134 602 3189 ad
648 3133 954 3198 sinistram,
1011 3143 1065 3188 ut
1114 3133 1378 3205 intelligas
1435 3143 1625 3187 cuncta
1669 3149 1786 3205 qua:

1891 2326 2033 2399 fuit?

1950 2416 2048 2497 Νι.
2095 2416 2222 2472 Ι]ωο
2254 2418 2343 2489 pie
2375 2418 2757 2488 humiliterque
2803 2418 3267 2476 considerantibus
3311 2434 3474 2490 appa-

1892 2514 1977 2561 ret
2002 2523 2108 2561 non
2149 2522 2309 2577 posse
2346 2510 2604 2575 caedibus,
2653 2508 2799 2564 ferro
2826 2510 2910 2563 vel
2954 2525 3114 2578 aqua,
3157 2510 3396 2567 occultas
3421 2517 3476 2565 et

1891 2596 2121 2651 latentes
2146 2613 2234 2652 res
2258 2598 2510 2651 inveniri.
2544 2597 2680 2651 Nam
2709 2600 2757 2653 si
2784 2609 3019 2670 possent,
3052 2601 3143 2654 ubi
3174 2610 3355 2654 essent
3383 2616 3474 2655 oc-

1891 2692 2033 2747 culta
2062 2689 2154 2746 Dei
2181 2688 2418 2760 judicia?
2462 2689 2689 2744 Deberet
2735 2706 2862 2761 ergo
2913 2691 3054 2744 inter
3095 2691 3386 2745 catholicos
3416 2696 3473 2744 et

1890 2782 2172 2838 hiereticos
2195 2781 2287 2837 tali
2307 2781 2555 2837 examine
2572 2782 2771 2837 veritas
2800 2780 3062 2854 indagari,
3092 2782 3226 2839 sicut
3252 2782 3472 2853 quidam

1892 2874 2155 2944 superbus
2202 2889 2267 2929 ac
2311 2873 2508 2929 stultus
2537 2886 2564 2914 α
2594 2874 2883 2929 haereticus
2934 2872 3295 2929 Gundobadus
3337 2872 3471 2926 Bur-

1889 2966 2220 3037 gundionum
2264 2981 2359 3021 rex
2422 2966 2664 3023 tentabat
2715 2973 2965 3036 expetere
3007 2980 3038 3018 a
3082 2964 3241 3019 beato
3299 2962 3475 3029 Avito,

1891 3057 2105 3128 egregio
2140 3066 2195 3111 et
2221 3056 2522 3117 orthodoxa
2543 3054 2920 3133 praedicatore,
2944 3054 3033 3124 qui
3057 3053 3173 3123 ejtls
3198 3053 3471 3109 vesaniam

1890 3147 2292 3218 sapientissime
2331 3146 2779 3219 laudabiliterque
2816 3146 3073 3215 repressit
3099 3154 3261 3214 atque
3289 3145 3472 3199 redar-

201 3222 342 3292 agis.
388 3221 514 3277 Non
546 3225 750 3279 recedat
778 3228 1014 3280 uolumen
1058 3223 1183 3296 legis
1230 3224 1390 3294 hujus
1436 3222 1500 3277 de
1528 3239 1617 3277 ore
1651 3232 1742 3277 tuo
1766 3237 1786 3277 :

1894 3238 2022 3311 guit.
2051 3238 2204 3306 Quod
2233 3239 2280 3293 si
2304 3238 2503 3292 talibus
2539 3235 3028 3302 adinventionibus,
3057 3242 3116 3289 ut
3154 3249 3294 3304 smpe
3327 3233 3475 3297 dixi-~

200 3312 299 3365 sed
360 3313 689 3370 meditaben‘s
733 3315 789 3369 in
837 3333 896 3371 eo
941 3315 1122 3371 diebus
1165 3333 1226 3371 ac
1275 3314 1513 3371 noctibus
1541 3355 1557 3382 ,
1617 3324 1675 3370 ut
1700 3332 1793 3370 cu-

199 3400 417 3455 stodias
448 3411 496 3455 et
523 3402 681 3472 facias
709 3407 883 3460 omnia
907 3422 1024 3478 qua:
1049 3400 1243 3478 scripta
1265 3415 1386 3461 sunt
1423 3407 1479 3462 in
1508 3422 1589 3461 eo.

278 3510 372 3566 IV.
398 3510 577 3585 Neque
617 3515 912 3587 putandum
953 3525 1040 3577 est
1083 3516 1224 3589 quod
1267 3527 1362 3573 aut
1396 3517 1451 3573 in
1487 3517 1609 3574 istis
1633 3516 1793 3573 bellis

199 3602 536 3673 domesticis,
561 3608 729 3663 autin
765 3609 974 3665 insidiis
1000 3609 1291 3679 latronum,
1330 3619 1421 3667 aut
1463 3611 1794 3683 quibuslibet

196 3694 342 3751 rixis
361 3695 609 3754 civilibus
639 3701 751 3756 sive
778 3701 1089 3757 domesticis
1116 3704 1273 3761 cadat
1299 3705 1484 3771 homo,
1530 3704 1632 3760 nisi
1677 3704 1791 3760 Deo

196 3787 451 3842 tradente
495 3787 551 3841 in
594 3804 784 3845 manus
824 3791 1055 3860 proximi
1088 3791 1191 3858 sui,
1224 3792 1363 3848 sicut
1390 3794 1505 3864 ipse
1542 3800 1639 3862 per
1658 3791 1792 3848 Pro-

189 3874 416 3945 phetam
457 3877 745 3933 adversum
786 3880 957 3934 malos
997 3887 1243 3951 pastores
1271 3881 1528 3953 loquitur,
1564 3883 1787 3938 dicens:

191 3962 269 4019 Et
293 3975 528 4035 pastores
558 3984 738 4023 eorum
770 3986 871 4025 non
899 3971 1185 4042 parcebant
1215 3972 1311 4039 eis,
1346 3981 1393 4026 et
1415 3988 1510 4043 ego
1537 3990 1639 4027 non
1666 3990 1791 4043 par-9

191 4072 314 4108 cam
361 4056 506 4112 ultra
555 4075 711 4131 super
741 4060 1035 4116 habitantes
1078 4072 1295 4135 terram,
1342 4063 1468 4117 dicit
1508 4061 1783 4119 Dominus.

190 4144 336 4200 Ecce
382 4166 476 4219 ego
521 4151 730 4205 tradam
770 4153 1023 4219 homines,
1072 4171 1488 4229 unumquemque
1532 4155 1589 4208 in
1627 4172 1788 4210 manu

187 4237 425 4308 proximi
450 4239 557 4306 sui,
584 4251 636 4296 et
656 4242 711 4296 in
732 4259 892 4297 manu
914 4244 1050 4314 regis
1076 4246 1179 4310 sui,
1202 4255 1251 4299 et
1273 4246 1544 4301 concident
1569 4253 1787 4316 terram,

188 4335 249 4381 et
276 4345 383 4382 non
424 4347 610 4384 eruam
637 4332 701 4386 de
726 4336 884 4387 manu
916 4350 1117 4401 eorum,
1148 4343 1196 4388 et
1224 4352 1438 4406 pascam
1465 4352 1619 4407 pecus
1644 4335 1786 4391 occi-

188 4419 361 4474 sionis
386 4432 599 4494 prOpter
622 4425 741 4491 hoc,
770 4442 800 4479 o
824 4443 1077 4497 pauperes
1118 4427 1307 4501 gregis.
1340 4425 1448 4485 Sed
1481 4435 1537 4482 et
1566 4426 1696 4483 illud
1729 4428 1788 4485 in

188 4511 303 4568 hac
329 4516 602 4570 sententia
632 4519 926 4573 notandum
954 4526 1038 4574 est
1058 4510 1201 4590 quod
1227 4518 1385 4573 electi
1419 4518 1673 4573 dicantur
1699 4533 1791 4589 pe-

1893 3346 2036 3402 mus,
2062 3330 2303 3387 valerent
2329 3330 2558 3386 latentes
2578 3330 2748 3399 culpae
2775 3328 3027 3395 inveniri,
3055 3342 3158 3382 nec
3185 3326 3468 3401 sapientia,

1892 3438 1992 3479 nec
2031 3422 2319 3493 sapientes,
2364 3436 2541 3493 neque
2560 3421 2795 3494 judices,
2817 3434 2992 3491 neque
3017 3417 3263 3488 magistri
3290 3423 3472 3473 essent

1891 3512 2207 3568 necessarii.
2248 3511 2355 3567 Sed
2399 3511 2525 3583 quia
2570 3510 2913 3565 verissimum
2942 3517 3028 3564 est
3062 3508 3205 3583 quod
3251 3507 3317 3562 de
3360 3505 3472 3562 Deo

1892 3605 2125 3662 dicitur:
2160 3605 2311 3677 Apud
2352 3606 2524 3678 ipsum
2568 3614 2643 3660 est
2688 3604 2940 3674 fortitudo
2981 3612 3030 3657 et
3056 3602 3335 3679 sapientia,
3364 3602 3471 3679 ipse

1892 3699 2029 3754 novit
2059 3706 2107 3752 et
2132 3697 2467 3769 decipientem
2497 3707 2543 3752 et
2569 3690 2690 3753 eum
2734 3698 2822 3767 qui
2853 3694 3139 3767 decipitur;
3169 3694 3237 3749 ab
3262 3694 3379 3763 ipso
3416 3699 3471 3747 et

1891 3789 2185 3846 secundum
2218 3789 2393 3860 ipsum
2423 3788 2712 3860 quaareuda
2741 3795 2823 3842 est
2842 3800 3019 3849 rerum
3058 3794 3113 3840 et
3140 3783 3471 3854 iudiciorum

1890 3882 2112 3935 veritas.
2140 3877 2260 3934 Jam
2292 3893 2434 3933 nunc
2455 3878 2484 3919 h
2509 3878 2771 3951 ponendae
2800 3885 2925 3933 sunt
2950 3877 3078 3945 ipsae
3116 3875 3314 3930 divinas
3340 3888 3466 3928 sen-

1890 3972 2091 4038 tentiae,
2122 3979 2176 4025 et
2197 3970 2626 4041 perspiciendum
2655 3969 2708 4023 in
2734 3968 2813 4023 eis
2848 3967 3036 4037 quales
3067 3973 3255 4021 auctor
3281 3979 3467 4019 earum

1888 4062 2016 4117 velit
2039 4076 2177 4129 esse,
2208 4062 2293 4115 vel
2319 4059 2447 4131 quid
2470 4066 2562 4114 aut
2588 4058 2815 4129 qualiter
2843 4073 3002 4129 agere
3029 4057 3255 4113 debeant
3279 4070 3468 4111 recon-

1889 4153 2052 4210 ciliati
2074 4152 2300 4225 populus
2323 4152 2714 4223 acquisitionis,
2752 4150 2847 4205 ﬁlii
2872 4150 3304 4217 resurrectionis,
3337 4164 3467 4217 oves

1888 4246 2082 4302 summi
2110 4245 2362 4316 pastoris,
2398 4254 2453 4299 et
2493 4260 2621 4318 erga
2644 4260 2701 4301 se
2726 4243 2958 4300 invicem
2982 4252 3038 4301 et
3065 4258 3193 4317 erga
3220 4242 3374 4315 lupos
3400 4255 3465 4296 ac

1887 4338 2092 4398 DBStias
2112 4341 2454 4397 insidiantes.

2227 4472 2656 4542 SEQUUNTUR
2693 4467 3124 4529 SENTENTLE.

187 4619 327 4660 cora
348 4607 656 4673 occisionis,
684 4608 823 4664 sicut
845 4617 899 4663 et
920 4608 1209 4681 Apostolus
1238 4609 1305 4663 de
1332 4607 1540 4679 psalmo
1565 4623 1785 4665 sumens

1956 4591 2139 4649 Gloria
2169 4594 2223 4647 in
2251 4590 2465 4648 excelsis
2502 4590 2633 4660 Deo,
2674 4591 2806 4647 etin
2843 4599 2983 4646 terra
3020 4602 3125 4660 pax
3169 4580 3461 4639 hominibus

185 4690 569 4753 testimonium
598 4698 726 4754 dicit
752 4718 763 4753 :
799 4699 935 4766 Quia
962 4710 1175 4783 propter
1204 4711 1252 4754 te
1277 4699 1656 4770 mortiﬁcamur
1678 4708 1788 4756 tota

184 4786 300 4851 die,
332 4791 581 4844 aestimati
600 4809 778 4847 sumus
808 4803 861 4845 ut
888 4810 1002 4848 oves
1031 4794 1322 4851 occisionis.
1347 4792 1414 4847 Et
1435 4792 1488 4846 in
1514 4792 1630 4865 lege
1648 4808 1785 4864 prae-

183 4885 416 4948 ceptum
446 4888 569 4936 est:
600 4880 709 4948 Qui
744 4885 1057 4956 percusserit
1106 4884 1389 4951 hominem,
1438 4883 1612 4939 volens
1652 4883 1789 4938 occi-

182 4976 341 5035 ttcre,
374 4982 540 5026 morte
570 4976 846 5030 moriatur.
881 4974 984 5042 Qui
1027 4985 1201 5033 autem
1230 4993 1333 5030 non
1368 4984 1444 5029 est
1476 4975 1785 5047 insidiatus,

180 5061 288 5114 sed
312 5059 455 5116 Deus
482 5061 630 5118 illum
653 5066 871 5121 tradidit
900 5067 955 5119 in
984 5083 1144 5120 manu
1166 5066 1314 5137 ejus;
1355 5066 1669 5125 constituam
1690 5064 1791 5123 tibi

182 5148 373 5208 locum
398 5170 500 5225 quo
532 5155 710 5226 fugere
734 5156 936 5211 debeat.

267 5244 331 5301 V.
365 5244 503 5315 Tota
539 5262 773 5320 namque
797 5248 901 5305 ﬁde
929 5249 1151 5309 credere
1186 5249 1444 5306 debemus
1469 5247 1614 5323 quod
1646 5245 1784 5306 nihil

1888 4684 2036 4740 bona:
2062 4684 2360 4740 voluntatis.

1959 4780 2184 4846 Quando
2218 4786 2365 4835 stant
2404 4777 2511 4835 duo
2554 4777 2874 4833 altrinsecus
2917 4771 3095 4845 parati
3123 4769 3190 4825 ad
3218 4776 3460 4824 mutuam

1888 4874 2109 4938 caedem,
2167 4889 2278 4927 non
2323 4879 2407 4927 est
2452 4871 2531 4928 eis
2576 4871 2691 4926 haec
2735 4871 2874 4926 bona
2916 4864 3192 4931 voluntas;
3248 4869 3301 4917 et
3340 4861 3460 4915 ideo

1888 4967 2065 5039 angeli
2112 4966 2263 5038 pacis
2307 4980 2415 5021 non
2455 4965 2649 5020 adsunt
2691 4960 2797 5018 illis
2845 4968 3044 5014 interna
3089 4953 3279 5028 gaudia
3324 4951 3460 5008 oll'e-

1888 5067 2088 5118 tentes.

1961 5149 2080 5206 Pam
2106 5148 2272 5206 multa
2296 5148 2629 5225 diligentibus
2663 5147 2823 5219 legem
2862 5153 3024 5212 tuam,
3053 5151 3100 5201 et
3130 5158 3234 5199 non
3257 5148 3333 5197 est
3354 5138 3458 5195 illis

1891 5245 2222 5301 scandalum.

1541 5362 1823 5423 BALUZII
1859 5359 2096 5419 NOTAE.

261 5467 289 5497 ιι
330 5451 1028 5531 Hieretieusﬁundgbadus.
1061 5457 1197 5531 Vide
1226 5474 1389 5531 supra
1428 5459 1485 5514 in
1518 5458 1657 5515 libro
1684 5458 1784 5516 ad-

182 5541 391 5600 versus
418 5525 589 5600 legem
620 5526 931 5584 Gundebadi
960 5544 1077 5600 cap.
1110 5529 1196 5600 l5,

260 5599 291 5638 ι
336 5594 610 5652 Ροηέηάτε
645 5608 767 5653 sunt
806 5594 1090 5654 sententiis.
1133 5599 1231 5654 Vel
1274 5601 1466 5656 unicus
1505 5601 1595 5657 hic
1635 5601 1786 5658 locus

183 5669 455 5741 ostendit
471 5670 771 5741 sententias
794 5686 914 5740 qua:
938 5680 1239 5741 sequuntur
1262 5687 1366 5726 non
1395 5686 1515 5727 esse
1544 5673 1787 5727 dividen-

185 5741 289 5815 das
333 5739 421 5815 ab
441 5739 544 5815 hoc
584 5740 720 5815 libro
750 5760 761 5795 ε
794 5739 949 5815 quod
980 5739 1169 5815 tamen
1190 5741 1325 5815 fecit
1361 5743 1660 5815 Massonus,
1690 5745 1783 5815 qui

184 5810 344 5881 hunc
383 5810 600 5869 titulum
628 5812 696 5869 de
733 5810 833 5870 suo
866 5810 1064 5897 adjecit
1090 5831 1104 5871 :
1134 5810 1401 5889 Agabardi
1437 5810 1783 5891 expositiones
1828 5892 1835 5899 .

1888 5459 2007 5534 hinc
2036 5465 2085 5534 e_t_
2118 5455 2263 5509 illinc
2289 5471 2317 5508 e
2343 5451 2632 5534 Scriptura,
2662 5450 2725 5534 de
2743 5465 2898 5534 pace,
2918 5447 2990 5532 nde
3013 5438 3458 5534 sedagtdtisucordlis

1887 5508 2180 5599 abietibus,
2222 5508 2274 5578 et
2301 5508 2544 5599 apprime
2583 5508 2787 5599 detot'a
2825 5508 2992 5599 ethica
3032 5514 3358 5599 ςζινὶεςιὶειιρᾳζ
3396 5508 3459 5599 de

1887 5581 2229 5659 Kntichristo,
2278 5581 2356 5647 de.
2380 5581 2586 5661 inferis,
2630 5593 2692 5647 de
2733 5586 3190 5663 persecutionibus.
3232 5581 3364 5635 Nam
3404 5581 3459 5663 in

1886 5670 2072 5726 codice
2098 5658 2267 5721 veteri
2298 5658 2656 5733 nihil-legitur
2684 5658 3003 5724 istiusmodi,
3037 5671 3137 5711 nec
3161 5667 3299 5733 opus
3317 5658 3456 5733 erat.

1886 5720 2213 5810 Ilios—tamen
2244 5744 2304 5791 ut
2328 5736 2469 5810 viam
2508 5720 2697 5810 lectori
2723 5720 3211 5810 complanaremns;
3247 5722 3349 5807 hic“
3372 5720 3467 5777 ad-

1883 5812 2119 5873 didimus
2143 5809 2260 5867 haec
2284 5808 2466 5881 verba,
2496 5805 2799 5881 Sequuntur
2825 5805 3123 5860 Sententia.
