  <div class='ocr_page' id='page_1' title='image "/cluster/home/n/w/nwhite01/storage/ocr_20150623/104/hvd.32044015466824/133.png"; bbox 0 0 4012 6338; ppageno 0'>
   <div class='ocr_carea' id='block_1_1' title="bbox 531 413 640 482">
    <p class='ocr_par' dir='ltr' id='par_1_1' title="bbox 531 413 640 482">
     <span class='ocr_line' id='line_1_1' title="bbox 531 413 640 482; baseline 0 0"><span class='ocrx_word' id='word_1_1' title='bbox 531 413 640 482; x_wconf 64' lang='lat'><strong>£55</strong></span> 
     </span>
    </p>
   </div>
   <div class='ocr_carea' id='block_1_2' title="bbox 1500 395 2808 472">
    <p class='ocr_par' dir='ltr' id='par_1_2' title="bbox 1500 395 2808 472">
     <span class='ocr_line' id='line_1_2' title="bbox 1500 395 2808 472; baseline -0.006 -2"><span class='ocrx_word' id='word_1_2' title='bbox 1500 415 1558 470; x_wconf 94' lang='lat' dir='ltr'><strong>S.</strong></span> <span class='ocrx_word' id='word_1_3' title='bbox 1599 410 1948 472; x_wconf 75' lang='lat' dir='ltr'><strong>AGOBARDI</strong></span> <span class='ocrx_word' id='word_1_4' title='bbox 1984 397 2294 466; x_wconf 74' lang='lat' dir='ltr'><strong>EPISCOPI</strong></span> <span class='ocrx_word' id='word_1_5' title='bbox 2323 395 2808 465; x_wconf 78' lang='lat' dir='ltr'><strong>LUGDUNENSIS</strong></span> 
     </span>
    </p>
   </div>
   <div class='ocr_carea' id='block_1_3' title="bbox 3691 403 3814 462">
    <p class='ocr_par' dir='ltr' id='par_1_3' title="bbox 3691 403 3814 462">
     <span class='ocr_line' id='line_1_3' title="bbox 3691 403 3814 462; baseline -0.016 0"><span class='ocrx_word' id='word_1_6' title='bbox 3691 403 3814 462; x_wconf 69' lang='lat'><strong>256</strong></span> 
     </span>
    </p>
   </div>
   <div class='ocr_carea' id='block_1_4' title="bbox 603 519 2126 608">
    <p class='ocr_par' dir='ltr' id='par_1_4' title="bbox 603 527 2110 608">
     <span class='ocr_line' id='line_1_4' title="bbox 603 527 2110 608; baseline -0.007 -16"><span class='ocrx_word' id='word_1_7' title='bbox 603 537 650 594; x_wconf 79' lang='grc' dir='ltr'>Α</span> <span class='ocrx_word' id='word_1_8' title='bbox 671 534 865 608; x_wconf 82' lang='lat' dir='ltr'><strong>quibus</strong></span> <span class='ocrx_word' id='word_1_9' title='bbox 884 548 989 605; x_wconf 79' lang='lat' dir='ltr'><strong>pax</strong></span> <span class='ocrx_word' id='word_1_10' title='bbox 1017 527 1185 588; x_wconf 89' lang='lat' dir='ltr'><strong>multa</strong></span> <span class='ocrx_word' id='word_1_11' title='bbox 1209 530 1523 586; x_wconf 82' lang='lat' dir='ltr'><strong>scandalum</strong></span> <span class='ocrx_word' id='word_1_12' title='bbox 1554 548 1661 587; x_wconf 89' lang='lat' dir='ltr'><strong>non</strong></span> <span class='ocrx_word' id='word_1_13' title='bbox 1695 529 1952 594; x_wconf 80' lang='lat' dir='ltr'><strong>excludit,</strong></span> <span class='ocrx_word' id='word_1_14' title='bbox 1985 539 2110 585; x_wconf 82' lang='lat' dir='ltr'><strong>nec-</strong></span> 
     </span>
    </p>
   </div>
   <div class='ocr_carea' id='block_1_5' title="bbox 2243 519 3816 608">
    <p class='ocr_par' dir='ltr' id='par_1_5' title="bbox 2243 519 3816 591">
     <span class='ocr_line' id='line_1_5' title="bbox 2243 519 3816 591; baseline 0.001 -16"><span class='ocrx_word' id='word_1_15' title='bbox 2243 530 2267 575; x_wconf 87' lang='lat' dir='ltr'><strong>t</strong></span> <span class='ocrx_word' id='word_1_16' title='bbox 2293 522 2491 591; x_wconf 90' lang='lat' dir='ltr'><strong>faciant</strong></span> <span class='ocrx_word' id='word_1_17' title='bbox 2521 520 2660 576; x_wconf 88' lang='lat' dir='ltr'><strong>vobis</strong></span> <span class='ocrx_word' id='word_1_18' title='bbox 2687 519 2943 587; x_wconf 90' lang='lat' dir='ltr'><strong>homines,</strong></span> <span class='ocrx_word' id='word_1_19' title='bbox 2990 527 3040 574; x_wconf 90' lang='lat' dir='ltr'><strong>et</strong></span> <span class='ocrx_word' id='word_1_20' title='bbox 3085 535 3178 576; x_wconf 86' lang='lat' dir='ltr'><strong>vos</strong></span> <span class='ocrx_word' id='word_1_21' title='bbox 3224 519 3380 575; x_wconf 75' lang='lat' dir='ltr'><strong>’acite</strong></span> <span class='ocrx_word' id='word_1_22' title='bbox 3410 521 3504 575; x_wconf 88' lang='lat' dir='ltr'><strong>eis.</strong></span> <span class='ocrx_word' id='word_1_23' title='bbox 3536 519 3673 576; x_wconf 65' lang='lat' dir='ltr'><strong>Hinc</strong></span> <span class='ocrx_word' id='word_1_24' title='bbox 3735 531 3816 576; x_wconf 82' lang='lat' dir='ltr'><strong>est</strong></span> 
     </span>
    </p>
   </div>
   <div class='ocr_carea' id='block_1_6' title="bbox 534 623 2036 697">
    <p class='ocr_par' dir='ltr' id='par_1_6' title="bbox 534 623 2036 697">
     <span class='ocr_line' id='line_1_6' title="bbox 534 623 2036 697; baseline -0.007 -11"><span class='ocrx_word' id='word_1_25' title='bbox 534 631 661 688; x_wconf 88' lang='lat' dir='ltr'><strong>dum</strong></span> <span class='ocrx_word' id='word_1_26' title='bbox 697 630 898 684; x_wconf 89' lang='lat' dir='ltr'><strong>habent</strong></span> <span class='ocrx_word' id='word_1_27' title='bbox 921 625 1304 697; x_wconf 76' lang='lat' dir='ltr'><strong>plenitudinem</strong></span> <span class='ocrx_word' id='word_1_28' title='bbox 1342 623 1494 695; x_wconf 85' lang='lat' dir='ltr'><strong>legis,</strong></span> <span class='ocrx_word' id='word_1_29' title='bbox 1524 639 1642 694; x_wconf 73' lang='lat' dir='ltr'><strong>quae</strong></span> <span class='ocrx_word' id='word_1_30' title='bbox 1667 623 1903 678; x_wconf 88' lang='lat' dir='ltr'><strong>charitas</strong></span> <span class='ocrx_word' id='word_1_31' title='bbox 1932 629 2036 676; x_wconf 90' lang='lat' dir='ltr'><strong>est.</strong></span> 
     </span>
    </p>
   </div>
   <div class='ocr_carea' id='block_1_7' title="bbox 605 714 1930 788">
    <p class='ocr_par' dir='ltr' id='par_1_7' title="bbox 605 714 1930 788">
     <span class='ocr_line' id='line_1_7' title="bbox 605 714 1930 788; baseline -0.008 -11"><span class='ocrx_word' id='word_1_32' title='bbox 605 722 756 777; x_wconf 88' lang='lat' dir='ltr'><strong>Beati</strong></span> <span class='ocrx_word' id='word_1_33' title='bbox 778 722 948 783; x_wconf 87' lang='lat' dir='ltr'><strong>mites,</strong></span> <span class='ocrx_word' id='word_1_34' title='bbox 972 716 1216 788; x_wconf 88' lang='lat' dir='ltr'><strong>quoniam</strong></span> <span class='ocrx_word' id='word_1_35' title='bbox 1246 716 1344 785; x_wconf 90' lang='lat' dir='ltr'><strong>ipsi</strong></span> <span class='ocrx_word' id='word_1_36' title='bbox 1371 714 1698 784; x_wconf 86' lang='lat' dir='ltr'><strong>possidebunt</strong></span> <span class='ocrx_word' id='word_1_37' title='bbox 1717 725 1930 767; x_wconf 91' lang='lat' dir='ltr'><strong>terram.</strong></span> 
     </span>
    </p>
   </div>
   <div class='ocr_carea' id='block_1_8' title="bbox 601 803 2111 874">
    <p class='ocr_par' dir='ltr' id='par_1_8' title="bbox 601 803 2111 874">
     <span class='ocr_line' id='line_1_8' title="bbox 601 803 2111 874; baseline -0.009 -4"><span class='ocrx_word' id='word_1_38' title='bbox 601 814 852 870; x_wconf 84' lang='lat' dir='ltr'><strong>Forsitan</strong></span> <span class='ocrx_word' id='word_1_39' title='bbox 880 809 1077 866; x_wconf 91' lang='lat' dir='ltr'><strong>dicturi</strong></span> <span class='ocrx_word' id='word_1_40' title='bbox 1110 816 1238 863; x_wconf 90' lang='lat' dir='ltr'><strong>sunt</strong></span> <span class='ocrx_word' id='word_1_41' title='bbox 1258 805 1600 869; x_wconf 88' lang='lat' dir='ltr'><strong>contentiosi,</strong></span> <span class='ocrx_word' id='word_1_42' title='bbox 1633 806 1701 859; x_wconf 91' lang='lat' dir='ltr'><strong>ad</strong></span> <span class='ocrx_word' id='word_1_43' title='bbox 1731 803 2111 874; x_wconf 82' lang='lat' dir='ltr'><strong>possidendam</strong></span> 
     </span>
    </p>
   </div>
   <div class='ocr_carea' id='block_1_9' title="bbox 533 895 2110 964">
    <p class='ocr_par' dir='ltr' id='par_1_9' title="bbox 533 895 2110 964">
     <span class='ocr_line' id='line_1_9' title="bbox 533 895 2110 964; baseline -0.01 -1"><span class='ocrx_word' id='word_1_44' title='bbox 533 915 734 964; x_wconf 81' lang='lat' dir='ltr'><strong>terram</strong></span> <span class='ocrx_word' id='word_1_45' title='bbox 767 903 1060 959; x_wconf 79' lang='lat' dir='ltr'><strong>viventium</strong></span> <span class='ocrx_word' id='word_1_46' title='bbox 1087 898 1552 954; x_wconf 88' lang='lat' dir='ltr'><strong>mansuetudinem</strong></span> <span class='ocrx_word' id='word_1_47' title='bbox 1575 911 1692 951; x_wconf 89' lang='lat' dir='ltr'><strong>esse</strong></span> <span class='ocrx_word' id='word_1_48' title='bbox 1714 895 2110 961; x_wconf 73' lang='lat' dir='ltr'><strong>necessariam;</strong></span> 
     </span>
    </p>
   </div>
   <div class='ocr_carea' id='block_1_10' title="bbox 535 985 2115 1053">
    <p class='ocr_par' dir='ltr' id='par_1_10' title="bbox 535 985 2115 1053">
     <span class='ocr_line' id='line_1_10' title="bbox 535 985 2115 1053; baseline -0.009 0"><span class='ocrx_word' id='word_1_49' title='bbox 535 997 600 1053; x_wconf 92' lang='lat' dir='ltr'><strong>ad</strong></span> <span class='ocrx_word' id='word_1_50' title='bbox 640 995 1028 1052; x_wconf 91' lang='lat' dir='ltr'><strong>defendendam</strong></span> <span class='ocrx_word' id='word_1_51' title='bbox 1066 1000 1245 1045; x_wconf 89' lang='lat' dir='ltr'><strong>autem</strong></span> <span class='ocrx_word' id='word_1_52' title='bbox 1289 999 1489 1044; x_wconf 88' lang='lat' dir='ltr'><strong>terram</strong></span> <span class='ocrx_word' id='word_1_53' title='bbox 1520 987 1886 1051; x_wconf 90' lang='lat' dir='ltr'><strong>morientium,</strong></span> <span class='ocrx_word' id='word_1_54' title='bbox 1921 985 2115 1040; x_wconf 85' lang='lat' dir='ltr'><strong>frater-</strong></span> 
     </span>
    </p>
   </div>
   <div class='ocr_carea' id='block_1_11' title="bbox 533 1075 2114 1158">
    <p class='ocr_par' dir='ltr' id='par_1_11' title="bbox 533 1075 2114 1158">
     <span class='ocr_line' id='line_1_11' title="bbox 533 1075 2114 1158; baseline -0.011 -14"><span class='ocrx_word' id='word_1_55' title='bbox 533 1104 657 1144; x_wconf 84' lang='lat' dir='ltr'><strong>nam</strong></span> <span class='ocrx_word' id='word_1_56' title='bbox 689 1083 1158 1158; x_wconf 84' lang='lat' dir='ltr'><strong>congressionem?</strong></span> <span class='ocrx_word' id='word_1_57' title='bbox 1186 1080 1291 1136; x_wconf 88' lang='lat' dir='ltr'><strong>Sed</strong></span> <span class='ocrx_word' id='word_1_58' title='bbox 1327 1079 1547 1133; x_wconf 81' lang='lat' dir='ltr'><strong>audiant</strong></span> <span class='ocrx_word' id='word_1_59' title='bbox 1581 1075 1894 1147; x_wconf 75' lang='lat' dir='ltr'><strong>Apostolum</strong></span> <span class='ocrx_word' id='word_1_60' title='bbox 1927 1076 2114 1130; x_wconf 83' lang='lat' dir='ltr'><strong>dicen-</strong></span> 
     </span>
    </p>
   </div>
   <div class='ocr_carea' id='block_1_12' title="bbox 534 1167 2116 1235">
    <p class='ocr_par' dir='ltr' id='par_1_12' title="bbox 534 1167 2116 1235">
     <span class='ocr_line' id='line_1_12' title="bbox 534 1167 2116 1235; baseline -0.011 0"><span class='ocrx_word' id='word_1_61' title='bbox 534 1189 642 1235; x_wconf 89' lang='lat' dir='ltr'><strong>tem</strong></span> <span class='ocrx_word' id='word_1_62' title='bbox 672 1197 684 1232; x_wconf 91' lang='lat'>:</span> <span class='ocrx_word' id='word_1_63' title='bbox 719 1177 830 1231; x_wconf 91' lang='lat' dir='ltr'><strong>Nos</strong></span> <span class='ocrx_word' id='word_1_64' title='bbox 857 1175 1014 1230; x_wconf 87' lang='lat' dir='ltr'><strong>talem</strong></span> <span class='ocrx_word' id='word_1_65' title='bbox 1058 1171 1480 1228; x_wconf 80' lang='lat' dir='ltr'><strong>consuetudinem</strong></span> <span class='ocrx_word' id='word_1_66' title='bbox 1521 1185 1623 1222; x_wconf 89' lang='lat' dir='ltr'><strong>non</strong></span> <span class='ocrx_word' id='word_1_67' title='bbox 1648 1167 1917 1232; x_wconf 78' lang='lat' dir='ltr'><strong>habemus,</strong></span> <span class='ocrx_word' id='word_1_68' title='bbox 1952 1179 2116 1235; x_wconf 88' lang='lat' dir='ltr'><strong>neque</strong></span> 
     </span>
    </p>
   </div>
   <div class='ocr_carea' id='block_1_13' title="bbox 533 1253 2100 1323">
    <p class='ocr_par' dir='ltr' id='par_1_13' title="bbox 533 1253 2100 1323">
     <span class='ocr_line' id='line_1_13' title="bbox 533 1253 2100 1323; baseline -0.009 0"><span class='ocrx_word' id='word_1_69' title='bbox 533 1268 784 1323; x_wconf 75' lang='lat' dir='ltr'><strong>Ecclesiae</strong></span> <span class='ocrx_word' id='word_1_70' title='bbox 814 1265 1029 1321; x_wconf 77' lang='lat' dir='ltr'><strong>Christi.</strong></span> <span class='ocrx_word' id='word_1_71' title='bbox 2091 1253 2100 1262; x_wconf 84' lang='grc'><em>’</em></span> 
     </span>
    </p>
   </div>
   <div class='ocr_carea' id='block_1_14' title="bbox 605 1351 2116 1427">
    <p class='ocr_par' dir='ltr' id='par_1_14' title="bbox 605 1351 2116 1427">
     <span class='ocr_line' id='line_1_14' title="bbox 605 1351 2116 1427; baseline -0.006 -14"><span class='ocrx_word' id='word_1_72' title='bbox 605 1359 754 1413; x_wconf 86' lang='lat' dir='ltr'><strong>Beati</strong></span> <span class='ocrx_word' id='word_1_73' title='bbox 810 1356 1206 1422; x_wconf 82' lang='lat' dir='ltr'><strong>misericordes,</strong></span> <span class='ocrx_word' id='word_1_74' title='bbox 1255 1355 1505 1427; x_wconf 88' lang='lat' dir='ltr'><strong>quoniam</strong></span> <span class='ocrx_word' id='word_1_75' title='bbox 1554 1353 1654 1423; x_wconf 84' lang='lat' dir='ltr'><strong>ipsi</strong></span> <span class='ocrx_word' id='word_1_76' title='bbox 1699 1351 2116 1406; x_wconf 88' lang='lat' dir='ltr'><strong>misericordiam</strong></span> 
     </span>
    </p>
   </div>
   <div class='ocr_carea' id='block_1_15' title="bbox 535 1440 2117 1521">
    <p class='ocr_par' dir='ltr' id='par_1_15' title="bbox 535 1440 2117 1521">
     <span class='ocr_line' id='line_1_15' title="bbox 535 1440 2117 1521; baseline -0.007 -17"><span class='ocrx_word' id='word_1_77' title='bbox 535 1459 928 1521; x_wconf 87' lang='lat' dir='ltr'><strong>consequentur.</strong></span> <span class='ocrx_word' id='word_1_78' title='bbox 951 1447 1102 1502; x_wconf 90' lang='lat' dir='ltr'><strong>Beati</strong></span> <span class='ocrx_word' id='word_1_79' title='bbox 1123 1446 1354 1518; x_wconf 90' lang='lat' dir='ltr'><strong>paciﬁci,</strong></span> <span class='ocrx_word' id='word_1_80' title='bbox 1397 1442 1647 1515; x_wconf 90' lang='lat' dir='ltr'><strong>quoniam</strong></span> <span class='ocrx_word' id='word_1_81' title='bbox 1689 1441 1790 1510; x_wconf 82' lang='lat' dir='ltr'><strong>ﬁlii</strong></span> <span class='ocrx_word' id='word_1_82' title='bbox 1827 1440 1924 1494; x_wconf 87' lang='lat' dir='ltr'><strong>Dei</strong></span> <span class='ocrx_word' id='word_1_83' title='bbox 1964 1457 2117 1495; x_wconf 84' lang='lat' dir='ltr'><strong>voca-</strong></span> 
     </span>
    </p>
   </div>
   <div class='ocr_carea' id='block_1_16' title="bbox 537 1542 752 1596">
    <p class='ocr_par' dir='ltr' id='par_1_16' title="bbox 537 1542 752 1596">
     <span class='ocr_line' id='line_1_16' title="bbox 537 1542 752 1596; baseline -0.005 0"><span class='ocrx_word' id='word_1_84' title='bbox 537 1542 752 1596; x_wconf 88' lang='lat' dir='ltr'><strong>buntur.</strong></span> 
     </span>
    </p>
   </div>
   <div class='ocr_carea' id='block_1_17' title="bbox 607 1622 2117 1690">
    <p class='ocr_par' dir='ltr' id='par_1_17' title="bbox 607 1622 2117 1690">
     <span class='ocr_line' id='line_1_17' title="bbox 607 1622 2117 1690; baseline -0.009 0"><span class='ocrx_word' id='word_1_85' title='bbox 607 1636 721 1690; x_wconf 85' lang='lat' dir='ltr'><strong>Non</strong></span> <span class='ocrx_word' id='word_1_86' title='bbox 749 1632 970 1689; x_wconf 76' lang='lat' dir='ltr'><strong>offertur</strong></span> <span class='ocrx_word' id='word_1_87' title='bbox 994 1639 1192 1686; x_wconf 82' lang='lat' dir='ltr'><strong>aeterna</strong></span> <span class='ocrx_word' id='word_1_88' title='bbox 1212 1627 1584 1683; x_wconf 87' lang='lat' dir='ltr'><strong>misericordia</strong></span> <span class='ocrx_word' id='word_1_89' title='bbox 1612 1633 1666 1680; x_wconf 92' lang='lat' dir='ltr'><strong>et</strong></span> <span class='ocrx_word' id='word_1_90' title='bbox 1684 1626 1862 1679; x_wconf 84' lang='lat' dir='ltr'><strong>honor</strong></span> <span class='ocrx_word' id='word_1_91' title='bbox 1884 1622 2117 1678; x_wconf 80' lang='lat' dir='ltr'><strong>filiorum</strong></span> 
     </span>
    </p>
   </div>
   <div class='ocr_carea' id='block_1_18' title="bbox 535 1713 2120 1791">
    <p class='ocr_par' dir='ltr' id='par_1_18' title="bbox 535 1713 2120 1791">
     <span class='ocr_line' id='line_1_18' title="bbox 535 1713 2120 1791; baseline -0.009 -7"><span class='ocrx_word' id='word_1_92' title='bbox 535 1727 631 1784; x_wconf 70' lang='lat' dir='ltr'><strong>Dei</strong></span> <span class='ocrx_word' id='word_1_93' title='bbox 663 1723 1198 1787; x_wconf 88' lang='lat' dir='ltr'><strong>immisericordibus,</strong></span> <span class='ocrx_word' id='word_1_94' title='bbox 1221 1732 1275 1775; x_wconf 89' lang='lat' dir='ltr'><strong>et</strong></span> <span class='ocrx_word' id='word_1_95' title='bbox 1302 1734 1488 1791; x_wconf 90' lang='lat' dir='ltr'><strong>pacem</strong></span> <span class='ocrx_word' id='word_1_96' title='bbox 1520 1715 1998 1781; x_wconf 73' lang='lat' dir='ltr'><strong>disrumpentibus,</strong></span> <span class='ocrx_word' id='word_1_97' title='bbox 2023 1713 2120 1770; x_wconf 87' lang='lat' dir='ltr'><strong>sed</strong></span> 
     </span>
    </p>
   </div>
   <div class='ocr_carea' id='block_1_19' title="bbox 536 1819 880 1875">
    <p class='ocr_par' dir='ltr' id='par_1_19' title="bbox 536 1819 880 1875">
     <span class='ocr_line' id='line_1_19' title="bbox 536 1819 880 1875; baseline -0.009 -1"><span class='ocrx_word' id='word_1_98' title='bbox 536 1819 880 1875; x_wconf 77' lang='lat' dir='ltr'><strong>facientibus.</strong></span> 
     </span>
    </p>
   </div>
   <div class='ocr_carea' id='block_1_20' title="bbox 2207 611 2836 682">
    <p class='ocr_par' dir='ltr' id='par_1_20' title="bbox 2207 611 2836 682">
     <span class='ocr_line' id='line_1_20' title="bbox 2207 611 2836 682; baseline 0 -15"><span class='ocrx_word' id='word_1_99' title='bbox 2207 613 2348 667; x_wconf 86' lang='lat' dir='ltr'><strong>enim</strong></span> <span class='ocrx_word' id='word_1_100' title='bbox 2373 611 2457 666; x_wconf 80' lang='lat' dir='ltr'><strong>lea:</strong></span> <span class='ocrx_word' id='word_1_101' title='bbox 2484 622 2530 666; x_wconf 88' lang='lat' dir='ltr'><strong>et</strong></span> <span class='ocrx_word' id='word_1_102' title='bbox 2555 612 2836 682; x_wconf 64' lang='lat' dir='ltr'><strong>prophetae.</strong></span> 
     </span>
    </p>
   </div>
   <div class='ocr_carea' id='block_1_21' title="bbox 2283 701 3821 774">
    <p class='ocr_par' dir='ltr' id='par_1_21' title="bbox 2283 701 3821 774">
     <span class='ocr_line' id='line_1_21' title="bbox 2283 701 3821 774; baseline 0.002 -19"><span class='ocrx_word' id='word_1_103' title='bbox 2283 701 2438 757; x_wconf 87' lang='lat' dir='ltr'><strong>Nullo</strong></span> <span class='ocrx_word' id='word_1_104' title='bbox 2472 702 2630 756; x_wconf 76' lang='lat' dir='ltr'><strong>modo</strong></span> <span class='ocrx_word' id='word_1_105' title='bbox 2666 703 2788 772; x_wconf 90' lang='lat' dir='ltr'><strong>quis</strong></span> <span class='ocrx_word' id='word_1_106' title='bbox 2832 709 3010 774; x_wconf 89' lang='lat' dir='ltr'><strong>potest</strong></span> <span class='ocrx_word' id='word_1_107' title='bbox 3038 703 3180 759; x_wconf 85' lang='lat' dir='ltr'><strong>filius</strong></span> <span class='ocrx_word' id='word_1_108' title='bbox 3205 701 3302 759; x_wconf 86' lang='lat' dir='ltr'><strong>Dei</strong></span> <span class='ocrx_word' id='word_1_109' title='bbox 3337 718 3476 768; x_wconf 87' lang='lat' dir='ltr'><strong>esse,</strong></span> <span class='ocrx_word' id='word_1_110' title='bbox 3523 705 3625 760; x_wconf 88' lang='lat' dir='ltr'><strong>nisi</strong></span> <span class='ocrx_word' id='word_1_111' title='bbox 3685 703 3821 759; x_wconf 87' lang='lat' dir='ltr'><strong>imi-</strong></span> 
     </span>
    </p>
   </div>
   <div class='ocr_carea' id='block_1_22' title="bbox 2213 793 3823 864">
    <p class='ocr_par' dir='ltr' id='par_1_22' title="bbox 2213 793 3823 864">
     <span class='ocr_line' id='line_1_22' title="bbox 2213 793 3823 864; baseline 0.003 -17"><span class='ocrx_word' id='word_1_112' title='bbox 2213 799 2376 849; x_wconf 89' lang='lat' dir='ltr'><strong>tetur.</strong></span> <span class='ocrx_word' id='word_1_113' title='bbox 2427 794 2528 859; x_wconf 91' lang='lat' dir='ltr'><strong>Qui</strong></span> <span class='ocrx_word' id='word_1_114' title='bbox 2574 808 2703 864; x_wconf 85' lang='lat' dir='ltr'><strong>ergo</strong></span> <span class='ocrx_word' id='word_1_115' title='bbox 2751 809 2857 848; x_wconf 91' lang='lat' dir='ltr'><strong>non</strong></span> <span class='ocrx_word' id='word_1_116' title='bbox 2902 793 3182 859; x_wconf 91' lang='lat' dir='ltr'><strong>imitando,</strong></span> <span class='ocrx_word' id='word_1_117' title='bbox 3233 809 3265 848; x_wconf 92' lang='lat' dir='ltr'><strong>a</strong></span> <span class='ocrx_word' id='word_1_118' title='bbox 3320 802 3471 848; x_wconf 89' lang='lat' dir='ltr'><strong>tanta</strong></span> <span class='ocrx_word' id='word_1_119' title='bbox 3516 795 3823 852; x_wconf 78' lang='lat' dir='ltr'><strong>nobilitate</strong></span> 
     </span>
    </p>
   </div>
   <div class='ocr_carea' id='block_1_23' title="bbox 2214 883 3823 956">
    <p class='ocr_par' dir='ltr' id='par_1_23' title="bbox 2214 883 3823 956">
     <span class='ocr_line' id='line_1_23' title="bbox 2214 883 3823 956; baseline 0.001 -16"><span class='ocrx_word' id='word_1_120' title='bbox 2214 885 2536 956; x_wconf 77' lang='lat' dir='ltr'><strong>degenerat,</strong></span> <span class='ocrx_word' id='word_1_121' title='bbox 2575 901 2684 941; x_wconf 91' lang='lat' dir='ltr'><strong>non</strong></span> <span class='ocrx_word' id='word_1_122' title='bbox 2719 887 2985 941; x_wconf 83' lang='lat' dir='ltr'><strong>veraciter</strong></span> <span class='ocrx_word' id='word_1_123' title='bbox 3017 887 3112 942; x_wconf 90' lang='lat' dir='ltr'><strong>sed</strong></span> <span class='ocrx_word' id='word_1_124' title='bbox 3159 883 3295 942; x_wconf 92' lang='lat' dir='ltr'><strong>falso</strong></span> <span class='ocrx_word' id='word_1_125' title='bbox 3320 887 3489 943; x_wconf 89' lang='lat' dir='ltr'><strong>dicit:</strong></span> <span class='ocrx_word' id='word_1_126' title='bbox 3522 888 3690 943; x_wconf 89' lang='lat' dir='ltr'><strong>Pater</strong></span> <span class='ocrx_word' id='word_1_127' title='bbox 3719 904 3823 942; x_wconf 78' lang='lat' dir='ltr'><strong>no-</strong></span> 
     </span>
    </p>
   </div>
   <div class='ocr_carea' id='block_1_24' title="bbox 2212 976 3823 1047">
    <p class='ocr_par' dir='ltr' id='par_1_24' title="bbox 2212 976 3823 1047">
     <span class='ocr_line' id='line_1_24' title="bbox 2212 976 3823 1047; baseline 0.002 -16"><span class='ocrx_word' id='word_1_128' title='bbox 2212 985 2337 1040; x_wconf 89' lang='lat' dir='ltr'><strong>ster,</strong></span> <span class='ocrx_word' id='word_1_129' title='bbox 2377 977 2466 1047; x_wconf 87' lang='lat' dir='ltr'><strong>qui</strong></span> <span class='ocrx_word' id='word_1_130' title='bbox 2492 993 2545 1030; x_wconf 89' lang='lat' dir='ltr'><strong>es</strong></span> <span class='ocrx_word' id='word_1_131' title='bbox 2573 978 2630 1032; x_wconf 89' lang='lat' dir='ltr'><strong>in</strong></span> <span class='ocrx_word' id='word_1_132' title='bbox 2676 976 2835 1031; x_wconf 76' lang='lat' dir='ltr'><strong>caelis.</strong></span> <span class='ocrx_word' id='word_1_133' title='bbox 2869 976 2937 1031; x_wconf 87' lang='lat' dir='ltr'><strong>Et</strong></span> <span class='ocrx_word' id='word_1_134' title='bbox 2969 977 3090 1031; x_wconf 90' lang='lat' dir='ltr'><strong>ideo</strong></span> <span class='ocrx_word' id='word_1_135' title='bbox 3147 994 3255 1034; x_wconf 90' lang='lat' dir='ltr'><strong>non</strong></span> <span class='ocrx_word' id='word_1_136' title='bbox 3303 987 3513 1034; x_wconf 91' lang='lat' dir='ltr'><strong>tantum</strong></span> <span class='ocrx_word' id='word_1_137' title='bbox 3567 978 3823 1035; x_wconf 88' lang='lat' dir='ltr'><strong>crudeli-</strong></span> 
     </span>
    </p>
   </div>
   <div class='ocr_carea' id='block_1_25' title="bbox 2214 1066 3823 1132">
    <p class='ocr_par' dir='ltr' id='par_1_25' title="bbox 2214 1066 3823 1132">
     <span class='ocr_line' id='line_1_25' title="bbox 2214 1066 3823 1132; baseline 0.004 -11"><span class='ocrx_word' id='word_1_138' title='bbox 2214 1075 2349 1132; x_wconf 85' lang='lat' dir='ltr'><strong>tate,</strong></span> <span class='ocrx_word' id='word_1_139' title='bbox 2390 1067 2485 1122; x_wconf 92' lang='lat' dir='ltr'><strong>sed</strong></span> <span class='ocrx_word' id='word_1_140' title='bbox 2525 1074 2580 1122; x_wconf 91' lang='lat' dir='ltr'><strong>et</strong></span> <span class='ocrx_word' id='word_1_141' title='bbox 2624 1066 2859 1122; x_wconf 87' lang='lat' dir='ltr'><strong>falsitate</strong></span> <span class='ocrx_word' id='word_1_142' title='bbox 2893 1069 3201 1124; x_wconf 86' lang='lat' dir='ltr'><strong>damnatur.</strong></span> <span class='ocrx_word' id='word_1_143' title='bbox 3247 1067 3303 1124; x_wconf 90' lang='lat' dir='ltr'><strong>Si</strong></span> <span class='ocrx_word' id='word_1_144' title='bbox 3333 1086 3440 1126; x_wconf 85' lang='lat' dir='ltr'><strong>non</strong></span> <span class='ocrx_word' id='word_1_145' title='bbox 3479 1069 3823 1127; x_wconf 86' lang='lat' dir='ltr'><strong>intrabimus</strong></span> 
     </span>
    </p>
   </div>
   <div class='ocr_carea' id='block_1_26' title="bbox 2215 1157 3826 1231">
    <p class='ocr_par' dir='ltr' id='par_1_26' title="bbox 2215 1157 3826 1231">
     <span class='ocr_line' id='line_1_26' title="bbox 2215 1157 3826 1231; baseline 0.004 -18"><span class='ocrx_word' id='word_1_146' title='bbox 2215 1159 2270 1213; x_wconf 90' lang='lat' dir='ltr'><strong>in</strong></span> <span class='ocrx_word' id='word_1_147' title='bbox 2317 1173 2540 1230; x_wconf 79' lang='lat' dir='ltr'><strong>regnum</strong></span> <span class='ocrx_word' id='word_1_148' title='bbox 2584 1157 2868 1225; x_wconf 68' lang='lat' dir='ltr'><strong>caelorum,</strong></span> <span class='ocrx_word' id='word_1_149' title='bbox 2912 1159 3014 1215; x_wconf 93' lang='lat' dir='ltr'><strong>nisi</strong></span> <span class='ocrx_word' id='word_1_150' title='bbox 3062 1160 3421 1218; x_wconf 87' lang='lat' dir='ltr'><strong>abundaverit</strong></span> <span class='ocrx_word' id='word_1_151' title='bbox 3453 1159 3659 1231; x_wconf 62' lang='lat' dir='ltr'><strong>iustitia</strong></span> <span class='ocrx_word' id='word_1_152' title='bbox 3723 1179 3826 1220; x_wconf 85' lang='lat' dir='ltr'><strong>no-</strong></span> 
     </span>
    </p>
   </div>
   <div class='ocr_carea' id='block_1_27' title="bbox 2215 1249 3825 1324">
    <p class='ocr_par' dir='ltr' id='par_1_27' title="bbox 2215 1249 3825 1324">
     <span class='ocr_line' id='line_1_27' title="bbox 2215 1249 3825 1324; baseline 0.005 -22"><span class='ocrx_word' id='word_1_153' title='bbox 2215 1256 2327 1303; x_wconf 86' lang='lat' dir='ltr'><strong>stra</strong></span> <span class='ocrx_word' id='word_1_154' title='bbox 2363 1249 2648 1320; x_wconf 84' lang='lat' dir='ltr'><strong>plusquam</strong></span> <span class='ocrx_word' id='word_1_155' title='bbox 2694 1249 3008 1306; x_wconf 88' lang='lat' dir='ltr'><strong>Scribarum</strong></span> <span class='ocrx_word' id='word_1_156' title='bbox 3037 1259 3091 1306; x_wconf 94' lang='lat' dir='ltr'><strong>et</strong></span> <span class='ocrx_word' id='word_1_157' title='bbox 3119 1250 3556 1309; x_wconf 74' lang='lat' dir='ltr'><strong>Pharisaeorum:</strong></span> <span class='ocrx_word' id='word_1_158' title='bbox 3596 1262 3825 1324; x_wconf 84' lang='lat' dir='ltr'><strong>quanto</strong></span> 
     </span>
    </p>
   </div>
   <div class='ocr_carea' id='block_1_28' title="bbox 2215 1341 3826 1416">
    <p class='ocr_par' dir='ltr' id='par_1_28' title="bbox 2215 1341 3826 1416">
     <span class='ocr_line' id='line_1_28' title="bbox 2215 1341 3826 1416; baseline 0.006 -23"><span class='ocrx_word' id='word_1_159' title='bbox 2215 1341 2390 1410; x_wconf 87' lang='lat' dir='ltr'><strong>magis</strong></span> <span class='ocrx_word' id='word_1_160' title='bbox 2426 1341 2530 1395; x_wconf 89' lang='lat' dir='ltr'><strong>nisi</strong></span> <span class='ocrx_word' id='word_1_161' title='bbox 2565 1341 2920 1398; x_wconf 89' lang='lat' dir='ltr'><strong>abundaverit</strong></span> <span class='ocrx_word' id='word_1_162' title='bbox 2966 1341 3251 1413; x_wconf 86' lang='lat' dir='ltr'><strong>plusquam</strong></span> <span class='ocrx_word' id='word_1_163' title='bbox 3295 1343 3714 1416; x_wconf 82' lang='lat' dir='ltr'><strong>publicanorum</strong></span> <span class='ocrx_word' id='word_1_164' title='bbox 3769 1354 3826 1403; x_wconf 85' lang='lat' dir='ltr'><strong>et</strong></span> 
     </span>
    </p>
   </div>
   <div class='ocr_carea' id='block_1_29' title="bbox 2215 1433 2591 1487">
    <p class='ocr_par' dir='ltr' id='par_1_29' title="bbox 2215 1433 2591 1487">
     <span class='ocr_line' id='line_1_29' title="bbox 2215 1433 2591 1487; baseline 0.003 -1"><span class='ocrx_word' id='word_1_165' title='bbox 2215 1433 2591 1487; x_wconf 85' lang='lat' dir='ltr'><strong>ethnicorum?</strong></span> 
     </span>
    </p>
   </div>
   <div class='ocr_carea' id='block_1_30' title="bbox 2287 1523 3825 1599">
    <p class='ocr_par' dir='ltr' id='par_1_30' title="bbox 2287 1523 3825 1599">
     <span class='ocr_line' id='line_1_30' title="bbox 2287 1523 3825 1599; baseline 0.006 -22"><span class='ocrx_word' id='word_1_166' title='bbox 2287 1523 2388 1589; x_wconf 86' lang='lat' dir='ltr'><strong>Qui</strong></span> <span class='ocrx_word' id='word_1_167' title='bbox 2439 1523 2826 1593; x_wconf 81' lang='lat' dir='ltr'><strong>perfectionem</strong></span> <span class='ocrx_word' id='word_1_168' title='bbox 2886 1534 3236 1593; x_wconf 89' lang='lat' dir='ltr'><strong>remunerat,</strong></span> <span class='ocrx_word' id='word_1_169' title='bbox 3294 1526 3428 1582; x_wconf 91' lang='lat' dir='ltr'><strong>nihil</strong></span> <span class='ocrx_word' id='word_1_170' title='bbox 3471 1529 3825 1599; x_wconf 87' lang='lat' dir='ltr'><strong>corruptioni</strong></span> 
     </span>
    </p>
   </div>
   <div class='ocr_carea' id='block_1_31' title="bbox 2218 1615 3828 1685">
    <p class='ocr_par' dir='ltr' id='par_1_31' title="bbox 2218 1615 3828 1685">
     <span class='ocr_line' id='line_1_31' title="bbox 2218 1615 3828 1685; baseline 0.005 -16"><span class='ocrx_word' id='word_1_171' title='bbox 2218 1615 2323 1670; x_wconf 90' lang='lat' dir='ltr'><strong>nisi</strong></span> <span class='ocrx_word' id='word_1_172' title='bbox 2379 1615 2777 1671; x_wconf 90' lang='lat' dir='ltr'><strong>damnationem</strong></span> <span class='ocrx_word' id='word_1_173' title='bbox 2818 1627 3098 1672; x_wconf 87' lang='lat' dir='ltr'><strong>reservat.</strong></span> <span class='ocrx_word' id='word_1_174' title='bbox 3144 1617 3472 1685; x_wconf 87' lang='lat' dir='ltr'><strong>Considera,</strong></span> <span class='ocrx_word' id='word_1_175' title='bbox 3519 1635 3552 1675; x_wconf 94' lang='lat' dir='ltr'><strong>o</strong></span> <span class='ocrx_word' id='word_1_176' title='bbox 3596 1630 3828 1677; x_wconf 88' lang='lat' dir='ltr'><strong>amator</strong></span> 
     </span>
    </p>
   </div>
   <div class='ocr_carea' id='block_1_32' title="bbox 2219 1708 3826 1782">
    <p class='ocr_par' dir='ltr' id='par_1_32' title="bbox 2219 1708 3826 1782">
     <span class='ocr_line' id='line_1_32' title="bbox 2219 1708 3826 1782; baseline 0.003 -20"><span class='ocrx_word' id='word_1_177' title='bbox 2219 1723 2400 1762; x_wconf 90' lang='lat' dir='ltr'><strong>rerum</strong></span> <span class='ocrx_word' id='word_1_178' title='bbox 2436 1708 2824 1777; x_wconf 90' lang='lat' dir='ltr'><strong>periturarum,</strong></span> <span class='ocrx_word' id='word_1_179' title='bbox 2875 1717 2930 1763; x_wconf 90' lang='lat' dir='ltr'><strong>et</strong></span> <span class='ocrx_word' id='word_1_180' title='bbox 2974 1709 3250 1782; x_wconf 87' lang='lat' dir='ltr'><strong>neglector</strong></span> <span class='ocrx_word' id='word_1_181' title='bbox 3305 1710 3403 1776; x_wconf 92' lang='lat' dir='ltr'><strong>tui,</strong></span> <span class='ocrx_word' id='word_1_182' title='bbox 3444 1711 3567 1780; x_wconf 89' lang='lat' dir='ltr'><strong>quia</strong></span> <span class='ocrx_word' id='word_1_183' title='bbox 3616 1712 3713 1766; x_wconf 88' lang='lat' dir='ltr'><strong>alii</strong></span> <span class='ocrx_word' id='word_1_184' title='bbox 3767 1714 3826 1768; x_wconf 91' lang='lat' dir='ltr'><strong>in</strong></span> 
     </span>
    </p>
   </div>
   <div class='ocr_carea' id='block_1_33' title="bbox 2220 1801 3821 1876">
    <p class='ocr_par' dir='ltr' id='par_1_33' title="bbox 2220 1801 3821 1876">
     <span class='ocr_line' id='line_1_33' title="bbox 2220 1801 3821 1876; baseline 0.005 -23"><span class='ocrx_word' id='word_1_185' title='bbox 2220 1809 2275 1854; x_wconf 91' lang='lat' dir='ltr'><strong>te</strong></span> <span class='ocrx_word' id='word_1_186' title='bbox 2300 1802 2544 1870; x_wconf 89' lang='lat' dir='ltr'><strong>peccanti</strong></span> <span class='ocrx_word' id='word_1_187' title='bbox 2575 1809 2729 1870; x_wconf 90' lang='lat' dir='ltr'><strong>potes</strong></span> <span class='ocrx_word' id='word_1_188' title='bbox 2771 1801 3077 1867; x_wconf 88' lang='lat' dir='ltr'><strong>dimittere,</strong></span> <span class='ocrx_word' id='word_1_189' title='bbox 3118 1802 3436 1873; x_wconf 90' lang='lat' dir='ltr'><strong>tibimetipsi</strong></span> <span class='ocrx_word' id='word_1_190' title='bbox 3480 1819 3584 1859; x_wconf 92' lang='lat' dir='ltr'><strong>non</strong></span> <span class='ocrx_word' id='word_1_191' title='bbox 3634 1814 3821 1876; x_wconf 84' lang='lat' dir='ltr'><strong>potes.</strong></span> 
     </span>
    </p>
   </div>
   <div class='ocr_carea' id='block_1_34' title="bbox 605 1888 3827 1980">
    <p class='ocr_par' dir='ltr' id='par_1_34' title="bbox 605 1888 3827 1980">
     <span class='ocr_line' id='line_1_34' title="bbox 605 1888 3827 1980; baseline -0.003 -16"><span class='ocrx_word' id='word_1_192' title='bbox 605 1911 838 1964; x_wconf 82' lang='lat' dir='ltr'><strong>Audistis</strong></span> <span class='ocrx_word' id='word_1_193' title='bbox 887 1910 1011 1980; x_wconf 82' lang='lat' dir='ltr'><strong>quia</strong></span> <span class='ocrx_word' id='word_1_194' title='bbox 1053 1907 1250 1960; x_wconf 87' lang='lat' dir='ltr'><strong>dictum</strong></span> <span class='ocrx_word' id='word_1_195' title='bbox 1289 1913 1363 1958; x_wconf 88' lang='lat' dir='ltr'><strong>est</strong></span> <span class='ocrx_word' id='word_1_196' title='bbox 1411 1903 1640 1974; x_wconf 83' lang='lat' dir='ltr'><strong>antiquis</strong></span> <span class='ocrx_word' id='word_1_197' title='bbox 1677 1888 1859 1956; x_wconf 50' lang='lat' dir='ltr'><strong>:“Non</strong></span> <span class='ocrx_word' id='word_1_198' title='bbox 1897 1899 2117 1954; x_wconf 83' lang='lat' dir='ltr'><strong>occides.</strong></span> <span class='ocrx_word' id='word_1_199' title='bbox 2147 1901 2197 1961; x_wconf 90' lang='lat' dir='ltr'><strong>B</strong></span> <span class='ocrx_word' id='word_1_200' title='bbox 2225 1893 2292 1947; x_wconf 84' lang='lat' dir='ltr'><strong>Et</strong></span> <span class='ocrx_word' id='word_1_201' title='bbox 2343 1894 2468 1962; x_wconf 74' lang='lat' dir='ltr'><strong>qlxia</strong></span> <span class='ocrx_word' id='word_1_202' title='bbox 2516 1894 2583 1948; x_wconf 87' lang='lat' dir='ltr'><strong>ad</strong></span> <span class='ocrx_word' id='word_1_203' title='bbox 2627 1902 2739 1948; x_wconf 88' lang='lat' dir='ltr'><strong>tam</strong></span> <span class='ocrx_word' id='word_1_204' title='bbox 2784 1909 2946 1965; x_wconf 87' lang='lat' dir='ltr'><strong>grave</strong></span> <span class='ocrx_word' id='word_1_205' title='bbox 2985 1893 3187 1949; x_wconf 89' lang='lat' dir='ltr'><strong>malum</strong></span> <span class='ocrx_word' id='word_1_206' title='bbox 3237 1894 3441 1949; x_wconf 90' lang='lat' dir='ltr'><strong>nullum</strong></span> <span class='ocrx_word' id='word_1_207' title='bbox 3495 1896 3671 1968; x_wconf 83' lang='lat' dir='ltr'><strong>majus</strong></span> <span class='ocrx_word' id='word_1_208' title='bbox 3733 1913 3827 1955; x_wconf 82' lang='lat' dir='ltr'><strong>re-</strong></span> 
     </span>
    </p>
   </div>
   <div class='ocr_carea' id='block_1_35' title="bbox 537 1990 2119 2068">
    <p class='ocr_par' dir='ltr' id='par_1_35' title="bbox 537 1990 2119 2068">
     <span class='ocr_line' id='line_1_35' title="bbox 537 1990 2119 2068; baseline -0.008 -13"><span class='ocrx_word' id='word_1_209' title='bbox 537 2001 641 2068; x_wconf 79' lang='lat' dir='ltr'><strong>Qui</strong></span> <span class='ocrx_word' id='word_1_210' title='bbox 668 2010 842 2054; x_wconf 88' lang='lat' dir='ltr'><strong>autem</strong></span> <span class='ocrx_word' id='word_1_211' title='bbox 861 1997 1127 2058; x_wconf 83' lang='lat' dir='ltr'><strong>occiderit,</strong></span> <span class='ocrx_word' id='word_1_212' title='bbox 1148 2013 1265 2049; x_wconf 88' lang='lat' dir='ltr'><strong>reus</strong></span> <span class='ocrx_word' id='word_1_213' title='bbox 1291 1995 1386 2048; x_wconf 90' lang='lat' dir='ltr'><strong>erit</strong></span> <span class='ocrx_word' id='word_1_214' title='bbox 1409 1993 1636 2063; x_wconf 88' lang='lat' dir='ltr'><strong>judicio.</strong></span> <span class='ocrx_word' id='word_1_215' title='bbox 1669 1991 1778 2062; x_wconf 85' lang='lat' dir='ltr'><strong>Ego</strong></span> <span class='ocrx_word' id='word_1_216' title='bbox 1802 2000 1976 2044; x_wconf 89' lang='lat' dir='ltr'><strong>autem</strong></span> <span class='ocrx_word' id='word_1_217' title='bbox 2001 1990 2119 2044; x_wconf 90' lang='lat' dir='ltr'><strong>dico</strong></span> 
     </span>
    </p>
   </div>
   <div class='ocr_carea' id='block_1_36' title="bbox 533 2081 2120 2163">
    <p class='ocr_par' dir='ltr' id='par_1_36' title="bbox 533 2081 2120 2163">
     <span class='ocr_line' id='line_1_36' title="bbox 533 2081 2120 2163; baseline -0.009 -15"><span class='ocrx_word' id='word_1_218' title='bbox 533 2093 696 2158; x_wconf 85' lang='lat' dir='ltr'><strong>vobis,</strong></span> <span class='ocrx_word' id='word_1_219' title='bbox 730 2093 853 2163; x_wconf 89' lang='lat' dir='ltr'><strong>quia</strong></span> <span class='ocrx_word' id='word_1_220' title='bbox 889 2091 1053 2146; x_wconf 89' lang='lat' dir='ltr'><strong>omnis</strong></span> <span class='ocrx_word' id='word_1_221' title='bbox 1083 2089 1173 2159; x_wconf 89' lang='lat' dir='ltr'><strong>qui</strong></span> <span class='ocrx_word' id='word_1_222' title='bbox 1219 2087 1465 2140; x_wconf 82' lang='lat' dir='ltr'><strong>irascitur</strong></span> <span class='ocrx_word' id='word_1_223' title='bbox 1520 2083 1674 2153; x_wconf 89' lang='lat' dir='ltr'><strong>fratri</strong></span> <span class='ocrx_word' id='word_1_224' title='bbox 1706 2100 1822 2146; x_wconf 90' lang='lat' dir='ltr'><strong>suo,</strong></span> <span class='ocrx_word' id='word_1_225' title='bbox 1862 2098 1980 2135; x_wconf 90' lang='lat' dir='ltr'><strong>reus</strong></span> <span class='ocrx_word' id='word_1_226' title='bbox 2022 2081 2120 2135; x_wconf 89' lang='lat' dir='ltr'><strong>erit</strong></span> 
     </span>
    </p>
   </div>
   <div class='ocr_carea' id='block_1_37' title="bbox 528 2173 2120 2256">
    <p class='ocr_par' dir='ltr' id='par_1_37' title="bbox 528 2173 2120 2256">
     <span class='ocr_line' id='line_1_37' title="bbox 528 2173 2120 2256; baseline -0.008 -17"><span class='ocrx_word' id='word_1_227' title='bbox 528 2184 754 2256; x_wconf 84' lang='lat' dir='ltr'><strong>judicio.</strong></span> <span class='ocrx_word' id='word_1_228' title='bbox 788 2182 892 2249; x_wconf 82' lang='lat' dir='ltr'><strong>Qui</strong></span> <span class='ocrx_word' id='word_1_229' title='bbox 926 2192 1100 2236; x_wconf 89' lang='lat' dir='ltr'><strong>autem</strong></span> <span class='ocrx_word' id='word_1_230' title='bbox 1121 2179 1309 2232; x_wconf 77' lang='lat' dir='ltr'><strong>dixerit</strong></span> <span class='ocrx_word' id='word_1_231' title='bbox 1336 2178 1490 2247; x_wconf 88' lang='lat' dir='ltr'><strong>fratri</strong></span> <span class='ocrx_word' id='word_1_232' title='bbox 1518 2193 1612 2231; x_wconf 87' lang='lat' dir='ltr'><strong>suo</strong></span> <span class='ocrx_word' id='word_1_233' title='bbox 1639 2175 1846 2239; x_wconf 82' lang='lat' dir='ltr'><strong>Racha,</strong></span> <span class='ocrx_word' id='word_1_234' title='bbox 1881 2191 2002 2228; x_wconf 89' lang='lat' dir='ltr'><strong>reus</strong></span> <span class='ocrx_word' id='word_1_235' title='bbox 2025 2173 2120 2228; x_wconf 86' lang='lat' dir='ltr'><strong>erit</strong></span> 
     </span>
    </p>
   </div>
   <div class='ocr_carea' id='block_1_38' title="bbox 537 2266 2122 2340">
    <p class='ocr_par' dir='ltr' id='par_1_38' title="bbox 537 2266 2122 2340">
     <span class='ocr_line' id='line_1_38' title="bbox 537 2266 2122 2340; baseline -0.008 -10"><span class='ocrx_word' id='word_1_236' title='bbox 537 2276 762 2330; x_wconf 84' lang='lat' dir='ltr'><strong>consilii.</strong></span> <span class='ocrx_word' id='word_1_237' title='bbox 810 2273 914 2340; x_wconf 82' lang='lat' dir='ltr'><strong>Qui</strong></span> <span class='ocrx_word' id='word_1_238' title='bbox 954 2282 1126 2325; x_wconf 88' lang='lat' dir='ltr'><strong>autem</strong></span> <span class='ocrx_word' id='word_1_239' title='bbox 1155 2271 1344 2324; x_wconf 76' lang='lat' dir='ltr'><strong>dixerit</strong></span> <span class='ocrx_word' id='word_1_240' title='bbox 1373 2268 1566 2332; x_wconf 87' lang='lat' dir='ltr'><strong>Fatue,</strong></span> <span class='ocrx_word' id='word_1_241' title='bbox 1597 2284 1716 2321; x_wconf 91' lang='lat' dir='ltr'><strong>reus</strong></span> <span class='ocrx_word' id='word_1_242' title='bbox 1753 2266 1850 2320; x_wconf 87' lang='lat' dir='ltr'><strong>erit</strong></span> <span class='ocrx_word' id='word_1_243' title='bbox 1876 2267 2122 2335; x_wconf 63' lang='lat' dir='ltr'><strong>gehennae</strong></span> 
     </span>
    </p>
   </div>
   <div class='ocr_carea' id='block_1_39' title="bbox 533 2355 2123 2438">
    <p class='ocr_par' dir='ltr' id='par_1_39' title="bbox 533 2355 2123 2438">
     <span class='ocr_line' id='line_1_39' title="bbox 533 2355 2123 2438; baseline -0.009 -15"><span class='ocrx_word' id='word_1_244' title='bbox 533 2368 694 2438; x_wconf 86' lang='lat' dir='ltr'><strong>ignis,</strong></span> <span class='ocrx_word' id='word_1_245' title='bbox 747 2377 852 2422; x_wconf 86' lang='lat' dir='ltr'><strong>etc.</strong></span> <span class='ocrx_word' id='word_1_246' title='bbox 899 2363 1134 2417; x_wconf 84' lang='lat' dir='ltr'><strong>Audistis</strong></span> <span class='ocrx_word' id='word_1_247' title='bbox 1171 2363 1295 2432; x_wconf 88' lang='lat' dir='ltr'><strong>quia</strong></span> <span class='ocrx_word' id='word_1_248' title='bbox 1342 2361 1538 2414; x_wconf 89' lang='lat' dir='ltr'><strong>dictum</strong></span> <span class='ocrx_word' id='word_1_249' title='bbox 1583 2369 1659 2413; x_wconf 89' lang='lat' dir='ltr'><strong>est</strong></span> <span class='ocrx_word' id='word_1_250' title='bbox 1695 2372 1714 2409; x_wconf 85' lang='lat'><strong>.&#39;</strong></span> <span class='ocrx_word' id='word_1_251' title='bbox 1756 2355 1980 2411; x_wconf 88' lang='lat' dir='ltr'><strong>Oculum</strong></span> <span class='ocrx_word' id='word_1_252' title='bbox 2027 2371 2123 2426; x_wconf 88' lang='lat' dir='ltr'><strong>pro</strong></span> 
     </span>
    </p>
   </div>
   <div class='ocr_carea' id='block_1_40' title="bbox 535 2447 2123 2525">
    <p class='ocr_par' dir='ltr' id='par_1_40' title="bbox 535 2447 2123 2525">
     <span class='ocr_line' id='line_1_40' title="bbox 535 2447 2123 2525; baseline -0.009 -12"><span class='ocrx_word' id='word_1_253' title='bbox 535 2457 707 2523; x_wconf 88' lang='lat' dir='ltr'><strong>oculo,</strong></span> <span class='ocrx_word' id='word_1_254' title='bbox 739 2467 786 2512; x_wconf 90' lang='lat' dir='ltr'><strong>et</strong></span> <span class='ocrx_word' id='word_1_255' title='bbox 806 2457 1009 2510; x_wconf 87' lang='lat' dir='ltr'><strong>dentem</strong></span> <span class='ocrx_word' id='word_1_256' title='bbox 1038 2470 1132 2525; x_wconf 87' lang='lat' dir='ltr'><strong>pro</strong></span> <span class='ocrx_word' id='word_1_257' title='bbox 1158 2453 1328 2506; x_wconf 83' lang='lat' dir='ltr'><strong>dente.</strong></span> <span class='ocrx_word' id='word_1_258' title='bbox 1362 2451 1475 2522; x_wconf 82' lang='lat' dir='ltr'><strong>Ego</strong></span> <span class='ocrx_word' id='word_1_259' title='bbox 1503 2461 1677 2504; x_wconf 88' lang='lat' dir='ltr'><strong>autem</strong></span> <span class='ocrx_word' id='word_1_260' title='bbox 1706 2449 1822 2502; x_wconf 87' lang='lat' dir='ltr'><strong>dico</strong></span> <span class='ocrx_word' id='word_1_261' title='bbox 1853 2447 1990 2502; x_wconf 86' lang='lat' dir='ltr'><strong>vobis</strong></span> <span class='ocrx_word' id='word_1_262' title='bbox 2020 2463 2123 2500; x_wconf 88' lang='lat' dir='ltr'><strong>non</strong></span> 
     </span>
    </p>
   </div>
   <div class='ocr_carea' id='block_1_41' title="bbox 537 2537 2124 2614">
    <p class='ocr_par' dir='ltr' id='par_1_41' title="bbox 537 2537 2124 2614">
     <span class='ocr_line' id='line_1_41' title="bbox 537 2537 2124 2614; baseline -0.009 -10"><span class='ocrx_word' id='word_1_263' title='bbox 537 2551 772 2604; x_wconf 85' lang='lat' dir='ltr'><strong>resistere</strong></span> <span class='ocrx_word' id='word_1_264' title='bbox 809 2547 985 2612; x_wconf 87' lang='lat' dir='ltr'><strong>malo;</strong></span> <span class='ocrx_word' id='word_1_265' title='bbox 1029 2545 1117 2600; x_wconf 92' lang='lat' dir='ltr'><strong>sed</strong></span> <span class='ocrx_word' id='word_1_266' title='bbox 1152 2545 1198 2598; x_wconf 91' lang='lat' dir='ltr'><strong>si</strong></span> <span class='ocrx_word' id='word_1_267' title='bbox 1221 2545 1337 2614; x_wconf 87' lang='lat' dir='ltr'><strong>quis</strong></span> <span class='ocrx_word' id='word_1_268' title='bbox 1380 2553 1428 2596; x_wconf 89' lang='lat' dir='ltr'><strong>te</strong></span> <span class='ocrx_word' id='word_1_269' title='bbox 1465 2541 1775 2613; x_wconf 84' lang='lat' dir='ltr'><strong>percusserit</strong></span> <span class='ocrx_word' id='word_1_270' title='bbox 1812 2539 1868 2592; x_wconf 92' lang='lat' dir='ltr'><strong>in</strong></span> <span class='ocrx_word' id='word_1_271' title='bbox 1909 2537 2124 2592; x_wconf 76' lang='lat' dir='ltr'><strong>dextera</strong></span> 
     </span>
    </p>
   </div>
   <div class='ocr_carea' id='block_1_42' title="bbox 535 2628 2122 2706">
    <p class='ocr_par' dir='ltr' id='par_1_42' title="bbox 535 2628 2122 2706">
     <span class='ocr_line' id='line_1_42' title="bbox 535 2628 2122 2706; baseline -0.007 -13"><span class='ocrx_word' id='word_1_272' title='bbox 535 2638 752 2693; x_wconf 76' lang='lat' dir='ltr'><strong>maxilla</strong></span> <span class='ocrx_word' id='word_1_273' title='bbox 774 2647 886 2702; x_wconf 91' lang='lat' dir='ltr'><strong>tua,</strong></span> <span class='ocrx_word' id='word_1_274' title='bbox 907 2635 1078 2706; x_wconf 75' lang='lat' dir='ltr'><strong>prtebe</strong></span> <span class='ocrx_word' id='word_1_275' title='bbox 1102 2634 1180 2689; x_wconf 84' lang='lat' dir='ltr'><strong>illi</strong></span> <span class='ocrx_word' id='word_1_276' title='bbox 1211 2644 1258 2688; x_wconf 90' lang='lat' dir='ltr'><strong>et</strong></span> <span class='ocrx_word' id='word_1_277' title='bbox 1281 2633 1520 2687; x_wconf 89' lang='lat' dir='ltr'><strong>alteram.</strong></span> <span class='ocrx_word' id='word_1_278' title='bbox 1548 2632 1616 2685; x_wconf 86' lang='lat' dir='ltr'><strong>Et</strong></span> <span class='ocrx_word' id='word_1_279' title='bbox 1634 2633 1680 2686; x_wconf 89' lang='lat' dir='ltr'><strong>ei</strong></span> <span class='ocrx_word' id='word_1_280' title='bbox 1705 2631 1795 2702; x_wconf 90' lang='lat' dir='ltr'><strong>qui</strong></span> <span class='ocrx_word' id='word_1_281' title='bbox 1817 2628 1925 2684; x_wconf 88' lang='lat' dir='ltr'><strong>vult</strong></span> <span class='ocrx_word' id='word_1_282' title='bbox 1952 2639 2122 2683; x_wconf 88' lang='lat' dir='ltr'><strong>tecum</strong></span> 
     </span>
    </p>
   </div>
   <div class='ocr_carea' id='block_1_43' title="bbox 529 2719 2126 2800">
    <p class='ocr_par' dir='ltr' id='par_1_43' title="bbox 529 2719 2126 2800">
     <span class='ocr_line' id='line_1_43' title="bbox 529 2719 2126 2800; baseline -0.006 -17"><span class='ocrx_word' id='word_1_283' title='bbox 529 2728 731 2800; x_wconf 67' lang='lat' dir='ltr'><strong>iudcio</strong></span> <span class='ocrx_word' id='word_1_284' title='bbox 759 2726 1090 2790; x_wconf 87' lang='lat' dir='ltr'><strong>contendere,</strong></span> <span class='ocrx_word' id='word_1_285' title='bbox 1115 2734 1162 2779; x_wconf 90' lang='lat' dir='ltr'><strong>et</strong></span> <span class='ocrx_word' id='word_1_286' title='bbox 1199 2725 1430 2778; x_wconf 89' lang='lat' dir='ltr'><strong>tunicam</strong></span> <span class='ocrx_word' id='word_1_287' title='bbox 1457 2734 1602 2778; x_wconf 90' lang='lat' dir='ltr'><strong>tuam</strong></span> <span class='ocrx_word' id='word_1_288' title='bbox 1629 2721 1831 2787; x_wconf 90' lang='lat' dir='ltr'><strong>tollere,</strong></span> <span class='ocrx_word' id='word_1_289' title='bbox 1849 2721 2048 2774; x_wconf 87' lang='lat' dir='ltr'><strong>dimitte</strong></span> <span class='ocrx_word' id='word_1_290' title='bbox 2078 2719 2126 2774; x_wconf 88' lang='lat' dir='ltr'><strong>ei</strong></span> 
     </span>
    </p>
   </div>
   <div class='ocr_carea' id='block_1_44' title="bbox 2223 1985 3827 2061">
    <p class='ocr_par' dir='ltr' id='par_1_44' title="bbox 2223 1985 3827 2061">
     <span class='ocr_line' id='line_1_44' title="bbox 2223 1985 3827 2061; baseline 0.005 -21"><span class='ocrx_word' id='word_1_291' title='bbox 2223 1985 2457 2041; x_wconf 90' lang='lat' dir='ltr'><strong>medium</strong></span> <span class='ocrx_word' id='word_1_292' title='bbox 2489 1987 2780 2052; x_wconf 79' lang='lat' dir='ltr'><strong>invenitur,</strong></span> <span class='ocrx_word' id='word_1_293' title='bbox 2811 2002 2974 2056; x_wconf 89' lang='lat' dir='ltr'><strong>quam</strong></span> <span class='ocrx_word' id='word_1_294' title='bbox 3005 1996 3066 2042; x_wconf 93' lang='lat' dir='ltr'><strong>ut</strong></span> <span class='ocrx_word' id='word_1_295' title='bbox 3105 1988 3347 2044; x_wconf 90' lang='lat' dir='ltr'><strong>dimittas</strong></span> <span class='ocrx_word' id='word_1_296' title='bbox 3384 2004 3503 2058; x_wconf 60' lang='lat' dir='ltr'><strong>qua!</strong></span> <span class='ocrx_word' id='word_1_297' title='bbox 3537 2000 3716 2061; x_wconf 88' lang='lat' dir='ltr'><strong>potes,</strong></span> <span class='ocrx_word' id='word_1_298' title='bbox 3763 2001 3827 2048; x_wconf 85' lang='lat' dir='ltr'><strong>ut</strong></span> 
     </span>
    </p>
   </div>
   <div class='ocr_carea' id='block_1_45' title="bbox 2223 2075 3826 2147">
    <p class='ocr_par' dir='ltr' id='par_1_45' title="bbox 2223 2075 3826 2147">
     <span class='ocr_line' id='line_1_45' title="bbox 2223 2075 3826 2147; baseline 0.006 -17"><span class='ocrx_word' id='word_1_299' title='bbox 2223 2075 2568 2130; x_wconf 89' lang='lat' dir='ltr'><strong>dimittantur</strong></span> <span class='ocrx_word' id='word_1_300' title='bbox 2602 2076 2698 2132; x_wconf 91' lang='lat' dir='ltr'><strong>tibi</strong></span> <span class='ocrx_word' id='word_1_301' title='bbox 2725 2091 2846 2146; x_wconf 71' lang='lat' dir='ltr'><strong>quae</strong></span> <span class='ocrx_word' id='word_1_302' title='bbox 2875 2077 3217 2134; x_wconf 89' lang='lat' dir='ltr'><strong>committere</strong></span> <span class='ocrx_word' id='word_1_303' title='bbox 3251 2079 3420 2147; x_wconf 88' lang='lat' dir='ltr'><strong>vales,</strong></span> <span class='ocrx_word' id='word_1_304' title='bbox 3473 2081 3657 2138; x_wconf 88' lang='lat' dir='ltr'><strong>delere</strong></span> <span class='ocrx_word' id='word_1_305' title='bbox 3705 2098 3826 2140; x_wconf 87' lang='lat' dir='ltr'><strong>non</strong></span> 
     </span>
    </p>
   </div>
   <div class='ocr_carea' id='block_1_46' title="bbox 2222 2174 2402 2236">
    <p class='ocr_par' dir='ltr' id='par_1_46' title="bbox 2222 2174 2402 2236">
     <span class='ocr_line' id='line_1_46' title="bbox 2222 2174 2402 2236; baseline 0 -16"><span class='ocrx_word' id='word_1_306' title='bbox 2222 2174 2402 2236; x_wconf 91' lang='lat' dir='ltr'><strong>potes.</strong></span> 
     </span>
    </p>
   </div>
   <div class='ocr_carea' id='block_1_47' title="bbox 2298 2257 3826 2336">
    <p class='ocr_par' dir='ltr' id='par_1_47' title="bbox 2298 2257 3826 2336">
     <span class='ocr_line' id='line_1_47' title="bbox 2298 2257 3826 2336; baseline 0.008 -25"><span class='ocrx_word' id='word_1_307' title='bbox 2298 2257 2402 2324; x_wconf 85' lang='lat' dir='ltr'><strong>Qui</strong></span> <span class='ocrx_word' id='word_1_308' title='bbox 2429 2269 2572 2315; x_wconf 90' lang='lat' dir='ltr'><strong>amat</strong></span> <span class='ocrx_word' id='word_1_309' title='bbox 2601 2269 2805 2332; x_wconf 87' lang='lat' dir='ltr'><strong>patrem</strong></span> <span class='ocrx_word' id='word_1_310' title='bbox 2833 2270 2925 2316; x_wconf 91' lang='lat' dir='ltr'><strong>aut</strong></span> <span class='ocrx_word' id='word_1_311' title='bbox 2950 2271 3168 2318; x_wconf 88' lang='lat' dir='ltr'><strong>matrem</strong></span> <span class='ocrx_word' id='word_1_312' title='bbox 3195 2262 3312 2334; x_wconf 86' lang='lat' dir='ltr'><strong>plus</strong></span> <span class='ocrx_word' id='word_1_313' title='bbox 3353 2281 3516 2336; x_wconf 88' lang='lat' dir='ltr'><strong>quam</strong></span> <span class='ocrx_word' id='word_1_314' title='bbox 3558 2283 3665 2332; x_wconf 84' lang='lat' dir='ltr'><strong>me,</strong></span> <span class='ocrx_word' id='word_1_315' title='bbox 3709 2283 3826 2324; x_wconf 74' lang='lat' dir='ltr'><strong>non</strong></span> 
     </span>
    </p>
   </div>
   <div class='ocr_carea' id='block_1_48' title="bbox 2224 2351 3827 2430">
    <p class='ocr_par' dir='ltr' id='par_1_48' title="bbox 2224 2351 3827 2430">
     <span class='ocr_line' id='line_1_48' title="bbox 2224 2351 3827 2430; baseline 0.007 -28"><span class='ocrx_word' id='word_1_316' title='bbox 2224 2359 2300 2402; x_wconf 90' lang='lat' dir='ltr'><strong>est</strong></span> <span class='ocrx_word' id='word_1_317' title='bbox 2350 2366 2431 2404; x_wconf 92' lang='lat' dir='ltr'><strong>me</strong></span> <span class='ocrx_word' id='word_1_318' title='bbox 2466 2351 2689 2422; x_wconf 87' lang='lat' dir='ltr'><strong>dignus;</strong></span> <span class='ocrx_word' id='word_1_319' title='bbox 2717 2363 2763 2406; x_wconf 90' lang='lat' dir='ltr'><strong>et</strong></span> <span class='ocrx_word' id='word_1_320' title='bbox 2802 2352 2893 2425; x_wconf 88' lang='lat' dir='ltr'><strong>qui</strong></span> <span class='ocrx_word' id='word_1_321' title='bbox 2941 2363 3084 2408; x_wconf 91' lang='lat' dir='ltr'><strong>amat</strong></span> <span class='ocrx_word' id='word_1_322' title='bbox 3113 2353 3285 2423; x_wconf 83' lang='lat' dir='ltr'><strong>ﬁlium</strong></span> <span class='ocrx_word' id='word_1_323' title='bbox 3330 2366 3423 2411; x_wconf 89' lang='lat' dir='ltr'><strong>aut</strong></span> <span class='ocrx_word' id='word_1_324' title='bbox 3455 2355 3626 2426; x_wconf 88' lang='lat' dir='ltr'><strong>ﬁliam</strong></span> <span class='ocrx_word' id='word_1_325' title='bbox 3662 2375 3827 2430; x_wconf 80' lang='lat' dir='ltr'><strong>super</strong></span> 
     </span>
    </p>
   </div>
   <div class='ocr_carea' id='block_1_49' title="bbox 2228 2444 2898 2515">
    <p class='ocr_par' dir='ltr' id='par_1_49' title="bbox 2228 2444 2898 2515">
     <span class='ocr_line' id='line_1_49' title="bbox 2228 2444 2898 2515; baseline 0.01 -24"><span class='ocrx_word' id='word_1_326' title='bbox 2228 2455 2327 2504; x_wconf 90' lang='lat' dir='ltr'><strong>me,</strong></span> <span class='ocrx_word' id='word_1_327' title='bbox 2361 2457 2464 2494; x_wconf 86' lang='lat' dir='ltr'><strong>non</strong></span> <span class='ocrx_word' id='word_1_328' title='bbox 2487 2453 2561 2496; x_wconf 89' lang='lat' dir='ltr'><strong>est</strong></span> <span class='ocrx_word' id='word_1_329' title='bbox 2586 2460 2666 2498; x_wconf 89' lang='lat' dir='ltr'><strong>me</strong></span> <span class='ocrx_word' id='word_1_330' title='bbox 2689 2444 2898 2515; x_wconf 83' lang='lat' dir='ltr'><strong>dignus.</strong></span> 
     </span>
    </p>
   </div>
   <div class='ocr_carea' id='block_1_50' title="bbox 2299 2531 3827 2612">
    <p class='ocr_par' dir='ltr' id='par_1_50' title="bbox 2299 2531 3827 2612">
     <span class='ocr_line' id='line_1_50' title="bbox 2299 2531 3827 2612; baseline 0.007 -25"><span class='ocrx_word' id='word_1_331' title='bbox 2299 2531 2356 2587; x_wconf 92' lang='lat' dir='ltr'><strong>Si</strong></span> <span class='ocrx_word' id='word_1_332' title='bbox 2403 2533 2491 2590; x_wconf 91' lang='lat' dir='ltr'><strong>ille</strong></span> <span class='ocrx_word' id='word_1_333' title='bbox 2542 2535 2634 2605; x_wconf 92' lang='lat' dir='ltr'><strong>qui</strong></span> <span class='ocrx_word' id='word_1_334' title='bbox 2691 2544 2902 2606; x_wconf 90' lang='lat' dir='ltr'><strong>patrem</strong></span> <span class='ocrx_word' id='word_1_335' title='bbox 2949 2545 3248 2594; x_wconf 88' lang='lat' dir='ltr'><strong>matremve</strong></span> <span class='ocrx_word' id='word_1_336' title='bbox 3297 2537 3420 2610; x_wconf 89' lang='lat' dir='ltr'><strong>plus</strong></span> <span class='ocrx_word' id='word_1_337' title='bbox 3468 2551 3617 2596; x_wconf 91' lang='lat' dir='ltr'><strong>amat</strong></span> <span class='ocrx_word' id='word_1_338' title='bbox 3657 2556 3827 2612; x_wconf 85' lang='lat' dir='ltr'><strong>quam</strong></span> 
     </span>
    </p>
   </div>
   <div class='ocr_carea' id='block_1_51' title="bbox 2227 2623 3826 2703">
    <p class='ocr_par' dir='ltr' id='par_1_51' title="bbox 2227 2623 3826 2703">
     <span class='ocr_line' id='line_1_51' title="bbox 2227 2623 3826 2703; baseline 0.006 -23"><span class='ocrx_word' id='word_1_339' title='bbox 2227 2623 2430 2691; x_wconf 90' lang='lat' dir='ltr'><strong>Deum,</strong></span> <span class='ocrx_word' id='word_1_340' title='bbox 2470 2643 2579 2683; x_wconf 93' lang='lat' dir='ltr'><strong>non</strong></span> <span class='ocrx_word' id='word_1_341' title='bbox 2623 2643 2688 2684; x_wconf 90' lang='lat' dir='ltr'><strong>eo</strong></span> <span class='ocrx_word' id='word_1_342' title='bbox 2738 2637 2824 2683; x_wconf 91' lang='lat' dir='ltr'><strong>est</strong></span> <span class='ocrx_word' id='word_1_343' title='bbox 2857 2630 3080 2701; x_wconf 90' lang='lat' dir='ltr'><strong>dignus,</strong></span> <span class='ocrx_word' id='word_1_344' title='bbox 3126 2639 3331 2702; x_wconf 85' lang='lat' dir='ltr'><strong>quanto</strong></span> <span class='ocrx_word' id='word_1_345' title='bbox 3358 2633 3532 2703; x_wconf 75' lang='lat' dir='ltr'><strong>magis</strong></span> <span class='ocrx_word' id='word_1_346' title='bbox 3565 2642 3651 2690; x_wconf 90' lang='lat' dir='ltr'><strong>est</strong></span> <span class='ocrx_word' id='word_1_347' title='bbox 3687 2634 3826 2690; x_wconf 88' lang='lat' dir='ltr'><strong>indi-</strong></span> 
     </span>
    </p>
   </div>
   <div class='ocr_carea' id='block_1_52' title="bbox 2226 2719 3823 2796">
    <p class='ocr_par' dir='ltr' id='par_1_52' title="bbox 2226 2719 3823 2796">
     <span class='ocr_line' id='line_1_52' title="bbox 2226 2719 3823 2796; baseline 0.007 -25"><span class='ocrx_word' id='word_1_348' title='bbox 2226 2733 2386 2788; x_wconf 89' lang='lat' dir='ltr'><strong>gnus,</strong></span> <span class='ocrx_word' id='word_1_349' title='bbox 2413 2719 2458 2774; x_wconf 92' lang='lat' dir='ltr'><strong>si</strong></span> <span class='ocrx_word' id='word_1_350' title='bbox 2489 2720 2612 2789; x_wconf 89' lang='lat' dir='ltr'><strong>plus</strong></span> <span class='ocrx_word' id='word_1_351' title='bbox 2641 2721 2906 2776; x_wconf 90' lang='lat' dir='ltr'><strong>amaverit</strong></span> <span class='ocrx_word' id='word_1_352' title='bbox 2937 2730 3138 2776; x_wconf 87' lang='lat' dir='ltr'><strong>terram</strong></span> <span class='ocrx_word' id='word_1_353' title='bbox 3166 2723 3252 2778; x_wconf 87' lang='lat' dir='ltr'><strong>vel</strong></span> <span class='ocrx_word' id='word_1_354' title='bbox 3291 2724 3555 2794; x_wconf 80' lang='lat' dir='ltr'><strong>porcum?</strong></span> <span class='ocrx_word' id='word_1_355' title='bbox 3579 2725 3823 2796; x_wconf 82' lang='lat' dir='ltr'><strong>Amplius</strong></span> 
     </span>
    </p>
   </div>
   <div class='ocr_carea' id='block_1_53' title="bbox 539 2807 3823 2890">
    <p class='ocr_par' dir='ltr' id='par_1_53' title="bbox 539 2807 3823 2890">
     <span class='ocr_line' id='line_1_53' title="bbox 539 2807 3823 2890; baseline 0.003 -29"><span class='ocrx_word' id='word_1_356' title='bbox 539 2829 590 2874; x_wconf 78' lang='grc' dir='ltr'><em>ει</em></span> <span class='ocrx_word' id='word_1_357' title='bbox 616 2819 854 2890; x_wconf 69' lang='lat' dir='ltr'><strong>pallium,</strong></span> <span class='ocrx_word' id='word_1_358' title='bbox 885 2827 939 2872; x_wconf 72' lang='grc' dir='ltr'><strong>ει</strong></span> <span class='ocrx_word' id='word_1_359' title='bbox 961 2817 1191 2885; x_wconf 73' lang='lat' dir='ltr'><strong>reliqua,</strong></span> <span class='ocrx_word' id='word_1_360' title='bbox 2226 2807 2374 2863; x_wconf 89' lang='lat' dir='ltr'><strong>enim</strong></span> <span class='ocrx_word' id='word_1_361' title='bbox 2403 2809 2519 2862; x_wconf 71' lang='lat' dir='ltr'><strong>haec</strong></span> <span class='ocrx_word' id='word_1_362' title='bbox 2545 2825 2729 2865; x_wconf 88' lang='lat' dir='ltr'><strong>amare</strong></span> <span class='ocrx_word' id='word_1_363' title='bbox 2761 2812 3125 2877; x_wconf 90' lang='lat' dir='ltr'><strong>convincitur,</strong></span> <span class='ocrx_word' id='word_1_364' title='bbox 3169 2813 3260 2882; x_wconf 90' lang='lat' dir='ltr'><strong>qui</strong></span> <span class='ocrx_word' id='word_1_365' title='bbox 3288 2827 3388 2884; x_wconf 87' lang='lat' dir='ltr'><strong>pro</strong></span> <span class='ocrx_word' id='word_1_366' title='bbox 3414 2814 3614 2870; x_wconf 83' lang='lat' dir='ltr'><strong>talibus</strong></span> <span class='ocrx_word' id='word_1_367' title='bbox 3642 2815 3823 2871; x_wconf 79' lang='lat' dir='ltr'><strong>chari-</strong></span> 
     </span>
    </p>
   </div>
   <div class='ocr_carea' id='block_1_54' title="bbox 605 2899 3575 2983">
    <p class='ocr_par' dir='ltr' id='par_1_54' title="bbox 605 2899 3575 2983">
     <span class='ocr_line' id='line_1_54' title="bbox 605 2899 3575 2983; baseline -0.001 -20"><span class='ocrx_word' id='word_1_368' title='bbox 605 2909 842 2978; x_wconf 79' lang='lat' dir='ltr'><strong>Antiquo</strong></span> <span class='ocrx_word' id='word_1_369' title='bbox 876 2908 1074 2983; x_wconf 76' lang='lat' dir='ltr'><strong>populo</strong></span> <span class='ocrx_word' id='word_1_370' title='bbox 1109 2914 1439 2977; x_wconf 72' lang='lat' dir='ltr'><strong>przeceptum</strong></span> <span class='ocrx_word' id='word_1_371' title='bbox 1468 2910 1529 2958; x_wconf 89' lang='lat' dir='ltr'><strong>ut</strong></span> <span class='ocrx_word' id='word_1_372' title='bbox 1565 2919 1780 2974; x_wconf 66' lang='lat' dir='ltr'><strong>qualem</strong></span> <span class='ocrx_word' id='word_1_373' title='bbox 1811 2903 1934 2974; x_wconf 92' lang='lat' dir='ltr'><strong>quis</strong></span> <span class='ocrx_word' id='word_1_374' title='bbox 1971 2903 2126 2959; x_wconf 89' lang='lat' dir='ltr'><strong>alteri</strong></span> <span class='ocrx_word' id='word_1_375' title='bbox 2231 2904 2418 2962; x_wconf 70' lang='lat' dir='ltr'><strong>talem.</strong></span> <span class='ocrx_word' id='word_1_376' title='bbox 2447 2914 2568 2969; x_wconf 83' lang='lat' dir='ltr'><strong>quae</strong></span> <span class='ocrx_word' id='word_1_377' title='bbox 2597 2899 2740 2955; x_wconf 87' lang='lat' dir='ltr'><strong>Deus</strong></span> <span class='ocrx_word' id='word_1_378' title='bbox 2767 2909 2868 2968; x_wconf 91' lang='lat' dir='ltr'><strong>est,</strong></span> <span class='ocrx_word' id='word_1_379' title='bbox 2904 2901 3178 2958; x_wconf 78' lang='lat' dir='ltr'><strong>offendere</strong></span> <span class='ocrx_word' id='word_1_380' title='bbox 3203 2919 3311 2958; x_wconf 92' lang='lat' dir='ltr'><strong>non</strong></span> <span class='ocrx_word' id='word_1_381' title='bbox 3339 2912 3575 2960; x_wconf 91' lang='lat' dir='ltr'><strong>veretur.</strong></span> 
     </span>
    </p>
   </div>
   <div class='ocr_carea' id='block_1_55' title="bbox 537 2988 3823 3069">
    <p class='ocr_par' dir='ltr' id='par_1_55' title="bbox 537 2988 3823 3069">
     <span class='ocr_line' id='line_1_55' title="bbox 537 2988 3823 3069; baseline -0.001 -15"><span class='ocrx_word' id='word_1_382' title='bbox 537 2998 804 3054; x_wconf 89' lang='lat' dir='ltr'><strong>maculam</strong></span> <span class='ocrx_word' id='word_1_383' title='bbox 837 2997 1144 3061; x_wconf 72' lang='lat' dir='ltr'><strong>indixisset,</strong></span> <span class='ocrx_word' id='word_1_384' title='bbox 1169 2996 1328 3050; x_wconf 88' lang='lat' dir='ltr'><strong>talem</strong></span> <span class='ocrx_word' id='word_1_385' title='bbox 1369 2995 1640 3050; x_wconf 91' lang='lat' dir='ltr'><strong>sustinere</strong></span> <span class='ocrx_word' id='word_1_386' title='bbox 1680 2993 2125 3064; x_wconf 87' lang='lat' dir='ltr'><strong>compelleretur;</strong></span> <span class='ocrx_word' id='word_1_387' title='bbox 2299 2989 2464 3044; x_wconf 83' lang='lat' dir='ltr'><strong>Amen</strong></span> <span class='ocrx_word' id='word_1_388' title='bbox 2518 2991 2636 3045; x_wconf 88' lang='lat' dir='ltr'><strong>dico</strong></span> <span class='ocrx_word' id='word_1_389' title='bbox 2686 2992 2872 3048; x_wconf 89' lang='lat' dir='ltr'><strong>vobis:</strong></span> <span class='ocrx_word' id='word_1_390' title='bbox 2905 2993 3027 3047; x_wconf 87' lang='lat' dir='ltr'><strong>Nisi</strong></span> <span class='ocrx_word' id='word_1_391' title='bbox 3075 2995 3310 3048; x_wconf 89' lang='lat' dir='ltr'><strong>conversi</strong></span> <span class='ocrx_word' id='word_1_392' title='bbox 3358 2994 3568 3064; x_wconf 90' lang='lat' dir='ltr'><strong>fueritis</strong></span> <span class='ocrx_word' id='word_1_393' title='bbox 3617 3004 3667 3050; x_wconf 86' lang='lat' dir='ltr'><strong>et</strong></span> <span class='ocrx_word' id='word_1_394' title='bbox 3716 2988 3823 3069; x_wconf 53' lang='lat' dir='ltr'><strong>cf;</strong></span> 
     </span>
    </p>
   </div>
   <div class='ocr_carea' id='block_1_56' title="bbox 537 3079 3824 3156">
    <p class='ocr_par' dir='ltr' id='par_1_56' title="bbox 537 3079 3824 3156">
     <span class='ocr_line' id='line_1_56' title="bbox 537 3079 3824 3156; baseline -0.002 -8"><span class='ocrx_word' id='word_1_395' title='bbox 537 3106 679 3148; x_wconf 88' lang='lat' dir='ltr'><strong>novo</strong></span> <span class='ocrx_word' id='word_1_396' title='bbox 725 3099 936 3156; x_wconf 90' lang='lat' dir='ltr'><strong>autem,</strong></span> <span class='ocrx_word' id='word_1_397' title='bbox 987 3090 1190 3145; x_wconf 89' lang='lat' dir='ltr'><strong>nullum</strong></span> <span class='ocrx_word' id='word_1_398' title='bbox 1243 3089 1444 3144; x_wconf 91' lang='lat' dir='ltr'><strong>malum</strong></span> <span class='ocrx_word' id='word_1_399' title='bbox 1494 3087 1729 3153; x_wconf 81' lang='lat' dir='ltr'><strong>inferre,</strong></span> <span class='ocrx_word' id='word_1_400' title='bbox 1782 3088 1876 3143; x_wconf 91' lang='lat' dir='ltr'><strong>sed</strong></span> <span class='ocrx_word' id='word_1_401' title='bbox 1923 3087 2129 3142; x_wconf 87' lang='lat' dir='ltr'><strong>illatum</strong></span> <span class='ocrx_word' id='word_1_402' title='bbox 2229 3079 2446 3134; x_wconf 81' lang='lat' dir='ltr'><strong>ciumini</strong></span> <span class='ocrx_word' id='word_1_403' title='bbox 2475 3079 2610 3134; x_wconf 78' lang='lat' dir='ltr'><strong>sicut</strong></span> <span class='ocrx_word' id='word_1_404' title='bbox 2634 3079 2864 3150; x_wconf 87' lang='lat' dir='ltr'><strong>parvuli,</strong></span> <span class='ocrx_word' id='word_1_405' title='bbox 2897 3097 3002 3136; x_wconf 89' lang='lat' dir='ltr'><strong>non</strong></span> <span class='ocrx_word' id='word_1_406' title='bbox 3047 3082 3311 3138; x_wconf 89' lang='lat' dir='ltr'><strong>intrabitis</strong></span> <span class='ocrx_word' id='word_1_407' title='bbox 3344 3083 3400 3137; x_wconf 90' lang='lat' dir='ltr'><strong>in</strong></span> <span class='ocrx_word' id='word_1_408' title='bbox 3430 3101 3645 3156; x_wconf 79' lang='lat' dir='ltr'><strong>regnum</strong></span> <span class='ocrx_word' id='word_1_409' title='bbox 3671 3086 3824 3142; x_wconf 66' lang='lat' dir='ltr'><strong>caelo-</strong></span> 
     </span>
    </p>
   </div>
   <div class='ocr_carea' id='block_1_57' title="bbox 536 3181 2371 3254">
    <p class='ocr_par' dir='ltr' id='par_1_57' title="bbox 536 3181 2371 3254">
     <span class='ocr_line' id='line_1_57' title="bbox 536 3181 2371 3254; baseline -0.002 -16"><span class='ocrx_word' id='word_1_410' title='bbox 536 3185 912 3254; x_wconf 78' lang='lat' dir='ltr'><strong>:equanimiter</strong></span> <span class='ocrx_word' id='word_1_411' title='bbox 950 3183 1201 3238; x_wconf 88' lang='lat' dir='ltr'><strong>tolerare.</strong></span> <span class='ocrx_word' id='word_1_412' title='bbox 1247 3181 1347 3248; x_wconf 85' lang='lat' dir='ltr'><strong>Qui</strong></span> <span class='ocrx_word' id='word_1_413' title='bbox 1391 3195 1520 3252; x_wconf 89' lang='lat' dir='ltr'><strong>ergo</strong></span> <span class='ocrx_word' id='word_1_414' title='bbox 1552 3197 1658 3236; x_wconf 92' lang='lat' dir='ltr'><strong>non</strong></span> <span class='ocrx_word' id='word_1_415' title='bbox 1693 3181 1864 3235; x_wconf 91' lang='lat' dir='ltr'><strong>solum</strong></span> <span class='ocrx_word' id='word_1_416' title='bbox 1896 3196 2004 3235; x_wconf 92' lang='lat' dir='ltr'><strong>non</strong></span> <span class='ocrx_word' id='word_1_417' title='bbox 2042 3196 2129 3235; x_wconf 89' lang='lat' dir='ltr'><strong>re-</strong></span> <span class='ocrx_word' id='word_1_418' title='bbox 2165 3248 2197 3254; x_wconf 79' lang='lat'>_</span> <span class='ocrx_word' id='word_1_419' title='bbox 2234 3184 2371 3222; x_wconf 71' lang='lat' dir='ltr'><strong>rum-</strong></span> 
     </span>
    </p>
   </div>
   <div class='ocr_carea' id='block_1_58' title="bbox 537 3248 2126 3341">
    <p class='ocr_par' dir='ltr' id='par_1_58' title="bbox 537 3248 2126 3341">
     <span class='ocr_line' id='line_1_58' title="bbox 537 3248 2126 3341; baseline -0.002 -13"><span class='ocrx_word' id='word_1_420' title='bbox 537 3248 700 3338; x_wconf 80' lang='lat' dir='ltr'><strong>sistit,</strong></span> <span class='ocrx_word' id='word_1_421' title='bbox 733 3272 827 3328; x_wconf 90' lang='lat' dir='ltr'><strong>sed</strong></span> <span class='ocrx_word' id='word_1_422' title='bbox 862 3275 1026 3328; x_wconf 89' lang='lat' dir='ltr'><strong>etiam</strong></span> <span class='ocrx_word' id='word_1_423' title='bbox 1051 3272 1270 3327; x_wconf 91' lang='lat' dir='ltr'><strong>modum</strong></span> <span class='ocrx_word' id='word_1_424' title='bbox 1310 3248 1523 3325; x_wconf 69' lang='lat' dir='ltr'><strong>talionis</strong></span> <span class='ocrx_word' id='word_1_425' title='bbox 1573 3271 1985 3341; x_wconf 84' lang='lat' dir='ltr'><strong>supergrediens</strong></span> <span class='ocrx_word' id='word_1_426' title='bbox 2037 3287 2126 3326; x_wconf 88' lang='lat' dir='ltr'><strong>ex-</strong></span> 
     </span>
    </p>
   </div>
   <div class='ocr_carea' id='block_1_59' title="bbox 2243 3248 3822 3341">
    <p class='ocr_par' dir='ltr' id='par_1_59' title="bbox 2299 3259 3822 3335">
     <span class='ocr_line' id='line_1_59' title="bbox 2299 3259 3822 3335; baseline 0.006 -20"><span class='ocrx_word' id='word_1_427' title='bbox 2299 3259 2468 3329; x_wconf 83' lang='lat' dir='ltr'><strong>Hujus</strong></span> <span class='ocrx_word' id='word_1_428' title='bbox 2495 3261 2749 3333; x_wconf 72' lang='lat' dir='ltr'><strong>praecepti</strong></span> <span class='ocrx_word' id='word_1_429' title='bbox 2779 3263 3159 3335; x_wconf 88' lang='lat' dir='ltr'><strong>negligentiam</strong></span> <span class='ocrx_word' id='word_1_430' title='bbox 3187 3263 3464 3320; x_wconf 91' lang='lat' dir='ltr'><strong>cruciatus</strong></span> <span class='ocrx_word' id='word_1_431' title='bbox 3507 3265 3822 3324; x_wconf 77' lang='lat' dir='ltr'><strong>irremedia-</strong></span> 
     </span>
    </p>
   </div>
   <div class='ocr_carea' id='block_1_60' title="bbox 539 3351 3819 3434">
    <p class='ocr_par' dir='ltr' id='par_1_60' title="bbox 539 3351 3819 3434">
     <span class='ocr_line' id='line_1_60' title="bbox 539 3351 3819 3434; baseline -0.001 -12"><span class='ocrx_word' id='word_1_432' title='bbox 539 3367 704 3431; x_wconf 88' lang='lat' dir='ltr'><strong>cedit,</strong></span> <span class='ocrx_word' id='word_1_433' title='bbox 738 3381 837 3421; x_wconf 89' lang='lat' dir='ltr'><strong>nec</strong></span> <span class='ocrx_word' id='word_1_434' title='bbox 886 3366 955 3420; x_wconf 90' lang='lat' dir='ltr'><strong>ad</strong></span> <span class='ocrx_word' id='word_1_435' title='bbox 999 3365 1279 3434; x_wconf 89' lang='lat' dir='ltr'><strong>antiquum</strong></span> <span class='ocrx_word' id='word_1_436' title='bbox 1325 3361 1579 3432; x_wconf 88' lang='lat' dir='ltr'><strong>p0pulum</strong></span> <span class='ocrx_word' id='word_1_437' title='bbox 1615 3363 1869 3432; x_wconf 86' lang='lat' dir='ltr'><strong>pertinet,</strong></span> <span class='ocrx_word' id='word_1_438' title='bbox 1915 3378 2018 3417; x_wconf 88' lang='lat' dir='ltr'><strong>nec</strong></span> <span class='ocrx_word' id='word_1_439' title='bbox 2060 3362 2127 3418; x_wconf 82' lang='lat' dir='ltr'><strong>ad</strong></span> <span class='ocrx_word' id='word_1_440' title='bbox 2227 3351 2352 3409; x_wconf 87' lang='lat' dir='ltr'><strong>bilis</strong></span> <span class='ocrx_word' id='word_1_441' title='bbox 2409 3363 2464 3410; x_wconf 90' lang='lat' dir='ltr'><strong>et</strong></span> <span class='ocrx_word' id='word_1_442' title='bbox 2509 3354 2752 3410; x_wconf 85' lang='lat' dir='ltr'><strong>infinitus</strong></span> <span class='ocrx_word' id='word_1_443' title='bbox 2802 3365 3077 3426; x_wconf 88' lang='lat' dir='ltr'><strong>sequetur.</strong></span> <span class='ocrx_word' id='word_1_444' title='bbox 3139 3355 3304 3412; x_wconf 87' lang='lat' dir='ltr'><strong>Porta</strong></span> <span class='ocrx_word' id='word_1_445' title='bbox 3370 3359 3523 3430; x_wconf 78' lang='lat' dir='ltr'><strong>regni</strong></span> <span class='ocrx_word' id='word_1_446' title='bbox 3581 3361 3819 3419; x_wconf 62' lang='lat' dir='ltr'><strong>calcatis</strong></span> 
     </span>
    </p>
   </div>
   <div class='ocr_carea' id='block_1_61' title="bbox 541 3453 2131 3525">
    <p class='ocr_par' dir='ltr' id='par_1_61' title="bbox 541 3453 2131 3525">
     <span class='ocr_line' id='line_1_61' title="bbox 541 3453 2131 3525; baseline -0.003 -11"><span class='ocrx_word' id='word_1_447' title='bbox 541 3475 760 3514; x_wconf 89' lang='lat' dir='ltr'><strong>novum.</strong></span> <span class='ocrx_word' id='word_1_448' title='bbox 794 3456 940 3525; x_wconf 82' lang='lat' dir='ltr'><strong>Quos</strong></span> <span class='ocrx_word' id='word_1_449' title='bbox 957 3455 1210 3525; x_wconf 87' lang='lat' dir='ltr'><strong>jubemur</strong></span> <span class='ocrx_word' id='word_1_450' title='bbox 1234 3453 1478 3524; x_wconf 84' lang='lat' dir='ltr'><strong>diligere,</strong></span> <span class='ocrx_word' id='word_1_451' title='bbox 1506 3469 1612 3509; x_wconf 91' lang='lat' dir='ltr'><strong>non</strong></span> <span class='ocrx_word' id='word_1_452' title='bbox 1642 3454 2006 3525; x_wconf 89' lang='lat' dir='ltr'><strong>permittimur</strong></span> <span class='ocrx_word' id='word_1_453' title='bbox 2036 3468 2131 3510; x_wconf 68' lang='lat' dir='ltr'><strong>no-</strong></span> 
     </span>
    </p>
   </div>
   <div class='ocr_carea' id='block_1_62' title="bbox 543 3549 979 3605">
    <p class='ocr_par' dir='ltr' id='par_1_62' title="bbox 543 3549 979 3605">
     <span class='ocr_line' id='line_1_62' title="bbox 543 3549 979 3605; baseline -0.007 0"><span class='ocrx_word' id='word_1_454' title='bbox 543 3558 733 3605; x_wconf 88' lang='lat' dir='ltr'><strong>centes</strong></span> <span class='ocrx_word' id='word_1_455' title='bbox 762 3549 979 3604; x_wconf 83' lang='lat' dir='ltr'><strong>laedere.</strong></span> 
     </span>
    </p>
   </div>
   <div class='ocr_carea' id='block_1_63' title="bbox 614 3637 2130 3711">
    <p class='ocr_par' dir='ltr' id='par_1_63' title="bbox 614 3637 2130 3711">
     <span class='ocr_line' id='line_1_63' title="bbox 614 3637 2130 3711; baseline 0.001 -18"><span class='ocrx_word' id='word_1_456' title='bbox 614 3637 808 3694; x_wconf 90' lang='lat' dir='ltr'><strong>Tribus</strong></span> <span class='ocrx_word' id='word_1_457' title='bbox 839 3639 1013 3694; x_wconf 89' lang='lat' dir='ltr'><strong>modis</strong></span> <span class='ocrx_word' id='word_1_458' title='bbox 1053 3647 1328 3710; x_wconf 89' lang='lat' dir='ltr'><strong>peccatur,</strong></span> <span class='ocrx_word' id='word_1_459' title='bbox 1373 3638 1724 3711; x_wconf 87' lang='lat' dir='ltr'><strong>cogitatione,</strong></span> <span class='ocrx_word' id='word_1_460' title='bbox 1768 3637 2040 3693; x_wconf 88' lang='lat' dir='ltr'><strong>locutione</strong></span> <span class='ocrx_word' id='word_1_461' title='bbox 2074 3645 2130 3694; x_wconf 92' lang='lat' dir='ltr'><strong>et</strong></span> 
     </span>
    </p>
   </div>
   <div class='ocr_carea' id='block_1_64' title="bbox 544 3729 2131 3803">
    <p class='ocr_par' dir='ltr' id='par_1_64' title="bbox 544 3729 2131 3803">
     <span class='ocr_line' id='line_1_64' title="bbox 544 3729 2131 3803; baseline 0 -17"><span class='ocrx_word' id='word_1_462' title='bbox 544 3731 774 3787; x_wconf 86' lang='lat' dir='ltr'><strong>actione.</strong></span> <span class='ocrx_word' id='word_1_463' title='bbox 802 3729 958 3786; x_wconf 89' lang='lat' dir='ltr'><strong>Patet</strong></span> <span class='ocrx_word' id='word_1_464' title='bbox 984 3745 1114 3803; x_wconf 90' lang='lat' dir='ltr'><strong>ergo</strong></span> <span class='ocrx_word' id='word_1_465' title='bbox 1140 3731 1194 3786; x_wconf 89' lang='lat' dir='ltr'><strong>in</strong></span> <span class='ocrx_word' id='word_1_466' title='bbox 1223 3731 1549 3802; x_wconf 82' lang='lat' dir='ltr'><strong>cogitatione</strong></span> <span class='ocrx_word' id='word_1_467' title='bbox 1585 3731 1822 3786; x_wconf 88' lang='lat' dir='ltr'><strong>radicem</strong></span> <span class='ocrx_word' id='word_1_468' title='bbox 1865 3746 1986 3786; x_wconf 89' lang='lat' dir='ltr'><strong>esse</strong></span> <span class='ocrx_word' id='word_1_469' title='bbox 2016 3747 2131 3786; x_wconf 88' lang='lat' dir='ltr'><strong>ma-</strong></span> 
     </span>
    </p>
   </div>
   <div class='ocr_carea' id='block_1_65' title="bbox 545 3821 2132 3893">
    <p class='ocr_par' dir='ltr' id='par_1_65' title="bbox 545 3821 2132 3893">
     <span class='ocr_line' id='line_1_65' title="bbox 545 3821 2132 3893; baseline 0.002 -18"><span class='ocrx_word' id='word_1_470' title='bbox 545 3821 741 3887; x_wconf 92' lang='lat' dir='ltr'><strong>lorum,</strong></span> <span class='ocrx_word' id='word_1_471' title='bbox 769 3821 977 3876; x_wconf 88' lang='lat' dir='ltr'><strong>fructus</strong></span> <span class='ocrx_word' id='word_1_472' title='bbox 1001 3830 1180 3878; x_wconf 89' lang='lat' dir='ltr'><strong>autem</strong></span> <span class='ocrx_word' id='word_1_473' title='bbox 1209 3824 1262 3876; x_wconf 91' lang='lat' dir='ltr'><strong>in</strong></span> <span class='ocrx_word' id='word_1_474' title='bbox 1289 3823 1619 3892; x_wconf 89' lang='lat' dir='ltr'><strong>operatione.</strong></span> <span class='ocrx_word' id='word_1_475' title='bbox 1652 3822 1717 3876; x_wconf 88' lang='lat' dir='ltr'><strong>Et</strong></span> <span class='ocrx_word' id='word_1_476' title='bbox 1736 3832 2132 3893; x_wconf 91' lang='lat' dir='ltr'><strong>consequenter</strong></span> 
     </span>
    </p>
   </div>
   <div class='ocr_carea' id='block_1_66' title="bbox 545 3912 2131 3984">
    <p class='ocr_par' dir='ltr' id='par_1_66' title="bbox 545 3912 2131 3984">
     <span class='ocr_line' id='line_1_66' title="bbox 545 3912 2131 3984; baseline 0.003 -18"><span class='ocrx_word' id='word_1_477' title='bbox 545 3912 712 3966; x_wconf 84' lang='lat' dir='ltr'><strong>veteri</strong></span> <span class='ocrx_word' id='word_1_478' title='bbox 762 3913 955 3984; x_wconf 89' lang='lat' dir='ltr'><strong>populo</strong></span> <span class='ocrx_word' id='word_1_479' title='bbox 1001 3912 1207 3968; x_wconf 90' lang='lat' dir='ltr'><strong>fructus</strong></span> <span class='ocrx_word' id='word_1_480' title='bbox 1249 3914 1514 3969; x_wconf 88' lang='lat' dir='ltr'><strong>malorum</strong></span> <span class='ocrx_word' id='word_1_481' title='bbox 1557 3922 1830 3980; x_wconf 90' lang='lat' dir='ltr'><strong>vetantur,</strong></span> <span class='ocrx_word' id='word_1_482' title='bbox 1879 3915 1933 3969; x_wconf 94' lang='lat' dir='ltr'><strong>in</strong></span> <span class='ocrx_word' id='word_1_483' title='bbox 1989 3931 2131 3971; x_wconf 89' lang='lat' dir='ltr'><strong>novo</strong></span> 
     </span>
    </p>
   </div>
   <div class='ocr_carea' id='block_1_67' title="bbox 544 4005 2131 4079">
    <p class='ocr_par' dir='ltr' id='par_1_67' title="bbox 544 4005 2131 4079">
     <span class='ocr_line' id='line_1_67' title="bbox 544 4005 2131 4079; baseline 0.005 -23"><span class='ocrx_word' id='word_1_484' title='bbox 544 4019 672 4057; x_wconf 87' lang='lat' dir='ltr'><strong>vero</strong></span> <span class='ocrx_word' id='word_1_485' title='bbox 695 4005 904 4060; x_wconf 88' lang='lat' dir='ltr'><strong>radices</strong></span> <span class='ocrx_word' id='word_1_486' title='bbox 930 4008 1229 4076; x_wconf 81' lang='lat' dir='ltr'><strong>exstirpare</strong></span> <span class='ocrx_word' id='word_1_487' title='bbox 1248 4007 1502 4076; x_wconf 87' lang='lat' dir='ltr'><strong>jubemur</strong></span> <span class='ocrx_word' id='word_1_488' title='bbox 1529 4027 1541 4061; x_wconf 88' lang='lat'><strong>:</strong></span> <span class='ocrx_word' id='word_1_489' title='bbox 1577 4009 1802 4079; x_wconf 88' lang='lat' dir='ltr'><strong>ideoque</strong></span> <span class='ocrx_word' id='word_1_490' title='bbox 1839 4009 1980 4079; x_wconf 88' lang='lat' dir='ltr'><strong>apud</strong></span> <span class='ocrx_word' id='word_1_491' title='bbox 2011 4008 2131 4064; x_wconf 92' lang='lat' dir='ltr'><strong>illos</strong></span> 
     </span>
    </p>
   </div>
   <div class='ocr_carea' id='block_1_68' title="bbox 545 4096 2132 4168">
    <p class='ocr_par' dir='ltr' id='par_1_68' title="bbox 545 4096 2132 4168">
     <span class='ocr_line' id='line_1_68' title="bbox 545 4096 2132 4168; baseline 0.004 -18"><span class='ocrx_word' id='word_1_492' title='bbox 545 4096 894 4150; x_wconf 91' lang='lat' dir='ltr'><strong>homicidium</strong></span> <span class='ocrx_word' id='word_1_493' title='bbox 939 4099 991 4152; x_wconf 91' lang='lat' dir='ltr'><strong>in</strong></span> <span class='ocrx_word' id='word_1_494' title='bbox 1043 4109 1197 4152; x_wconf 88' lang='lat' dir='ltr'><strong>reatu</strong></span> <span class='ocrx_word' id='word_1_495' title='bbox 1255 4109 1413 4164; x_wconf 88' lang='lat' dir='ltr'><strong>erat;</strong></span> <span class='ocrx_word' id='word_1_496' title='bbox 1466 4103 1605 4168; x_wconf 84' lang='lat' dir='ltr'><strong>apud</strong></span> <span class='ocrx_word' id='word_1_497' title='bbox 1662 4116 1762 4155; x_wconf 90' lang='lat' dir='ltr'><strong>nos</strong></span> <span class='ocrx_word' id='word_1_498' title='bbox 1816 4112 1997 4155; x_wconf 92' lang='lat' dir='ltr'><strong>autem</strong></span> <span class='ocrx_word' id='word_1_499' title='bbox 2049 4102 2132 4156; x_wconf 88' lang='lat' dir='ltr'><strong>ira</strong></span> 
     </span>
    </p>
   </div>
   <div class='ocr_carea' id='block_1_69' title="bbox 545 4185 2131 4259">
    <p class='ocr_par' dir='ltr' id='par_1_69' title="bbox 545 4185 2131 4259">
     <span class='ocr_line' id='line_1_69' title="bbox 545 4185 2131 4259; baseline 0.003 -18"><span class='ocrx_word' id='word_1_500' title='bbox 545 4185 756 4241; x_wconf 89' lang='lat' dir='ltr'><strong>occulta</strong></span> <span class='ocrx_word' id='word_1_501' title='bbox 800 4193 856 4240; x_wconf 91' lang='lat' dir='ltr'><strong>et</strong></span> <span class='ocrx_word' id='word_1_502' title='bbox 899 4201 1077 4241; x_wconf 92' lang='lat' dir='ltr'><strong>sermo</strong></span> <span class='ocrx_word' id='word_1_503' title='bbox 1125 4185 1438 4254; x_wconf 72' lang='lat' dir='ltr'><strong>iniuriosus.</strong></span> <span class='ocrx_word' id='word_1_504' title='bbox 1485 4188 1826 4259; x_wconf 82' lang='lat' dir='ltr'><strong>Quapropter</strong></span> <span class='ocrx_word' id='word_1_505' title='bbox 1857 4192 1947 4259; x_wconf 90' lang='lat' dir='ltr'><strong>qui</strong></span> <span class='ocrx_word' id='word_1_506' title='bbox 1977 4205 2131 4245; x_wconf 89' lang='lat' dir='ltr'><strong>men-</strong></span> 
     </span>
    </p>
   </div>
   <div class='ocr_carea' id='block_1_70' title="bbox 549 4278 2132 4352">
    <p class='ocr_par' dir='ltr' id='par_1_70' title="bbox 549 4278 2132 4352">
     <span class='ocr_line' id='line_1_70' title="bbox 549 4278 2132 4352; baseline 0.003 -19"><span class='ocrx_word' id='word_1_507' title='bbox 549 4286 656 4333; x_wconf 89' lang='lat' dir='ltr'><strong>tem</strong></span> <span class='ocrx_word' id='word_1_508' title='bbox 687 4294 792 4334; x_wconf 92' lang='lat' dir='ltr'><strong>non</strong></span> <span class='ocrx_word' id='word_1_509' title='bbox 834 4287 1028 4350; x_wconf 86' lang='lat' dir='ltr'><strong>purgat</strong></span> <span class='ocrx_word' id='word_1_510' title='bbox 1067 4293 1098 4332; x_wconf 89' lang='lat' dir='ltr'><strong>a</strong></span> <span class='ocrx_word' id='word_1_511' title='bbox 1152 4278 1352 4343; x_wconf 82' lang='lat' dir='ltr'><strong>furore,</strong></span> <span class='ocrx_word' id='word_1_512' title='bbox 1393 4295 1492 4335; x_wconf 89' lang='lat' dir='ltr'><strong>nec</strong></span> <span class='ocrx_word' id='word_1_513' title='bbox 1522 4296 1715 4335; x_wconf 91' lang='lat' dir='ltr'><strong>manus</strong></span> <span class='ocrx_word' id='word_1_514' title='bbox 1761 4283 2057 4352; x_wconf 90' lang='lat' dir='ltr'><strong>compescit</strong></span> <span class='ocrx_word' id='word_1_515' title='bbox 2099 4298 2132 4338; x_wconf 90' lang='lat' dir='ltr'><strong>a</strong></span> 
     </span>
    </p>
   </div>
   <div class='ocr_carea' id='block_1_71' title="bbox 547 4369 2132 4442">
    <p class='ocr_par' dir='ltr' id='par_1_71' title="bbox 547 4369 2132 4442">
     <span class='ocr_line' id='line_1_71' title="bbox 547 4369 2132 4442; baseline 0.003 -17"><span class='ocrx_word' id='word_1_516' title='bbox 547 4371 714 4435; x_wconf 73' lang='lat' dir='ltr'><strong>caede,</strong></span> <span class='ocrx_word' id='word_1_517' title='bbox 743 4385 844 4426; x_wconf 92' lang='lat' dir='ltr'><strong>nec</strong></span> <span class='ocrx_word' id='word_1_518' title='bbox 886 4385 1010 4425; x_wconf 91' lang='lat' dir='ltr'><strong>cum</strong></span> <span class='ocrx_word' id='word_1_519' title='bbox 1046 4369 1284 4440; x_wconf 90' lang='lat' dir='ltr'><strong>antiquis</strong></span> <span class='ocrx_word' id='word_1_520' title='bbox 1324 4369 1424 4442; x_wconf 90' lang='lat' dir='ltr'><strong>legi</strong></span> <span class='ocrx_word' id='word_1_521' title='bbox 1477 4371 1723 4428; x_wconf 90' lang='lat' dir='ltr'><strong>subditus</strong></span> <span class='ocrx_word' id='word_1_522' title='bbox 1752 4381 1855 4440; x_wconf 89' lang='lat' dir='ltr'><strong>est,</strong></span> <span class='ocrx_word' id='word_1_523' title='bbox 1884 4386 1984 4429; x_wconf 88' lang='lat' dir='ltr'><strong>nec</strong></span> <span class='ocrx_word' id='word_1_524' title='bbox 2008 4388 2132 4429; x_wconf 93' lang='lat' dir='ltr'><strong>cum</strong></span> 
     </span>
    </p>
   </div>
   <div class='ocr_carea' id='block_1_72' title="bbox 547 4460 1822 4532">
    <p class='ocr_par' dir='ltr' id='par_1_72' title="bbox 547 4460 1822 4532">
     <span class='ocr_line' id='line_1_72' title="bbox 547 4460 1822 4532; baseline 0.001 -15"><span class='ocrx_word' id='word_1_525' title='bbox 547 4462 702 4518; x_wconf 86' lang='lat' dir='ltr'><strong>novis</strong></span> <span class='ocrx_word' id='word_1_526' title='bbox 727 4461 1049 4532; x_wconf 67' lang='lat' dir='ltr'><strong>evangelicae</strong></span> <span class='ocrx_word' id='word_1_527' title='bbox 1079 4461 1268 4529; x_wconf 68' lang='lat' dir='ltr'><strong>gratim</strong></span> <span class='ocrx_word' id='word_1_528' title='bbox 1294 4460 1540 4518; x_wconf 84' lang='lat' dir='ltr'><strong>libertate</strong></span> <span class='ocrx_word' id='word_1_529' title='bbox 1571 4464 1822 4520; x_wconf 85' lang='lat' dir='ltr'><strong>donatus.</strong></span> 
     </span>
    </p>
   </div>
   <div class='ocr_carea' id='block_1_73' title="bbox 618 4553 2128 4628">
    <p class='ocr_par' dir='ltr' id='par_1_73' title="bbox 618 4553 2128 4628">
     <span class='ocr_line' id='line_1_73' title="bbox 618 4553 2128 4628; baseline 0.004 -22"><span class='ocrx_word' id='word_1_530' title='bbox 618 4553 853 4606; x_wconf 78' lang='lat' dir='ltr'><strong>Audistis</strong></span> <span class='ocrx_word' id='word_1_531' title='bbox 874 4553 998 4622; x_wconf 92' lang='lat' dir='ltr'><strong>quia</strong></span> <span class='ocrx_word' id='word_1_532' title='bbox 1030 4553 1226 4606; x_wconf 90' lang='lat' dir='ltr'><strong>dictum</strong></span> <span class='ocrx_word' id='word_1_533' title='bbox 1264 4562 1338 4608; x_wconf 90' lang='lat' dir='ltr'><strong>est</strong></span> <span class='ocrx_word' id='word_1_534' title='bbox 1366 4570 1384 4608; x_wconf 90' lang='lat'><strong><em>:</em></strong></span> <span class='ocrx_word' id='word_1_535' title='bbox 1419 4554 1614 4626; x_wconf 88' lang='lat' dir='ltr'><strong>Diliges</strong></span> <span class='ocrx_word' id='word_1_536' title='bbox 1639 4558 1934 4628; x_wconf 80' lang='lat' dir='ltr'><strong>proximum</strong></span> <span class='ocrx_word' id='word_1_537' title='bbox 1957 4567 2128 4624; x_wconf 91' lang='lat' dir='ltr'><strong>tuum,</strong></span> 
     </span>
    </p>
   </div>
   <div class='ocr_carea' id='block_1_74' title="bbox 548 4644 2134 4718">
    <p class='ocr_par' dir='ltr' id='par_1_74' title="bbox 548 4644 2134 4718">
     <span class='ocr_line' id='line_1_74' title="bbox 548 4644 2134 4718; baseline 0.006 -18"><span class='ocrx_word' id='word_1_538' title='bbox 548 4655 596 4700; x_wconf 93' lang='lat' dir='ltr'><strong>et</strong></span> <span class='ocrx_word' id='word_1_539' title='bbox 624 4645 765 4700; x_wconf 90' lang='lat' dir='ltr'><strong>odies</strong></span> <span class='ocrx_word' id='word_1_540' title='bbox 790 4646 1059 4699; x_wconf 90' lang='lat' dir='ltr'><strong>inimicum</strong></span> <span class='ocrx_word' id='word_1_541' title='bbox 1098 4656 1264 4700; x_wconf 90' lang='lat' dir='ltr'><strong>tuum.</strong></span> <span class='ocrx_word' id='word_1_542' title='bbox 1309 4644 1421 4718; x_wconf 84' lang='lat' dir='ltr'><strong>Ego</strong></span> <span class='ocrx_word' id='word_1_543' title='bbox 1451 4659 1625 4703; x_wconf 89' lang='lat' dir='ltr'><strong>autem</strong></span> <span class='ocrx_word' id='word_1_544' title='bbox 1649 4650 1765 4704; x_wconf 88' lang='lat' dir='ltr'><strong>dico</strong></span> <span class='ocrx_word' id='word_1_545' title='bbox 1789 4651 1930 4706; x_wconf 88' lang='lat' dir='ltr'><strong>vobis</strong></span> <span class='ocrx_word' id='word_1_546' title='bbox 1953 4665 1970 4703; x_wconf 91' lang='lat'><strong><em>:</em></strong></span> <span class='ocrx_word' id='word_1_547' title='bbox 1996 4653 2134 4709; x_wconf 90' lang='lat' dir='ltr'><strong>Dili-</strong></span> 
     </span>
    </p>
   </div>
   <div class='ocr_carea' id='block_1_75' title="bbox 550 4737 2134 4811">
    <p class='ocr_par' dir='ltr' id='par_1_75' title="bbox 550 4737 2134 4811">
     <span class='ocr_line' id='line_1_75' title="bbox 550 4737 2134 4811; baseline 0.006 -21"><span class='ocrx_word' id='word_1_548' title='bbox 550 4737 651 4808; x_wconf 88' lang='lat' dir='ltr'><strong>gite</strong></span> <span class='ocrx_word' id='word_1_549' title='bbox 679 4738 915 4792; x_wconf 90' lang='lat' dir='ltr'><strong>inimicos</strong></span> <span class='ocrx_word' id='word_1_550' title='bbox 947 4747 1158 4803; x_wconf 72' lang='lat' dir='ltr'><strong>vestros,</strong></span> <span class='ocrx_word' id='word_1_551' title='bbox 1183 4738 1467 4808; x_wconf 88' lang='lat' dir='ltr'><strong>benefacite</strong></span> <span class='ocrx_word' id='word_1_552' title='bbox 1493 4740 1572 4794; x_wconf 90' lang='lat' dir='ltr'><strong>his</strong></span> <span class='ocrx_word' id='word_1_553' title='bbox 1597 4741 1688 4811; x_wconf 86' lang='lat' dir='ltr'><strong>qui</strong></span> <span class='ocrx_word' id='word_1_554' title='bbox 1706 4742 1924 4796; x_wconf 89' lang='lat' dir='ltr'><strong>oderunt</strong></span> <span class='ocrx_word' id='word_1_555' title='bbox 1947 4761 2056 4810; x_wconf 87' lang='lat' dir='ltr'><strong>vos,</strong></span> <span class='ocrx_word' id='word_1_556' title='bbox 2085 4755 2134 4800; x_wconf 88' lang='lat' dir='ltr'><strong>et</strong></span> 
     </span>
    </p>
   </div>
   <div class='ocr_carea' id='block_1_76' title="bbox 551 4830 2134 4902">
    <p class='ocr_par' dir='ltr' id='par_1_76' title="bbox 551 4830 2134 4902">
     <span class='ocr_line' id='line_1_76' title="bbox 551 4830 2134 4902; baseline 0.005 -20"><span class='ocrx_word' id='word_1_557' title='bbox 551 4838 694 4884; x_wconf 91' lang='lat' dir='ltr'><strong>orate</strong></span> <span class='ocrx_word' id='word_1_558' title='bbox 716 4846 810 4899; x_wconf 91' lang='lat' dir='ltr'><strong>pro</strong></span> <span class='ocrx_word' id='word_1_559' title='bbox 834 4831 1254 4902; x_wconf 86' lang='lat' dir='ltr'><strong>persequentibus</strong></span> <span class='ocrx_word' id='word_1_560' title='bbox 1277 4840 1325 4885; x_wconf 85' lang='lat' dir='ltr'><strong>et</strong></span> <span class='ocrx_word' id='word_1_561' title='bbox 1349 4830 1790 4886; x_wconf 88' lang='lat' dir='ltr'><strong>calumniantibus</strong></span> <span class='ocrx_word' id='word_1_562' title='bbox 1816 4850 1922 4897; x_wconf 85' lang='lat' dir='ltr'><strong>vos,</strong></span> <span class='ocrx_word' id='word_1_563' title='bbox 1948 4844 2002 4888; x_wconf 89' lang='lat' dir='ltr'><strong>ut</strong></span> <span class='ocrx_word' id='word_1_564' title='bbox 2020 4836 2134 4891; x_wconf 87' lang='lat' dir='ltr'><strong>sitis</strong></span> 
     </span>
    </p>
   </div>
   <div class='ocr_carea' id='block_1_77' title="bbox 549 4917 2133 4994">
    <p class='ocr_par' dir='ltr' id='par_1_77' title="bbox 549 4917 2133 4994">
     <span class='ocr_line' id='line_1_77' title="bbox 549 4917 2133 4994; baseline 0.007 -24"><span class='ocrx_word' id='word_1_565' title='bbox 549 4917 648 4988; x_wconf 90' lang='lat' dir='ltr'><strong>ﬁlii</strong></span> <span class='ocrx_word' id='word_1_566' title='bbox 698 4917 876 4973; x_wconf 90' lang='lat' dir='ltr'><strong>Patris</strong></span> <span class='ocrx_word' id='word_1_567' title='bbox 923 4923 1096 4986; x_wconf 87' lang='lat' dir='ltr'><strong>vestri,</strong></span> <span class='ocrx_word' id='word_1_568' title='bbox 1134 4921 1224 4991; x_wconf 89' lang='lat' dir='ltr'><strong>qui</strong></span> <span class='ocrx_word' id='word_1_569' title='bbox 1263 4921 1317 4974; x_wconf 90' lang='lat' dir='ltr'><strong>in</strong></span> <span class='ocrx_word' id='word_1_570' title='bbox 1358 4921 1497 4975; x_wconf 67' lang='lat' dir='ltr'><strong>caelis</strong></span> <span class='ocrx_word' id='word_1_571' title='bbox 1539 4931 1634 4986; x_wconf 89' lang='lat' dir='ltr'><strong>est,</strong></span> <span class='ocrx_word' id='word_1_572' title='bbox 1665 4924 1753 4994; x_wconf 90' lang='lat' dir='ltr'><strong>qui</strong></span> <span class='ocrx_word' id='word_1_573' title='bbox 1795 4925 1957 4980; x_wconf 84' lang='lat' dir='ltr'><strong>solent</strong></span> <span class='ocrx_word' id='word_1_574' title='bbox 1980 4943 2133 4981; x_wconf 90' lang='lat' dir='ltr'><strong>suum</strong></span> 
     </span>
    </p>
   </div>
   <div class='ocr_carea' id='block_1_78' title="bbox 551 5008 2133 5087">
    <p class='ocr_par' dir='ltr' id='par_1_78' title="bbox 551 5008 2133 5087">
     <span class='ocr_line' id='line_1_78' title="bbox 551 5008 2133 5087; baseline 0.006 -23"><span class='ocrx_word' id='word_1_575' title='bbox 551 5009 677 5064; x_wconf 92' lang='lat' dir='ltr'><strong>oriri</strong></span> <span class='ocrx_word' id='word_1_576' title='bbox 702 5008 831 5078; x_wconf 90' lang='lat' dir='ltr'><strong>facit</strong></span> <span class='ocrx_word' id='word_1_577' title='bbox 852 5026 1008 5080; x_wconf 88' lang='lat' dir='ltr'><strong>super</strong></span> <span class='ocrx_word' id='word_1_578' title='bbox 1028 5011 1186 5064; x_wconf 90' lang='lat' dir='ltr'><strong>bonos</strong></span> <span class='ocrx_word' id='word_1_579' title='bbox 1207 5020 1255 5064; x_wconf 93' lang='lat' dir='ltr'><strong>et</strong></span> <span class='ocrx_word' id='word_1_580' title='bbox 1284 5010 1471 5075; x_wconf 91' lang='lat' dir='ltr'><strong>malos,</strong></span> <span class='ocrx_word' id='word_1_581' title='bbox 1496 5021 1544 5066; x_wconf 90' lang='lat' dir='ltr'><strong>et</strong></span> <span class='ocrx_word' id='word_1_582' title='bbox 1566 5013 1697 5083; x_wconf 89' lang='lat' dir='ltr'><strong>pluit</strong></span> <span class='ocrx_word' id='word_1_583' title='bbox 1719 5032 1876 5086; x_wconf 83' lang='lat' dir='ltr'><strong>super</strong></span> <span class='ocrx_word' id='word_1_584' title='bbox 1889 5017 2063 5087; x_wconf 85' lang='lat' dir='ltr'><strong>justas</strong></span> <span class='ocrx_word' id='word_1_585' title='bbox 2085 5027 2133 5073; x_wconf 91' lang='lat' dir='ltr'><strong>et</strong></span> 
     </span>
    </p>
   </div>
   <div class='ocr_carea' id='block_1_79' title="bbox 549 5098 2134 5178">
    <p class='ocr_par' dir='ltr' id='par_1_79' title="bbox 549 5098 2134 5178">
     <span class='ocr_line' id='line_1_79' title="bbox 549 5098 2134 5178; baseline 0.005 -24"><span class='ocrx_word' id='word_1_586' title='bbox 549 5100 794 5169; x_wconf 87' lang='lat' dir='ltr'><strong>injustas.</strong></span> <span class='ocrx_word' id='word_1_587' title='bbox 829 5098 888 5154; x_wconf 89' lang='lat' dir='ltr'><strong>Si</strong></span> <span class='ocrx_word' id='word_1_588' title='bbox 917 5102 1054 5155; x_wconf 88' lang='lat' dir='ltr'><strong>enim</strong></span> <span class='ocrx_word' id='word_1_589' title='bbox 1087 5102 1306 5172; x_wconf 85' lang='lat' dir='ltr'><strong>diligitis</strong></span> <span class='ocrx_word' id='word_1_590' title='bbox 1345 5119 1430 5156; x_wconf 89' lang='lat' dir='ltr'><strong>eos</strong></span> <span class='ocrx_word' id='word_1_591' title='bbox 1470 5103 1558 5172; x_wconf 88' lang='lat' dir='ltr'><strong>qui</strong></span> <span class='ocrx_word' id='word_1_592' title='bbox 1584 5121 1669 5158; x_wconf 86' lang='lat' dir='ltr'><strong>vos</strong></span> <span class='ocrx_word' id='word_1_593' title='bbox 1695 5106 2134 5178; x_wconf 37' lang='lat' dir='ltr'><strong>diligunthquam</strong></span> 
     </span>
    </p>
   </div>
   <div class='ocr_carea' id='block_1_80' title="bbox 550 5179 2135 5268">
    <p class='ocr_par' dir='ltr' id='par_1_80' title="bbox 550 5179 2135 5268">
     <span class='ocr_line' id='line_1_80' title="bbox 550 5179 2135 5268; baseline 0.005 -23"><span class='ocrx_word' id='word_1_594' title='bbox 550 5191 835 5246; x_wconf 87' lang='lat' dir='ltr'><strong>mercedem</strong></span> <span class='ocrx_word' id='word_1_595' title='bbox 864 5191 1155 5249; x_wconf 77' lang='lat' dir='ltr'><strong>habebitis?</strong></span> <span class='ocrx_word' id='word_1_596' title='bbox 1181 5194 1370 5248; x_wconf 87' lang='lat' dir='ltr'><strong>Nonne</strong></span> <span class='ocrx_word' id='word_1_597' title='bbox 1395 5205 1442 5248; x_wconf 91' lang='lat' dir='ltr'><strong>et</strong></span> <span class='ocrx_word' id='word_1_598' title='bbox 1467 5195 1729 5266; x_wconf 88' lang='lat' dir='ltr'><strong>publicani</strong></span> <span class='ocrx_word' id='word_1_599' title='bbox 1761 5199 1858 5252; x_wconf 89' lang='lat' dir='ltr'><strong>hoc</strong></span> <span class='ocrx_word' id='word_1_600' title='bbox 1887 5179 2087 5268; x_wconf 85' lang='lat' dir='ltr'><strong>faciunt</strong></span> <span class='ocrx_word' id='word_1_601' title='bbox 2110 5200 2135 5253; x_wconf 84' lang='lat'><strong><em>?</em></strong></span> 
     </span>
    </p>
   </div>
   <div class='ocr_carea' id='block_1_81' title="bbox 551 5282 2132 5358">
    <p class='ocr_par' dir='ltr' id='par_1_81' title="bbox 551 5282 2132 5358">
     <span class='ocr_line' id='line_1_81' title="bbox 551 5282 2132 5358; baseline 0.004 -22"><span class='ocrx_word' id='word_1_602' title='bbox 551 5282 619 5336; x_wconf 85' lang='lat' dir='ltr'><strong>Et</strong></span> <span class='ocrx_word' id='word_1_603' title='bbox 651 5283 696 5337; x_wconf 90' lang='lat' dir='ltr'><strong>si</strong></span> <span class='ocrx_word' id='word_1_604' title='bbox 721 5282 1074 5338; x_wconf 89' lang='lat' dir='ltr'><strong>salutaveritis</strong></span> <span class='ocrx_word' id='word_1_605' title='bbox 1113 5285 1302 5354; x_wconf 77' lang='lat' dir='ltr'><strong>fratres</strong></span> <span class='ocrx_word' id='word_1_606' title='bbox 1350 5297 1538 5340; x_wconf 85' lang='lat' dir='ltr'><strong>vestros</strong></span> <span class='ocrx_word' id='word_1_607' title='bbox 1569 5296 1808 5352; x_wconf 88' lang='lat' dir='ltr'><strong>tantum,</strong></span> <span class='ocrx_word' id='word_1_608' title='bbox 1856 5289 1982 5358; x_wconf 89' lang='lat' dir='ltr'><strong>quid</strong></span> <span class='ocrx_word' id='word_1_609' title='bbox 2020 5305 2132 5342; x_wconf 89' lang='lat' dir='ltr'><strong>am-</strong></span> 
     </span>
    </p>
   </div>
   <div class='ocr_carea' id='block_1_82' title="bbox 549 5373 2134 5450">
    <p class='ocr_par' dir='ltr' id='par_1_82' title="bbox 549 5373 2134 5450">
     <span class='ocr_line' id='line_1_82' title="bbox 549 5373 2134 5450; baseline 0.006 -25"><span class='ocrx_word' id='word_1_610' title='bbox 549 5373 686 5444; x_wconf 86' lang='lat' dir='ltr'><strong>plius</strong></span> <span class='ocrx_word' id='word_1_611' title='bbox 716 5373 932 5444; x_wconf 82' lang='lat' dir='ltr'><strong>facitis?</strong></span> <span class='ocrx_word' id='word_1_612' title='bbox 956 5374 1144 5426; x_wconf 85' lang='lat' dir='ltr'><strong>Nonne</strong></span> <span class='ocrx_word' id='word_1_613' title='bbox 1172 5374 1360 5428; x_wconf 88' lang='lat' dir='ltr'><strong>etlmici</strong></span> <span class='ocrx_word' id='word_1_614' title='bbox 1403 5377 1499 5430; x_wconf 87' lang='lat' dir='ltr'><strong>hoc</strong></span> <span class='ocrx_word' id='word_1_615' title='bbox 1529 5378 1771 5445; x_wconf 82' lang='lat' dir='ltr'><strong>faciunt?</strong></span> <span class='ocrx_word' id='word_1_616' title='bbox 1796 5377 1974 5432; x_wconf 69' lang='lat' dir='ltr'><strong>Estore</strong></span> <span class='ocrx_word' id='word_1_617' title='bbox 2011 5395 2134 5450; x_wconf 85' lang='lat' dir='ltr'><strong>ergo</strong></span> 
     </span>
    </p>
   </div>
   <div class='ocr_carea' id='block_1_83' title="bbox 553 5465 2130 5539">
    <p class='ocr_par' dir='ltr' id='par_1_83' title="bbox 553 5465 2130 5539">
     <span class='ocr_line' id='line_1_83' title="bbox 553 5465 2130 5539; baseline 0.004 -19"><span class='ocrx_word' id='word_1_618' title='bbox 553 5483 639 5520; x_wconf 86' lang='lat' dir='ltr'><strong>vos</strong></span> <span class='ocrx_word' id='word_1_619' title='bbox 660 5466 896 5536; x_wconf 82' lang='lat' dir='ltr'><strong>perfecti,</strong></span> <span class='ocrx_word' id='word_1_620' title='bbox 919 5465 1048 5518; x_wconf 89' lang='lat' dir='ltr'><strong>sicut</strong></span> <span class='ocrx_word' id='word_1_621' title='bbox 1078 5474 1122 5519; x_wconf 92' lang='lat' dir='ltr'><strong>et</strong></span> <span class='ocrx_word' id='word_1_622' title='bbox 1153 5465 1311 5520; x_wconf 88' lang='lat' dir='ltr'><strong>Pater</strong></span> <span class='ocrx_word' id='word_1_623' title='bbox 1331 5478 1494 5522; x_wconf 86' lang='lat' dir='ltr'><strong>vester</strong></span> <span class='ocrx_word' id='word_1_624' title='bbox 1515 5468 1732 5523; x_wconf 77' lang='lat' dir='ltr'><strong>caelestis</strong></span> <span class='ocrx_word' id='word_1_625' title='bbox 1752 5469 2011 5539; x_wconf 88' lang='lat' dir='ltr'><strong>perfectus</strong></span> <span class='ocrx_word' id='word_1_626' title='bbox 2035 5479 2130 5526; x_wconf 88' lang='lat' dir='ltr'><strong>est.</strong></span> 
     </span>
    </p>
   </div>
   <div class='ocr_carea' id='block_1_84' title="bbox 557 5556 2134 5631">
    <p class='ocr_par' dir='ltr' id='par_1_84' title="bbox 557 5556 2134 5631">
     <span class='ocr_line' id='line_1_84' title="bbox 557 5556 2134 5631; baseline 0.004 -19"><span class='ocrx_word' id='word_1_627' title='bbox 557 5556 616 5612; x_wconf 89' lang='lat' dir='ltr'><strong>Si</strong></span> <span class='ocrx_word' id='word_1_628' title='bbox 639 5559 775 5612; x_wconf 89' lang='lat' dir='ltr'><strong>enim</strong></span> <span class='ocrx_word' id='word_1_629' title='bbox 795 5559 1095 5614; x_wconf 87' lang='lat' dir='ltr'><strong>dimiseritis</strong></span> <span class='ocrx_word' id='word_1_630' title='bbox 1116 5560 1408 5616; x_wconf 87' lang='lat' dir='ltr'><strong>hominibus</strong></span> <span class='ocrx_word' id='word_1_631' title='bbox 1438 5573 1652 5631; x_wconf 88' lang='lat' dir='ltr'><strong>peccata</strong></span> <span class='ocrx_word' id='word_1_632' title='bbox 1675 5578 1877 5628; x_wconf 87' lang='lat' dir='ltr'><strong>eorum,</strong></span> <span class='ocrx_word' id='word_1_633' title='bbox 1909 5563 2134 5619; x_wconf 81' lang='lat' dir='ltr'><strong>dimittet</strong></span> 
     </span>
    </p>
   </div>
   <div class='ocr_carea' id='block_1_85' title="bbox 553 5649 2135 5708">
    <p class='ocr_par' dir='ltr' id='par_1_85' title="bbox 553 5649 2135 5708">
     <span class='ocr_line' id='line_1_85' title="bbox 553 5649 2135 5708; baseline 0.005 -7"><span class='ocrx_word' id='word_1_634' title='bbox 553 5658 602 5702; x_wconf 91' lang='lat' dir='ltr'><strong>et</strong></span> <span class='ocrx_word' id='word_1_635' title='bbox 631 5649 766 5702; x_wconf 88' lang='lat' dir='ltr'><strong>vobis</strong></span> <span class='ocrx_word' id='word_1_636' title='bbox 807 5650 965 5704; x_wconf 88' lang='lat' dir='ltr'><strong>Pater</strong></span> <span class='ocrx_word' id='word_1_637' title='bbox 1011 5661 1174 5706; x_wconf 82' lang='lat' dir='ltr'><strong>vester</strong></span> <span class='ocrx_word' id='word_1_638' title='bbox 1221 5652 1438 5706; x_wconf 69' lang='lat' dir='ltr'><strong>cwlestis</strong></span> <span class='ocrx_word' id='word_1_639' title='bbox 1478 5651 1669 5705; x_wconf 89' lang='lat' dir='ltr'><strong>delicta</strong></span> <span class='ocrx_word' id='word_1_640' title='bbox 1709 5662 1895 5706; x_wconf 89' lang='lat' dir='ltr'><strong>vestra.</strong></span> <span class='ocrx_word' id='word_1_641' title='bbox 1940 5651 1998 5706; x_wconf 89' lang='lat' dir='ltr'><strong>Si</strong></span> <span class='ocrx_word' id='word_1_642' title='bbox 2033 5671 2135 5708; x_wconf 90' lang='lat' dir='ltr'><strong>au-</strong></span> 
     </span>
    </p>
   </div>
   <div class='ocr_carea' id='block_1_86' title="bbox 555 5739 2136 5806">
    <p class='ocr_par' dir='ltr' id='par_1_86' title="bbox 555 5739 2136 5806">
     <span class='ocr_line' id='line_1_86' title="bbox 555 5739 2136 5806; baseline 0.004 -12"><span class='ocrx_word' id='word_1_643' title='bbox 555 5749 655 5794; x_wconf 90' lang='lat' dir='ltr'><strong>tem</strong></span> <span class='ocrx_word' id='word_1_644' title='bbox 697 5756 799 5793; x_wconf 91' lang='lat' dir='ltr'><strong>non</strong></span> <span class='ocrx_word' id='word_1_645' title='bbox 840 5741 1144 5796; x_wconf 84' lang='lat' dir='ltr'><strong>dimiseritis</strong></span> <span class='ocrx_word' id='word_1_646' title='bbox 1185 5742 1513 5806; x_wconf 90' lang='lat' dir='ltr'><strong>hominibus,</strong></span> <span class='ocrx_word' id='word_1_647' title='bbox 1557 5759 1650 5797; x_wconf 91' lang='lat' dir='ltr'><strong>nec</strong></span> <span class='ocrx_word' id='word_1_648' title='bbox 1679 5739 1841 5798; x_wconf 89' lang='lat' dir='ltr'><strong>Pater</strong></span> <span class='ocrx_word' id='word_1_649' title='bbox 1868 5755 2031 5800; x_wconf 90' lang='lat' dir='ltr'><strong>vester</strong></span> <span class='ocrx_word' id='word_1_650' title='bbox 2055 5744 2136 5801; x_wconf 88' lang='lat' dir='ltr'><strong>di-</strong></span> 
     </span>
    </p>
   </div>
   <div class='ocr_carea' id='block_1_87' title="bbox 553 5828 2136 5904">
    <p class='ocr_par' dir='ltr' id='par_1_87' title="bbox 553 5828 2136 5904">
     <span class='ocr_line' id='line_1_87' title="bbox 553 5828 2136 5904; baseline 0.005 -21"><span class='ocrx_word' id='word_1_651' title='bbox 553 5830 720 5884; x_wconf 83' lang='lat' dir='ltr'><strong>mittet</strong></span> <span class='ocrx_word' id='word_1_652' title='bbox 763 5841 974 5887; x_wconf 72' lang='lat' dir='ltr'><strong>peccata</strong></span> <span class='ocrx_word' id='word_1_653' title='bbox 1003 5842 1190 5887; x_wconf 87' lang='lat' dir='ltr'><strong>vestra.</strong></span> <span class='ocrx_word' id='word_1_654' title='bbox 1224 5828 1418 5886; x_wconf 90' lang='lat' dir='ltr'><strong>Omnia</strong></span> <span class='ocrx_word' id='word_1_655' title='bbox 1464 5847 1586 5902; x_wconf 90' lang='lat' dir='ltr'><strong>ergo</strong></span> <span class='ocrx_word' id='word_1_656' title='bbox 1627 5850 1948 5904; x_wconf 68' lang='lat' dir='ltr'><strong>quiscunque</strong></span> <span class='ocrx_word' id='word_1_657' title='bbox 1982 5835 2136 5892; x_wconf 87' lang='lat' dir='ltr'><strong>vultis</strong></span> 
     </span>
    </p>
   </div>
   <div class='ocr_carea' id='block_1_88' title="bbox 2229 3447 3822 3519">
    <p class='ocr_par' dir='ltr' id='par_1_88' title="bbox 2229 3447 3822 3519">
     <span class='ocr_line' id='line_1_88' title="bbox 2229 3447 3822 3519; baseline 0.006 -20"><span class='ocrx_word' id='word_1_658' title='bbox 2229 3453 2455 3516; x_wconf 86' lang='lat' dir='ltr'><strong>angusta</strong></span> <span class='ocrx_word' id='word_1_659' title='bbox 2482 3455 2602 3501; x_wconf 91' lang='lat' dir='ltr'><strong>est:</strong></span> <span class='ocrx_word' id='word_1_660' title='bbox 2634 3462 2754 3516; x_wconf 77' lang='lat' dir='ltr'><strong>quae</strong></span> <span class='ocrx_word' id='word_1_661' title='bbox 2777 3447 3029 3517; x_wconf 88' lang='lat' dir='ltr'><strong>parvulos</strong></span> <span class='ocrx_word' id='word_1_662' title='bbox 3049 3449 3215 3519; x_wconf 90' lang='lat' dir='ltr'><strong>capit,</strong></span> <span class='ocrx_word' id='word_1_663' title='bbox 3237 3449 3333 3505; x_wconf 86' lang='lat' dir='ltr'><strong>sed</strong></span> <span class='ocrx_word' id='word_1_664' title='bbox 3360 3465 3618 3508; x_wconf 88' lang='lat' dir='ltr'><strong>enormes</strong></span> <span class='ocrx_word' id='word_1_665' title='bbox 3643 3453 3822 3509; x_wconf 80' lang='lat' dir='ltr'><strong>exclu-</strong></span> 
     </span>
    </p>
   </div>
   <div class='ocr_carea' id='block_1_89' title="bbox 2229 3538 3818 3611">
    <p class='ocr_par' dir='ltr' id='par_1_89' title="bbox 2229 3538 3818 3611">
     <span class='ocr_line' id='line_1_89' title="bbox 2229 3538 3818 3611; baseline 0.006 -19"><span class='ocrx_word' id='word_1_666' title='bbox 2229 3538 2325 3593; x_wconf 89' lang='lat' dir='ltr'><strong>dit.</strong></span> <span class='ocrx_word' id='word_1_667' title='bbox 2351 3540 2454 3606; x_wconf 89' lang='lat' dir='ltr'><strong>Qui</strong></span> <span class='ocrx_word' id='word_1_668' title='bbox 2493 3555 2622 3610; x_wconf 84' lang='lat' dir='ltr'><strong>ergo</strong></span> <span class='ocrx_word' id='word_1_669' title='bbox 2662 3548 2772 3595; x_wconf 89' lang='lat' dir='ltr'><strong>stat</strong></span> <span class='ocrx_word' id='word_1_670' title='bbox 2807 3549 3031 3611; x_wconf 88' lang='lat' dir='ltr'><strong>paratus</strong></span> <span class='ocrx_word' id='word_1_671' title='bbox 3051 3541 3120 3596; x_wconf 87' lang='lat' dir='ltr'><strong>ad</strong></span> <span class='ocrx_word' id='word_1_672' title='bbox 3144 3541 3372 3609; x_wconf 65' lang='lat' dir='ltr'><strong>caedem,</strong></span> <span class='ocrx_word' id='word_1_673' title='bbox 3399 3543 3527 3598; x_wconf 91' lang='lat' dir='ltr'><strong>dum</strong></span> <span class='ocrx_word' id='word_1_674' title='bbox 3554 3560 3663 3600; x_wconf 90' lang='lat' dir='ltr'><strong>non</strong></span> <span class='ocrx_word' id='word_1_675' title='bbox 3691 3547 3818 3602; x_wconf 82' lang='lat' dir='ltr'><strong>sim-</strong></span> 
     </span>
    </p>
   </div>
   <div class='ocr_carea' id='block_1_90' title="bbox 2228 3629 3821 3708">
    <p class='ocr_par' dir='ltr' id='par_1_90' title="bbox 2228 3629 3821 3708">
     <span class='ocr_line' id='line_1_90' title="bbox 2228 3629 3821 3708; baseline 0.006 -24"><span class='ocrx_word' id='word_1_676' title='bbox 2228 3629 2468 3700; x_wconf 88' lang='lat' dir='ltr'><strong>plicitate</strong></span> <span class='ocrx_word' id='word_1_677' title='bbox 2501 3633 2844 3702; x_wconf 88' lang='lat' dir='ltr'><strong>parvulorum</strong></span> <span class='ocrx_word' id='word_1_678' title='bbox 2871 3634 3115 3700; x_wconf 89' lang='lat' dir='ltr'><strong>humilis,</strong></span> <span class='ocrx_word' id='word_1_679' title='bbox 3157 3634 3253 3690; x_wconf 89' lang='lat' dir='ltr'><strong>sed</strong></span> <span class='ocrx_word' id='word_1_680' title='bbox 3295 3637 3548 3708; x_wconf 83' lang='lat' dir='ltr'><strong>gigantea</strong></span> <span class='ocrx_word' id='word_1_681' title='bbox 3585 3647 3821 3694; x_wconf 57' lang='lat' dir='ltr'><strong>ostenta.</strong></span> 
     </span>
    </p>
   </div>
   <div class='ocr_carea' id='block_1_91' title="bbox 2229 3723 3818 3800">
    <p class='ocr_par' dir='ltr' id='par_1_91' title="bbox 2229 3723 3818 3800">
     <span class='ocr_line' id='line_1_91' title="bbox 2229 3723 3818 3800; baseline 0.006 -24"><span class='ocrx_word' id='word_1_682' title='bbox 2229 3723 2376 3779; x_wconf 90' lang='lat' dir='ltr'><strong>tione</strong></span> <span class='ocrx_word' id='word_1_683' title='bbox 2396 3725 2511 3778; x_wconf 89' lang='lat' dir='ltr'><strong>vult</strong></span> <span class='ocrx_word' id='word_1_684' title='bbox 2531 3725 2702 3780; x_wconf 90' lang='lat' dir='ltr'><strong>videri</strong></span> <span class='ocrx_word' id='word_1_685' title='bbox 2733 3725 3012 3792; x_wconf 87' lang='lat' dir='ltr'><strong>terribilis,</strong></span> <span class='ocrx_word' id='word_1_686' title='bbox 3041 3725 3109 3781; x_wconf 89' lang='lat' dir='ltr'><strong>ab</strong></span> <span class='ocrx_word' id='word_1_687' title='bbox 3136 3725 3297 3796; x_wconf 87' lang='lat' dir='ltr'><strong>hujus</strong></span> <span class='ocrx_word' id='word_1_688' title='bbox 3318 3727 3570 3800; x_wconf 88' lang='lat' dir='ltr'><strong>ingressu</strong></span> <span class='ocrx_word' id='word_1_689' title='bbox 3596 3730 3818 3784; x_wconf 90' lang='lat' dir='ltr'><strong>omnino</strong></span> 
     </span>
    </p>
   </div>
   <div class='ocr_carea' id='block_1_92' title="bbox 2231 3814 2492 3884">
    <p class='ocr_par' dir='ltr' id='par_1_92' title="bbox 2231 3814 2492 3884">
     <span class='ocr_line' id='line_1_92' title="bbox 2231 3814 2492 3884; baseline 0 -14"><span class='ocrx_word' id='word_1_690' title='bbox 2231 3814 2304 3884; x_wconf 90' lang='lat' dir='ltr'><strong>rej</strong></span> <span class='ocrx_word' id='word_1_691' title='bbox 2314 3816 2492 3871; x_wconf 91' lang='lat' dir='ltr'><strong>icitur.</strong></span> 
     </span>
    </p>
   </div>
   <div class='ocr_carea' id='block_1_93' title="bbox 2301 3909 3820 3982">
    <p class='ocr_par' dir='ltr' id='par_1_93' title="bbox 2301 3909 3820 3982">
     <span class='ocr_line' id='line_1_93' title="bbox 2301 3909 3820 3982; baseline 0.001 -18"><span class='ocrx_word' id='word_1_692' title='bbox 2301 3909 2520 3964; x_wconf 89' lang='lat' dir='ltr'><strong>Festina</strong></span> <span class='ocrx_word' id='word_1_693' title='bbox 2547 3909 2792 3979; x_wconf 63' lang='lat' dir='ltr'><strong>impiere,</strong></span> <span class='ocrx_word' id='word_1_694' title='bbox 2819 3911 2946 3965; x_wconf 86' lang='lat' dir='ltr'><strong>dum</strong></span> <span class='ocrx_word' id='word_1_695' title='bbox 2973 3925 3168 3966; x_wconf 91' lang='lat' dir='ltr'><strong>manus</strong></span> <span class='ocrx_word' id='word_1_696' title='bbox 3193 3917 3250 3966; x_wconf 90' lang='lat' dir='ltr'><strong>et</strong></span> <span class='ocrx_word' id='word_1_697' title='bbox 3281 3911 3448 3982; x_wconf 90' lang='lat' dir='ltr'><strong>pedes</strong></span> <span class='ocrx_word' id='word_1_698' title='bbox 3493 3910 3704 3968; x_wconf 88' lang='lat' dir='ltr'><strong>solutos</strong></span> <span class='ocrx_word' id='word_1_699' title='bbox 3732 3911 3820 3967; x_wconf 82' lang='lat' dir='ltr'><strong>ba-</strong></span> 
     </span>
    </p>
   </div>
   <div class='ocr_carea' id='block_1_94' title="bbox 2231 3999 3820 4072">
    <p class='ocr_par' dir='ltr' id='par_1_94' title="bbox 2231 3999 3820 4072">
     <span class='ocr_line' id='line_1_94' title="bbox 2231 3999 3820 4072; baseline 0.001 -17"><span class='ocrx_word' id='word_1_700' title='bbox 2231 3999 2349 4066; x_wconf 91' lang='lat' dir='ltr'><strong>bes,</strong></span> <span class='ocrx_word' id='word_1_701' title='bbox 2377 4001 2505 4070; x_wconf 90' lang='lat' dir='ltr'><strong>quia</strong></span> <span class='ocrx_word' id='word_1_702' title='bbox 2543 4001 2766 4056; x_wconf 87' lang='lat' dir='ltr'><strong>venient</strong></span> <span class='ocrx_word' id='word_1_703' title='bbox 2807 4001 2922 4056; x_wconf 89' lang='lat' dir='ltr'><strong>dies</strong></span> <span class='ocrx_word' id='word_1_704' title='bbox 2962 4001 3028 4056; x_wconf 90' lang='lat' dir='ltr'><strong>de</strong></span> <span class='ocrx_word' id='word_1_705' title='bbox 3075 4001 3273 4072; x_wconf 86' lang='lat' dir='ltr'><strong>quibus</strong></span> <span class='ocrx_word' id='word_1_706' title='bbox 3318 4001 3509 4057; x_wconf 89' lang='lat' dir='ltr'><strong>dices:</strong></span> <span class='ocrx_word' id='word_1_707' title='bbox 3546 4003 3675 4058; x_wconf 85' lang='lat' dir='ltr'><strong>Non</strong></span> <span class='ocrx_word' id='word_1_708' title='bbox 3703 4002 3820 4057; x_wconf 78' lang='lat' dir='ltr'><strong>mihi</strong></span> 
     </span>
    </p>
   </div>
   <div class='ocr_carea' id='block_1_95' title="bbox 2229 4093 3819 4165">
    <p class='ocr_par' dir='ltr' id='par_1_95' title="bbox 2229 4093 3819 4165">
     <span class='ocr_line' id='line_1_95' title="bbox 2229 4093 3819 4165; baseline 0.001 -19"><span class='ocrx_word' id='word_1_709' title='bbox 2229 4093 2468 4164; x_wconf 88' lang='lat' dir='ltr'><strong>placent;</strong></span> <span class='ocrx_word' id='word_1_710' title='bbox 2503 4094 2595 4148; x_wconf 92' lang='lat' dir='ltr'><strong>ubi</strong></span> <span class='ocrx_word' id='word_1_711' title='bbox 2625 4093 2806 4165; x_wconf 90' lang='lat' dir='ltr'><strong>ligatis</strong></span> <span class='ocrx_word' id='word_1_712' title='bbox 2833 4093 3060 4162; x_wconf 88' lang='lat' dir='ltr'><strong>pedibus</strong></span> <span class='ocrx_word' id='word_1_713' title='bbox 3104 4101 3159 4148; x_wconf 89' lang='lat' dir='ltr'><strong>et</strong></span> <span class='ocrx_word' id='word_1_714' title='bbox 3205 4095 3456 4150; x_wconf 89' lang='lat' dir='ltr'><strong>manibus</strong></span> <span class='ocrx_word' id='word_1_715' title='bbox 3505 4094 3745 4149; x_wconf 90' lang='lat' dir='ltr'><strong>mitteris</strong></span> <span class='ocrx_word' id='word_1_716' title='bbox 3770 4093 3819 4148; x_wconf 87' lang='lat' dir='ltr'><strong>in</strong></span> 
     </span>
    </p>
   </div>
   <div class='ocr_carea' id='block_1_96' title="bbox 2233 4184 3820 4257">
    <p class='ocr_par' dir='ltr' id='par_1_96' title="bbox 2233 4184 3820 4257">
     <span class='ocr_line' id='line_1_96' title="bbox 2233 4184 3820 4257; baseline -0.001 -16"><span class='ocrx_word' id='word_1_717' title='bbox 2233 4187 2485 4243; x_wconf 90' lang='lat' dir='ltr'><strong>tenebras</strong></span> <span class='ocrx_word' id='word_1_718' title='bbox 2528 4187 2846 4250; x_wconf 81' lang='lat' dir='ltr'><strong>exteriores,</strong></span> <span class='ocrx_word' id='word_1_719' title='bbox 2901 4184 2956 4239; x_wconf 91' lang='lat' dir='ltr'><strong>id</strong></span> <span class='ocrx_word' id='word_1_720' title='bbox 3007 4193 3110 4253; x_wconf 91' lang='lat' dir='ltr'><strong>est,</strong></span> <span class='ocrx_word' id='word_1_721' title='bbox 3161 4185 3404 4256; x_wconf 84' lang='lat' dir='ltr'><strong>fugiendi</strong></span> <span class='ocrx_word' id='word_1_722' title='bbox 3454 4186 3820 4257; x_wconf 89' lang='lat' dir='ltr'><strong>operandique</strong></span> 
     </span>
    </p>
   </div>
   <div class='ocr_carea' id='block_1_97' title="bbox 2231 4279 2860 4335">
    <p class='ocr_par' dir='ltr' id='par_1_97' title="bbox 2231 4279 2860 4335">
     <span class='ocr_line' id='line_1_97' title="bbox 2231 4279 2860 4335; baseline -0.002 -2"><span class='ocrx_word' id='word_1_723' title='bbox 2231 4279 2452 4335; x_wconf 86' lang='lat' dir='ltr'><strong>licentia</strong></span> <span class='ocrx_word' id='word_1_724' title='bbox 2485 4281 2860 4335; x_wconf 90' lang='lat' dir='ltr'><strong>subtrahetur.</strong></span> 
     </span>
    </p>
   </div>
   <div class='ocr_carea' id='block_1_98' title="bbox 2303 4373 3820 4445">
    <p class='ocr_par' dir='ltr' id='par_1_98' title="bbox 2303 4373 3820 4445">
     <span class='ocr_line' id='line_1_98' title="bbox 2303 4373 3820 4445; baseline 0.001 -18"><span class='ocrx_word' id='word_1_725' title='bbox 2303 4373 2546 4440; x_wconf 89' lang='lat' dir='ltr'><strong>Domine,</strong></span> <span class='ocrx_word' id='word_1_726' title='bbox 2589 4373 2787 4445; x_wconf 90' lang='lat' dir='ltr'><strong>quoties</strong></span> <span class='ocrx_word' id='word_1_727' title='bbox 2834 4373 3120 4442; x_wconf 89' lang='lat' dir='ltr'><strong>peccaverit</strong></span> <span class='ocrx_word' id='word_1_728' title='bbox 3165 4373 3223 4426; x_wconf 87' lang='lat' dir='ltr'><strong>in</strong></span> <span class='ocrx_word' id='word_1_729' title='bbox 3261 4389 3342 4426; x_wconf 89' lang='lat' dir='ltr'><strong>me</strong></span> <span class='ocrx_word' id='word_1_730' title='bbox 3368 4373 3536 4444; x_wconf 87' lang='lat' dir='ltr'><strong>frater</strong></span> <span class='ocrx_word' id='word_1_731' title='bbox 3573 4390 3746 4439; x_wconf 87' lang='lat' dir='ltr'><strong>meus,</strong></span> <span class='ocrx_word' id='word_1_732' title='bbox 3774 4379 3820 4428; x_wconf 76' lang='lat' dir='ltr'><strong>et</strong></span> 
     </span>
    </p>
   </div>
   <div class='ocr_carea' id='block_1_99' title="bbox 2231 4461 3820 4536">
    <p class='ocr_par' dir='ltr' id='par_1_99' title="bbox 2231 4461 3820 4536">
     <span class='ocr_line' id='line_1_99' title="bbox 2231 4461 3820 4536; baseline 0.003 -20"><span class='ocrx_word' id='word_1_733' title='bbox 2231 4462 2493 4517; x_wconf 86' lang='lat' dir='ltr'><strong>dimittam</strong></span> <span class='ocrx_word' id='word_1_734' title='bbox 2540 4463 2627 4518; x_wconf 81' lang='lat' dir='ltr'><strong>ei?</strong></span> <span class='ocrx_word' id='word_1_735' title='bbox 2650 4478 2810 4536; x_wconf 84' lang='lat' dir='ltr'><strong>usque</strong></span> <span class='ocrx_word' id='word_1_736' title='bbox 2856 4463 3083 4533; x_wconf 83' lang='lat' dir='ltr'><strong>septies?</strong></span> <span class='ocrx_word' id='word_1_737' title='bbox 3135 4461 3278 4516; x_wconf 89' lang='lat' dir='ltr'><strong>Dicit</strong></span> <span class='ocrx_word' id='word_1_738' title='bbox 3325 4461 3404 4516; x_wconf 90' lang='lat' dir='ltr'><strong>illi</strong></span> <span class='ocrx_word' id='word_1_739' title='bbox 3453 4463 3651 4520; x_wconf 77' lang='lat' dir='ltr'><strong>Iesus:</strong></span> <span class='ocrx_word' id='word_1_740' title='bbox 3702 4465 3820 4520; x_wconf 72' lang='lat' dir='ltr'><strong>Non</strong></span> 
     </span>
    </p>
   </div>
   <div class='ocr_carea' id='block_1_100' title="bbox 2233 4547 3755 4626">
    <p class='ocr_par' dir='ltr' id='par_1_100' title="bbox 2233 4547 3755 4626">
     <span class='ocr_line' id='line_1_100' title="bbox 2233 4547 3755 4626; baseline 0.002 -18"><span class='ocrx_word' id='word_1_741' title='bbox 2233 4555 2350 4609; x_wconf 91' lang='lat' dir='ltr'><strong>dico</strong></span> <span class='ocrx_word' id='word_1_742' title='bbox 2379 4555 2472 4609; x_wconf 86' lang='lat' dir='ltr'><strong>tibi</strong></span> <span class='ocrx_word' id='word_1_743' title='bbox 2504 4547 2664 4626; x_wconf 82' lang='lat' dir='ltr'><strong>usque</strong></span> <span class='ocrx_word' id='word_1_744' title='bbox 2689 4556 2897 4626; x_wconf 88' lang='lat' dir='ltr'><strong>septies,</strong></span> <span class='ocrx_word' id='word_1_745' title='bbox 2920 4553 3010 4608; x_wconf 90' lang='lat' dir='ltr'><strong>sed</strong></span> <span class='ocrx_word' id='word_1_746' title='bbox 3039 4570 3202 4624; x_wconf 87' lang='lat' dir='ltr'><strong>usque</strong></span> <span class='ocrx_word' id='word_1_747' title='bbox 3223 4557 3516 4626; x_wconf 86' lang='lat' dir='ltr'><strong>septuagies</strong></span> <span class='ocrx_word' id='word_1_748' title='bbox 3543 4559 3755 4625; x_wconf 86' lang='lat' dir='ltr'><strong>septies.</strong></span> 
     </span>
    </p>
   </div>
   <div class='ocr_carea' id='block_1_101' title="bbox 2308 4645 3820 4719">
    <p class='ocr_par' dir='ltr' id='par_1_101' title="bbox 2308 4645 3820 4719">
     <span class='ocr_line' id='line_1_101' title="bbox 2308 4645 3820 4719; baseline 0.001 -17"><span class='ocrx_word' id='word_1_749' title='bbox 2308 4647 2468 4702; x_wconf 89' lang='lat' dir='ltr'><strong>Serve</strong></span> <span class='ocrx_word' id='word_1_750' title='bbox 2497 4663 2738 4718; x_wconf 89' lang='lat' dir='ltr'><strong>nequam,</strong></span> <span class='ocrx_word' id='word_1_751' title='bbox 2763 4663 2915 4700; x_wconf 88' lang='lat' dir='ltr'><strong>omne</strong></span> <span class='ocrx_word' id='word_1_752' title='bbox 2955 4645 3186 4700; x_wconf 89' lang='lat' dir='ltr'><strong>debitum</strong></span> <span class='ocrx_word' id='word_1_753' title='bbox 3231 4645 3406 4700; x_wconf 82' lang='lat' dir='ltr'><strong>dimisi</strong></span> <span class='ocrx_word' id='word_1_754' title='bbox 3430 4648 3545 4711; x_wconf 88' lang='lat' dir='ltr'><strong>tibi,</strong></span> <span class='ocrx_word' id='word_1_755' title='bbox 3569 4650 3820 4719; x_wconf 70' lang='lat' dir='ltr'><strong>quoniam</strong></span> 
     </span>
    </p>
   </div>
   <div class='ocr_carea' id='block_1_102' title="bbox 2235 4735 3818 4811">
    <p class='ocr_par' dir='ltr' id='par_1_102' title="bbox 2235 4735 3818 4811">
     <span class='ocr_line' id='line_1_102' title="bbox 2235 4735 3818 4811; baseline 0 -17"><span class='ocrx_word' id='word_1_756' title='bbox 2235 4740 2430 4811; x_wconf 89' lang='lat' dir='ltr'><strong>rogasti</strong></span> <span class='ocrx_word' id='word_1_757' title='bbox 2453 4757 2555 4804; x_wconf 90' lang='lat' dir='ltr'><strong>me,</strong></span> <span class='ocrx_word' id='word_1_758' title='bbox 2585 4754 2792 4808; x_wconf 89' lang='lat' dir='ltr'><strong>usque:</strong></span> <span class='ocrx_word' id='word_1_759' title='bbox 2826 4735 2913 4792; x_wconf 91' lang='lat' dir='ltr'><strong>Sic</strong></span> <span class='ocrx_word' id='word_1_760' title='bbox 2957 4747 3006 4793; x_wconf 85' lang='lat' dir='ltr'><strong>et</strong></span> <span class='ocrx_word' id='word_1_761' title='bbox 3050 4735 3213 4792; x_wconf 80' lang='lat' dir='ltr'><strong>Pater</strong></span> <span class='ocrx_word' id='word_1_762' title='bbox 3240 4755 3384 4792; x_wconf 90' lang='lat' dir='ltr'><strong>meus</strong></span> <span class='ocrx_word' id='word_1_763' title='bbox 3414 4737 3636 4794; x_wconf 75' lang='lat' dir='ltr'><strong>caelestis</strong></span> <span class='ocrx_word' id='word_1_764' title='bbox 3667 4741 3818 4810; x_wconf 85' lang='lat' dir='ltr'><strong>faciet</strong></span> 
     </span>
    </p>
   </div>
   <div class='ocr_carea' id='block_1_103' title="bbox 2233 4829 3820 4901">
    <p class='ocr_par' dir='ltr' id='par_1_103' title="bbox 2233 4829 3820 4901">
     <span class='ocr_line' id='line_1_103' title="bbox 2233 4829 3820 4901; baseline 0.001 -17"><span class='ocrx_word' id='word_1_765' title='bbox 2233 4829 2396 4895; x_wconf 85' lang='lat' dir='ltr'><strong>vobis,</strong></span> <span class='ocrx_word' id='word_1_766' title='bbox 2444 4830 2489 4884; x_wconf 90' lang='lat' dir='ltr'><strong>si</strong></span> <span class='ocrx_word' id='word_1_767' title='bbox 2531 4846 2635 4882; x_wconf 88' lang='lat' dir='ltr'><strong>non</strong></span> <span class='ocrx_word' id='word_1_768' title='bbox 2680 4830 2981 4884; x_wconf 88' lang='lat' dir='ltr'><strong>remiseritis</strong></span> <span class='ocrx_word' id='word_1_769' title='bbox 3026 4832 3380 4901; x_wconf 88' lang='lat' dir='ltr'><strong>unusquisque</strong></span> <span class='ocrx_word' id='word_1_770' title='bbox 3424 4830 3582 4900; x_wconf 88' lang='lat' dir='ltr'><strong>fratri</strong></span> <span class='ocrx_word' id='word_1_771' title='bbox 3624 4849 3724 4885; x_wconf 89' lang='lat' dir='ltr'><strong>suo</strong></span> <span class='ocrx_word' id='word_1_772' title='bbox 3761 4829 3820 4885; x_wconf 80' lang='lat' dir='ltr'><strong>ds</strong></span> 
     </span>
    </p>
   </div>
   <div class='ocr_carea' id='block_1_104' title="bbox 2235 4907 3819 4991">
    <p class='ocr_par' dir='ltr' id='par_1_104' title="bbox 2235 4907 3819 4991">
     <span class='ocr_line' id='line_1_104' title="bbox 2235 4907 3819 4991; baseline 0 -17"><span class='ocrx_word' id='word_1_773' title='bbox 2235 4919 2475 4974; x_wconf 90' lang='lat' dir='ltr'><strong>cordibus</strong></span> <span class='ocrx_word' id='word_1_774' title='bbox 2525 4919 2726 4974; x_wconf 88' lang='lat' dir='ltr'><strong>vestris.</strong></span> <span class='ocrx_word' id='word_1_775' title='bbox 2777 4918 3026 4974; x_wconf 83' lang='lat' dir='ltr'><strong>Converte</strong></span> <span class='ocrx_word' id='word_1_776' title='bbox 3064 4907 3300 4991; x_wconf 84' lang='lat' dir='ltr'><strong>gladium</strong></span> <span class='ocrx_word' id='word_1_777' title='bbox 3348 4930 3498 4974; x_wconf 89' lang='lat' dir='ltr'><strong>tuum</strong></span> <span class='ocrx_word' id='word_1_778' title='bbox 3545 4921 3600 4974; x_wconf 89' lang='lat' dir='ltr'><strong>in</strong></span> <span class='ocrx_word' id='word_1_779' title='bbox 3651 4921 3819 4974; x_wconf 66' lang='lat' dir='ltr'><strong>locum</strong></span> 
     </span>
    </p>
   </div>
   <div class='ocr_carea' id='block_1_105' title="bbox 2232 5010 3819 5082">
    <p class='ocr_par' dir='ltr' id='par_1_105' title="bbox 2232 5010 3819 5082">
     <span class='ocr_line' id='line_1_105' title="bbox 2232 5010 3819 5082; baseline -0.001 -16"><span class='ocrx_word' id='word_1_780' title='bbox 2232 5028 2406 5066; x_wconf 89' lang='lat' dir='ltr'><strong>suum.</strong></span> <span class='ocrx_word' id='word_1_781' title='bbox 2449 5010 2640 5066; x_wconf 87' lang='lat' dir='ltr'><strong>Omnes</strong></span> <span class='ocrx_word' id='word_1_782' title='bbox 2679 5011 2819 5066; x_wconf 90' lang='lat' dir='ltr'><strong>enim</strong></span> <span class='ocrx_word' id='word_1_783' title='bbox 2863 5011 2956 5081; x_wconf 83' lang='lat' dir='ltr'><strong>qui</strong></span> <span class='ocrx_word' id='word_1_784' title='bbox 2995 5012 3287 5082; x_wconf 87' lang='lat' dir='ltr'><strong>acceperint</strong></span> <span class='ocrx_word' id='word_1_785' title='bbox 3333 5011 3591 5082; x_wconf 87' lang='lat' dir='ltr'><strong>gladium,</strong></span> <span class='ocrx_word' id='word_1_786' title='bbox 3642 5010 3819 5082; x_wconf 75' lang='lat' dir='ltr'><strong>gladio</strong></span> 
     </span>
    </p>
   </div>
   <div class='ocr_carea' id='block_1_106' title="bbox 2230 5102 3817 5176">
    <p class='ocr_par' dir='ltr' id='par_1_106' title="bbox 2230 5102 3817 5176">
     <span class='ocr_line' id='line_1_106' title="bbox 2230 5102 3817 5176; baseline 0 -18"><span class='ocrx_word' id='word_1_787' title='bbox 2230 5105 2489 5176; x_wconf 86' lang='lat' dir='ltr'><strong>peribunt.</strong></span> <span class='ocrx_word' id='word_1_788' title='bbox 2547 5103 2746 5158; x_wconf 78' lang='lat' dir='ltr'><strong>Habeto</strong></span> <span class='ocrx_word' id='word_1_789' title='bbox 2778 5105 2915 5158; x_wconf 88' lang='lat' dir='ltr'><strong>inter</strong></span> <span class='ocrx_word' id='word_1_790' title='bbox 2963 5119 3050 5159; x_wconf 86' lang='lat' dir='ltr'><strong>vos</strong></span> <span class='ocrx_word' id='word_1_791' title='bbox 3089 5102 3287 5172; x_wconf 88' lang='lat' dir='ltr'><strong>salem,</strong></span> <span class='ocrx_word' id='word_1_792' title='bbox 3331 5113 3382 5158; x_wconf 90' lang='lat' dir='ltr'><strong>et</strong></span> <span class='ocrx_word' id='word_1_793' title='bbox 3421 5121 3606 5175; x_wconf 88' lang='lat' dir='ltr'><strong>pacem</strong></span> <span class='ocrx_word' id='word_1_794' title='bbox 3642 5104 3817 5160; x_wconf 86' lang='lat' dir='ltr'><strong>habete</strong></span> 
     </span>
    </p>
   </div>
   <div class='ocr_carea' id='block_1_107' title="bbox 2231 5196 2500 5251">
    <p class='ocr_par' dir='ltr' id='par_1_107' title="bbox 2231 5196 2500 5251">
     <span class='ocr_line' id='line_1_107' title="bbox 2231 5196 2500 5251; baseline 0.007 -2"><span class='ocrx_word' id='word_1_795' title='bbox 2231 5196 2367 5251; x_wconf 86' lang='lat' dir='ltr'><strong>inter</strong></span> <span class='ocrx_word' id='word_1_796' title='bbox 2393 5214 2500 5251; x_wconf 89' lang='lat' dir='ltr'><strong>vos.</strong></span> 
     </span>
    </p>
   </div>
   <div class='ocr_carea' id='block_1_108' title="bbox 2304 5286 3816 5359">
    <p class='ocr_par' dir='ltr' id='par_1_108' title="bbox 2304 5286 3816 5359">
     <span class='ocr_line' id='line_1_108' title="bbox 2304 5286 3816 5359; baseline 0.002 -17"><span class='ocrx_word' id='word_1_797' title='bbox 2304 5289 2569 5355; x_wconf 90' lang='lat' dir='ltr'><strong>Quoniam</strong></span> <span class='ocrx_word' id='word_1_798' title='bbox 2599 5303 2764 5359; x_wconf 89' lang='lat' dir='ltr'><strong>grave</strong></span> <span class='ocrx_word' id='word_1_799' title='bbox 2792 5286 2992 5343; x_wconf 90' lang='lat' dir='ltr'><strong>malum</strong></span> <span class='ocrx_word' id='word_1_800' title='bbox 3013 5296 3100 5343; x_wconf 88' lang='lat' dir='ltr'><strong>est</strong></span> <span class='ocrx_word' id='word_1_801' title='bbox 3119 5289 3363 5359; x_wconf 87' lang='lat' dir='ltr'><strong>peccanti</strong></span> <span class='ocrx_word' id='word_1_802' title='bbox 3388 5287 3542 5344; x_wconf 86' lang='lat' dir='ltr'><strong>fratri</strong></span> <span class='ocrx_word' id='word_1_803' title='bbox 3565 5287 3633 5344; x_wconf 92' lang='lat' dir='ltr'><strong>de</strong></span> <span class='ocrx_word' id='word_1_804' title='bbox 3658 5288 3816 5346; x_wconf 86' lang='lat' dir='ltr'><strong>corde</strong></span> 
     </span>
    </p>
   </div>
   <div class='ocr_carea' id='block_1_109' title="bbox 2233 5378 3814 5451">
    <p class='ocr_par' dir='ltr' id='par_1_109' title="bbox 2233 5378 3814 5451">
     <span class='ocr_line' id='line_1_109' title="bbox 2233 5378 3814 5451; baseline 0 -16"><span class='ocrx_word' id='word_1_805' title='bbox 2233 5395 2340 5435; x_wconf 90' lang='lat' dir='ltr'><strong>non</strong></span> <span class='ocrx_word' id='word_1_806' title='bbox 2368 5381 2670 5450; x_wconf 86' lang='lat' dir='ltr'><strong>ignoscere.</strong></span> <span class='ocrx_word' id='word_1_807' title='bbox 2705 5379 2821 5446; x_wconf 86' lang='lat' dir='ltr'><strong>Quo</strong></span> <span class='ocrx_word' id='word_1_808' title='bbox 2857 5379 2916 5435; x_wconf 83' lang='lat' dir='ltr'><strong>tit</strong></span> <span class='ocrx_word' id='word_1_809' title='bbox 2950 5389 3012 5434; x_wconf 91' lang='lat' dir='ltr'><strong>ut</strong></span> <span class='ocrx_word' id='word_1_810' title='bbox 3038 5380 3164 5434; x_wconf 93' lang='lat' dir='ltr'><strong>olim</strong></span> <span class='ocrx_word' id='word_1_811' title='bbox 3196 5395 3294 5449; x_wconf 89' lang='lat' dir='ltr'><strong>per</strong></span> <span class='ocrx_word' id='word_1_812' title='bbox 3320 5381 3702 5451; x_wconf 64' lang='lat' dir='ltr'><strong>paenitentiam</strong></span> <span class='ocrx_word' id='word_1_813' title='bbox 3734 5378 3814 5435; x_wconf 86' lang='lat' dir='ltr'><strong>di-</strong></span> 
     </span>
    </p>
   </div>
   <div class='ocr_carea' id='block_1_110' title="bbox 2233 5470 3437 5542">
    <p class='ocr_par' dir='ltr' id='par_1_110' title="bbox 2233 5470 3437 5542">
     <span class='ocr_line' id='line_1_110' title="bbox 2233 5470 3437 5542; baseline -0.001 -16"><span class='ocrx_word' id='word_1_814' title='bbox 2233 5472 2398 5526; x_wconf 89' lang='lat' dir='ltr'><strong>missa</strong></span> <span class='ocrx_word' id='word_1_815' title='bbox 2426 5479 2647 5542; x_wconf 89' lang='lat' dir='ltr'><strong>peccata</strong></span> <span class='ocrx_word' id='word_1_816' title='bbox 2677 5481 2999 5528; x_wconf 86' lang='lat' dir='ltr'><strong>revocentur</strong></span> <span class='ocrx_word' id='word_1_817' title='bbox 3028 5470 3096 5526; x_wconf 89' lang='lat' dir='ltr'><strong>ad</strong></span> <span class='ocrx_word' id='word_1_818' title='bbox 3121 5471 3437 5526; x_wconf 88' lang='lat' dir='ltr'><strong>vindictam.</strong></span> 
     </span>
    </p>
   </div>
   <div class='ocr_carea' id='block_1_111' title="bbox 2305 5561 3814 5633">
    <p class='ocr_par' dir='ltr' id='par_1_111' title="bbox 2305 5561 3814 5633">
     <span class='ocr_line' id='line_1_111' title="bbox 2305 5561 3814 5633; baseline 0.001 -17"><span class='ocrx_word' id='word_1_819' title='bbox 2305 5562 2518 5630; x_wconf 87' lang='lat' dir='ltr'><strong>Quanto</strong></span> <span class='ocrx_word' id='word_1_820' title='bbox 2553 5563 2746 5618; x_wconf 89' lang='lat' dir='ltr'><strong>melior</strong></span> <span class='ocrx_word' id='word_1_821' title='bbox 2771 5573 2857 5620; x_wconf 91' lang='lat' dir='ltr'><strong>est</strong></span> <span class='ocrx_word' id='word_1_822' title='bbox 2887 5563 3067 5618; x_wconf 90' lang='lat' dir='ltr'><strong>anima</strong></span> <span class='ocrx_word' id='word_1_823' title='bbox 3094 5577 3342 5632; x_wconf 88' lang='lat' dir='ltr'><strong>corpore,</strong></span> <span class='ocrx_word' id='word_1_824' title='bbox 3377 5570 3529 5617; x_wconf 88' lang='lat' dir='ltr'><strong>tanto</strong></span> <span class='ocrx_word' id='word_1_825' title='bbox 3557 5561 3712 5633; x_wconf 86' lang='lat' dir='ltr'><strong>pejor</strong></span> <span class='ocrx_word' id='word_1_826' title='bbox 3738 5567 3814 5618; x_wconf 82' lang='lat' dir='ltr'><strong>est</strong></span> 
     </span>
    </p>
   </div>
   <div class='ocr_carea' id='block_1_112' title="bbox 2235 5653 3813 5727">
    <p class='ocr_par' dir='ltr' id='par_1_112' title="bbox 2235 5653 3813 5727">
     <span class='ocr_line' id='line_1_112' title="bbox 2235 5653 3813 5727; baseline -0.001 -19"><span class='ocrx_word' id='word_1_827' title='bbox 2235 5654 2476 5727; x_wconf 83' lang='lat' dir='ltr'><strong>gladius,</strong></span> <span class='ocrx_word' id='word_1_828' title='bbox 2519 5669 2627 5723; x_wconf 93' lang='lat' dir='ltr'><strong>quo</strong></span> <span class='ocrx_word' id='word_1_829' title='bbox 2671 5654 2851 5709; x_wconf 85' lang='lat' dir='ltr'><strong>anima</strong></span> <span class='ocrx_word' id='word_1_830' title='bbox 2900 5653 2956 5708; x_wconf 90' lang='lat' dir='ltr'><strong>in</strong></span> <span class='ocrx_word' id='word_1_831' title='bbox 2998 5663 3260 5707; x_wconf 69' lang='lat' dir='ltr'><strong>aeternum</strong></span> <span class='ocrx_word' id='word_1_832' title='bbox 3304 5653 3607 5722; x_wconf 92' lang='lat' dir='ltr'><strong>perimitur,</strong></span> <span class='ocrx_word' id='word_1_833' title='bbox 3657 5665 3813 5722; x_wconf 83' lang='lat' dir='ltr'><strong>quam</strong></span> 
     </span>
    </p>
   </div>
   <div class='ocr_carea' id='block_1_113' title="bbox 2237 5747 3210 5821">
    <p class='ocr_par' dir='ltr' id='par_1_113' title="bbox 2237 5747 3210 5821">
     <span class='ocr_line' id='line_1_113' title="bbox 2237 5747 3210 5821; baseline -0.002 -19"><span class='ocrx_word' id='word_1_834' title='bbox 2237 5763 2343 5821; x_wconf 92' lang='lat' dir='ltr'><strong>quo</strong></span> <span class='ocrx_word' id='word_1_835' title='bbox 2367 5763 2567 5818; x_wconf 91' lang='lat' dir='ltr'><strong>corpus</strong></span> <span class='ocrx_word' id='word_1_836' title='bbox 2589 5748 2658 5802; x_wconf 89' lang='lat' dir='ltr'><strong>ad</strong></span> <span class='ocrx_word' id='word_1_837' title='bbox 2689 5756 2901 5816; x_wconf 90' lang='lat' dir='ltr'><strong>tempus</strong></span> <span class='ocrx_word' id='word_1_838' title='bbox 2921 5747 3210 5802; x_wconf 91' lang='lat' dir='ltr'><strong>occiditur.</strong></span> 
     </span>
    </p>
   </div>
   <div class='ocr_carea' id='block_1_114' title="bbox 2307 5837 3816 5912">
    <p class='ocr_par' dir='ltr' id='par_1_114' title="bbox 2307 5837 3816 5912">
     <span class='ocr_line' id='line_1_114' title="bbox 2307 5837 3816 5912; baseline -0.001 -15"><span class='ocrx_word' id='word_1_839' title='bbox 2307 5839 2458 5897; x_wconf 90' lang='lat' dir='ltr'><strong>Sicut</strong></span> <span class='ocrx_word' id='word_1_840' title='bbox 2487 5839 2824 5912; x_wconf 88' lang='lat' dir='ltr'><strong>pulmentum</strong></span> <span class='ocrx_word' id='word_1_841' title='bbox 2863 5838 3142 5909; x_wconf 88' lang='lat' dir='ltr'><strong>quodlibet</strong></span> <span class='ocrx_word' id='word_1_842' title='bbox 3169 5838 3373 5909; x_wconf 86' lang='lat' dir='ltr'><strong>absque</strong></span> <span class='ocrx_word' id='word_1_843' title='bbox 3418 5837 3532 5896; x_wconf 90' lang='lat' dir='ltr'><strong>sale</strong></span> <span class='ocrx_word' id='word_1_844' title='bbox 3577 5853 3688 5895; x_wconf 91' lang='lat' dir='ltr'><strong>non</strong></span> <span class='ocrx_word' id='word_1_845' title='bbox 3733 5839 3816 5896; x_wconf 71' lang='lat' dir='ltr'><strong>est</strong></span> 
     </span>
    </p>
   </div>
  </div>
