4012 6338
1304 326 1511 385 LIBER
1547 325 1828 386 CONTRA
1864 321 2189 383 JUDICIUM
2222 322 2356 382 DEI.

190 453 388 517 aptum
413 454 470 502 et
489 445 650 512 utile;
697 445 780 504 sic
806 445 982 502 omnis
1016 445 1211 512 virtus,
1253 447 1417 502 etiam
1461 447 1577 518 ipsa
1626 445 1780 511 ﬁdes,
1811 442 2021 506 Asicut
2053 441 2216 498 dilexi
2250 459 2358 508 vos,
2386 449 2445 496 ut
2475 449 2526 496 et
2571 457 2660 496 vos
2706 439 2938 512 diligatis
2980 444 3221 500 invicem.
3262 445 3332 503 In
3371 449 3471 505 hoc

191 551 311 594 non
344 537 490 592 valet
515 537 581 591 ad
606 537 833 591 salutem
863 536 1096 592 hominis
1127 538 1244 592 sine
1266 551 1418 606 pace.

267 629 403 695 Quis
431 629 620 682 horum
661 627 820 681 trium
849 627 1062 681 videtur.
1081 627 1173 680 tibi
1205 628 1472 697 proximus
1513 627 1675 696 fuisse
1709 627 1792 682 illi

190 717 288 793 qui
314 716 503 770 incidit
528 715 584 768 in
610 713 880 769 latrones?
911 711 980 767 Et
1006 713 1094 768 ille
1117 713 1247 767 dixit
1275 727 1293 766 :
1323 713 1426 780 Qui
1453 715 1572 785 fecit
1594 715 1790 770 miseri-

188 807 438 862 cordiam
465 807 523 860 in
551 804 722 859 illum.
751 803 809 860 Si
841 804 940 874 ﬁlii
969 805 1194 859 Abrahae
1219 805 1360 868 estis,
1387 823 1544 876 opera
1566 807 1791 861 Abralue

189 897 379 968 facile.
411 895 577 951 Nunc
606 905 782 950 autem
805 896 1041 966 quwritis
1069 911 1150 950 me
1169 896 1478 966 inter/icere,
1505 897 1790 962 hominem,

187 990 284 1061 qui
315 1005 438 1045 vera
474 987 680 1043 locutus
706 1003 825 1042 sum
863 987 1027 1053 vobis,
1067 1005 1184 1060 qua:
1230 989 1409 1044 audivi
1435 1007 1470 1042 a
1502 989 1630 1044 Deo.
1676 989 1792 1045 Hoc

186 1077 469 1134 Abraham
511 1094 614 1132 non
654 1077 797 1146 fecit.
840 1076 944 1131 Vos
978 1078 1154 1147 tacitis
1198 1094 1356 1150 opera
1398 1081 1567 1150 patris
1612 1082 1787 1136 vestri.

187 1167 333 1226 Oves
364 1186 494 1226 meo:
515 1185 688 1225 vocem
726 1185 897 1224 meam
925 1170 1172 1239 audiunt,
1196 1179 1248 1227 et
1272 1187 1366 1243 ego
1394 1189 1648 1245 cognosco
1678 1189 1789 1239 eas,

187 1270 245 1317 et
266 1272 566 1332 sequuntur
587 1278 691 1318 me.

265 1349 330 1407 Si
374 1352 630 1410 sacerdos
662 1361 720 1409 et
744 1352 937 1420 levita,
974 1355 1068 1426 qui
1107 1356 1393 1413 vulnerato
1419 1373 1452 1412 a
1491 1357 1793 1416 latronibus

187 1440 388 1516 plagas
422 1458 531 1499 non
567 1444 966 1516 imposuerunt,
1017 1447 1113 1503 sed
1148 1450 1276 1519 quia
1316 1465 1422 1504 non
1453 1451 1790 1517 profuerunt,

187 1533 429 1606 proximi
454 1550 560 1590 non
587 1534 826 1605 fuerunt,
851 1548 1056 1607 quanto
1090 1541 1261 1612 magis
1286 1540 1362 1596 illi
1390 1542 1482 1610 qui
1505 1542 1690 1613 plagas
1713 1543 1794 1597 in-

188 1621 418 1696 fligunt,
441 1627 678 1696 proximi
705 1643 812 1684 non
843 1631 1008 1685 sunt?
1029 1630 1132 1699 Qui
1151 1647 1282 1703 ergo
1302 1648 1410 1688 non
1438 1634 1793 1704 impertienda

189 1715 627 1772 misericordiam
655 1736 685 1774 a
710 1721 1056 1789 proximitate
1100 1738 1160 1778 se
1188 1723 1423 1778 alienum
1469 1723 1620 1789 facit,
1661 1724 1793 1779 alie-

1889 544 2194 604 cognoscent
2225 549 2398 588 omnes
2425 534 2550 604 quia
2577 533 2678 587 mei
2702 533 2950 605 discipuli
2987 536 3132 602 estis,
3159 538 3205 592 si
3231 537 3470 596 dilectio-

1891 641 2006 678 nem
2036 625 2324 679 habueritis
2353 625 2421 678 ad
2448 625 2685 679 invicem.

1961 715 2084 770 Non
2124 732 2218 786 pro
2255 717 2335 770 his
2367 726 2542 770 autem
2587 731 2711 786 rogo
2752 724 2977 783 tantum,
3023 718 3115 773 sed
3157 735 3252 790 pro
3281 721 3356 776 eis
3383 724 3474 795 qui

1891 806 2140 860 credituri
2192 817 2312 861 sunt
2355 824 2448 878 per
2486 807 2694 862 verbum
2739 824 2920 862 eorum
2967 811 3022 864 in
3062 827 3160 874 me,
3199 822 3257 866 ut
3296 829 3474 870 omnes

1889 913 2053 952 unum
2070 897 2201 963 sint,
2227 898 2360 951 sicut
2387 908 2443 951 tu
2472 896 2634 952 Pater
2669 898 2724 952 in
2762 915 2864 965 me,
2902 908 2949 953 et
2977 916 3068 971 ego
3113 901 3168 956 in
3206 911 3275 968 te,
3324 913 3379 956 ut
3426 913 3477 960 et

1889 989 1990 1060 ipsi
2018 989 2072 1043 in
2109 988 2255 1043 nobis
2289 1005 2454 1043 unum
2491 990 2614 1054 sint,
2653 998 2711 1043 ut
2751 990 2978 1044 mundus
3022 992 3200 1045 credat
3246 994 3370 1062 quia
3419 1003 3478 1049 tu

1889 1094 1974 1132 me
2002 1079 2212 1133 misisti.
2255 1077 2336 1133 Sit
2379 1088 2556 1133 autem
2591 1080 2759 1133 omnis
2785 1078 2940 1135 homo
2971 1079 3119 1134 velox
3149 1080 3218 1135 ad
3251 1081 3475 1137 audien-

1889 1166 2056 1233 dum,
2106 1167 2290 1221 tardus
2340 1178 2517 1222 autem
2565 1168 2634 1222 ad
2677 1167 3022 1240 loquendum,
3071 1180 3121 1225 et
3170 1171 3354 1227 tardus
3407 1173 3476 1227 ad

1889 1258 2049 1312 iram.
2088 1258 2182 1313 Ira
2203 1259 2342 1313 enim
2371 1259 2466 1312 viri
2486 1258 2750 1328 justitiam
2777 1260 2874 1314 Dei
2899 1278 3002 1316 non
3030 1273 3300 1334 operatur.

1963 1346 2022 1404 Si
2054 1348 2340 1404 dilectione
2371 1359 2771 1417 cognoscuntur
2797 1351 3046 1422 discipuli
3085 1353 3315 1419 Domini,
3342 1355 3474 1412 rixis

1892 1447 1950 1496 et
1974 1440 2412 1495 contentionibus
2431 1449 2832 1512 cognoscuntur
2855 1442 3107 1512 discipuli
3142 1445 3360 1501 diaboli.

1963 1529 2023 1587 Si
2046 1533 2227 1588 unitas
2275 1532 2441 1587 trahit
2489 1532 2749 1588 mundum
2778 1533 2846 1589 ad
2885 1533 3065 1603 ﬁdem,
3098 1535 3362 1594 dissensio
3383 1539 3481 1594 im-

1891 1621 2045 1694 pellit
2064 1622 2320 1677 mundum
2346 1623 2414 1678 ad
2440 1621 2742 1694 perﬁdiam.

1921 1763 1929 1771 ,
1967 1712 2120 1778 Quod
2155 1713 2200 1766 si
2239 1711 2411 1766 selum
2452 1729 2692 1765 amarum
2727 1713 2948 1780 habetis,
2974 1724 3023 1770 et
3050 1718 3401 1773 contentiones
3425 1719 3483 1774 in

188 1822 303 1864 nus
350 1819 438 1866 es:
480 1817 538 1865 et
578 1825 610 1866 ε
660 1811 1057 1868 medicamento
1091 1814 1234 1883 quod
1267 1813 1550 1871 vulnerato
1587 1813 1792 1886 jacemi
1819 1803 1867 1865 Β
1893 1803 2137 1858 cordibus
2153 1804 2353 1866 vestris,
2381 1801 2540 1856 nolite
2562 1801 2781 1871 gloriari
2805 1813 2853 1857 et
2873 1805 3146 1860 mendaces
3169 1823 3278 1861 esse
3305 1809 3484 1864 adver-

189 1899 443 1956 calestis
469 1899 850 1957 Samaritanus
877 1902 1173 1959 clementer
1195 1902 1411 1959 infudit.

263 1989 370 2058 Qui
417 1990 772 2047 domesticum
818 1992 940 2048 fidei
983 1994 1235 2051 occidere
1285 1995 1499 2066 quarit,
1545 2010 1654 2051 non
1707 2004 1793 2052 est

191 2079 346 2138 ﬁlius
377 2080 632 2148 Abrahae,
677 2082 805 2151 quia
842 2083 946 2140 hoc
991 2084 1267 2141 Abraham
1305 2102 1414 2142 non
1455 2084 1604 2142 fecit.
1637 2086 1792 2144 Facit

186 2179 379 2226 autem
404 2185 569 2242 opera
612 2173 805 2241 patris,
863 2173 916 2227 id
957 2182 1064 2240 est,
1116 2175 1340 2242 diaboli,
1389 2176 1483 2245 qui
1523 2176 1593 2231 ab
1634 2176 1790 2232 initio

189 2258 467 2316 homicida
495 2268 633 2315 erat.
658 2259 759 2328 Qui
791 2276 1004 2318 summe
1025 2263 1228 2319 bonum
1255 2273 1532 2336 pastorem
1555 2281 1793 2338 sequun—

189 2359 309 2417 tur,
349 2366 480 2407 oves
521 2361 679 2419 sunt;
722 2353 815 2422 qui
863 2362 1045 2411 autem
1073 2356 1130 2410 in
1157 2357 1424 2414 membris
1473 2358 1590 2415 suis
1640 2359 1794 2416 illum

192 2444 584 2516 insequuntur,
614 2445 726 2517 lupi
757 2454 903 2500 sunt.

268 2534 334 2592 Si
369 2537 485 2606 quis
527 2535 655 2590 mihi
702 2535 986 2604 ministrat,
1033 2555 1116 2594 me
1154 2549 1438 2612 sequatur:
1471 2549 1522 2596 et
1559 2544 1650 2597 ubi
1677 2559 1794 2599 sum

189 2644 310 2699 ego,
339 2627 450 2682 illic
480 2636 529 2682 et
556 2627 798 2683 minister
829 2647 973 2685 meus
1008 2631 1128 2685 erit.

267 2719 446 2790 Siqui
489 2721 784 2788 ministrat,
815 2723 1093 2791 sequitur;
1124 2723 1218 2792 qui
1265 2723 1609 2792 adversatur,
1649 2725 1792 2782 inse-

192 2812 405 2884 quitur.

267 2915 298 2945 ι
326 2902 642 2961 Mandatum
664 2922 858 2962 novum
896 2907 966 2963 do
995 2908 1160 2977 vobis,
1189 2916 1249 2964 ut
1283 2908 1519 2982 diligatis
1548 2910 1786 2979 inviam,

1891 1913 1982 1952 sus
2003 1895 2292 1949 veritatem.
2320 1891 2443 1948 Non
2463 1902 2540 1948 est
2562 1893 2664 1947 ista
2696 1895 2953 1962 sapientia
2975 1896 3248 1952 desursum
3277 1899 3484 1954 descen-

1892 1988 2038 2052 dens,
2066 1987 2156 2042 sed
2186 1997 2414 2052 terrena,
2433 1986 2702 2052 animalis,
2724 1987 3005 2042 diabolica.
3037 1988 3135 2044 Ubi
3173 1992 3312 2046 enim
3341 1993 3482 2048 zelus

1891 2091 1941 2138 et
1979 2081 2275 2147 contentio,
2307 2079 2380 2134 ibi
2407 2081 2759 2134 inconstantia
2792 2090 2839 2134 et
2881 2097 3032 2136 omne
3077 2100 3205 2153 opus
3241 2102 3481 2155 pravum.

1962 2175 2034 2232 Et
2057 2174 2254 2230 Paulus
2293 2172 2568 2242 apostolus
2615 2173 2733 2227 ait:
2762 2172 2891 2226 Noli
2931 2174 3100 2229 verbis
3151 2178 3479 2244 contendere,

1895 2267 1966 2322 ad
1993 2265 2123 2322 nihil
2152 2267 2290 2320 enim
2316 2263 2442 2318 utile
2467 2274 2566 2329 est,
2612 2264 2712 2318 nisi
2739 2264 2808 2318 ad
2854 2264 3234 2320 subversionem
3260 2271 3482 2322 audien-

1895 2361 2052 2426 tium,
2081 2359 2150 2414 de
2180 2359 2282 2412 hac
2309 2356 2595 2427 sapientia,
2628 2371 2748 2425 qua
2793 2372 2898 2411 non
2929 2364 3012 2410 est
3055 2357 3358 2424 desursum,
3391 2361 3486 2416 sed

1894 2461 2114 2510 terrena
2146 2459 2307 2520 atque
2336 2448 2600 2504 diabolica
2630 2450 2722 2503 sit.
2769 2447 2835 2502 Et
2882 2447 3010 2502 illud
3054 2449 3245 2506 beatus
3289 2451 3488 2506 Paulus

1896 2540 2158 2603 insinuat,
2186 2538 2372 2592 dicens
2400 2552 2413 2590 :
2456 2532 2696 2604 Profana
2727 2543 2902 2587 autem
2933 2543 2980 2587 et
3013 2534 3193 2589 inania
3228 2535 3371 2608 loqui
3396 2537 3488 2591 de-

1897 2631 2024 2688 vita.
2049 2627 2279 2685 Multum
2307 2627 2445 2681 enim
2469 2625 2748 2696 proﬁciunt
2778 2623 2848 2676 ad
2874 2624 3214 2693 impietatem,
3243 2637 3292 2680 et
3316 2643 3485 2684 sermo

1895 2741 2078 2782 eorum
2105 2731 2162 2777 ut
2188 2737 2376 2776 cancer
2401 2720 2578 2790 serpit.

1967 2817 2027 2873 Si
2053 2831 2182 2886 ergo
2211 2811 2486 2870 contentio
2516 2811 2758 2866 cordium
2799 2811 3092 2867 mendaces
3117 2814 3355 2869 ostendit
3393 2814 3490 2870 ad-

1893 2924 2085 2970 versus
2115 2906 2438 2972 veritatem,
2481 2910 2540 2958 et
2576 2903 2850 2959 contentio
2889 2904 3175 2960 verborum
3223 2904 3490 2963 subvertit

271 3131 299 3195 ξι
345 3115 661 3195 Mandatum
693 3134 881 3174 novum
907 3119 975 3174 do
1003 3119 1165 3195 vobis.
1188 3119 1345 3195 Nulla
1369 3031 2247 3195 sentenlt’iiliriilziilcNgiiiﬁidiam
2277 3117 2632 3195 fraternitatis
2657 3131 2794 3195 pene
2831 3117 3490 3195 interfecerunt._Et_hac

192 3187 418 3244 videtur
457 3190 768 3260 aptioriaut
812 3191 1170 3260 opportunior
1197 3193 1265 3246 ad
1310 3195 1794 3252 commendandam

190 3267 448 3315 mutuam
471 3258 612 3314 inter
627 3258 1329 3334 Christianosiconcordiam
1352 3269 1408 3319 et
1428 3263 1791 3334 dilectionem,

190 3345 372 3403 quam
398 3329 761 3403 suprema_illa
785 3330 987 3403 Christi
1013 3331 1228 3386 Domini
1247 3333 1418 3403 verba
1446 3349 1566 3403 qua
1592 3335 1682 3392 hic
1705 3329 1798 3394 de-

193 3399 403 3454 scribit
421 3399 750 3468 Agobardus.
781 3399 892 3456 Res
913 3411 1094 3456 autem
1120 3402 1256 3456 tanti
1280 3399 1541 3459 momenti
1569 3407 1683 3461 visa
1710 3417 1796 3462 est

195 3469 447 3533 Christo,
493 3469 928 3542 utetiamvelut
968 3487 1235 3542 suprema
1276 3473 1568 3530 voluntatis
1597 3477 1796 3534 tabulis

197 3553 330 3595 eam
355 3539 616 3613 apostolis
652 3556 716 3597 ac
744 3539 1178 3613 discipulis'suis
1223 3543 1453 3600 voluerit
1493 3561 1614 3602 esse
1652 3563 1796 3604 com-

194 3611 550 3692 mendatam;
568 3611 732 3692 idque
758 3629 864 3692 non
884 3611 957 3668 ob
976 3612 1122 3692 aliud
1147 3614 1306 3692 toties
1328 3617 1608 3692 repetierit
1632 3626 1796 3692 atque

192 3680 579 3745 inculcaverit,
606 3680 712 3738 nisi
736 3691 797 3737 ut
821 3685 1134 3739 ostenderet
1170 3685 1273 3739 sibi
1305 3680 1538 3742 maxime
1571 3689 1627 3743 in
1655 3680 1796 3744 votis

192 3760 411 3826 essent
447 3751 671 3826 apostoli
701 3761 757 3826 et
781 3753 1027 3826 discipuli
1057 3753 1132 3826 (in
1165 3755 1363 3826 quibus
1390 3772 1581 3813 omnes
1612 3759 1796 3814 Eccle-

193 3822 402 3877 siarum
426 3821 688 3898 praesules
709 3821 1147 3898 docebaintug‘ut
1167 3821 1219 3880 in
1245 3827 1474 3898 epistola
1499 3840 1694 3898 quarta
1720 3829 1798 3884 ait

193 3901 419 3970 sanctus
441 3893 571 3970 Leo)
590 3893 789 3970 _vivant_
809 3894 1176 3970 concorditer,
1194 3893 1549 3970 exemploque
1578 3916 1677 3954 suo
1700 3915 1796 3970 po-

238 3964 401 4040 ulum_
421 3963 703 4040 stimulent
725 3963 793 4040 ad
836 3973 1079 4040 mutuam
1107 3963 1478 4040 dilectionem:
1498 3963 1798 4040 Prasag'ie-

190 3977 384 4088 ﬁnium
421 3977 703 4020 stimulent
725 3977 793 4018 aa
836 3977 1079 4020 mutuam
1107 3977 1468 4022 dilectionem.
1498 3977 1797 4040 Prasagie-

218 4033 463 4111 _at_euim
485 4033 702 4111 divinus
730 4033 820 4111 i_|_le
849 4035 1082 4111 animus,
1107 4037 1247 4105 quod
1276 4053 1384 4092 non
1405 4039 1636 4111 obscure
1657 4055 1797 4111 pra-

195 4103 338 4180 dixit
363 4105 506 4174 apud
533 4105 913 4180 evangelistas,
957 4103 1304 4180 futurumut
1347 4122 1469 4162 cum
1512 4110 1626 4180 ipse
1658 4103 1798 4165 'reli-

194 4174 412 4249 quisset
466 4185 685 4241 terras,
753 4175 972 4249 inimico
1032 4176 1266 4249 hominis
1328 4174 1798 4249 superseminaute

195 4245 436 4316 zizania,
465 4245 851 4302 controversia
884 4248 1123 4316 rixaque
1152 4245 1428 4303 orirentur
1464 4249 1608 4304 inter
1638 4250 1798 4306 Chri-

195 4315 430 4388 stianos,
482 4325 537 4372 et
561 4331 694 4388 _non
733 4316 910 4388 solum
954 4317 1008 4370 in
1039 4315 1270 4388 pepulo,
1311 4320 1406 4374 sed
1447 4321 1610 4375 etiam
1656 4321 1800 4374 inter

194 4385 501 4472 ministros.
546 4385 764 4472 Quidni,
784 4385 1346 4472 quandoquidemnet
1389 4389 1522 4472 ipsi”
1544 4391 1794 4472 apostoli,

194 4457 307 4527 viri
330 4456 525 4527 spiritu
552 4457 642 4512 illo
669 4456 870 4527 Christi
899 4457 1077 4527 pleni,
1113 4466 1168 4512 et
1196 4459 1371 4514 adhuc
1407 4456 1436 4513 ἐι
1463 4456 1681 4516 Christo
1707 4477 1799 4516 ca-

193 4525 553 4599 lidi,_quique
580 4527 829 4597 exemplo
854 4525 1067 4582 Domini
1095 4527 1228 4583 nihil
1258 4529 1400 4584 aliud
1429 4530 1708 4599 spirabant
1733 4547 1798 4586 ac

193 4597 752 4679 pradicabantquam
778 4612 974 4679 pacem.
991 4600 1439 4679 etponcordiam,
1457 4597 1637 4679 usque
1661 4601 1798 4679 adeo

194 4674 506 4739 retrorsum
547 4668 814 4739 abierunt,
862 4679 924 4739 ut
961 4668 1190 4724 invicem
1217 4669 1482 4739 quasdam
1513 4668 1661 4726 velut
1695 4672 1800 4726 ini-

195 4736 444 4811 micitias
488 4738 818 4811 miscerent?
866 4737 1051 4811 Neque
1100 4736 1252 4811 vero—7
1278 4740 1399 4811 dico
1447 4741 1682 4811 aliquem
1731 4743 1800 4798 de

192 4805 364 4879 plebe
405 4809 769 4879 apostolorum
793 4851 808 4874 ,
848 4805 989 4862 absit
1031 4809 1196 4865 verbo
1242 4810 1478 4875 invidia;
1527 4805 1620 4867 sed
1662 4811 1799 4869 duos

194 4877 328 4932 illos
355 4877 722 4953 apostolorum
750 4879 1042 4953 principes,
1066 4880 1285 4953 Petrum
1313 4888 1366 4934 et
1389 4881 1637 4948 Paulum,
1663 4898 1800 4953 quo-

194 4964 326 5003 rum
355 4949 446 5022 hic
468 4950 834 5022 semirumin
867 4951 1084 5022 modum
1114 4950 1378 5022 gloriatur
1403 4967 1522 5006 esse
1561 4949 1799 5007 imitato-

193 5034 338 5092 [emi
353 5018 574 5075 Christi.
618 5021 690 5092 Et
717 5020 806 5075 hic
833 5029 1014 5075 tamen
1041 5018 1239 5076 Christi
1275 5021 1533 5086 imitator,
1567 5023 1654 5078 hic
1683 5023 1799 5092 ipse

192 5089 412 5148 Paulus
461 5106 558 5145 nos
599 5091 774 5157 docet,
819 5107 898 5155 se,
946 5106 1068 5144 cum
1099 5092 1338 5148 venisset
1382 5092 1573 5147 Petrus
1611 5089 1800 5148 Antio-

193 5161 422 5221 chiam,
476 5171 640 5234 atque
687 5161 758 5234 id
784 5161 1001 5234 quidem
1041 5170 1166 5234 post
1207 5169 1486 5234 acceptum
1522 5162 1798 5234 Spiritum

194 5241 480 5304 sanctum,
510 5230 562 5288 ei
591 5230 854 5304 restiti_SSe
880 5232 933 5304 in
965 5230 1178 5304 faciem,
1205 5230 1801 5304 quia'reprehensilgilis

193 5311 350 5374 orat.
399 5302 649 5374 Nunquid
698 5302 860 5357 etiam
907 5302 1053 5357 inter
1101 5303 1324 5374 Paulum
1369 5302 1438 5359 eti
1471 5304 1798 5370 Barnabam,

195 5373 516 5444 Antiochia:
542 5373 779 5444 quoque,
796 5389 877 5444 eo
904 5387 1088 5444 usque,
1105 5373 1380 5431 incanduit
1408 5383 1679 5430 certamen
1697 5415 1713 5439 ,
1741 5384 1802 5431 ut

195 5443 489 5500 desineret
529 5443 584 5500 in
611 5443 940 5499 divortium?
963 5445 1031 5501 Et
1060 5443 1348 5511 Corinthii,
1380 5445 1603 5501 novella
1623 5445 1801 5502 adhuc

195 5514 418 5588 Christi
461 5514 674 5588 planta,
707 5528 883 5569 nonne
919 5515 1318 5588 redarguuntur
1357 5530 1389 5570 a
1429 5514 1617 5588 Paulo,
1657 5516 1801 5588 quod

196 5583 357 5638 inter
399 5585 543 5654 ipsos
579 5584 695 5654 jam
739 5593 852 5639 tum
894 5583 1370 5650 essent'dissidia,
1411 5583 1798 5653 dissensiones,

199 5654 507 5721 aemulatio,
537 5665 592 5710 et
617 5657 1026 5712 contentiones?
1063 5657 1278 5713 Exorta
1316 5657 1508 5712 deinde
1545 5668 1671 5712 sunt
1698 5659 1801 5714 ha-

204 5740 392 5798 reses,
431 5736 621 5798 exorta
664 5727 976 5792 schismata,
1012 5744 1132 5798 qua
1168 5727 1403 5798 tunicam
1444 5727 1588 5782 illam
1623 5729 1802 5784 incon-

203 5795 437 5856 sutilem
480 5796 809 5865 lawrarunt,
857 5795 1046 5872 paceni
1087 5797 1342 5856 Ecclesia
1389 5798 1697 5869 turbarunt,
1744 5808 1804 5859 et

1899 3196 2118 3268 quidem
2147 3192 2391 3268 fervente
2421 3188 2859 3268 Christianismo,
2892 3205 3013 3244 cum
3043 3189 3219 3268 adhuc
3245 3190 3488 3247 Ecclesia

1899 3259 2160 3324 innocens
2188 3260 2532 3332 vagiebatin
2574 3259 2750 3332 cunis,
2796 3274 2918 3313 cum
2959 3275 3090 3330 grex
3128 3261 3319 3332 adhuc
3344 3271 3489 3318 esset

1897 3335 2166 3410 pusillus,_
2175 3329 2303 3410 cum
2333 3330 2517 3410 gloria
2539 3329 2853 3410 ducebatur
2888 3329 3012 3410 pro_
3029 3331 3243 3409 nomine
3259 3330 3486 3410 _Chris_ti

1897 3399 2280 3464 contumeliam
2309 3399 2439 3472 pati.
2484 3399 2556 3454 At
2583 3407 2768 3473 postea
2797 3415 2958 3469 quam
2987 3401 3183 3473 fascias
3223 3402 3488 3473 ablegavit

1897 3476 2160 3540 Ecclesia,
2183 3469 2467 3545 positaque
2490 3469 2680 3545 puerili
2706 3479 2986 3540 pratexta,
3013 3470 3128 3545 jam
3155 3471 3295 3545 facta
3323 3469 3489 3545 robu-

1897 3549 2054 3611 stior,
2092 3540 2513 3600 adolescentiam
2540 3540 2783 3611 ingressa
2809 3549 2913 3612 est,
2940 3542 3142 3597 excidit
3169 3543 3427 3612 paulatim
3457 3559 3489 3599 a

1897 3610 2152 3674 cordibus
2175 3610 2618 3684 Christianorum;
2643 3626 2801 3684 amor
2830 3610 3208 3684 fraternitatis,
3242 3614 3491 3684 irrepsit-

1937 3705 2003 3743 ue
2032 3686 2286 3764 pervicax
2323 3681 2916 3764 nocenditallendique
2942 3683 3185 3764 invicem
3226 3681 3486 3764 studium.

1949 3751 2201 3814 inc-orta!
2231 3756 2375 3818 lites,
2409 3754 2535 3807 hinc
2558 3751 2756 3824 iurgia,
2790 3751 2915 3807 hinc
2942 3753 3100 3816 bella,
3133 3763 3188 3824 et
3210 3757 3405 3819 cades,
3435 3763 3492 3810 et

1896 3828 2158 3901 quidqu_id
2185 3826 2461 3901 exitiabile
2487 3823 2811 3901 esse_po_test
2833 3824 3132 3901 concordia
3157 3823 3492 3901 Christiano-

1897 3891 2156 3956 r-umex
2183 3912 2249 3951 eo
2277 3896 2422 3950 fonte
2463 3892 2662 3962 prodiit
2701 3891 2786 3946 lex
2826 3891 3328 3962 Gundobada,qua
3366 3895 3490 3949 lites

1898 3969 2195 4041 certamine
2235 3961 2494 4041 singulari
2535 3966 2792 4031 praecepit
2834 3961 3001 4041 finiri,
3032 3963 3122 4015 ubi
3152 3961 3270 4017 alia
3294 3963 3491 4034 proba-

1901 4041 2074 4094 tiones
2103 4038 2327 4099 desunt;
2359 4036 2617 4088 adversus
2643 4046 2807 4100 quam
2837 4036 3059 4096 acriter,
3088 4040 3147 4086 ut
3185 4048 3271 4103 res
3299 4044 3489 4103 post“-

1898 4109 2079 4173 labat,
2133 4106 2404 4161 invehitur
2448 4103 2798 4173 Agobardus,
2854 4110 3111 4172 tanquam
3168 4102 3490 4161 Christiana

1897 4171 2085 4251 pietati
2117 4194 2181 4232 ac
2211 4171 2546 4251 simplicitati
2589 4171 2743 4228 valde
2782 4171 3131 4251 contrariam.
3174 4173 3240 4228 Et
3287 4185 3488 4241 tamen,

1899 4245 2018 4322 qua
2043 4257 2139 4322 est_
2167 4245 2348 4322 rerum
2389 4246 2748 4299 humanarum
2781 4245 3135 4322 vicissitudo,_
3160 4256 3375 4322 recepta
3405 4254 3491 4322 est

1897 4314 2086 4392 postea
2127 4319 2242 4373 hac
2283 4318 2368 4372 lex
2408 4331 2506 4392 per
2541 4330 2733 4392 omnes
2759 4314 2959 4383 ubique
2986 4314 3320 4392 provincias;
3355 4316 3489 4370 adeo

1899 4386 2148 4446 utetiam
2177 4403 2356 4444 causa
2384 4386 2738 4441 ecclesiarum
2766 4401 2829 4440 ac
2859 4387 3335 4449 monasteriorum,
3368 4400 3488 4454 qua

1822 4487 1876 4549 Ι)
1900 4464 2146 4517 obscura
2177 4471 2354 4523 erant,
2385 4456 2564 4538 duello
2599 4455 2862 4549 singulari
2902 4456 3489 4549 ﬁiiireiitur,kda-tiska'b

1901 4540 2132 4600 utraque
2165 4536 2318 4600 parte
2345 4525 2718 4600 campionibus
2737 4544 2756 4600 Δε
2787 4526 2865 4600 sic
2903 4527 3050 4600 enim
3079 4526 3346 4580 vocabant
3377 4525 3490 4580 bel-

1898 4595 2121 4657 latores.
2154 4595 2395 4654 Tandem
2427 4597 2522 4651 Dei
2562 4595 2901 4666 providentia
2931 4596 3133 4651 factum
3166 4604 3250 4650 est
3280 4605 3336 4650 ut
3364 4611 3491 4665 pes-

1899 4673 2038 4730 sima
2065 4672 2182 4725 hac
2218 4669 2304 4722 lex
2333 4667 2642 4737 aboleretur
2670 4667 2860 4721 edictis
2883 4668 3211 4737 principum,
3249 4674 3303 4720 et
3329 4681 3492 4737 cano-

1899 4744 2062 4800 nibus
2086 4739 2459 4813 conciliorum.
2638 4745 2696 4790 ut
2724 4737 2860 4813 mala
2884 4735 3063 4813 imagis
3095 4735 3336 4813 vincunt,
3364 4736 3490 4813 reti:

1898 4821 2059 4868 netur
2096 4812 2284 4875 hodie,
2327 4825 2432 4864 non
2466 4808 2684 4878 quidem
2718 4809 2783 4878 ad
2823 4805 3095 4878 finiendas,
3115 4805 3258 4878 lites,
3296 4808 3390 4862 sed
3419 4808 3486 4864 ad

1899 4883 2136 4938 ﬁnienda
2161 4881 2341 4952 iurgia
2372 4888 2428 4934 et
2451 4875 2618 4933 rixas.
2647 4877 2728 4952 hc
2767 4875 3490 4952 licet__severissima_adver-

1899 4970 1994 5009 sus
2036 4946 2327 5008 immane'm
2363 4948 2808 5004 consuetudinem
2845 4948 3022 5002 edicta
3061 4946 3390 5016 prodierint,
3421 4963 3488 5004 ac

1899 5025 2212 5096 nuperrime
2241 5021 2679 5096 sapientissimus
2717 5033 2901 5096 regum
2939 5017 3240 5096 Ludovicus
3272 5016 3393 5096 XIV
3422 5033 3488 5073 ea

1899 5088 2262 5157 renovaverit,
2292 5088 2450 5147 durat
2479 5099 2656 5144 tamen
2691 5088 2936 5157 pertinax
2973 5088 3158 5143 isthac
3188 5096 3243 5142 et
3269 5089 3490 5159 insupe-

1900 5164 2088 5218 rabilis
2111 5164 2291 5218 rabies
2312 5160 2610 5232 pugnandi,
2634 5173 2902 5232 nemoque
2923 5174 3062 5232 unus
3089 5160 3231 5214 cedit
3257 5159 3485 5230 legibus.

1900 5234 2052 5300 Quod
2082 5236 2128 5288 si
2158 5229 2550 5289 moniiioiiibus
2571 5239 2625 5284 et
2655 5229 3051 5284 hortationihus
3089 5229 3334 5285 revocari
3365 5245 3490 5300 pos-

1902 5299 2026 5360 sent
2052 5306 2300 5360 homines
2329 5304 2397 5358 ab
2423 5317 2485 5357 ea
2515 5301 2753 5364 feritate,
2787 5301 3112 5355 admonendi
3139 5309 3324 5356 essent
3353 5299 3491 5354 mul-

1902 5383 2016 5430 tum
2057 5376 2274 5432 tthristo
2313 5373 2460 5430 cordi
2504 5385 2626 5425 esse
2664 5369 2956 5426 fraternam
3002 5371 3384 5435 concordiam,
3425 5384 3492 5424 ac

1901 5446 2176 5521 sinceram
2206 5445 2534 5521 minimeque
2560 5439 2795 5521 fucatam
2826 5441 3168 5521 dilectionem
3187 5483 3202 5507 ,
3233 5439 3491 5521 illumque

1899 5517 2227 5600 ρςεεοερέρεο
2266 5515 2380 5600 suis
2419 5511 2865 5600 aestuosus!!!
2890 5511 3492 5600 ﬂammam}???

1903 5580 2025 5643 illos
2073 5580 2376 5650 dilexerat,
2429 5585 2502 5638 ita
2550 5583 2652 5653 ipsi
2702 5580 2931 5639 invicem
2981 5583 3282 5653 diligerent.
3335 5580 3490 5653 lianc

1903 5659 2049 5714 enim
2079 5672 2202 5712 esse
2225 5671 2408 5711 veram
2438 5650 2620 5708 notam
2648 5654 3035 5725 discipulorum
3064 5650 3307 5716 Domini,
3332 5652 3378 5707 si
3407 5650 3490 5725 di-

1901 5728 2192 5784 lectionem
2220 5726 2456 5781 habeant
2476 5719 2804 5798 adinvicemI
2837 5727 2948 5798 Hoc
2975 5725 3075 5782 fuit
3101 5740 3298 5782 novum
3325 5731 3382 5781 et
3406 5719 3492 5784 ul-

1903 5799 2099 5860 timum
2125 5798 2440 5861 mandatum
2463 5794 2668 5855 Christi
2697 5796 2929 5864 Domini.
