4012 6338
1540 299 1598 362 S.
1634 303 1985 366 Amm
2020 301 2333 367 Ενιῦαοίθί
2370 306 2862 370 LUGDUNENSIS

575 427 897 494 audientes;
933 428 1137 496 quanto
1166 419 1345 494 mgis
1385 420 1663 479 «nuntio
1699 435 1958 477 manuum
1987 426 2045 477 et
2069 419 2237 485 αι’-Λ
2327 419 2458 478 Hac
2486 426 2622 481 enim
2666 430 2843 483 omnia
2871 426 2920 483 si
2962 429 3227 487 vobiscum
3266 434 3443 491 adsint
3470 434 3538 495 et
3574 456 3855 517 θηραταί,

643 613 763 669 Non
792 625 959 667 unum
996 622 1132 680 opus
1164 619 1424 678 pravum,
1464 610 1562 660 aut
1598 617 1729 672 pars
1761 616 2024 673 operum,
2064 602 2160 659 sed

574 706 737 762 anno
759 718 915 772 opus,
945 701 1089 757 sicut
1114 706 1173 754 et
1208 697 1411 753 Paulus
1434 696 1672 752 ostendit
1696 710 1711 749 :
1744 695 1843 749 His
1869 706 2044 751 autem
2068 696 2158 767 qui

572 810 642 850 ea:
659 793 1005 855 ualentioris,
1030 797 1078 845 et
1101 790 1191 861 qui
1211 805 1317 844 non
1338 788 1670 859 (cardiacum
1692 787 1917 851 veritati,
1940 787 2159 845 credunt

572 893 748 940 autern
771 883 1064 954 iniquitati,
1092 883 1173 935 ira
1204 890 1253 937 et
1281 879 1600 949 indignatio,
1629 877 1896 934 tribulatio
1921 887 1969 933 et
1992 895 2162 950 angu-

570 978 676 1032 stia
698 977 761 1031 in
778 990 987 1031 omnem
1008 974 1244 1029 animans
1270 970 1494 1025 hominis
1522 970 1784 1039 operantis
1810 967 2029 1023 malum.

576 1096 581 1097 ν
644 1066 777 1134 Quae
800 1076 975 1120 autem
998 1065 1274 1120 desursum
1296 1071 1373 1117 est
1394 1062 1674 1131 sapientia,
1697 1061 1924 1130 primum
1949 1059 2161 1131 quidem

570 1161 767 1233 pudica
793 1166 892 1233 est,
917 1159 1106 1215 deinde
1130 1157 1371 1230 paciﬁca,
1400 1154 1657 1221 modesta,
1686 1152 1977 1219 suadibilis,
2011 1152 2158 1209 bonis

573 1254 918 1317 consentiens,
964 1251 1119 1324 plena
1158 1247 1551 1312 misericordia,
1596 1252 1645 1299 et
1687 1244 1945 1314 fructibus
1986 1244 2156 1310 bonis,

562 1344 816 1415 judicans
839 1346 953 1399 sine
978 1340 1334 1399 simulatione.
1376 1338 1610 1393 Fructus
1638 1346 1814 1392 autem
1845 1337 2070 1406 iustitia
2101 1338 2158 1391 in

568 1454 698 1508 pace
725 1438 1015 1491 sentinam
1041 1432 1355 1505 facientibus
1383 1446 1583 1502 pacein.

641 1526 941 1600 Perpende,
967 1541 1001 1581 ο
1020 1525 1211 1596 iudex,
1238 1525 1366 1595 quia
1395 1523 1490 1578 illa
1518 1520 1783 1593 sapientia
1811 1534 1933 1592 quae
1950 1519 2157 1590 iudicat

566 1618 685 1676 sine
727 1617 1101 1683 simulatione,
1153 1617 1275 1672 dolo
1326 1622 1386 1670 et
1430 1614 1653 1679 fraude,
1701 1613 1931 1685 paciﬁca
1972 1619 2061 1669 est
2102 1620 2160 1669 et

564 1711 727 1782 plena
750 1710 1158 1766 miserieOrdiae.

2261 527 2367 567 non
2393 531 2579 570 vacuos
2616 535 2709 587 nec
2735 519 2847 574 sine
2882 521 3061 590 fructu
3088 541 3175 579 vos
3198 531 3515 588 constituent
3544 535 3600 589 in
3633 537 3857 601 Ποπιίή

2258 609 2424 662 nostri
2445 607 2575 663 Jesu
2599 608 2795 666 Christi
2819 616 3183 684 cognitionem.
3213 618 3312 676 Cui
3338 624 3478 680 enim
3515 643 3621 683 non
3657 643 3855 700 priests

2257 711 2380 757 sunt
2405 703 2541 770 lucc,
2566 718 2733 759 ctesus
2759 715 2855 772 est,
2883 717 2932 761 et
2958 724 3119 764 manu
3153 719 3382 781 tentans,
3409 716 3732 776 oblivionem
3758 741 3856 780 aa-

2258 793 2472 863 cipiens,
2513 796 2877 866 purgationem
2901 808 3127 854 veterum
3167 818 3384 859 suorum
3413 807 3757 867 delictorum.
3788 814 3858 871 In

2256 882 2355 937 hoc
2378 885 2643 955 manifesti
2678 896 2800 942 sunt
2835 887 2938 956 ﬁlii
2960 889 3060 946 Dei
3084 901 3133 945 et
3159 891 3258 961 ﬁlii
3282 896 3500 953 diaboli.
3546 899 3743 959 Omnis
3764 908 3855 976 qui

2258 990 2363 1030 non
2389 987 2464 1031 est
2495 977 2695 1046 justus,
2719 995 2822 1037 non
2847 989 2923 1037 est
2946 982 3010 1036 de
3039 982 3187 1050 Deo;
3215 995 3263 1040 et
3289 990 3381 1057 qui
3405 1007 3509 1046 non
3529 991 3707 1065 diligit
3737 995 3857 1064 fra-

2256 1077 2388 1125 trem
2411 1084 2564 1123 suum
2595 1082 2613 1120 :
2643 1071 2892 1140 quoniam
2929 1072 3040 1128 haec
3067 1084 3143 1129 est
3173 1080 3528 1147 annuntiatio,
3558 1096 3727 1153 quam
3755 1102 3856 1141 ης

2256 1160 2405 1229 dictis
2444 1162 2509 1216 ab
2538 1162 2710 1227 initio,
2753 1173 2813 1217 ut
2844 1164 3127 1234 diligatur“
3169 1167 3503 1226 alterutrum.
3549 1173 3679 1230 Non
3717 1178 3858 1233 sient

2258 1251 2414 1319 Cain,
2455 1252 2547 1322 qui
2585 1270 2649 1307 ex
2691 1252 2923 1324 maligno
2949 1248 3088 1321 erat,
3115 1266 3163 1311 et
3204 1261 3393 1316 occidit
3420 1263 3644 1329 fratrem
3667 1282 3856 1326 sum.

2255 1342 2328 1398 Et
2365 1354 2576 1415 propter
2617 1346 2745 1416 quid
2791 1348 2981 1402 occidit
3020 1352 3181 1405 eum?
3223 1351 3487 1417 Quoniam
3528 1375 3688 1428 opera
3740 1363 3856 1432 ejus

2255 1435 2491 1507 maligna
2518 1447 2704 1503 erant;
2752 1439 2943 1507 fratris
2976 1451 3155 1499 autem
3174 1444 3296 1514 ejus
3326 1445 3499 1514 facta.
3531 1448 3722 1506 Nolite
3756 1454 3859 1508 sui:

2258 1530 2388 1594 rari,
2411 1528 2626 1598 fratres,
2646 1531 2694 1584 si
2713 1531 2824 1586 odit
2844 1549 2933 1588 vos
2957 1535 3207 1591 mundus.
3238 1535 3357 1591 Nec
3377 1540 3571 1595 solum
3597 1546 3859 1614 quasi.

2253 1620 2503 1676 translati
2523 1637 2704 1677 sumus
2727 1623 2793 1678 de
2814 1635 2981 1680 inerte
3006 1628 3065 1682 in
3091 1628 3270 1693 vim,
3299 1633 3551 1701 proniori
3576 1635 3861 1707 diligite

2257 1712 2469 1784 fratres.
2504 1714 2608 1780 Qui
2640 1732 2743 1770 non
2783 1716 2955 1787 diligit
2985 1719 3205 1788 fratrem
3250 1739 3428 1789 suum,
3455 1725 3729 1783 homicida
3759 1740 3858 1786 est.

635 1820 786 1879 Unde
814 1814 946 1878 bella
976 1826 1027 1878 et
1064 1822 1179 1877 lites
1216 1821 1272 1876 in
1298 1808 1485 1876 vobis?
1520 1819 1709 1875 Nonne
1743 1818 1907 1874 hinc?
1940 1834 2004 1873 ea:
2029 1835 2153 1874 cona-
2176 1799 2227 1864 Β
2254 1803 2324 1859 Et
2369 1806 2515 1859 κέίὶε
2543 1806 2788 1876 quoniam
2819 1809 2987 1863 omnis
3030 1811 3295 1868 homicida
3340 1830 3450 1870 non
3491 1818 3643 1873 habet
3688 1822 3859 1876 vim

562 1917 889 1988 cupiscentiis
922 1917 1123 1979 vestris,
1154 1930 1272 1986 qua:
1302 1913 1530 1968 militant
1571 1914 1627 1965 in
1662 1911 1905 1966 membris
1934 1913 2157 1967 vestris?

562 2007 965 2080 concupiscitis,
1012 2016 1059 2063 et
1107 2024 1209 2061 non
1256 2006 1456 2061 habetis
1488 2018 1507 2057 :
1539 2004 1797 2071 occiditis,
1844 2015 1891 2058 et
1938 2004 2153 2071 celatis;

558 2077 665 2156 non
694 2077 909 2171 potestis
940 2099 1161 2170 adipisci
1187 2113 1205 2149 :
1238 2097 1476 2168 litigatis,
1519 2104 1568 2150 et
1608 2093 1944 2165 belligeratis,
1974 2103 2021 2148 et
2050 2110 2155 2149 non

557 2196 780 2261 habetis,
810 2202 1021 2267 propter
1057 2192 1197 2266 quod
1225 2202 1329 2247 non
1366 2188 1691 2261 postulastis.
1729 2187 1934 2252 Petitis,
1968 2197 2020 2241 et
2049 2202 2154 2242 non

558 2288 829 2358 accipitis;
859 2303 918 2339 eo
947 2284 1086 2357 quod
1116 2284 1251 2339 male
1276 2283 1465 2353 petatis
1496 2294 1514 2332 :
1545 2290 1602 2334 ut
1630 2282 1685 2335 in
1725 2279 2152 2351 concupiscentiis

557 2378 739 2433 vestris
767 2377 1068 2431 insumatis.
1100 2372 1362 2441 Adulteri,
1407 2373 1614 2429 nescitis
1640 2372 1762 2444 quia
1792 2371 2025 2425 amicitia
2054 2370 2154 2424 Ιηιη

550 2468 810 2539 jusmodi,
844 2467 1060 2521 inimica
1090 2477 1164 2521 est
1190 2463 1335 2519 Dei?

628 2558 783 2617 Unde
809 2558 918 2615 sint
945 2558 1085 2614 bella
1112 2564 1167 2614 et
1192 2559 1336 2625 lites,
1365 2563 1552 2628 aperte
1576 2556 1667 2611 hic
1693 2556 2015 2610 ostenditur.

629 2651 939 2725 Quicunque
963 2670 1085 2724 ergo
1115 2652 1338 2708 voluerit
1378 2653 1579 2706 amicus
1605 2668 1713 2706 esse
1754 2650 1935 2705 strculi
1966 2650 2143 2720 hujus,

551 2745 800 2801 inimicus
822 2746 921 2800 Dei
958 2746 1315 2800 constituitur.
1348 2745 1499 2815 Agite
1528 2754 1684 2809 nunc,
1716 2743 1921 2809 divites,
1947 2740 2145 2815 ploratt

551 2837 815 2894 ululantes
842 2838 897 2892 in
922 2838 1147 2892 miseriis
1175 2853 1292 2907 qua:
1318 2836 1595 2891 advenient
1621 2835 1781 2890 vobis.

624 2946 760 3002 Cum
791 2962 900 3001 non
932 2946 1095 3010 dicat,
1134 2944 1441 3015 Quicunque
1470 2953 1567 3010 est,
1599 2945 1695 2999 Sed
1728 2943 2036 3016 Quicunque
2063 2963 2152 3000 vo-

554 3036 711 3092 luerit
759 3038 960 3091 amicus
1006 3053 1116 3090 esse
1160 3035 1343 3090 sa’culi
1389 3035 1570 3105 hujus,
1618 3045 1869 3106 patenter
1917 3037 2153 3091 ostendit

553 3129 678 3200 quia
706 3129 895 3184 eodem
923 3116 1086 3182 modo
1117 3140 1224 3197 quo
1249 3126 1511 3181 Dominus
1542 3126 1843 3183 adulterum
1871 3142 1992 3183 esse
2020 3143 2146 3198 pro-

550 3193 767 3278 nuntiat
791 3221 846 3276 in
872 3193 1183 3290 Evangelia,
1210 3219 1301 3290 qui
1326 3218 1510 3274 viderit
1550 3218 1820 3273 mulierem
1856 3220 1926 3274 ad
1957 3193 2148 3274 concu-
2173 3193 2219 3258 θ’

550 3312 859 3384 piscendum
884 3328 1003 3367 eam
1019 3351 1034 3377 ,
1068 3311 1189 3382 jam
1213 3312 1498 3366 moechatus
1524 3319 1599 3367 est
1625 3327 1741 3365 eam
1766 3312 1822 3365 in
1847 3312 2003 3367 corde
2027 3330 2147 3382 suo,

551 3407 764 3463 etiamsi
801 3406 870 3461 ad
908 3405 1273 3477 expletionem‘
1306 3406 1489 3476 operis
1530 3404 1721 3461 nefarii
1755 3420 1860 3459 non
1890 3420 2150 3475 pervene-

551 3498 645 3564 rit,
683 3497 991 3569 quicunque
1033 3495 1144 3551 rult
1183 3497 1391 3552 amicus
1427 3511 1546 3551 esse
1591 3495 1772 3550 surculi
1814 3493 1994 3563 hujus,
2032 3494 2149 3564 jam

549 3590 763 3646 adulter
788 3598 895 3656 est,
917 3589 1133 3645 etiamsi
1160 3605 1268 3645 non
1292 3589 1605 3659 pervenerit
1630 3587 1700 3644 ad
1729 3588 1962 3643 honores
1986 3596 2040 3642 et
2069 3589 2148 3645 di-

547 3684 711 3740 vitias
736 3684 940 3746 Steculi,
963 3684 1104 3739 sicut
1130 3691 1186 3738 et
1209 3682 1486 3753 apostolus
1509 3681 1706 3736 Paulus
1730 3697 1837 3736 non
1864 3680 1968 3747 Qui
1989 3681 2143 3749 ﬁunt,

548 3777 748 3850 inquit,
777 3776 872 3834 sed
900 3776 1007 3844 Qui
1030 3775 1207 3831 volunt
1231 3775 1414 3831 divites
1444 3775 1584 3845 ﬁeri,
1611 3774 1850 3829 incidunt
1895 3776 1949 3828 in
1977 3784 2148 3829 tenta-

542 3872 743 3927 tionem
766 3881 815 3926 et
841 3870 1085 3942 laqueum
1114 3868 1333 3936 diaboli,
1363 3882 1428 3927 ae
1454 3884 1553 3940 per
1575 3869 1681 3924 hoc
1706 3865 2014 3924 elﬁciuntur
2044 3866 2146 3949 ini-

548 3963 680 4019 mici
708 3963 825 4019 Dei.

620 4074 814 4131 Helius
857 4086 931 4131 est
956 4095 1095 4133 enim
1124 4079 1502 4148 oenefacientes
1531 4078 1600 4150 (si
1620 4079 1739 4136 velit
1759 4077 1999 4137 voluntas
2023 4077 2143 4154 Dei)

545 4165 679 4237 pati,
712 4181 869 4236 quam
894 4166 1305 4237 malefacientes.

617 4278 748 4336 Hzec
785 4280 1052 4336 sententia
1094 4280 1435 4337 demonstrat
1469 4288 1526 4337 et
1561 4280 1965 4355 benefacientes
2002 4282 2145 4338 mala

548 4370 711 4441 huius
737 4371 920 4428 seculi
953 4372 1087 4443 pati,
1118 4387 1231 4427 non
1253 4380 1455 4433 autem.
1484 4380 1545 4429 ut
1576 4374 1822 4445 plerique
1848 4375 2143 4445 aestimant,

547 4464 691 4527 solos
719 4464 862 4520 mala
891 4463 1173 4521 facientes.

2256 1904 2505 1949 (sternam
2532 1896 2588 1949 in
2616 1912 2671 1951 ss
2700 1907 3013 1955 manentem.
3045 1899 3113 1954 In
3139 1903 3236 1957 hoc
3262 1907 3592 1975 cognouimus
3617 1910 3859 1965 chorios

2252 1994 2356 2040 tem
2380 1985 2501 2051 Dei,
2528 1988 2777 2057 quoniam
2801 1987 2890 2043 ille
2913 2006 3009 2059 pro
3038 1992 3185 2047 nobis
3212 1996 3448 2052 animum
3471 2004 3623 2054 suam
3647 2004 3854 2072 possit,

2251 2085 2302 2132 et
2329 2092 2423 2132 nos
2452 2077 2695 2135 debemus
2722 2097 2818 2152 pro
2844 2081 3099 2151 fratribus
3125 2102 3335 2157 ponere.

2324 2185 2525 2258 Aperte
2546 2190 2636 2246 hic
2656 2192 2893 2247 ostendit
2921 2193 3213 2265 Apostolus
3236 2199 3365 2269 quia
3394 2201 3480 2257 cui
3507 2202 3591 2259 has
3615 2204 3857 2266 virtutes

2255 2283 2483 2351 adsunt,
2527 2301 2635 2341 non
2672 2294 2757 2343 est
2792 2288 3179 2361 infructuosus,
3220 2305 3276 2351 et
3314 2308 3546 2366 vacuus;
3588 2304 3678 2358 cui
3722 2314 3857 2363 vero

2251 2389 2362 2430 non
2392 2373 2607 2443 adsunt,
2634 2391 2809 2435 ctecus
2837 2388 2939 2445 est,
2971 2388 3025 2436 et
3052 2382 3108 2436 in
3136 2382 3375 2443 tenebris
3397 2389 3695 2448 ambulans.

2322 2485 2624 2542 Benedicite
2657 2491 3081 2561 persequentibus
3111 2509 3231 2560 vos;
3263 2494 3565 2567 benedicite,
3598 2512 3647 2556 et
3687 2504 3856 2561 nolite

2169 2614 2178 2618 -
2252 2575 2579 2632 maledicere.
2603 2576 2837 2632 Gaudete
2859 2597 2975 2633 cum
2996 2582 3364 2652 gaudentibus,
3392 2588 3510 2656 flete
3531 2606 3648 2645 cum
3667 2594 3855 2662 ﬂenti-

2252 2667 2367 2721 bus.
2408 2667 2474 2721 Id
2505 2669 2675 2740 ipsum
2716 2670 2933 2725 invicem
2962 2674 3261 2743 sentientes,
3298 2694 3402 2732 non
3428 2679 3537 2733 alta
3563 2684 3852 2753 sapientes,

2251 2760 2343 2815 sed
2397 2764 2681 2817 humilibus
2733 2767 3127 2822 consentientes.
3176 2762 3357 2827 Nolite
3412 2793 3521 2831 esse
3565 2779 3853 2848 prudentes

2253 2857 2395 2927 apud
2424 2860 2781 2928 vosmetipsos,
2812 2861 2944 2916 nulli
2989 2863 3187 2919 malum
3230 2884 3323 2938 pro
3354 2869 3493 2924 malo
3537 2872 3851 2944 reddentes;

2252 2947 2579 3016 providentes
2610 2948 2764 3015 bona,
2795 2957 2898 3005 non
2930 2961 3133 3007 tantum
3175 2972 3353 3011 coram
3393 2956 3524 3028 Deo,
3569 2965 3660 3017 sed
3676 2969 3853 3023 etiam

2253 3052 2434 3090 coram
2455 3039 2692 3093 amnibus
2714 3040 3010 3096 hominibus
3034 3045 3080 3097 si
3101 3045 3218 3113 ﬁeri
3239 3058 3431 3118 potest,
3458 3054 3595 3123 quod
3618 3071 3683 3109 ex
3703 3060 3850 3115 vobis

2251 3137 2347 3194 est,
2394 3143 2516 3184 cum
2559 3132 2796 3186 omnibus
2842 3134 3139 3192 hominibus
3186 3146 3367 3210 pacem
3416 3143 3661 3203 habentes
3691 3164 3710 3201 :
3743 3167 3850 3208 non

2249 3223 2587 3293 vosmetipsos
2626 3220 2980 3295 defendentes,
3025 3230 3345 3298 charissimi,
3383 3232 3476 3291 sed
3512 3238 3632 3294 date
3673 3239 3849 3300 locum

2241 3310 2364 3369 iraa.
2404 3312 2670 3385 Scriptum
2694 3325 2772 3371 est
2810 3320 2949 3374 enim
2975 3335 2995 3375 :
3028 3319 3161 3379 Mihi
3200 3324 3517 3394 vindictam;
3559 3347 3652 3402 ego
3693 3337 3850 3390 rem.

2248 3406 2425 3471 bum,
2462 3406 2594 3460 dicit
2620 3406 2901 3462 Dominus.
2935 3409 3038 3466 Sed
3065 3413 3112 3466 si
3138 3416 3381 3470 esurierit
3423 3419 3671 3477 inimicus
3700 3434 3844 3493 tuus,

2248 3498 2364 3552 ciba
2391 3499 2542 3553 illum
2570 3513 2587 3552 :
2618 3502 2663 3554 si
2691 3502 2822 3568 sitit,
2848 3513 3028 3575 potum
3056 3506 3127 3560 da
3169 3507 3267 3563 illi.
3312 3508 3429 3564 Hoc
3456 3515 3593 3568 enim
3620 3516 3844 3587 faciem,

2247 3588 2499 3649 carbones
2531 3593 2668 3664 ignis
2689 3611 2934 3666 congeres
2959 3615 3116 3671 super
3140 3612 3297 3671 caput
3327 3611 3467 3675 ejus.
3500 3607 3628 3663 Noli
3655 3612 3796 3667 vinci
3814 3632 3846 3670 α

2245 3683 2406 3747 malo,
2451 3684 2543 3737 sed
2584 3686 2729 3740 vince
2769 3689 2827 3742 in
2867 3688 3001 3744 bono
3036 3691 3254 3746 malum.
3300 3690 3502 3767 Diliges
3542 3704 3846 3771 proximust

2246 3781 2395 3827 tuum
2424 3784 2675 3847 tanquam
2712 3779 2954 3850 teipsum.
2992 3780 3211 3838 Dilectio
3241 3787 3468 3855 proximi
3508 3791 3709 3847 malum
3738 3812 3843 3853 non

2247 3879 2514 3939 operatur.
2548 3870 2826 3929 Plenitudo
2854 3892 2976 3947 ergo
3004 3874 3133 3948 legis
3157 3888 3231 3933 est
3256 3879 3485 3937 dilectio.

2314 3981 2434 4037 Non
2477 3984 2651 4039 solum
2690 3991 2944 4060 persequi
2982 4005 3366 4068 persequentes
3406 4014 3515 4058 non
3556 4002 3837 4076 debemus,

2245 4075 2343 4133 sed
2367 4094 2545 4149 neque
2572 4080 2927 4154 maledicere,
2961 4090 3057 4146 sed
3083 4105 3115 4145 e
3136 4096 3439 4165 contrario,
3460 4113 3530 4155 ex
3556 4102 3724 4160 cordo
3746 4104 3840 4162 ho-

2243 4168 2497 4226 nedicere

2318 4284 2412 4381 vae
2450 4286 2652 4381 mundo
2694 4291 2771 4381 ab,
2802 4291 3100 4352 scandulis!
3148 4296 3338 4373 Magna
3365 4303 3581 4361 caecitas
3618 4315 3677 4364 et
3714 4324 3840 4381 pna-

2246 4374 2415 4432 funda
2445 4378 2692 4434 miseria!
2730 4380 2973 4438 Nondum
3010 4390 3362 4457 cognovimus
3392 4374 3839 4463 proximum-no-

2248 4468 2334 4523 bis
2360 4470 2560 4525 malum
2594 4471 2812 4540 fecisse;
2844 4487 2897 4531 et
2926 4487 3113 4534 nostro
3137 4483 3280 4539 malo
3307 4501 3566 4544 conamur
3592 4505 3720 4548 eum
3745 4495 3836 4568 qui

617 4579 802 4636 εαοεε
837 4581 1013 4653 itm
1046 4580 1330 4653 pm,
1364 4591 1418 4637 η
1452 4582 1666 4653 vigila“,
1701 4584 1758 4639 εκ
1791 4586 2134 4644 matiam-bus.
2162 4547 2224 4611 Ῑ)
2244 4559 2386 4620 forte
2411 4565 2672 4624 innocens
2698 4578 2783 4624 est
2809 4570 3214 4631 malefactorem
3237 4580 3543 4636 ostendere.

545 4667 681 4725 Ante
724 4672 926 4739 omnia,
976 4680 1213 4727 mutuam
1281 4672 1339 4729 in
1408 4673 1785 4747 nobismetipsis
1830 4677 2140 4736 charitatem

548 4762 853 4818 continuam
878 4762 1123 4819 habentes
1151 4778 1170 4817 :
1199 4765 1324 4833 quia
1364 4766 1593 4821 charitas
1634 4769 1798 4838 operit
1838 4769 2138 4826 multitudi-

548 4867 667 4907 nem
698 4863 1051 4924 peccatorum.
1099 4852 1203 4911 Vos
1231 4864 1404 4911 autem
1444 4873 1628 4912 curam
1664 4875 1864 4914 onmem
1902 4861 2137 4930 subinfe-

548 4950 741 5009 rentes,
770 4943 1062 5000 ministrate
1104 4945 1165 4999 in
1201 4946 1305 5015 ﬁde
1351 4956 1524 5002 vestra
1552 4949 1814 5015 virtutem,
1859 4952 1914 5004 in
1955 4953 2141 5007 virtute

549 5038 730 5087 autem
766 5034 1055 5102 scientiam,
1096 5035 1153 5091 in
1179 5037 1397 5092 scientia
1439 5049 1613 5093 autem
1658 5038 2048 5108 abstinentiam,
2084 5041 2141 5095 in

549 5121 869 5179 abstinentia
890 5133 1065 5181 autem
1089 5128 1414 5198 patientiam,
1459 5132 1515 5185 in
1539 5131 1796 5202 patientia
1827 5142 1999 5186 autem
2026 5131 2138 5204 pie-

549 5224 734 5283 tatem,
756 5218 814 5271 in
831 5218 1020 5289 pietate
1041 5228 1216 5276 autem
1234 5237 1471 5279 tutiorem
1493 5223 1863 5295 fraternitatis,
1885 5226 1940 5279 in
1962 5238 2140 5282 (more

548 5320 725 5365 autem
751 5310 1098 5382 fraternitatis
1126 5315 1453 5373 charitatem.
1620 5389 1624 5392 ὐ

620 5400 739 5461 Non
763 5403 928 5461 habet
947 5405 1261 5463 continuam
1281 5408 1604 5464 charitatem
1624 5408 1715 5479 qui
1736 5407 2000 5466 adversus
2018 5426 2139 5483 pro-

550 5494 756 5549 ximum
785 5498 1066 5570 consurgit
1095 5499 1164 5554 ad
1191 5500 1669 5570 congrediendum.
1703 5498 1811 5557 Sed
1838 5508 1897 5557 et
1919 5502 2024 5559 hoc
2046 5520 2140 5562 no-

550 5586 772 5663 tandum
800 5586 928 5657 quia
948 5588 995 5643 si
1013 5590 1252 5645 Charitas
1272 5589 1449 5660 operit
1472 5589 1871 5648 multitudinem
1894 5600 2140 5666 peccato-

547 5693 671 5734 rum
686 5721 703 5749 ,
729 5680 864 5741 rixa:
891 5689 949 5742 et
974 5684 1349 5745 contentiones
1377 5683 1655 5745 cumulant
1680 5688 1893 5762 copiam
1913 5688 2139 5764 ﬂagitio-

545 5783 686 5832 rum.

2316 4680 2436 4737 Non
2466 4684 2639 4739 solum
2666 4683 2856 4741 ﬂentes
2880 4686 3059 4744 facere
3087 4704 3192 4747 non
3223 4691 3507 4763 debemus;
3538 4699 3632 4756 sed
3657 4712 3693 4758 ε
3710 4717 3839 4759 con-

2244 4774 2440 4842 trario,
2480 4790 2829 4848 quoscunque
2856 4776 3045 4840 ﬂentes
3075 4784 3394 4856 viderimus,
3422 4787 3554 4848 ﬂere
3592 4808 3722 4853 cum
3757 4793 3835 4854 eis

2244 4877 2303 4926 et
2323 4867 2427 4940 ipsi
2455 4867 2710 4925 debemus

2320 4982 2577 5044 Debemus
2606 4996 2782 5045 autem
2810 5006 2904 5048 nos
2946 4992 3205 5061 ﬁrmzores
3246 4996 3657 5058 imbecillitatem
3684 5005 3836 5076 infirv

2245 5098 2455 5139 morum
2476 5084 2754 5152 sustinere,
2798 5095 2848 5142 et
2892 5104 2997 5143 non
3024 5089 3171 5145 nobis
3212 5089 3436 5161 placere.
3465 5094 3833 5171 Unusquisque

2244 5178 2484 5247 proximo
2507 5188 2607 5232 suo
2643 5177 2848 5250 placeat
2874 5180 2929 5235 in
2957 5181 3145 5237 bonum
3191 5185 3259 5238 ad
3285 5185 3708 5257 adiﬁcationem.
3738 5186 3831 5245 Et-

2245 5270 2382 5325 enim
2404 5266 2644 5349 Christus
2669 5288 2770 5327 non
2794 5265 2894 5326 sibi
2914 5271 3149 5344 placuit;
3178 5274 3268 5329 sed
3293 5275 3426 5331 sicut
3448 5279 3702 5350 scriptum
3723 5286 3794 5336 est
3804 5296 3830 5343 ;

2245 5360 2575 5434 Improperia
2602 5364 3064 5435 intproperantium
3090 5366 3183 5421 tibi
3221 5368 3519 5425 ceciderunt
3544 5388 3706 5444 super
3729 5390 3826 5429 me.

2248 5452 2586 5527 Quwcunque
2608 5456 2746 5511 enim
2775 5458 2965 5528 scripta
3004 5467 3145 5525 sunt,
3178 5461 3249 5515 ad
3274 5470 3507 5518 nostram
3537 5464 3828 5521 doctrinam

2240 5551 2434 5619 scripta
2461 5559 2618 5615 sunt;
2641 5560 2699 5606 ut
2723 5569 2814 5622 per
2837 5552 3147 5624 patientiam
3172 5562 3221 5611 et
3245 5556 3657 5616 consolationem
3689 5559 3826 5617 Scri-

2237 5654 2516 5717 pturarum
2544 5662 2688 5716 spem
2715 5646 3019 5705 habeamus.

2310 5759 2432 5821 Non
2454 5761 2539 5821 vis
2558 5761 2612 5819 ei
2634 5759 2693 5820 in
2715 5758 2917 5822 bonum
2939 5763 3173 5839 placere,
3200 5772 3393 5826 contra
3418 5783 3583 5843 quem
3612 5776 3824 5830 exserto
