4012 6338
168 312 281 369 261
856 302 863 311 ⁸
1245 312 1455 373 LIBER
1490 313 1777 377 CONTRA
1815 310 2142 370 JUDICIUM
2179 302 2317 370 DEI.
2615 374 2620 378 ,
3356 318 3472 379 26!
3487 353 3536 419 ὕ

166 432 412 491 brachio
436 430 672 504 gladium
690 432 929 499 vibrans,
956 441 1101 512 autal
1131 442 1400 491 malarum
1426 444 1639 500 tenens,
1668 443 1782 490 stas
1808 436 1861 499 Α
1884 431 2199 496 occidendo,
2229 438 2322 486 aut
2348 430 2584 489 caedibus
2607 436 3024 504 prosternendo,
3054 436 3143 493 cui
3166 438 3322 507 vivit,
3349 441 3476 510 sibi,

165 531 407 595 paratus
434 522 500 575 ad
532 520 842 578 medendum
875 533 985 579 tam
1018 528 1297 591 atrociter,
1326 535 1384 580 ut
1409 528 1555 581 omni
1584 527 1786 582 virtute
1886 537 1955 577 an
1984 524 2218 586 diabolo,
2251 540 2373 579 cum
2405 532 2613 579 certum
2643 526 2717 581 sit
2744 541 2868 582 eum
2894 526 3115 584 Christo
3139 546 3247 585 non
3274 533 3479 593 vivere.

168 618 421 673 nudatus
450 618 504 671 in
533 624 732 673 terram
757 627 1154 689 prosternatur,
1177 629 1233 675 et
1256 635 1314 676 se
1344 635 1494 674 reum
1522 618 1783 686 fateatur,

169 711 398 767 etiamsi
429 726 535 765 non
565 711 655 766 sit.
1369 731 1394 758 ο

246 803 399 859 Deus
429 813 602 857 autem
637 803 904 874 patientia:
941 812 991 858 et
1034 805 1213 859 solatii
1255 806 1340 860 det
1384 806 1529 861 vobis
1555 806 1785 876 idipsum

167 914 368 970 sapere
409 899 465 951 in
512 895 822 953 alterutrum
852 897 1140 953 secundum
1180 898 1363 954 Iesum
1406 897 1696 962 Christum,
1724 905 1783 952 ut

166 990 460 1045 unanimes
490 1007 595 1044 uno
632 1006 723 1043 ore
759 990 1117 1050 honori/iactis
1148 991 1313 1047 Deum
1344 1002 1391 1048 et
1424 991 1641 1048 Patrem
1666 991 1778 1046 Do-

167 1082 308 1137 mini
345 1082 512 1135 nostri
551 1080 681 1135 Iesu
705 1080 920 1136 Christi.
955 1081 1181 1154 Propter
1204 1084 1344 1156 quod
1371 1086 1619 1155 suscipite
1644 1085 1779 1139 invi-

166 1188 311 1237 cem,
342 1172 476 1225 sicut
503 1180 551 1226 et
575 1169 815 1226 Christus
844 1175 1069 1243 suscepit
1093 1191 1180 1229 vos
1202 1175 1257 1228 in
1280 1176 1528 1230 honorem
1552 1174 1674 1230 Dei.

244 1262 358 1319 Ubi
388 1263 664 1319 contraria
695 1263 796 1318 sibi
825 1264 1072 1321 homines
1101 1281 1231 1332 ore,
1261 1266 1316 1321 id
1339 1274 1424 1322 est
1445 1268 1657 1331 verbis,
1685 1283 1781 1338 op-

169 1363 391 1427 ponunt
445 1355 914 1421 contentionibus,
963 1357 1037 1411 ibi
1086 1358 1423 1413 unanimitas
1472 1360 1780 1417 animorum

170 1461 298 1504 esse
327 1460 439 1500 non
468 1453 666 1516 potest,
698 1460 762 1499 ac
791 1461 887 1516 per
915 1446 1018 1502 hoc
1045 1462 1076 1501 a
1103 1446 1302 1504 talibus
1323 1463 1437 1504 non
1462 1447 1781 1506 honoriﬁca-

171 1548 266 1593 tur
292 1538 463 1604 Deus,
492 1537 585 1595 sed
613 1554 826 1608 semper
847 1539 1230 1595 inhonoratur.

247 1629 501 1686 Charitas
552 1632 757 1701 patiens
809 1640 913 1695 est,
965 1632 1191 1704 benigna
1234 1642 1333 1690 est.
1384 1633 1633 1691 Charitas
1672 1652 1778 1692 non

173 1718 489 1786 aniulatur,
533 1737 637 1776 non
667 1721 775 1791 agit
815 1738 1111 1794 perperam,
1155 1740 1259 1778 non
1298 1726 1539 1795 inﬂatur,
1569 1743 1675 1782 non
1701 1734 1777 1781 est

1956 613 2197 681 Fratres,
2223 615 2466 687 gaudete,
2493 617 2712 688 perfecti
2737 628 2918 686 estote,
2944 621 3317 686 exhortamim',
3342 625 3482 682 idem
3552 668 3567 689 ,ν

1882 707 2075 775 sapite,
2108 724 2287 777 pacem
2326 708 2538 773 habete;
2570 718 2619 764 et
2646 708 2787 764 Deus
2816 709 3110 766 dilectionis
3135 722 3184 768 et
3212 715 3357 783 pacis
3382 718 3483 775 erit

1882 795 2171 851 uobiscum.
2221 798 2405 853 Omnis
2440 799 2767 868 ainaritude,
2799 809 2849 855 et
2876 802 2982 868 ira,
3012 812 3062 856 et
3088 804 3403 874 indignatio,
3430 814 3483 863 et

1882 882 2102 949 clamor,
2134 894 2181 938 et
2209 884 2532 956 blasphemia
2558 886 2777 942 tollatur
2801 905 2835 942 a
2860 887 3021 955 vobis,
3051 906 3171 943 cum
3198 892 3339 946 omni
3368 909 3486 949 ma—

1881 972 2018 1028 litia.
2055 974 2237 1029 Estote
2267 986 2439 1030 autem
2470 978 2690 1033 invicem
2715 978 2942 1050 benigni,
2972 981 3358 1052 misericordes,
3386 983 3486 1042 do-

1881 1075 2064 1119 nantes
2094 1066 2338 1132 invicem,
2363 1068 2500 1121 sicut
2525 1079 2572 1122 et
2603 1069 2747 1125 Deus
2771 1070 2982 1126 donavit
3014 1072 3186 1131 nobis.

1950 1156 2325 1213 Perfectorum
2355 1167 2442 1214 est
2476 1160 2649 1227 idem,
2690 1162 2745 1217 id
2771 1169 2857 1217 est
2888 1179 3057 1219 unum
3077 1194 3096 1231 ,
3124 1180 3239 1221 non
3263 1164 3481 1223 diversa

1881 1257 1939 1305 et
1965 1252 2192 1306 adversa
2222 1267 2435 1321 sapere,
2467 1261 2525 1308 et
2551 1254 2761 1310 idcirco
2780 1271 2975 1327 pacem
2998 1258 3222 1314 habere.
3253 1258 3359 1327 Qui
3386 1275 3478 1315 au-

1879 1347 1989 1395 tem
2023 1343 2301 1397 contraria
2347 1350 2518 1414 agunt
2555 1346 2782 1401 rixando
2825 1354 2884 1402 et
2920 1346 3207 1418 litigando,
3251 1363 3485 1422 perpen-

1879 1429 2011 1485 dant
2038 1437 2222 1485 utrum
2250 1430 2394 1487 Deus
2420 1433 2572 1502 pacis
2598 1448 2720 1488 cum
2753 1434 2862 1491 illis
2889 1436 2981 1490 sit.
3012 1436 3082 1491 Et
3115 1451 3242 1493 cum
3269 1444 3481 1499 certum

1877 1520 1951 1577 sit
1997 1521 2168 1578 Deum
2213 1538 2323 1578 non
2363 1524 2677 1592 habentem,
2722 1522 2815 1595 qu'i
2858 1528 2972 1583 vita
3020 1536 3106 1585 est
3144 1530 3474 1600 animamus,

1876 1621 2153 1668 mortuum
2195 1630 2351 1681 esse;
2394 1614 2584 1685 procul
2624 1615 2789 1672 dubio
2827 1618 3098 1690 colligitur
3136 1628 3476 1679 moratorum

1878 1718 2000 1761 esse
2029 1705 2377 1771 mortiﬁcare,
2409 1707 2716 1776 proximum
2747 1708 2882 1764 velle
2909 1725 3020 1765 non
3046 1711 3255 1767 vivere.

174 1814 483 1878 ambitiosa,
527 1832 629 1869 non
672 1817 860 1886 quaerit
899 1834 1017 1887 qua:
1057 1836 1156 1872 sua
1182 1828 1327 1885 sunt,
1357 1794 1478 1875 non
1512 1822 1777 1889 irritatur,
1805 1799 1855 1860 Β
1952 1794 2135 1889 Est?“
2163 1813 2284 1889 ergo
2310 1797 2597 1889 ίῖηίιαίονα
2629 1797 2914 1889 υθίζδίδαί
2937 1800 3038 1870 ﬁlii
3066 1802 3397 1872 ώατίαίπιίί
3424 1812 3477 1861 ⁸³

176 1923 286 1961 non
331 1907 530 1977 cogitat
574 1905 794 1973 malum,
849 1924 953 1962 non
993 1910 1185 1981 gaudet
1231 1928 1390 1982 super
1431 1914 1778 1984 iniquitatem,

175 2000 477 2070 congaudet
497 2008 673 2053 autem
704 1999 927 2067 veritati,
953 2002 1130 2057 omnia
1158 2006 1364 2075 suﬁert,
1388 2006 1566 2060 omnia
1595 2008 1780 2076 credit,

178 2090 368 2144 omnia
395 2098 602 2161 sperat,
633 2090 811 2144 omnia
843 2090 1095 2160 sustinet,
1127 2094 1360 2150 charitas
1390 2113 1658 2168 nunquam
1684 2116 1780 2155 eai-

173 2180 330 2236 cidit.

248 2272 308 2330 Si
354 2282 581 2346 urgente
614 2276 884 2331 charitate
921 2274 1121 2332 Christi
1162 2287 1522 2350 congruentes
1557 2288 1615 2336 et
1653 2297 1781 2338 eon-

171 2370 466 2440 temperati
509 2384 630 2425 esse
674 2369 932 2424 debemus
975 2370 1260 2439 proximis,
1310 2374 1649 2442 pensandum
1695 2383 1782 2432 est

168 2463 268 2534 qui
298 2470 488 2534 surget
510 2463 575 2517 ad
604 2462 753 2517 rixas
777 2470 832 2517 et
853 2462 1241 2519 dissensiones.
1264 2461 1485 2520 Servum
1506 2477 1643 2523 certe
1667 2468 1778 2524 Do-

174 2552 312 2608 mini
333 2572 441 2609 non
468 2563 667 2626 oportet
696 2553 922 2625 litigare,
949 2554 1041 2609 sed
1069 2567 1402 2615 mansuetum
1429 2576 1539 2615 esse
1568 2561 1638 2615 ad
1663 2574 1777 2616 om;

172 2665 287 2711 nes,
322 2644 620 2713 docibilem,
644 2648 949 2717 patientem,
978 2665 1097 2703 cum
1126 2651 1383 2707 modestia
1411 2656 1780 2726 corripientem

171 2758 264 2796 eos
291 2743 385 2813 qui
417 2743 687 2796 resistunt.

242 2829 467 2886 Patiens
502 2838 586 2885 est
623 2838 678 2885 et
705 2830 968 2902 benigna,
1001 2832 1128 2903 quia
1160 2850 1295 2905 quos
1327 2849 1424 2906 per
1457 2840 1778 2908 patientiam

170 2923 398 2992 tolerat,
426 2940 526 2994 per
554 2925 943 2995 benignitatem
970 2934 1138 2981 amat.
1176 2927 1245 2983 Et
1272 2929 1319 2985 si
1352 2930 1399 2984 is
1436 2932 1529 3001 qui
1560 2932 1774 2999 tolerat,

169 3034 277 3076 nec
339 3027 519 3073 tamen
574 3018 792 3090 diligit,
849 3034 954 3073 non
1007 3029 1223 3076 exercet
1276 3038 1415 3092 opus
1462 3024 1775 3090 charitatis;

170 3121 383 3183 quanto
412 3110 587 3181 magis
625 3111 720 3181 qui
758 3128 860 3167 nec
888 3111 1117 3166 tolerat?
1160 3111 1217 3166 Si
1244 3114 1484 3168 Charitas
1510 3130 1617 3169 non
1648 3115 1776 3170 irri-

170 3214 275 3273 tat,
318 3205 390 3261 ad
434 3204 779 3261 irascendum
822 3221 933 3260 non
980 3205 1304 3269 concitatur,
1356 3220 1533 3276 neque
1576 3208 1776 3278 gaudet

169 3312 341 3367 super
395 3295 714 3365 iniquitate;
767 3297 1107 3367 pensandum
1163 3298 1385 3353 omnino
1431 3307 1548 3365 est,
1611 3315 1777 3369 quam

168 3389 336 3460 longe
362 3404 394 3443 a
427 3388 693 3444 charitate
722 3390 862 3456 sint,
883 3391 983 3460 qui
1012 3407 1070 3447 se
1104 3391 1365 3446 adversus
1390 3392 1619 3447 invicem
1652 3408 1777 3463 pro-

168 3489 462 3547 vocantes,
492 3496 591 3551 pro
620 3489 834 3536 terrena
857 3482 1156 3553 cupiditate
1176 3480 1493 3551 conﬂigunt.
1523 3483 1775 3541 Charitas

175 3588 296 3628 non
321 3572 519 3628 excidit
549 3592 561 3627 :
588 3574 717 3644 quia
744 3590 960 3645 semper
985 3583 1071 3630 est
1104 3575 1162 3629 in
1187 3573 1465 3645 profectu,
1497 3590 1780 3646 nunquam

173 3673 371 3719 autem
404 3665 549 3719 venit
570 3665 623 3719 in
656 3665 892 3721 defectu.

252 3750 377 3810 Sive
404 3755 542 3808 enim
581 3769 752 3811 mente
792 3757 1111 3820 accedimus,
1153 3758 1300 3826 Deo;
1346 3761 1451 3816 sise
1488 3761 1651 3816 sobrii
1689 3778 1779 3816 su-

173 3865 317 3915 mus,
360 3848 524 3903 vobis.
570 3849 817 3906 Charitas
858 3832 996 3926 enim
1041 3850 1236 3907 Christi
1278 3862 1426 3925 urget
1466 3868 1594 3918 nos;
1637 3855 1781 3909 testi-

173 3952 382 3998 mantes
422 3944 542 4009 hoc,
588 3946 839 4016 quoniam
880 3945 925 4000 si
966 3963 1102 4001 unus
1139 3963 1234 4017 pro
1274 3946 1513 4002 omnibus
1541 3957 1782 4002 mortuus

174 4046 283 4103 est,
310 4054 431 4109 ergo
462 4053 639 4092 omnes
668 4039 862 4092 mortui
884 4048 1043 4101 sunt;
1071 4050 1120 4093 et
1153 4056 1249 4109 pro
1277 4040 1519 4095 omnibus
1543 4051 1782 4096 mortuus

174 4138 296 4194 est;
330 4138 386 4182 ut
416 4138 464 4183 et
490 4130 580 4201 qui
609 4130 806 4196 vivunt,
838 4129 958 4201 jam
986 4145 1091 4184 non
1126 4130 1227 4184 sibi
1266 4130 1461 4197 vivant,
1502 4130 1593 4185 sed
1618 4132 1668 4185 ei
1692 4129 1783 4201 qui

173 4237 275 4291 pro
305 4221 431 4291 ipsis
457 4228 695 4274 mortuus
721 4230 795 4275 est
824 4230 872 4275 et
900 4223 1205 4275 resurrexit.

251 4310 294 4365 li
338 4326 438 4380 pro
474 4312 673 4382 quibus
713 4310 965 4367 Christus
1000 4321 1245 4367 mortuus
1270 4320 1384 4379 est,
1416 4327 1526 4367 non
1556 4312 1659 4367 sibi
1689 4312 1783 4368 de-

175 4404 315 4460 bent
340 4403 553 4469 vivere,
594 4403 691 4459 sed
728 4402 965 4458 Christo.
1007 4403 1114 4471 Qui
1156 4411 1341 4459 autem
1368 4402 1588 4459 Christo
1627 4404 1781 4470 vivit,

1885 1887 2151 1941 ambulate
2177 1888 2234 1942 in
2261 1888 2557 1956 dilectione,
2581 1889 2716 1944 sicut
2737 1887 2977 1945 Christus
3002 1891 3185 1947 dilexit
3209 1910 3327 1948 nos.
3351 1894 3480 1952 Non

1883 1988 1958 2035 est
1988 1978 2135 2034 nobis
2160 1979 2479 2036 conluctatio
2516 1982 2766 2037 adversus
2805 1998 3019 2038 carnem
3056 1994 3103 2040 et
3145 1989 3476 2057 sanguinem,

1880 2068 1971 2123 sed
2009 2069 2256 2125 adversus
2291 2070 2552 2142 principes
2590 2081 2640 2128 et
2677 2081 2977 2144 potestates,
3004 2075 3253 2133 adversus
3286 2081 3475 2135 mundi

1881 2172 2107 2217 rectores
2135 2163 2466 2220 tenebrarum
2489 2164 2705 2235 harum,
2732 2176 2915 2225 contra
2941 2169 3209 2242 spiritalia
3232 2173 3479 2245 nequitia:

1879 2252 1937 2308 in
1964 2254 2272 2312 caelestibus.

1951 2366 2079 2424 Haec
2119 2370 2392 2424 sententia
2432 2371 2621 2442 regula
2658 2380 2745 2429 est
2771 2373 3231 2444 Christianarum,
3268 2386 3326 2435 et
3364 2386 3480 2438 tan

1881 2465 2101 2527 aperta,
2136 2466 2197 2512 ut
2224 2459 2455 2529 quilibet
2480 2461 2539 2515 in
2574 2477 2641 2517 ea
2678 2463 2831 2519 velut
2866 2465 2924 2522 in
2959 2467 3185 2536 speculo
3213 2482 3277 2526 se
3304 2468 3483 2528 valeat

1881 2548 2251 2606 considerare.

1952 2637 2194 2706 Fratres,
2226 2658 2551 2714 quiscunque
2577 2654 2699 2699 sunt
2730 2661 2877 2713 vera,
2912 2663 3233 2720 quacunque
3260 2652 3479 2720 pudica,

1878 2747 2201 2804 quwcunque
2254 2734 2405 2804 justa
2434 2775 2448 2800 ,
2509 2753 2832 2809 quiscunque
2882 2749 3105 2806 sancta,
3156 2756 3481 2814 quacunque

1879 2824 2151 2891 amabilia,
2192 2843 2513 2899 quacunque
2556 2829 2703 2884 bona:
2742 2830 2923 2898 fama,
2965 2832 3011 2887 si
3052 2848 3157 2902 qua
3198 2832 3396 2900 uirtus,
3431 2833 3480 2888 si

1851 2922 1985 2991 'qua
2013 2916 2131 2972 laus
2170 2917 2487 2989 disciplinae,
2522 2920 2634 2974 haec
2664 2922 2909 2991 cogitate.
2954 2920 3086 2987 Qua
3111 2930 3162 2978 et
3192 2922 3477 2993 didicistis,

1879 3018 1929 3064 et
1957 3010 2251 3081 accepistis,
2281 3020 2330 3064 et
2354 3010 2601 3077 audistis,
2633 3020 2682 3066 et
2707 3011 2914 3069 vidistis
2939 3013 2997 3069 in
3024 3024 3131 3082 me,
3166 3014 3280 3071 hcc
3304 3015 3479 3087 agite;

1878 3110 1928 3156 et
1952 3102 2097 3158 Deus
2117 3104 2264 3174 pacis
2290 3104 2389 3157 erit
2420 3104 2704 3167 vobiscum.

1803 3173 1853 3238 0
1951 3193 2270 3263 Quicunque
2297 3194 2414 3249 vult
2453 3195 2627 3252 Deum
2661 3196 2817 3267 pacis
2849 3207 3040 3255 secum
3072 3199 3313 3265 habere,
3341 3207 3478 3257 tem-

1878 3286 2026 3358 plum
2046 3285 2297 3342 videlicet
2321 3287 2440 3358 ejus
2466 3302 2606 3352 esse,
2634 3288 2738 3343 ista
2765 3298 2891 3358 agat
2913 3304 3033 3359 quae
3058 3290 3175 3345 haec
3203 3290 3477 3347 sententia

1880 3380 2068 3444 docet,
2098 3386 2161 3432 ut
2195 3378 2461 3451 gloriﬁcet
2484 3386 2539 3434 et
2575 3388 2757 3450 portet
2782 3380 2957 3439 Deum
2992 3381 3049 3437 in
3087 3390 3316 3453 corpore
3349 3388 3471 3439 suo.

1880 3470 2018 3539 Quia
2048 3471 2140 3541 qui
2166 3470 2351 3525 Deum
2382 3485 2491 3527 non
2519 3480 2704 3543 portat
2729 3473 2799 3529 ad
2825 3473 2994 3531 vitam
3020 3482 3213 3542 suam,
3238 3475 3480 3546 pertulit

1880 3562 2163 3618 inimicum
2191 3563 2325 3618 velit
2348 3563 2484 3619 nolit
2511 3565 2577 3621 ad
2603 3572 2837 3621 mortem
2865 3578 3037 3623 suam.

1950 3652 2220 3725 Rogamus
2254 3670 2365 3721 vos,
2398 3654 2614 3725 fratres,
2646 3657 2895 3727 corripite
2928 3656 3211 3728 inquietos,
3238 3657 3480 3715 consalu

1880 3750 2010 3803 mini
2035 3748 2421 3820 pusillanimes,
2459 3752 2708 3821 suscipite
2742 3751 3000 3820 inﬁrmos,
3028 3752 3279 3821 patientes
3316 3758 3481 3808 estote

1882 3844 1952 3903 ad
1976 3860 2173 3899 omnes.
2214 3842 2395 3899 Videte
2421 3860 2485 3899 ne
2510 3845 2627 3915 quis
2658 3842 2857 3898 malum
2878 3860 2975 3914 pro
3001 3842 3141 3897 malo
3168 3842 3331 3897 alicui
3356 3840 3480 3897 reda

1882 3936 2007 4001 dat;
2035 3936 2127 3990 sed
2150 3952 2353 4006 semper
2376 3935 2516 4006 quod
2542 3935 2733 3988 bonum
2756 3940 2834 3987 est
2856 3932 3127 3987 seetautim’
3150 3932 3210 3985 in
3228 3932 3477 4000 invicem,

1882 4039 1932 4085 et
1950 4030 2007 4084 in
2027 4045 2224 4083 omnes.
2252 4028 2469 4099 Semper
2487 4027 2727 4099 gaudete.
2752 4023 2880 4081 Sine
2901 4024 3285 4080 intermissione
3306 4031 3479 4080 orate.

1885 4118 1954 4175 In
1979 4119 2222 4175 omnibus
2247 4120 2448 4190 gratias
2476 4118 2634 4190 agite.
2669 4117 2799 4173 Huic
2837 4117 2977 4172 enim
3000 4115 3239 4172 voluntas
3266 4116 3367 4174 Dei
3397 4124 3483 4173 est

1884 4212 1940 4266 in
1965 4210 2173 4266 Christo
2200 4210 2235 4266 Ι
2240 4228 2331 4267 esu
2356 4212 2413 4267 in
2438 4210 2676 4266 omnibus
2708 4209 2871 4266 vobis.
2984 4248 2989 4253 ι

1955 4308 2023 4362 Et
2065 4308 2181 4363 hinc
2220 4309 2493 4363 sententia
2537 4306 2721 4379 regula
2759 4314 2843 4362 est
2881 4304 3324 4363 Christianitatis.
3370 4300 3481 4359 Sed

1885 4403 2043 4457 valde
2079 4403 2373 4459 notandum
2416 4402 2562 4473 quod
2602 4401 2629 4441 δ
2666 4400 2822 4470 jubet
2864 4402 3138 4457 hominem
3184 4398 3482 4471 patienter!

174 4496 332 4554 nullo
358 4492 519 4555 modo
547 4496 661 4552 vult
682 4495 879 4551 laedere
903 4496 1230 4566 proximum.
1270 4494 1609 4565 Quapropter
1637 4509 1784 4564 quae-
1807 4534 1862 4596 Β
1887 4508 2009 4551 esse
2053 4495 2121 4549 ad
2161 4497 2369 4561 omnes,
2414 4508 2526 4549 non
2574 4486 2643 4548 ad
2689 4493 2895 4549 amicos
2933 4498 3163 4548 tantum.
3211 4486 3481 4546 Patientid

174 4589 416 4646 rendam
435 4596 540 4653 est,
566 4588 657 4645 ille
674 4588 769 4660 qui
786 4595 1014 4659 paratur
1032 4588 1103 4643 ad
1122 4585 1426 4642 ledendum
1445 4587 1775 4656 proximum,

1882 4591 2034 4646 enim
2062 4588 2303 4645 maxime
2330 4588 2401 4643 ad
2427 4588 2679 4645 inimicos
2705 4596 2791 4644 est
2812 4587 3140 4645 necessaria.

1541 4696 1815 4758 BALUle
1850 4698 1986 4759 ΝΟΤ
1990 4696 2081 4757 1E.

256 4811 286 4842 ι
325 4798 598 4853 Natarum
618 4807 814 4853 tenens.
838 4796 1203 4852 Amannensis
1228 4808 1334 4865 quo
1353 4792 1638 4865 Massonus
1667 4800 1784 4849 utc-

173 4872 370 4932 hatur.
400 4884 512 4924 non
542 4869 810 4924 intellexit
843 4869 973 4939 quid
1010 4875 1157 4923 esset
1182 4864 1443 4921 maturus.
1474 4864 1662 4935 Itaque
1688 4880 1787 4939 vo-

176 4957 306 4998 cem
337 4939 486 4995 illam
510 4936 963 5011 peregrinam'vel
990 4939 1171 5008 potius
1200 4936 1741 5011 corruptamputavit
1765 4953 1781 4990 :

176 5026 310 5084 qua:
335 5005 716 5084 causa—fuitut
746 5026 846 5080 pro
872 5005 1138 5084 mutarum
1174 5005 1376 5084 tenens,
1407 5005 1635 5084 ediderit
1665 5022 1781 5084 ma:

178 5073 317 5138 nam
340 5091 541 5135 tenens.
572 5073 807 5150 Maturus
828 5087 914 5135 est
941 5078 1031 5133 teli
1061 5090 1255 5150 genus,
1266 5077 1461 5150 minus
1478 5076 1708 5150 lanceal
1725 5073 1785 5150 id

263 5154 391 5208 inor
433 5151 577 5208 quod
624 5149 822 5205 missile
855 5145 1088 5206 vocatur
1120 5149 1172 5203 in
1216 5148 1335 5205 Vita
1377 5145 1637 5202 Ludovici
1677 5145 1783 5203 Pii.

233 5216 330 5279 am
360 5216 629 5292 hodieque
652 5221 950 5292 V‘ascones,
990 5226 1085 5292 aut
1120 5218 1311 5274 saltem
1340 5216 1555 5292 Basculi
1586 5216 1791 5272 Vasco-

183 5311 332 5352 num
372 5287 573 5363 portio,
612 5288 917 5360 huiusmodi
960 5289 1064 5347 tela
1101 5296 1317 5361 gestant
1363 5287 1418 5343 in
1463 5289 1679 5353 itinere,
1726 5302 1790 5344 ac

182 5366 346 5422 alibi.

268 5442 296 5477 υ
334 5435 498 5491 Iubet
521 5436 782 5491 hominem
809 5435 1111 5505 patientem,
1149 5431 1216 5485 ad
1253 5428 1559 5505 exemplum
1589 5428 1794 5505 Christi

183 5508 485 5572 videlicet,
536 5504 689 5575 cujus
736 5501 1036 5562 imitatores
1083 5518 1203 5575 esse
1246 5501 1633 5575 debeni_us,__si
1682 5501 1797 5555 veri

182 5580 343 5652 illius
371 5571 619 5652 discipuli
652 5576 1118 5652 viderivolumus.
1159 5572 1503 5651 Dedit‘enim
1545 5571 1796 5652 ille-pro:

185 5646 345 5707 fectu
376 5638 580 5720 grande
620 5649 892 5720 patientiae
936 5642 1347 5707 documentum,
1374 5658 1516 5720 _cum
1558 5638 1687 5695 nihil
1729 5638 1798 5698 ad

188 5712 470 5801 maleﬁcia
506 5727 563 5774 et
602 5712 826 5801 injurias
865 5724 1183 5801 reponeret,
1224 5730 1327 5801 nec
1371 5712 1427 5801 ip
1471 5728 1799 5801 quamquam

439 5784 703 5853 intentari
740 5784 973 5852 voluerit
1006 5787 1079 5848 ob
1115 5785 1442 5847 vindicanda
1484 5784 1796 5859 opprobria.

1892 4788 1963 4852 Ut
2006 4786 2427 4864 intelligeremus
2464 4800 2921 4877 omnes,.quanto
2956 4787 3133 4845 studio
3172 4791 3481 4913 quantaque

1892 4874 2020 4913 mm
2064 4867 2322 4913 devorare
2360 4865 2652 4913 debeamus
2690 4872 2935 4913 Iniurias.
2979 4875 3043 4913 ac
3082 4859 3348 4912 malorum
3420 4872 3481 4913 0-a

1890 4874 2023 4941 eura
2064 4859 2343 4941 devorare
2360 4865 2657 4941 debeamus
2666 4935 2676 4941 _
2690 4859 2935 4934 injurias,
2979 4875 3043 4941 ac
3068 4859 3348 4941 .malep‘um
3361 4929 3372 4941 O
3384 4859 3485 4914 hora

1890 4938 2098 5012 minuta
2139 4928 2767 5012 perpeti_con_tumelias',
2812 4946 2933 5012 cum
2971 4928 3485 5012 ettipseLDum‘inua

1891 5016 1946 5063 et
1976 5007 2115 5062 Deus
2140 4999 2330 5062 nos-ter
2356 5006 2603 5061 inimicos
2634 5020 2759 5059 suos
2784 5000 3062 5070 reliquerit
3086 4999 3301 5070 inultos.
3330 4999 3482 5054 Prac-

1893 5078 2039 5133 clare
2066 5077 2354 5132 admodum
2382 5076 2686 5149 Cyprianus
2718 5075 2770 5127 in
2802 5069 3030 5149 cpiswla
3060 5069 3128 5149 65
3157 5069 3479 5149 loquens-dc

1893 5149 2179 5205 calumniis
2204 5160 2341 5219 quas
2370 5139 2619 5203 Christus
2660 5139 2881 5219 pertulit
2920 5157 2952 5196 a
2982 5139 3353 5219 sacerdotibus
3379 5139 3479 5219 Jug-

1894 5220 2170 5285 dseorutn,
2215 5212 2333 5273 ait:
2377 5238 2397 5270 ι
2430 5218 2559 5285 Quae
2598 5212 2777 5269 omnia
2816 5213 2887 5268 ah
2925 5228 2991 5269 eo
3033 5214 3154 5285 ideo
3185 5212 3327 5285 facta
3354 5218 3484 5267 sunt

1894 5284 2171 5365 humiliter
2200 5298 2361 5365 atque
2400 5284 2691 5358 patienter,
2708 5294 2783 5365 ‘ut
2810 5300 2908 5340 nos
2947 5284 3479 5365 humilitatisac‘paf

1895 5362 2097 5434 tientia:
2123 5353 2469 5434 haberemus
2514 5353 2842 5434 exemplum.
2879 5375 2899 5408 ›
2949 5355 3041 5434 Sic
3084 5370 3186 5434 nos
3232 5353 3482 5434 videlicet

1895 5431 2216 5505 etl‘ormabat
2242 5428 2306 5505 ad
2337 5442 2560 5505 picem,
2593 5435 2649 5505 et
2677 5423 2753 5505 ad
2786 5428 3069 5505 tenendam
3110 5425 3167 5480 in
3196 5423 3481 5505 calumniis

1897 5511 1951 5560 et
1975 5493 2491 5558 contradictionibus
2526 5498 2871 5566 patientiam;
2901 5512 3023 5566 quae
3048 5498 3250 5551 bonum
3278 5493 3485 5566 Christi

1898 5584 1981 5630 est
2001 5615 2015 5639 ,
2044 5582 2106 5646 ut
2136 5572 2273 5646 idem
2303 5565 2607 5646 Cyprianus
2633 5569 2707 5646 ait
2737 5565 2973 5646 in__lihro
2997 5568 3069 5646 de
3090 5565 3485 5646 Bono'paltieu-

1899 5632 2011 5699 tiae:
2043 5644 2194 5699 Unde
2220 5651 2274 5695 et
2303 5632 2665 5696 Tci'tullianus
2691 5640 2744 5694 in
2770 5632 2912 5693 libro
2943 5638 3008 5694 de
3032 5632 3300 5691 Patientia
3324 5634 3479 5693 Chri-

1899 5722 2043 5775 stum
2065 5720 2224 5772 vocat
2254 5708 2533 5770 dominum
2554 5710 2829 5785 patientiae
2853 5717 2908 5770 et
2927 5708 3271 5780 magistrum.
