4012 6338
465 295 572 353 265
1407 283 1468 340 s.
1510 279 1858 339 AGOBARDl
1895 274 2206 333 EPISCOPI
2241 271 2730 330 LUGDUNENSIS
3631 275 3762 333 ,οι

546 403 668 459 Vidi
711 401 893 457 subtus
940 397 1109 453 altare
1150 395 1355 450 animas
1405 394 1793 462 interfectorum
1839 400 2049 460 propter
2075 393 2126 452 Α
2150 396 2257 440 esto
2284 385 2561 457 gloriosus,
2595 395 2641 438 et
2676 385 2920 454 speciosis
2949 384 3167 440 induere
3207 387 3448 442 vestibus.
3496 388 3770 464 Disperge

466 494 677 550 verbum
703 490 821 555 Dei,
849 497 895 542 et
922 495 1135 558 propter
1158 484 1508 538 testimonium
1539 480 1676 551 quod
1701 479 1975 565 habebo-nt,
2004 488 2050 531 et
2151 479 2397 549 superbos
2425 481 2479 532 in
2515 479 2694 547 furore
2729 489 2838 542 tuo,
2868 487 2916 532 et
2948 479 3223 549 respiciens
3249 497 3453 536 omnem
3482 501 3769 555 arrogan-

469 583 765 640 clamabant
794 595 917 633 voce
956 593 1147 646 magna
1175 575 1444 628 dicentes:
1473 571 1767 642 Usquequo,
1798 571 2052 624 Dominus
2153 579 2255 624 tem
2285 569 2526 623 humilia.
2573 569 2789 640 Respice
2829 579 3041 622 cunctos
3081 571 3351 640 superbos,
3394 583 3441 625 et
3483 574 3772 644 confunde

468 681 681 728 sanctus
709 677 755 723 et
787 682 958 730 verus,
1000 681 1104 720 non
1141 663 1354 733 judicas
1393 673 1440 716 et
1481 661 1713 716 vindicas
1750 660 2055 730 sanguinem
2153 677 2261 725 eos,
2301 669 2350 713 et
2392 655 2598 713 contei'e
2636 660 2822 730 impios
2863 660 2920 713 in
2951 659 3064 713 loco
3093 677 3210 714 suo.
3255 661 3526 718 Absconde
3564 681 3662 720 eos
3711 666 3773 720 in

472 770 708 816 nostrum
734 759 798 812 de
825 757 905 811 his
947 757 1037 827 qui
1065 753 1302 809 habitant
1341 769 1497 825 super
1543 752 1776 805 terram?
1821 750 1889 804 Et
1920 751 2057 805 data:
2156 749 2416 822 pulverem
2455 749 2633 818 simul,
2665 760 2713 805 et
2753 750 2916 821 facies
2955 768 3134 805 eorum
3169 750 3406 823 demerge
3436 755 3492 808 in
3521 755 3770 824 foveam.

470 860 592 906 sunt
619 851 693 904 eis
722 846 945 919 singula:
968 845 1116 900 stolas
1145 843 1299 910 aibat,
1331 854 1376 897 et
1403 843 1600 896 dictum
1635 851 1710 896 est
1749 840 1855 894 illis
1893 850 1948 894 ut
1978 857 2060 894 re-

470 942 790 1013 quiescerent
819 937 990 992 adhuc
1015 935 1277 989 modicum
1304 943 1524 1003 tempus,
1553 932 1717 986 donec
1745 931 2061 1001 impleantur

473 1033 704 1086 conservi
747 1045 959 1093 eorum,
1000 1034 1050 1081 et
1088 1025 1276 1096 fratres
1320 1040 1535 1106 eorum,
1579 1023 1669 1092 qui
1714 1022 2060 1090 interficiendi

470 1131 615 1187 sunt,
643 1123 781 1176 sicut
809 1128 858 1174 et
885 1117 985 1173 illi.

546 1213 675 1270 Haec
699 1212 971 1270 sententia
991 1209 1150 1266 docet
1172 1218 1386 1280 tempus
1407 1208 1660 1262 vindictae
1689 1205 1928 1260 ﬁdelium
1955 1221 2063 1260 non

466 1293 599 1361 esse
627 1305 682 1359 in
711 1303 986 1374 praesenti.
1028 1300 1162 1355 Nam
1201 1302 1249 1357 si
1279 1301 1452 1355 sancti
1490 1315 1588 1370 pro
1618 1298 1721 1353 ﬁde
1749 1299 1895 1367 passi
1925 1313 2066 1367 qua:-

475 1405 607 1452 runt
633 1395 928 1450 vindictam
956 1394 1023 1448 de
1057 1391 1522 1463 persecutoribus,
1555 1389 1620 1444 de
1657 1389 1853 1458 quibus
1879 1389 2066 1456 utique

476 1486 790 1543 vindicandi
821 1492 970 1552 sunt,
994 1492 1052 1540 et
1077 1499 1184 1538 non
1212 1483 1533 1552 impetrant;
1567 1480 1835 1550 quomodo
1865 1479 1976 1542 isti,
2001 1477 2067 1532 de

474 1580 674 1652 quibus
712 1579 940 1650 agimus,
970 1575 1401 1646 quotiescunque
1443 1574 1752 1627 irascuntur
1781 1570 2066 1641 proximis,

476 1683 532 1731 et
559 1674 628 1729 ad
651 1671 1054 1728 contentionem
1095 1683 1350 1723 manuum
1393 1666 1708 1736 prosiliunt,
1742 1672 1936 1734 putant
1964 1661 2066 1716 sibi

2156 841 2226 896 Et
2254 859 2346 913 ego
2383 841 2669 912 conﬁtebor
2695 841 2838 913 quod
2872 841 3078 896 salvare
3114 852 3162 896 te
3196 844 3360 914 possit
3387 844 3614 899 dextera
3643 856 3775 900 tua.

2230 934 2333 1002 Qui
2362 933 2701 990 conﬂictibus
2736 945 2793 990 et
2828 935 3301 1004 congressionibus
3342 939 3540 992 merita
3582 938 3776 993 homi-

2159 1040 2290 1080 num
2325 1039 2384 1079 se
2423 1031 2615 1093 putant
2655 1039 2814 1094 posse
2859 1024 3126 1090 invenire,
3179 1025 3418 1081 habeant
3465 1028 3775 1082 brachium

2162 1116 2302 1171 sicut
2331 1115 2492 1180 Deus,
2523 1123 2579 1170 et
2605 1115 2662 1169 in
2689 1131 2822 1171 voce
2852 1116 3013 1171 simili
3045 1125 3252 1182 tonent,
3286 1118 3635 1174 circumdent
3662 1119 3779 1176 sibi

2164 1207 2434 1272 decorem,
2479 1215 2534 1262 et
2577 1208 2631 1261 in
2676 1209 2905 1264 sublime
2936 1211 3234 1281 erigantur,
3269 1210 3484 1280 sintque
3511 1211 3776 1282 gloriosi,

2162 1311 2218 1355 et
2246 1309 2375 1354 tunc
2399 1308 2661 1370 poterunt
2687 1301 2790 1356 sibi
2816 1302 2920 1372 ipsi
2946 1318 3067 1358 esse
3098 1303 3427 1370 salvatores;
3465 1305 3779 1376 impiorum

2165 1400 2347 1447 autem
2370 1401 2426 1448 et
2448 1393 2803 1462 superborum
2828 1393 3186 1466 dispersores,
3211 1395 3620 1465 humiliatores,
3645 1411 3781 1453 con-

2166 1483 2406 1548 tritores,
2434 1492 2489 1537 et
2518 1483 2573 1536 in
2607 1483 2817 1539 foveam
2844 1485 3205 1543 demersores.

2241 1573 2364 1627 Non
2393 1575 2531 1627 enim
2582 1575 2639 1628 in
2671 1591 2797 1628 arcu
2838 1591 2950 1629 meo
2997 1577 3282 1645 conﬁdam,
3335 1595 3497 1650 neque
3541 1579 3771 1651 gladius

2169 1681 2315 1719 meus
2341 1665 2563 1719 salvabit
2601 1682 2714 1729 me;
2745 1667 2870 1737 quia
2917 1667 3133 1722 salvasti
3181 1686 3272 1722 nos
3303 1669 3367 1723 de
3394 1671 3633 1726 hostibus
3684 1690 3782 1728 no-

474 1766 645 1822 Deum
675 1761 948 1829 famulari,
980 1768 1036 1817 et
1063 1759 1423 1815 amarissimis
1464 1757 1579 1814 suis
1621 1756 1858 1811 motibus
1884 1755 2069 1809 deser-
2095 1749 2143 1808 B
2169 1758 2314 1823 stris,
2345 1767 2393 1812 et
2415 1775 2500 1812 eos
2524 1759 2614 1829 qui
2642 1757 2863 1812 oderunt
2889 1775 2981 1812 nos
3002 1760 3311 1830 confudisti.
3346 1761 3410 1815 In
3441 1763 3550 1817 Deo
3576 1764 3786 1821 lauda-

476 1861 632 1917 vire?

553 1953 668 2020 Var,
707 1952 890 2008 civitas
917 1949 1012 2004 illa
1050 1965 1243 2019 magna
1275 1945 1532 2017 Babylon,
1562 1944 1741 1999 civitas
1771 1940 1864 1995 illa
1891 1940 2066 2010 fortis,

475 2047 726 2119 quoniam
753 2062 862 2099 una
889 2045 1019 2098 hora
1046 2042 1180 2096 venit
1200 2040 1466 2110 judicium
1489 2036 1672 2091 tuum!

552 2138 614 2195 Si
659 2153 766 2192 una
809 2137 941 2191 hora
987 2142 1279 2189 venturum
1325 2139 1410 2186 est
1444 2129 1712 2198 judicium
1757 2123 2069 2196 Babylonis,

481 2232 754 2303 quomodo
799 2230 945 2284 cives
985 2227 1102 2296 ejus
1149 2234 1256 2281 tam
1297 2224 1614 2293 ﬁequenter
1652 2237 1752 2292 pro
1796 2235 1853 2274 se
1903 2217 2072 2272 Deum

483 2325 762 2382 astimant
792 2320 1078 2390 judicare?
1124 2319 1249 2374 Haec
1296 2317 1566 2372 sententia
1612 2316 1947 2369 demonstrat
1988 2325 2078 2364 oc-

485 2418 632 2474 culta
657 2431 779 2472 esse
803 2414 1007 2486 judicia
1051 2413 1147 2468 Dei
1187 2421 1242 2466 et
1279 2409 1730 2482 impenetrabilia.
1766 2407 1919 2462 Unde
1948 2421 2078 2460 con—

483 2519 596 2565 stat
635 2509 856 2564 stultam
887 2517 942 2561 et
980 2506 1267 2576 superbam
1310 2519 1431 2559 esse
1471 2499 1947 2572 praesumptionem
1987 2512 2077 2552 eo-

481 2618 604 2658 rum
648 2602 741 2671 qui
781 2608 975 2671 putant
1016 2595 1452 2669 impenetrabilia
1479 2592 1684 2663 judicia
1715 2591 1811 2645 Dei
1839 2589 1998 2644 bellis
2024 2595 2080 2643 et.

479 2695 721 2752 aedibus
749 2693 954 2762 liquido
981 2691 1270 2761 publicari.

557 2783 880 2853 Sanguinem
916 2782 1055 2835 enim
1083 2781 1384 2833 animarum
1410 2785 1699 2832 vestrarum
1726 2774 1989 2845 requiram
2017 2773 2081 2827 de

481 2889 646 2927 manu
673 2880 981 2925 cunctarum
1018 2869 1324 2932 bestiarum,
1351 2875 1398 2921 et
1432 2866 1496 2920 de
1522 2881 1684 2918 manu
1714 2864 1939 2918 hominis
1969 2879 1988 2916 :
2017 2861 2082 2916 de

483 2981 650 3021 manu
676 2963 775 3017 viri
802 2971 850 3017 et
883 2962 1067 3032 fratris
1096 2960 1211 3031 ejus
1248 2959 1513 3030 requiram
1557 2957 1789 3011 animam
1829 2955 2077 3009 hominis.

487 3055 799 3127 Quicunque
843 3053 1088 3124 effuderit
1132 3053 1422 3106 humanum
1468 3049 1797 3119 sanguinem,
1831 3045 2083 3116 fundetur

2174 1847 2344 1901 bimur
2383 1857 2490 1902 tota
2531 1849 2636 1914 die,
2679 1857 2727 1902 et
2771 1865 2959 1903 nomen
3003 1859 3150 1903 tuum
3175 1851 3504 1920 confitebitur
3533 1855 3586 1908 in
3615 1865 3786 1910 ceter-

2173 1955 2318 1992 num.
2355 1937 2727 1994 Verumtamen
2767 1949 2824 1994 tu
2865 1940 3152 2011 confudiin
3177 1953 3225 1996 et
3265 1944 3532 2014 projecisti
3574 1963 3707 2012 nos,
3739 1955 3786 2003 et

2173 2045 2279 2082 non
2309 2029 2591 2099 egredieris
2636 2031 2691 2084 in
2727 2030 3039 2085 exercitibus
3090 2032 3303 2087 nostris.
3369 2031 3575 2088 Vertisti
3621 2046 3785 2107 terga

2175 2132 2354 2176 nostra
2383 2123 2542 2188 hosti,
2565 2134 2613 2178 et
2640 2125 2730 2195 qui
2760 2125 2981 2178 oderunt
3005 2142 3100 2180 nos
3141 2126 3472 2196 diripuerunt
3509 2129 3633 2184 sibi.
3677 2129 3790 2184 De-

2175 2217 2301 2270 disti
2327 2234 2420 2270 nos
2464 2218 2618 2288 quasi
2645 2235 2853 2290 gregem
2879 2219 2949 2272 ad
2977 2219 3291 2287 vorandum,
3336 2229 3384 2276 et
3429 2221 3484 2274 in
3526 2223 3786 2293 gentibus

2176 2307 2467 2378 dispersisti
2496 2326 2608 2363 nos.

2246 2400 2352 2454 Ista
2382 2402 2647 2456 sententia
2677 2403 2916 2458 insinuat
2944 2405 3218 2460 neminem
3254 2407 3462 2463 salvum
3500 2407 3642 2472 ﬁeri,
3684 2418 3787 2465 aut

2172 2493 2378 2564 justum
2414 2494 2498 2549 vel
2527 2495 2870 2552 innocentem
2900 2496 3263 2553 demonstrari
3309 2515 3408 2570 per
3435 2509 3785 2558 armaturam

2179 2602 2518 2657 corpoream,
2552 2588 2729 2657 ipsum
2763 2598 2943 2644 autem
2975 2589 3145 2644 Deum
3190 2607 3296 2646 non
3329 2607 3542 2662 semper
3581 2593 3639 2647 in
3675 2595 3787 2651 hac

2178 2679 2290 2734 vita
2317 2681 2472 2735 bonis
2505 2680 2804 2736 retribuere
2831 2681 3024 2736 merita
3079 2681 3326 2752 justitias.
3357 2683 3510 2739 Unde
3536 2691 3594 2739 et
3627 2685 3786 2741 Pau-

2180 2769 2284 2837 lus,
2318 2773 2408 2842 qui
2443 2773 2644 2827 bonum
2682 2781 2959 2829 certamen
2988 2774 3235 2839 certavit,
3270 2791 3490 2834 cursum
3518 2793 3787 2835 consum-

2182 2863 2373 2928 mavit,
2424 2863 2586 2918 ﬁdem
2637 2865 2910 2928 servavit,
2959 2866 3250 2936 repositam
3299 2867 3402 2923 sibi
3446 2869 3574 2923 dicit
3615 2885 3788 2926 coro-

2184 2968 2306 3008 nam
2329 2951 2576 3022 justitim,
2609 2969 2715 3010 non
2742 2964 3040 3025 receptam.
3071 2956 3206 3012 Nam
3236 2957 3289 3012 in
3321 2960 3575 3029 praesenti
3620 2962 3790 3030 quin—

2186 3045 2341 3114 quies
2388 3045 2761 3116 quadragenas
2816 3064 2924 3102 una
2967 3049 3149 3105 minus
3199 3051 3424 3122 accepit,
3479 3060 3562 3108 ter
3602 3053 3788 3124 virgis

483 3109 726 3218 διηφίει
749 3109 933 3211 illius;
980 3142 1051 3198 ad
1095 3142 1380 3210 imaginem
1416 3109 1605 3210 quippe
1647 3137 1745 3192 Dei
1785 3109 1964 3208 factus
2006 3144 2081 3191 est
2109 3109 2156 3172 Ο
2184 3109 2380 3203 casus,
2405 3109 2898 3208 semelvlapidatus
2940 3148 3043 3205 est,
3092 3151 3190 3197 ter'
3223 3109 3565 3214 nan-fragium
3621 3109 3784 3212 fecit,

487 3237 665 3293 homo.

567 3330 696 3387 Hmc
733 3330 910 3400 prima
953 3327 1062 3394 lex,
1106 3343 1138 3382 a
1167 3326 1280 3382 Deo
1307 3328 1429 3382 data
1473 3325 1804 3392 hominibus,
1833 3323 2086 3396 prohibet

487 3420 854 3477 attentissime
878 3419 1178 3475 humanum
1208 3417 1524 3489 sanguinem
1551 3416 1798 3471 fundere.

564 3511 685 3566 Non
725 3512 905 3567 omnis
948 3511 1042 3581 qui
1086 3509 1361 3564 hominem
1401 3508 1680 3570 occiderit,
1728 3506 2087 3578 corporaliter

491 3603 796 3659 occidetur.
823 3601 931 3658 Sed
957 3603 1252 3657 secundum
1276 3600 1408 3655 illud
1428 3599 1804 3670 accipiendum
1830 3607 1916 3654 est
1943 3597 2087 3668 quod

491 3691 758 3748 Dominus
798 3693 854 3747 in
898 3692 1190 3762 Evangelio
1230 3692 1403 3747 dicit:
1443 3690 1627 3746 Omnis
1668 3692 1808 3745 enim
1851 3691 1941 3761 qui
1975 3689 2088 3761 gla-

492 3783 643 3838 dium
672 3785 956 3856 acceperit,
994 3783 1202 3855 peribit.
1243 3781 1310 3837 Et
1338 3781 1631 3852 Apostolus
1659 3781 1733 3834 ait
1767 3798 1780 3834 :
1824 3779 2086 3845 Quoniam

489 3873 662 3932 omnis
705 3872 972 3927 homicida
1002 3888 1108 3926 non
1136 3872 1288 3926 habet
1316 3871 1478 3925 vitam
1518 3879 1770 3924 aeternam
1799 3868 1854 3922 in
1893 3885 1948 3922 se
1975 3885 2090 3922 ma-

491 3973 720 4018 nentem.
771 3962 952 4030 Quare
981 3971 1162 4018 autem
1193 3963 1338 4016 hunc
1366 3969 1579 4015 reatum
1628 3967 1777 4014 tanta
1815 3973 1976 4030 paena
2005 3973 2091 4014 se-

491 4060 720 4124 quatur,
757 4054 875 4109 haec
914 4069 1078 4110 causa
1107 4061 1223 4120 est,
1263 4052 1521 4124 quoniam
1562 4051 1632 4106 ad
1671 4051 1965 4121 imaginem
1993 4049 2089 4106 Dei

495 4142 676 4200 factus
701 4153 785 4200 est
814 4145 997 4200 homo.

569 4235 856 4291 Abundant
886 4236 1228 4292 tabernacula
1255 4233 1586 4306 praedonum,
1611 4239 1659 4285 et
1690 4229 1944 4284 audacter
1971 4247 2092 4301 pro-

493 4337 684 4383 vocant
705 4327 892 4391 Deum,
919 4345 1039 4382 cum
1058 4328 1168 4398 ipse
1193 4323 1391 4380 dederit
1414 4323 1591 4376 omnia
1618 4321 1675 4375 in
1698 4337 1860 4374 manu
1888 4337 2088 4375 eorum.

497 4418 676 4488 Quare
703 4436 825 4490 ergo
853 4421 1003 4490 impii
1029 4421 1206 4474 vivunt
1223 4457 1238 4482 ,
1265 4414 1534 4471 sublimati
1559 4423 1680 4468 sunt
1707 4413 2090 4484 confortatique

494 4511 730 4565 divitiis?
776 4510 965 4567 Semen
1008 4525 1188 4565 eorum
1230 4516 1495 4579 permanet
1525 4522 1702 4560 coram
1740 4507 1833 4570 eis,
1878 4507 2094 4576 propin-

494 4623 716 4678 quorum
741 4607 896 4662 turba
924 4616 974 4662 et
1001 4614 1242 4676 nepotum
1265 4603 1323 4656 in
1350 4611 1626 4673 conspectu
1655 4618 1855 4656 eorum.
1890 4601 2090 4655 Domus

495 4711 678 4750 eorum
723 4713 920 4751 secura:
949 4703 1091 4758 sunt,
1131 4702 1178 4748 et
1202 4701 1423 4764 pacatae,
1469 4701 1520 4746 et
1557 4707 1665 4746 non
1704 4700 1778 4745 est
1818 4692 1965 4762 virga
1995 4689 2093 4744 Dei

494 4805 652 4858 super
677 4807 784 4844 eos.
812 4789 918 4843 Bos
940 4801 1121 4840 eorum
1144 4785 1394 4855 concepit,
1424 4793 1472 4838 et
1501 4800 1605 4838 non
1632 4782 1872 4837 abortivit
1888 4797 1906 4848 ;
1934 4797 2092 4835 vacca

496 4882 712 4950 peperit,
739 4890 786 4934 et
817 4895 921 4933 non
943 4886 1016 4932 est
1040 4878 1245 4946 privata
1276 4877 1385 4947 fetu
1410 4892 1528 4930 suo.
1556 4875 1918 4946 Egrediuntur
1940 4876 2094 4945 quasi

500 4990 677 5046 greges
705 4971 912 5045 parvuli
941 4988 1142 5036 eorum,
1175 4980 1224 5026 et
1247 4970 1473 5040 infantes
1503 4987 1683 5025 eorum
1712 4968 1977 5024 exsultant
2011 4967 2095 5022 lu-

495 5065 664 5122 sibus.
699 5062 891 5118 Tenent
921 5072 1246 5133 tgmpanum,
1283 5071 1331 5116 et
1357 5063 1639 5128 citharam,
1670 5071 1718 5116 et
1758 5061 1988 5132 gaudent
2025 5060 2094 5115 ad

500 5157 726 5210 sonitum
752 5153 956 5222 organi.
988 5153 1201 5207 Ducunt
1230 5154 1287 5207 in
1312 5152 1458 5208 bonis
1498 5153 1609 5209 dies
1638 5171 1784 5220 suos,
1811 5163 1858 5207 et
1884 5154 1938 5207 in
1963 5168 2097 5225 pun-

501 5258 583 5303 cto
608 5247 676 5301 ad
703 5245 910 5315 inferna
938 5246 1277 5300 descendunt.

573 5337 701 5392 Haec
729 5338 1000 5392 sententia
1047 5337 1249 5392 indicat
1291 5339 1644 5410 temporalem
1672 5353 1792 5393 esse
1820 5338 2091 5394 malorum

499 5427 837 5485 felicitatem.
864 5428 931 5483 Et
959 5429 1162 5484 idcirco
1191 5441 1378 5484 errant
1405 5431 1497 5500 qui
1526 5438 1720 5501 putant
1749 5431 1974 5502 singulis
2000 5431 2092 5486 hic

502 5520 728 5578 retribui
757 5523 900 5592 quod
931 5531 1227 5578 merentur.

573 5613 635 5671 Si
661 5615 818 5672 habes
843 5617 1114 5672 brachium
1152 5618 1286 5672 sicut
1315 5616 1480 5681 Deus,
1511 5625 1558 5670 et
1595 5617 1642 5670 si
1674 5634 1792 5672 voce
1816 5617 1979 5673 simili
2006 5628 2090 5675 to-

493 5706 642 5782 nas?
667 5705 948 5768 Circumda
971 5710 1064 5768 tibi
1087 5708 1348 5775 decorem,
1380 5716 1427 5762 et
1459 5709 1515 5764 in
1551 5708 1772 5765 sublime
1795 5711 2013 5782 erigere,
2041 5721 2091 5769 et

2182 3236 2239 3285 et
2287 3231 2470 3286 omnia
2515 3231 2605 3286 illa
2635 3233 2877 3302 pericula
2928 3249 3048 3303 qum
3096 3235 3212 3305 ipse
3253 3244 3556 3304 enumerat,
3613 3239 3784 3296 susti-

2184 3322 2324 3376 nuit.

2260 3413 2426 3478 Deus,
2449 3424 2697 3468 venerunt
2717 3425 2893 3485 gentes
2920 3419 2977 3472 in
2999 3419 3356 3476 haereditatem
3381 3431 3548 3488 tuam,
3571 3422 3783 3492 pollue-

2186 3515 2309 3559 runt
2349 3505 2599 3576 templum
2641 3518 2883 3562 sanctum
2922 3519 3090 3577 tuum,
3126 3523 3412 3582 posuerunt
3441 3513 3784 3570 Hierusalem

2186 3598 2242 3650 in
2292 3614 2535 3652 acervum
2587 3599 2845 3670 lapidum.
2895 3601 3163 3658 Dederunt
3208 3605 3466 3660 cadavera
3508 3625 3783 3662 servorum

2187 3697 2398 3742 tuorum
2427 3707 2598 3744 escam
2623 3693 2796 3745 avium
2821 3692 3091 3760 calorum,
3117 3713 3304 3750 carnes
3329 3707 3635 3751 sanctorum
3661 3708 3784 3753 tuo-

2188 3797 2306 3835 rum
2333 3782 2508 3836 bestiis
2549 3792 2724 3838 terrrr.
2755 3784 3073 3853 Effuderunt
3098 3789 3409 3856 sanguinem
3432 3804 3613 3842 eorum
3645 3806 3782 3844 aua-

2186 3874 2234 3928 si
2259 3890 2452 3944 aquam
2489 3875 2543 3928 in
2571 3875 2793 3928 circuitu
2821 3874 3178 3941 Hierusalem,
3203 3888 3251 3932 et
3280 3895 3383 3932 non
3409 3889 3522 3933 erat
3561 3883 3654 3950 qui
3699 3899 3783 3936 se-

2187 3965 2392 4036 peliret.
2437 3965 2590 4020 Facti
2628 3983 2810 4021 sumus
2842 3968 3177 4038 opprobrium
3204 3970 3384 4024 vicinis
3409 3973 3622 4036 nostris,
3653 3973 3781 4027 sub-

2188 4057 2434 4127 sannatio
2455 4066 2502 4110 et
2526 4057 2719 4110 derisio
2746 4057 2826 4110 his
2848 4059 2938 4124 qui
2961 4057 3018 4110 in
3040 4060 3264 4113 circuitu
3291 4069 3467 4119 nostro
3489 4072 3637 4116 sunt.

2262 4146 2391 4202 Haec
2416 4147 2685 4202 sententia
2711 4147 2901 4202 eadem
2943 4149 3060 4218 ipsa
3087 4149 3424 4206 demonstrat
3457 4167 3577 4222 qua:
3605 4162 3663 4208 et
3684 4169 3779 4210 su-

2189 4256 2392 4312 perlor.

2266 4330 2397 4396 Quis
2439 4331 2679 4386 ascendet
2727 4331 2785 4386 in
2829 4340 3056 4386 montem
3082 4331 3336 4386 Domini?
3359 4341 3450 4387 aut
3487 4335 3602 4404 quis
3626 4336 3783 4392 stabit

2193 4421 2249 4474 in
2297 4419 2411 4474 loco
2459 4430 2638 4475 sancto
2681 4422 2840 4492 ejus?
2881 4420 3140 4476 Innocens
3204 4423 3444 4478 manibus
3495 4435 3545 4478 et
3585 4427 3782 4482 mundo

2196 4510 2372 4575 corde,
2417 4512 2508 4581 qui
2550 4511 2842 4581 ingreditur
2871 4513 2984 4566 sine
3011 4513 3242 4575 macula,
3274 4523 3321 4568 et
3351 4525 3599 4585 operatur
3616 4518 3781 4587 justi-

2190 4602 2339 4664 tiam,
2388 4602 2619 4670 loquitur
2661 4603 2928 4656 veritatem
2965 4603 3023 4656 in
3064 4603 3219 4657 corde
3262 4621 3377 4670 suo,
3418 4607 3508 4676 qui
3553 4624 3661 4662 non
3707 4616 3780 4663 est

2194 4691 2369 4762 facilis
2410 4692 2466 4744 in
2509 4690 2691 4760 lingua
2717 4708 2836 4757 sua,
2879 4709 3042 4763 neque
3071 4693 3191 4763 fecit
3240 4696 3411 4750 amico
3434 4714 3530 4752 suo
3555 4698 3779 4766 malum,

2193 4793 2241 4839 et
2295 4784 2627 4854 opprobrium
2675 4801 2779 4838 non
2824 4787 3072 4841 sustinuit
3115 4804 3274 4858 super
3325 4791 3553 4845 vicinum
3602 4811 3778 4848 suum.

2197 4877 2300 4943 Qui
2325 4877 2534 4947 negligit
2564 4877 2816 4931 damnum
2860 4888 3070 4949 propter
3114 4882 3344 4935 amicum
3390 4899 3565 4948 suum,
3601 4885 3780 4954 justus

2195 4977 2306 5034 est;
2350 4969 2446 5022 iter
2493 4977 2666 5022 autem
2714 4969 2995 5040 impiorum
3037 4969 3255 5041 decipiet
3301 4989 3407 5027 eos.
3468 4973 3662 5028 Melior
3707 4985 3779 5030 est

2198 5061 2403 5132 patiens
2459 5059 2568 5113 viro
2624 5059 2789 5129 forti;
2847 5070 2895 5114 et
2939 5061 3030 5130 qui
3086 5061 3392 5116 dominatur
3432 5065 3609 5118 animo
3660 5083 3776 5131 suo,

2199 5162 2554 5225 expugnatore
2602 5152 2828 5206 urbium.
2882 5152 3065 5218 Arma,
3118 5165 3165 5208 et
3211 5154 3376 5225 gladii
3427 5158 3481 5210 in
3536 5160 3622 5213 via
3673 5176 3781 5230 per-

2199 5247 2334 5300 versi
2367 5259 2384 5297 :
2413 5253 2585 5298 custos
2632 5254 2802 5298 autem
2831 5245 3023 5299 anima:
3058 5263 3168 5300 sua:
3202 5246 3353 5318 longe
3384 5249 3574 5302 recedit
3605 5249 3672 5303 ab
3699 5268 3774 5305 eo.

2201 5334 2332 5392 Cum
2392 5334 2634 5390 ceciderit
2692 5334 2932 5390 inimicus
2977 5345 3120 5402 tuus,
3194 5354 3256 5392 ne
3308 5343 3561 5409 gaudeas,
3628 5351 3677 5395 et
3726 5341 3776 5394 in

2194 5428 2350 5480 ruina
2403 5427 2517 5496 ejus
2572 5442 2634 5479 ne
2686 5425 2907 5480 exsultet
2953 5444 3042 5481 cor
3103 5438 3290 5495 tuum;
3341 5447 3404 5485 ne
3435 5431 3570 5499 forte
3616 5433 3780 5487 rideat

2192 5517 2471 5584 Dominus,
2525 5526 2573 5572 et
2641 5516 2913 5589 displiceat
2977 5519 3047 5586 ei,
3102 5529 3150 5574 et
3199 5521 3409 5590 auferat
3460 5523 3525 5578 ab
3555 5541 3617 5579 eo
3647 5525 3778 5579 iram

2183 5627 2358 5668 suam.

2263 5708 2456 5766 Videat
2481 5709 2707 5768 bellator
2731 5710 3028 5781 fraternus,
3056 5711 3103 5769 si
3123 5711 3486 5772 sit'iunocens
3504 5713 3778 5784 manibus,
