4012 6338
253 381 369 438 265

1353 395 1556 454 LIBER
1604 381 1883 455 CONTRA
1920 383 2243 456 JUDICIUM
2282 400 2413 455 om.

3415 413 3520 467 266

252 498 464 553 mundo
494 501 678 566 corde,
709 508 765 556 et
790 500 955 558 faciat
983 503 1167 561 omnia
1195 520 1316 577 quae
1343 525 1576 581 sequens
1620 521 1841 569 senten-
1865 512 1919 574 A
1943 521 1997 567 et
2025 512 2175 582 impii
2219 521 2332 568 tam
2375 511 2607 568 feliciter
2635 513 2690 569 in
2720 514 2824 570 hoc
2852 517 3055 572 mundo
3091 520 3310 590 degunt,
3342 533 3403 580 ut
3431 542 3524 584 eos

254 587 334 641 tia
365 598 669 645 enumerat.

328 676 450 734 Non
475 679 650 736 solum
679 683 894 752 melior,
922 685 1018 743 sed
1063 704 1165 747 nec
1209 691 1386 750 bonus
1412 695 1527 748 vult
1571 710 1712 762 esse,
1749 696 1842 766 qui

249 789 355 846 per
374 775 695 847 patientiam
723 796 829 837 non
877 783 1186 841 dominatur
1215 789 1397 844 animo
1423 806 1541 846 suo.
1575 789 1676 858 Qui
1719 807 1843 846 cum

248 868 506 937 proximo
532 870 776 927 decertat
815 883 1038 946 propter
1081 877 1283 933 animal
1319 881 1564 948 brutum,
1590 896 1693 938 nec
1721 897 1841 938 mo-

249 958 437 1015 dicum
466 959 721 1018 damnum
750 963 866 1020 vult
904 967 1180 1039 negligere
1216 981 1439 1041 propter
1465 972 1658 1028 Deum.

325 1052 501 1109 Erues
525 1071 611 1111 eos
653 1058 742 1129 qui
784 1059 1052 1116 ducuntur
1081 1063 1149 1117 ad
1191 1074 1432 1132 mortem,
1458 1075 1507 1121 et
1545 1068 1639 1139 qui
1667 1068 1844 1123 detra-

247 1147 456 1201 huntur
480 1149 548 1204 ad
573 1150 844 1206 interitum
895 1152 1116 1210 liberare
1152 1174 1216 1211 ne
1260 1175 1443 1214 cesses.
1495 1159 1554 1216 Si
1601 1162 1838 1216 dixeris:

261 1236 411 1295 Vires
455 1259 558 1297 non
603 1254 926 1316 suppetunt:
973 1249 1064 1319 qui
1095 1250 1353 1321 inspector
1386 1262 1460 1306 est
1505 1254 1702 1319 cordis,
1733 1253 1841 1325 ipse

242 1331 515 1402 intelligit,
562 1344 610 1388 et
645 1347 960 1393 servatorem
991 1341 1182 1397 anima:
1208 1352 1314 1398 tua:
1359 1344 1491 1399 nihil
1532 1346 1691 1416 fallit,
1725 1347 1843 1401 red—

242 1424 441 1495 detque
471 1426 670 1482 homini
684 1429 844 1499 juxta
873 1449 1032 1504 opera
1058 1451 1176 1489 sua.
1219 1434 1335 1491 Vidi
1363 1439 1457 1492 sub
1485 1439 1594 1494 sole
1632 1441 1690 1494 in
1728 1440 1840 1494 loco

245 1517 444 1574 iudicii
496 1521 833 1592 impietatem,
867 1534 914 1578 et
957 1527 1014 1581 in
1051 1527 1164 1582 loco
1210 1530 1438 1600 justitiaz
1488 1533 1835 1604 iniquitatem.

244 1607 322 1662 Et
356 1610 472 1664 dixi
511 1613 567 1666 in
615 1615 772 1669 corde
799 1633 914 1671 meo
943 1632 961 1669 :
994 1619 1208 1675 Justum
1233 1631 1281 1676 et
1320 1624 1538 1695 impium
1577 1625 1841 1696 judicabit

240 1699 410 1766 Deus,
461 1713 509 1757 et
560 1713 757 1776 tempus
791 1709 868 1761 rei
914 1711 1081 1765 omnis
1127 1720 1252 1767 tunc
1281 1715 1397 1768 erit.
1439 1713 1582 1770 Verti
1630 1733 1712 1771 me
1761 1717 1832 1770 ad

241 1791 380 1857 alia,
404 1801 454 1846 et
483 1794 588 1848 vidi
637 1795 930 1853 calumnias
958 1818 1076 1870 qua:
1101 1804 1196 1857 sub
1243 1804 1350 1859 sole
1376 1816 1651 1876 geruntur,
1679 1817 1727 1862 et
1761 1807 1841 1862 la-

1945 611 2102 674 putes
2122 619 2242 659 esse
2264 605 2614 675 iustissimos.

2018 696 2199 751 Nescit
2225 697 2379 752 homo
2408 707 2584 753 utrum
2611 716 2789 756 amore
2831 719 2900 758 an
2925 704 3048 760 odio
3087 706 3278 778 dignus
3304 711 3407 778 sit;
3434 714 3526 768 sed

1945 788 2122 842 omnia
2146 787 2203 844 in
2229 789 2411 860 futuro
2441 800 2718 846 servantur
2745 794 2964 860 incerta,
3011 812 3072 850 eo
3098 798 3239 868 quod
3283 801 3526 858 universa

1944 898 2090 953 atque
2131 881 2368 937 eveniant
2386 883 2538 953 justo
2579 893 2629 940 et
2674 885 2857 956 impio,
2893 887 3027 942 bono
3051 898 3099 944 et
3119 891 3281 958 malo,
3329 897 3527 951 mundo

1943 981 1992 1027 et
2030 973 2320 1039 immundo,
2372 974 2666 1029 immolanti
2706 977 2965 1044 victimas,
2994 989 3041 1034 et
3089 983 3355 1054 sacriﬁcia
3401 1004 3528 1042 con-

1944 1066 2210 1118 temnenti.
2241 1063 2392 1120 Sicut
2422 1066 2608 1133 bonus,
2650 1068 2725 1122 sic
2747 1076 2797 1123 et
2847 1081 3124 1140 peccator;
3155 1083 3211 1128 ut
3254 1078 3523 1148 perjurus,

1943 1153 2018 1207 ita
2043 1161 2092 1207 et
2135 1152 2226 1208 ille
2260 1155 2350 1225 qui
2397 1172 2576 1210 verum
2622 1157 2844 1228 dejerat.
2879 1159 2994 1215 Hoc
3014 1171 3091 1216 est
3125 1165 3408 1234 pessimum
3444 1170 3529 1222 in—

1945 1251 2023 1298 ter
2041 1245 2216 1298 omnia
2249 1261 2367 1299 qua:
2403 1246 2499 1301 sub
2526 1246 2635 1302 sole
2659 1249 2815 1317 ﬁunt,
2847 1253 2970 1321 quia
2989 1253 3171 1309 eadem
3190 1257 3390 1312 cunctis
3415 1276 3528 1314 eve-

1945 1335 2114 1390 nium.

1969 1452 1971 1454 -
2015 1426 2072 1481 Si
2103 1429 2285 1484 omnia
2315 1428 2500 1484 futuro
2527 1440 2812 1486 servantur
2841 1433 3070 1502 incerta,
3123 1439 3264 1493 mira
3303 1439 3528 1497 fatuitas

1943 1520 2324 1588 quorumdam,
2376 1521 2468 1591 qui
2512 1523 2897 1581 certaminibus
2943 1531 3288 1587 exsecrandis
3331 1541 3529 1604 putant

1942 1624 2001 1664 se
2028 1609 2094 1664 de
2123 1611 2349 1667 incertis
2377 1611 2556 1668 facere
2585 1622 2754 1668 certa.

2025 1700 2162 1756 Verti
2187 1719 2269 1757 me
2307 1703 2376 1757 ad
2398 1703 2584 1771 aliud;
2608 1706 2812 1778 vidique
2843 1709 2938 1763 sub
2975 1711 3101 1778 sole,
3146 1732 3238 1770 nec
3271 1717 3527 1773 velocium

1941 1813 2051 1850 esse
2071 1813 2307 1863 cursum,
2340 1814 2431 1850 nec
2464 1797 2685 1866 fortium
2714 1798 2925 1867 bellum,
2953 1821 3044 1858 nec
3087 1808 3381 1877 sapientum
3425 1828 3525 1881 pa-

240 1899 458 1953 crymas
488 1885 862 1955 innocentium,
912 1899 962 1944 et
997 1893 1260 1948 consolari
1302 1913 1388 1950 eos
1422 1898 1695 1962 neminem,
1747 1915 1837 1952 nec

1952 1905 2079 1954 nem,
2113 1906 2206 1943 nec
2236 1889 2512 1944 doctorum
2551 1890 2786 1958 divitias,
2836 1910 2927 1947 nec
2966 1898 3232 1966 artiﬁcum
3274 1901 3524 1970 gratiam,

239 1991 400 2044 posse
453 1977 692 2032 resistere
735 1997 916 2034 eorum
963 1983 1221 2040 violentia:
1274 1998 1580 2043 cunctorum
1634 1990 1836 2045 auxilio

241 2066 549 2124 destitutos.

320 2159 442 2216 Non
473 2163 647 2218 solum
679 2167 845 2223 debes
891 2185 999 2225 non
1029 2172 1224 2228 ducere
1255 2174 1322 2230 ad
1362 2167 1616 2242 mortem,
1648 2194 1837 2235 verum

240 2253 415 2307 etiam
447 2268 540 2309 eos
568 2257 661 2325 qui
692 2256 966 2315 ducuntur
991 2277 1202 2327 eruere,
1231 2264 1277 2320 si
1304 2282 1412 2322 non
1440 2267 1522 2323 vis
1554 2276 1616 2322 ut
1645 2268 1838 2325 reddat

239 2345 348 2400 tibi
378 2345 642 2404 Dominus
671 2353 966 2408 secundum
998 2371 1161 2426 opera
1188 2364 1299 2412 tua.

316 2436 549 2504 Quando
585 2441 846 2500 Dominus
873 2445 1013 2501 inter
1036 2447 1243 2518 justum
1281 2457 1338 2505 et
1365 2449 1592 2521 impium
1639 2454 1840 2510 discre-

238 2529 411 2596 verit,
442 2539 656 2601 tempus
686 2536 862 2591 omnis
891 2537 970 2592 rei
1015 2546 1144 2594 tunc
1173 2540 1297 2605 erit,
1336 2557 1443 2596 non
1472 2543 1651 2598 modo.
1683 2544 1838 2611 Quod

241 2627 467 2690 tempus
511 2622 826 2680 desiderans
877 2626 1140 2695 Ecclesia,
1196 2639 1350 2702 rogat
1398 2632 1706 2700 Dominum,
1758 2635 1840 2690 di-

243 2728 419 2768 cens:
464 2713 662 2770 Indica
708 2733 812 2784 me,
853 2717 1014 2785 Deus,
1047 2729 1096 2774 et
1149 2721 1383 2776 discerne
1415 2740 1632 2778 causam
1667 2741 1838 2779 meam

243 2803 311 2858 de
337 2813 487 2874 gente
533 2824 638 2861 non
677 2819 880 2863 sancta.
927 2810 1100 2877 Quam
1127 2827 1240 2867 rem
1270 2815 1314 2870 si
1344 2814 1590 2872 homines
1645 2817 1836 2872 saltem

239 2895 544 2967 iustificare
571 2900 885 2968 valuissent,
931 2921 1037 2959 non
1067 2913 1250 2961 essent
1287 2908 1428 2962 mala
1458 2924 1578 2978 quae
1606 2923 1836 2982 sequen-

242 2999 333 3048 tes
363 2995 646 3051 sententiae
676 3006 1017 3052 enumerant.

321 3084 384 3141 Si
411 3087 602 3141 videris
632 3087 926 3144 calumnias
958 3107 1256 3162 egenorum,
1287 3101 1334 3148 et
1358 3092 1580 3149 violenta
1599 3095 1832 3166 judicia,

245 3186 297 3230 et
321 3177 552 3232 subverti
573 3180 838 3250 justitiam
863 3182 919 3234 in
959 3183 1244 3252 provincia,
1291 3202 1395 3239 non
1433 3186 1640 3240 mireris
1681 3204 1838 3259 super

1939 1980 2030 2034 sed
2056 1989 2258 2052 tempus
2290 1997 2570 2054 casumque
2591 1983 2646 2036 in
2680 1983 2936 2040 omnibus.
2985 1987 3165 2042 Nescit
3187 1991 3340 2045 homo
3369 1993 3528 2062 ﬁnem

1938 2089 2111 2127 suum.
2157 2072 2267 2129 Sed
2293 2074 2432 2128 sicut
2459 2076 2624 2146 pisces
2656 2077 2938 2147 capiuntur
2963 2079 3142 2147 hamo,
3170 2091 3219 2135 et
3245 2083 3379 2137 sicut
3408 2101 3527 2138 aves

1939 2165 2447 2235 comprehenduntur
2473 2166 2683 2239 laqueo,
2715 2169 2790 2222 sic
2817 2169 3101 2240 capiuntur
3125 2173 3362 2229 homines
3393 2185 3526 2230 tem-

1935 2272 2060 2325 pore
2090 2255 2252 2322 malo,
2287 2274 2407 2312 cum
2429 2259 2502 2312 eis
2529 2257 2786 2329 extemplo
2816 2264 3192 2330 supervenerit.

2010 2346 2137 2402 Haec
2161 2349 2429 2404 sententia
2456 2365 2561 2405 non
2591 2350 2820 2420 denegat
2848 2353 3266 2423 providentiam,
3305 2357 3398 2412 sed
3425 2359 3525 2413 do-

1938 2446 2025 2493 cet
2051 2439 2232 2494 exitus
2259 2455 2441 2495 rerum
2483 2442 2791 2498 hominibus
2833 2458 2954 2499 esse
2982 2445 3238 2503 incertos.
3287 2448 3527 2519 Epistola

1938 2531 2006 2585 ad
2031 2530 2303 2587 Romanos
2330 2532 2458 2588 huic
2477 2533 2598 2588 loco
2639 2535 2890 2605 congruit
2915 2554 2928 2588 :
2959 2538 3083 2605 quia
3133 2553 3239 2593 non
3263 2540 3520 2606 volentis,

1937 2635 2112 2690 neque
2133 2622 2422 2687 currentis,
2461 2624 2554 2678 sed
2581 2623 2889 2679 miserentis
2919 2624 3016 2680 Dei
3037 2627 3126 2680 sit.
3159 2628 3312 2694 Quod
3342 2640 3524 2686 autem

1938 2712 2016 2766 ait
2045 2727 2058 2765 :
2094 2712 2219 2767 Non
2264 2724 2338 2768 est
2372 2715 2694 2785 sapientibus
2727 2717 2903 2787 panis,
2951 2717 3242 2773 multorum
3287 2722 3528 2790 quotidie

1937 2804 2197 2875 probatur
2226 2807 2494 2876 exemplo,
2537 2809 2629 2878 qui
2669 2822 2793 2864 cum
2837 2811 3222 2881 sapientissimi
3269 2813 3397 2878 sint,
3429 2830 3525 2869 ne-

1937 2897 2191 2951 cessariis
2215 2897 2476 2968 indigent,
2503 2907 2558 2952 et
2599 2899 2870 2956 eruditum
2903 2901 3078 2955 virum
3107 2902 3278 2958 latere
3304 2904 3358 2957 in
3399 2905 3521 2959 obs-

1937 3003 2094 3055 curo,
2123 2990 2530 3059 persecutiones
2573 2991 2708 3060 pati,
2749 2999 2807 3047 et
2831 3007 2938 3047 non
2978 2992 3151 3047 solum
3180 2994 3235 3048 in
3269 2995 3524 3066 populum

1937 3082 2167 3153 gratiam
2193 3097 2301 3137 non
2321 3083 2542 3148 habere,
2559 3084 2656 3139 sed
2681 3084 2863 3155 inopia
2880 3093 2936 3140 et
2956 3094 3199 3158 egestate
3219 3089 3518 3145 tabescere.

1937 3173 2066 3230 Haec
2095 3182 2275 3230 autem
2305 3175 2462 3242 ﬁunt,
2493 3177 2621 3247 quia
2648 3178 2856 3234 incerto
2894 3187 3040 3235 statu
3089 3180 3264 3236 ﬂuunt
3309 3184 3514 3249 omnia,

247 3269 352 3322 hoc
386 3271 590 3340 negotio
614 3287 632 3324 :
662 3273 786 3344 quia
801 3273 1002 3328 excelso
1037 3275 1172 3329 alius
1195 3275 1465 3342 excelsior,
1491 3285 1540 3331 et
1561 3293 1718 3348 super
1741 3277 1834 3332 hos

1952 3274 1996 3321 et
2022 3282 2128 3322 non
2153 3274 2238 3322 est
2265 3267 2320 3321 in
2358 3269 2609 3338 praesenti
2639 3269 2960 3326 meritorum
2988 3272 3298 3339 retributio,
3340 3276 3435 3330 sed
3463 3276 3516 3330 in

247 3377 464 3431 quoaue
489 3362 846 3419 eminentiores
868 3373 991 3420 sunt
1019 3366 1133 3420 alii.

328 3441 590 3509 Excelsus
613 3457 806 3528 quippe
832 3474 994 3528 super
1015 3461 1258 3517 excelsos
1287 3462 1403 3518 haec
1426 3461 1652 3532 respicit
1670 3461 1834 3528 Deus,

256 3543 356 3615 qui
385 3544 599 3616 angelos
625 3563 752 3602 suos
800 3565 963 3619 super
993 3548 1205 3618 judices
1234 3561 1288 3608 et
1331 3568 1486 3624 reges
1514 3561 1674 3608 terrae
1701 3569 1840 3623 prte-

249 3638 484 3708 posuit:
524 3639 611 3708 qui
659 3651 885 3709 possunt
929 3643 1118 3713 utique
1158 3646 1450 3714 prohibere
1493 3643 1837 3714 injustitiam,

249 3739 309 3786 et
345 3731 518 3803 magis
548 3732 599 3786 in
627 3741 775 3788 terra
805 3735 985 3791 valere
1011 3752 1175 3806 quam
1201 3739 1402 3808 quaevis
1431 3739 1714 3795 hominum
1743 3755 1841 3809 po-

249 3831 501 3879 testates.
533 3823 640 3880 Sed
665 3828 918 3896 quoniam
941 3838 1122 3884 servat
1147 3830 1202 3884 in
1227 3831 1332 3885 line
1354 3829 1616 3898 judicium
1641 3839 1695 3886 et
1712 3847 1841 3886 con-

251 3916 674 3971 summationem
705 3919 913 3984 mundi,
959 3922 1176 3990 quando
1213 3930 1427 3976 matura
1469 3937 1624 3992 seges
1653 3922 1838 3989 fuerit,

249 4016 309 4062 et
335 4022 608 4064 messores
630 4011 893 4075 venerint,
920 4009 1172 4080 iussurus
1204 4024 1288 4070 est
1327 4024 1387 4069 ut
1412 4024 1694 4086 separetur
1740 4018 1842 4071 tri-

251 4101 425 4157 ticum
453 4113 509 4158 et
526 4103 715 4159 lolium
743 4108 990 4163 tradatur
1021 4109 1300 4176 incendio;
1334 4111 1457 4165 ideo
1472 4126 1618 4166 nunc
1649 4125 1842 4180 exspe-

251 4205 393 4263 ctat,
438 4207 494 4254 et
544 4199 726 4256 diﬂ‘ert
771 4204 1127 4270 sententiam,
1188 4205 1425 4274 quandiu
1477 4221 1604 4277 ager
1656 4205 1842 4261 mundi

249 4285 416 4343 istius
441 4289 652 4358 plenius
681 4291 977 4347 excolatur.

325 4382 517 4438 Justus
544 4385 674 4454 perit
701 4387 757 4439 in
785 4387 998 4456 justitia
1027 4405 1146 4448 sua,
1193 4398 1239 4443 et
1282 4388 1472 4443 imoius
1517 4388 1682 4443 multo
1724 4390 1844 4443 vivit

253 4485 490 4548 tempore
511 4480 567 4532 in
595 4479 800 4533 malitia
831 4498 951 4535 sua.

327 4569 427 4623 Dei
449 4570 503 4624 in
533 4571 745 4625 occulto
776 4573 1037 4641 sapientia
1063 4581 1147 4628 est
1170 4581 1226 4628 et
1247 4573 1511 4628 tribulare
1546 4589 1691 4628 nunc
1719 4589 1843 4628 san-

250 4667 376 4714 ctos
421 4668 483 4714 ut
529 4661 796 4732 recipiant
829 4664 966 4718 mala
1020 4664 1076 4718 in
1123 4664 1234 4718 vita
1283 4680 1398 4729 sua,
1446 4671 1502 4717 et
1529 4672 1842 4733 peccatores

251 4767 367 4806 non
410 4753 629 4809 visitare
668 4770 768 4823 pro
809 4755 1014 4811 scelere
1055 4764 1109 4810 et
1146 4756 1298 4826 quasi
1330 4757 1394 4810 ad
1421 4755 1721 4810 vindictam
1748 4773 1838 4811 re-

253 4859 516 4909 servare;
547 4852 607 4897 ut
634 4853 689 4899 et
715 4845 819 4899 illis
845 4847 1016 4914 possit
1037 4855 1242 4902 acterna
1265 4847 1406 4902 bona
1434 4846 1747 4911 restituere,
1786 4855 1842 4901 et

251 4936 346 4991 bis
373 4937 514 4990 mala
545 4937 747 4992 inferre
777 4947 1061 5008 perpetua.

328 5026 522 5082 Melius
549 5037 633 5083 est
663 5030 962 5083 secundum
990 5030 1321 5086 voluntatem
1347 5030 1442 5085 Dei
1467 5038 1528 5084 ut
1545 5030 1726 5100 justus
1746 5045 1840 5101 pe-

250 5125 381 5171 reat
407 5116 460 5170 in
479 5115 691 5184 justitia
714 5133 832 5184 sua,
862 5134 1024 5188 quam
1054 5128 1113 5174 ut
1137 5120 1364 5190 impium
1389 5120 1602 5175 occidat
1623 5128 1844 5190 propter

246 5206 524 5262 malitiam
575 5207 736 5263 illius.
779 5208 846 5262 Et
873 5209 998 5280 quia
1047 5209 1122 5264 ita
1163 5208 1246 5276 ﬁt,
1278 5211 1398 5265 ideo
1424 5210 1676 5280 provenit
1703 5208 1845 5279 quod

247 5314 496 5370 sequens
522 5300 793 5354 sententia
821 5301 990 5355 dicit:

325 5391 468 5448 Sunt
497 5393 632 5462 justi
669 5393 854 5464 quibus
897 5393 1065 5448 multa
1109 5394 1439 5466 proveniunt,
1483 5396 1636 5467 quasi
1689 5412 1846 5467 opera

243 5484 456 5552 egerint
483 5483 796 5554 impiorum;
825 5494 874 5539 et
900 5495 1024 5540 sunt
1054 5484 1201 5556 impii
1231 5486 1322 5556 qui
1366 5486 1440 5540 ita
1480 5487 1652 5540 securi
1698 5496 1840 5553 sunt,

241 5575 409 5646 quasi
426 5575 690 5644 justorum
721 5577 861 5646 facta
884 5575 1128 5631 habeant.

321 5663 476 5722 Inter
515 5677 740 5724 caeteras
769 5669 1039 5724 vanitates
1076 5684 1197 5739 qua:
1245 5666 1300 5723 in
1345 5667 1546 5725 mundo
1581 5683 1733 5725 vario
1764 5669 1841 5724 fe-

241 5769 455 5816 runtur
484 5770 703 5826 eventu,
725 5762 889 5817 etiam
928 5762 1033 5817 hoc
1067 5761 1396 5830 deprehendi
1426 5761 1567 5829 quod
1588 5758 1750 5829 justis
1775 5775 1838 5814 ea

237 5858 576 5927 frequenter
599 5853 854 5911 eveniunt
889 5870 1008 5925 qua:
1049 5853 1231 5924 impiis
1269 5853 1488 5908 evenire
1518 5851 1832 5918 debuerant,

545 5947 822 6008 PATROL.
856 5944 1016 6011 CIV.

1944 3361 2148 3415 futuro.

2019 3455 2116 3510 Est
2145 3455 2346 3512 malum
2391 3457 2530 3529 quod
2557 3458 2662 3513 vidi
2689 3459 2783 3513 sub
2809 3460 2937 3524 sole,
2988 3462 3141 3532 quasi
3181 3479 3274 3532 per
3300 3479 3529 3518 errorem

1943 3546 2212 3617 egrediens
2242 3565 2274 3601 a
2296 3548 2433 3618 facie
2457 3550 2744 3620 principis;
2773 3553 2999 3622 positum
3029 3553 3248 3606 stultum
3273 3554 3327 3606 in
3350 3553 3527 3623 digni—

1944 3646 2050 3710 tate
2073 3636 2302 3704 sublimi,
2335 3646 2385 3692 et
2405 3638 2588 3693 divites
2618 3641 2806 3695 cadere
2824 3642 3089 3697 deorsum.
3133 3642 3253 3696 Vidi
3275 3662 3446 3699 servos
3473 3646 3527 3698 in

1943 3731 2106 3801 equis,
2157 3741 2206 3785 et
2260 3732 2520 3802 principes
2571 3732 2897 3789 ambulantes
2966 3736 3118 3806 quasi
3164 3752 3336 3790 servos
3376 3752 3530 3806 super

1941 3829 2156 3876 terram.

2018 3915 2084 3970 Et
2105 3916 2243 3970 hanc
2271 3931 2399 3987 ergo
2424 3916 2764 3986 iniquitatem
2794 3930 2853 3971 se
2875 3916 2930 3970 in
2962 3917 3160 3972 saeculo
3183 3917 3528 3987 perspexisse

1945 4009 2356 4074 commemorat,
2385 4008 2528 4078 quod
2557 4008 2804 4062 videatur
2832 4008 3089 4077 injustum
3120 4009 3214 4064 Dei
3239 4025 3361 4066 esse
3383 4009 3530 4080 judi-

1945 4099 2109 4162 cium,
2166 4107 2223 4154 et
2277 4100 2391 4155 sive
2437 4116 2536 4170 per
2584 4099 2993 4172 ignOrationein,
3041 4100 3156 4156 sive
3183 4103 3386 4174 absque
3414 4103 3532 4173 ejus

1947 4190 2066 4246 fieri
2090 4190 2387 4256 voluntate,
2436 4199 2495 4245 ut
2520 4191 2606 4247 vel
2649 4192 2704 4246 in
2741 4192 2927 4246 mundi
2953 4193 3330 4262 potestatibus,
3359 4195 3443 4248 vel
3475 4195 3529 4248 in

1946 4283 2201 4338 Ecclesia
2229 4284 2554 4354 principatu,
2579 4299 2720 4354 saepe
2746 4285 2799 4340 hi
2826 4286 2915 4355 qui
2945 4285 3140 4342 divites
3182 4287 3238 4341 in
3278 4301 3528 4342 sermone

1950 4383 2077 4429 Sunt
2101 4382 2266 4444 atque
2310 4375 2592 4445 sapientia,
2639 4375 2832 4430 divites
2857 4375 3021 4429 etiam
3052 4377 3106 4431 in
3144 4376 3397 4446 operibus
3433 4377 3528 4431 bo-

1951 4467 2054 4530 nis,
2090 4466 2352 4537 ignobiles
2388 4467 2628 4530 sedeant,
2659 4475 2716 4521 et
2742 4468 3054 4538 imprudens
3079 4470 3307 4540 quisque
3345 4468 3398 4522 in
3426 4469 3524 4524 Ec-

1951 4558 2114 4616 clesia
2145 4567 2324 4614 teneat
2351 4560 2714 4631 principatum
2745 4579 2757 4614 :
2804 4563 2909 4616 hoc
2931 4569 3110 4616 autem
3155 4561 3272 4615 ﬁeri
3297 4576 3328 4614 a
3377 4559 3528 4614 vultu

1947 4653 2066 4724 ejus
2098 4654 2192 4724 qui
2230 4654 2284 4708 in
2331 4655 2528 4710 saeculo
2555 4655 2719 4710 habet
2742 4663 3087 4726 potestatem,
3127 4654 3255 4707 dum
3282 4661 3530 4723 potentes

1947 4763 2191 4818 quosque
2218 4755 2272 4801 et
2302 4748 2490 4803 doctos
2517 4756 2748 4817 premat,
2780 4763 2881 4802 nec
2910 4762 3003 4802 eos
3029 4747 3082 4800 in
3106 4745 3318 4816 populis
3357 4762 3522 4818 appa-

1949 4855 2070 4896 rere
2099 4841 2410 4911 permittat;
2444 4840 2565 4895 illos
2610 4855 2742 4895 vero
2785 4854 2920 4910 quos
2948 4837 3050 4892 scit
3077 4851 3197 4892 esse
3224 4837 3528 4909 impruden-

1945 4941 2049 4998 tes,
2075 4933 2132 4987 in
2159 4932 2418 4988 Ecclesiis
2440 4932 2606 4988 faciat
2621 4947 2742 4989 esse
2772 4930 3024 4999 majores,
3053 4938 3112 4984 ut
3149 4930 3279 4985 caeci
3299 4946 3331 4985 a
3369 4933 3526 4988 caecis

1946 5024 2213 5079 ducantur
2241 5025 2296 5079 in
2333 5023 2563 5080 foveam.

2020 5114 2197 5181 Quare
2253 5115 2526 5170 ostendisti
2583 5115 2712 5169 milii
2765 5113 3117 5184 iniquitatem,
3172 5123 3222 5168 et
3270 5100 3525 5182 labdrem,

1946 5207 2119 5263 videre
2158 5208 2415 5280 pratdam,
2448 5217 2497 5263 et
2534 5207 2850 5278 injustitiam
2881 5214 3063 5260 contra
3100 5207 3219 5260 me?
3243 5217 3290 5260 et
3329 5207 3526 5277 factum

1948 5309 2022 5355 est
2058 5299 2326 5370 judicium
2373 5309 2422 5354 et
2466 5297 2810 5352 contradictio
2840 5297 3118 5367 potentior.
3167 5294 3392 5368 Propter
3431 5299 3526 5352 hoc

1949 5388 2182 5445 lacerata
2207 5400 2285 5446 est
2311 5390 2416 5457 (ex,
2442 5398 2488 5443 et
2518 5404 2623 5442 non
2659 5388 2886 5458 pervenit
2915 5403 3079 5459 usque
3104 5387 3174 5441 ad
3194 5387 3350 5456 ﬁnem
3370 5387 3526 5457 judi-

1947 5485 2085 5538 cium
2102 5498 2121 5535 :
2149 5485 2273 5555 quia
2294 5483 2484 5553 impius
2507 5478 2754 5551 prwvalet
2775 5479 3026 5535 adversus
3039 5480 3269 5550 justum,
3290 5489 3525 5551 prapter-

1940 5589 2006 5628 ea
2030 5574 2296 5645 egreditur
2311 5572 2577 5642 judicium
2605 5588 2920 5643 perversum.
3445 5654 3447 5656 η

2013 5663 2140 5718 Haec
2168 5662 2461 5733 loquuntur
2489 5663 2795 5718 nescientes
2819 5661 3022 5732 judicia
3049 5663 3142 5718 Dei
3177 5661 3528 5733 investigabi-

1939 5757 2010 5811 lia
2063 5765 2120 5810 et
2162 5753 2488 5826 profundum
2519 5755 2846 5818 divitiarum,
2871 5756 3150 5826 sapientiae
3194 5763 3251 5810 et
3283 5755 3524 5810 scientiae

1941 5849 2076 5922 ejus,
2105 5850 2248 5922 quod
2277 5864 2386 5906 non
2416 5847 2490 5905 ita
2519 5848 2697 5906 videat
2724 5847 2887 5914 Deus,
2920 5856 2981 5902 ut
3020 5847 3166 5902 videt
3193 5847 3375 5903 homo.
3404 5845 3519 5903 Ho~

3127 5939 3164 5998 9
