4012 6338
475 356 586 415 267

1461 354 1523 413 S.
1557 352 1907 427 AGOBARDI
1940 350 2250 411 EPlSCOPl
2288 346 2777 410 LUGDUNENSIS

3658 343 3763 407 268

477 489 570 531 mo
593 480 804 529 tantum
825 475 1119 545 praesentia
1141 475 1384 546 respicit,
1409 474 1553 531 Deus
1577 472 1761 530 futura
1784 480 1841 528 et
1865 478 2073 528 aeterna
2098 474 2154 545 Α
2244 471 2324 527 De
2352 470 2487 538 Sion
2520 470 2812 543 egredietur
2837 468 2945 537 lex,
2965 475 3016 524 et
3057 463 3272 524 uerbum
3298 463 3517 533 Domini
3544 466 3611 521 de
3636 463 3765 524 Hie-

478 564 779 639 cognoscit.
810 564 1129 624 Communis
1154 570 1225 624 ad
1270 567 1442 624 Deum
1484 567 1707 640 querela
1755 573 2072 623 sanctorum

479 669 586 729 est,
616 674 788 735 quare
814 668 1008 719 contra
1033 676 1129 719 eos
1161 659 1425 730 iniustum
1454 659 1721 729 judicium
1754 657 1870 726 ﬁat,
1901 666 1959 715 et
1984 658 2071 714 in-

478 753 705 823 noxium
744 753 802 809 in
829 752 1301 823 perseeutionibus
1328 753 1649 825 sanguinem
1692 751 1956 818 fundant;
2008 764 2074 805 ac

484 845 531 903 si
570 846 789 917 quando
829 852 956 913 ante
997 844 1236 903 tribunal
1270 845 1526 902 steterint
1559 843 1804 923 iudicum
1850 841 2075 900 saecula-

481 942 625 999 rium
680 939 852 1012 iudex
880 940 1123 1011 acceptis
1160 939 1479 999 muneribus
1514 939 1845 995 condemnet
1889 938 2072 994 inson-

477 1042 611 1100 tem,
635 1041 692 1089 et
713 1048 869 1088 reum
897 1032 1132 1101 liberet:
1178 1031 1323 1103 quod
1353 1032 1575 1103 quidem
1619 1046 1731 1089 non
1778 1029 1956 1087 solum
2000 1029 2067 1084 de

473 1125 752 1197 iudicibus
777 1124 981 1190 saeculi,
1011 1125 1107 1181 sed
1130 1124 1401 1183 interdum
1426 1124 1493 1181 de
1521 1136 1547 1164 δ
1572 1122 1834 1179 Ecclesize
1857 1135 2075 1192 quoque

480 1219 821 1294 principibus
845 1217 952 1274 dici
980 1225 1180 1291 potest,
1210 1216 1355 1287 quod
1385 1222 1608 1287 propter
1652 1226 1883 1271 munera
1931 1212 2074 1273 lace-

482 1319 609 1367 rent
644 1310 839 1382 legem,
865 1319 923 1365 et
961 1325 1069 1365 non
1114 1309 1416 1378 perducant
1442 1320 1616 1376 usque
1643 1306 1710 1361 ad
1740 1304 1905 1361 ﬁnem
1926 1302 2077 1374 Judi-

480 1404 646 1469 cium,
685 1414 742 1460 et
779 1403 976 1474 impius
1010 1401 1304 1472 praevaleat
1333 1402 1595 1458 adversus
1612 1399 1843 1471 justum,
1874 1406 1932 1454 et
1958 1412 2074 1451 ma-

482 1498 568 1569 gis
596 1497 654 1553 in
690 1495 899 1571 judicio
927 1502 1215 1566 peccatum
1242 1494 1428 1549 divitis
1457 1507 1622 1563 quam
1662 1489 1915 1562 pauperis
1933 1489 2077 1544 veri-

481 1595 566 1645 tas
588 1587 929 1662 defendatur,
953 1588 1097 1646 unde
1122 1585 1461 1660 querimonia
1507 1591 1594 1643 est
1622 1581 1892 1655 judicium
1923 1581 2077 1638 exire

481 1695 810 1757 perversum.
854 1682 972 1757 lion
1009 1683 1273 1741 debemus
1296 1696 1461 1752 super
1486 1682 1592 1737 hac
1622 1692 1807 1735 rerum
1849 1675 2076 1745 inaequi-

484 1755 600 1835 tate
625 1755 1138 1843 turbarifvidentes
1161 1785 1220 1832 et
1246 1776 1302 1831 iu
1336 1773 1609 1846 principio
1636 1770 1827 1828 mundi
1856 1768 1926 1825 ab
1972 1768 2076 1824 im-

478 1872 573 1944 pio
591 1870 727 1930 Gain
740 1871 1085 1929 interfectum
1104 1870 1237 1926 Abel
1253 1869 1483 1938 justum,
1498 1878 1553 1924 et
1572 1874 1765 1938 postea
1788 1860 2075 1920 exsuﬂaute
2101 1863 2152 1923 Β

479 1961 651 2021 Iacob
678 1976 910 2037 regnare
937 1963 993 2018 in
1032 1962 1193 2016 domo
1225 1959 1398 2031 patris
1423 1959 1587 2014 Esau.
1621 1954 1861 2028 Egyptii
1886 1953 2001 2008 luto
2022 1958 2079 2007 et

479 2053 653 2112 latere
673 2053 919 2129 alllignnt
938 2053 1080 2109 ﬁlios
1106 2052 1294 2108 Israel.

554 2145 742 2214 Quare.
760 2162 867 2203 non
895 2146 1109 2217 respicis
1154 2161 1310 2216 super
1356 2144 1543 2217 iniqua
1588 2149 1820 2213 agentes,
1851 2149 1902 2195 et
1932 2148 2075 2195 taces

481 2237 764 2295 deuorante
824 2239 991 2310 impio
1018 2239 1300 2309 justiorem
1350 2238 1450 2293 se?
1499 2237 1570 2292 Et
1622 2236 1783 2307 facies
1840 2235 2077 2289 homines

481 2330 640 2402 quasi
664 2331 834 2403 pisces
863 2332 1051 2397 maris,
1079 2316 1128 2387 et
1168 2330 1321 2403 quasi
1351 2329 1534 2402 reptile
1577 2345 1683 2384 non
1709 2328 1906 2383 habens
1931 2327 2077 2398 prin-

551 2513 814 2571 Dominus
834 2523 1026 2572 noster
1051 2516 1233 2572 sciens
1253 2515 1556 2572 clementiae
1585 2528 1698 2572 suae
1722 2515 1961 2586 pondera
1987 2523 2075 2571 at-

478 2620 587 2680 φο
610 2621 916 2675 mensuras,
946 2607 1219 2664 interdum
1247 2623 1356 2665 non
1379 2609 1601 2664 exaudit
1636 2607 1985 2675 clamantem,
2013 2616 2076 2663 ut

479 2714 607 2759 eum
626 2700 845 2774 probet,
873 2710 932 2758 et
975 2703 1150 2774 magis
1192 2711 1457 2774 provocet
1513 2703 1580 2757 ad
1641 2703 1962 2773 rogandum,
2022 2709 2077 2757 et

479 2795 641 2866 quasi
662 2795 790 2866 igne
827 2805 1134 2863 excoctum,
1174 2797 1464 2867 iustiorem
1493 2804 1548 2851 et
1570 2797 1848 2866 puriorem
1880 2794 2068 2850 faciat.

478 2883 633 2952 Quod
663 2886 972 2959 intelligens
989 2886 1289 2963 Apostolus.
1308 2928 1322 2951 ,
1353 2887 1641 2942 secundum
1680 2887 1736 2942 id
1757 2886 1897 2957 quod
1921 2888 2076 2941 mise—
2148 2925 2153 2929 ς

2173 561 2426 631 rusalem,
2474 571 2523 618 et
2564 561 2821 632 iudicabit
2858 562 3002 642 inter
3036 558 3258 632 populos
3283 556 3496 625 multas,
3528 567 3579 614 et
3601 558 3767 615 corri-

2170 659 2275 730 piet
2301 666 2474 728 gentes
2502 656 2662 727 fortes
2692 671 2854 728 usque
2880 655 2939 710 in
2982 654 3347 725 longinquum,
3386 662 3437 709 et
3460 652 3765 722 conﬂabant

2173 748 2378 821 gladios
2410 765 2535 803 suos
2578 747 2636 802 in
2684 761 2937 814 uomeres,
2982 752 3029 798 et
3064 744 3246 799 hastas
3289 759 3416 799 suas
3447 743 3508 805 in
3544 741 3764 814 ligones,

2175 859 2278 899 non
2304 850 2472 896 sumet
2512 857 2637 912 gens
2685 838 2935 895 adversus
2985 846 3189 908 gentem
3245 834 3508 907 gladium,
3562 845 3615 893 et
3662 851 3770 891 tum

2175 934 2375 988 discent
2410 932 2553 987 ultra
2585 931 2910 1004 belligerare.
2956 926 3136 984 Venite
3174 922 3225 995 et
3258 928 3427 989 uidete
3473 944 3637 999 opera
3662 925 3769 982 Do-

2174 1023 2328 1091 mini,
2356 1041 2473 1096 qua:
2529 1023 2705 1096 posuit
2753 1021 2999 1096 prodigia
3048 1037 3207 1093 super
3246 1029 3465 1088 terram,
3520 1019 3767 1091 auferens

2178 1117 2314 1173 bella
2335 1134 2498 1191 usque
2526 1118 2596 1172 ad
2616 1117 2775 1188 ﬁnem
2806 1124 2981 1171 terraz.
3029 1114 3227 1175 Arcum
3252 1121 3503 1183 conteret,
3528 1122 3602 1193 oet
3643 1129 3768 1169 eon-

2177 1210 2367 1282 fringet
2396 1227 2570 1277 arma,
2597 1218 2646 1265 et
2666 1219 2815 1265 scuta
2844 1209 3110 1265 comburet
3135 1208 3266 1281 igni.

2248 1324 2387 1392 Heu,
2423 1326 2563 1397 prob
2606 1324 2790 1381 dolor!
2814 1322 2930 1393 jam
2959 1322 3014 1378 in
3054 1322 3240 1378 multis
3280 1323 3537 1395 gentibus
3562 1321 3771 1379 factum

2176 1429 2262 1478 est
2290 1429 2354 1477 ut
2379 1419 2617 1476 bellandi
2659 1417 2839 1483 studio
2863 1425 3131 1485 cessante,
3172 1415 3522 1489 agricultura
3545 1431 3771 1487 operam

2179 1514 2328 1582 deut,
2373 1520 2599 1585 propter
2641 1526 2807 1583 quam
2854 1511 3020 1566 etiam
3058 1525 3212 1567 arma
3236 1510 3295 1577 in
3323 1508 3577 1565 utensilia
3607 1522 3774 1565 versa

2179 1618 2335 1675 sunt;
2365 1617 2421 1664 et
2476 1609 2656 1665 adhuc
2703 1605 3175 1677 Burgundionibus
3219 1618 3446 1661 necesse
3490 1609 3595 1669 est,
3637 1617 3775 1674 pro-

2177 1712 2300 1775 pter
2325 1700 2543 1769 assidua
2570 1699 2867 1756 domestica
2890 1697 3054 1764 bella,
3100 1705 3162 1753 ut
3208 1697 3398 1755 falces.
3450 1695 3664 1769 ligones
3708 1709 3774 1751 ac

2177 1809 2424 1851 vomeres
2447 1792 2750 1850 conﬂantur
2776 1793 2834 1847 in
2870 1792 3096 1865 gladios.
3512 1780 3515 1783 ’

2259 1911 2454 1967 Vacate
2475 1919 2522 1966 et
2548 1910 2717 1966 videte
2743 1910 2994 1982 quoniam
3037 1920 3130 1980 ego
3163 1923 3282 1963 sum
3308 1907 3472 1983 Deus.
3523 1903 3632 1961 Mei
3675 1923 3776 1960 au-

2179 2016 2281 2060 tem
2306 2021 2436 2076 pene
2464 2001 2838 2059 vacillaverunt
2884 2002 3058 2073 pedes,
3088 2017 3216 2073 pene
3242 1998 3397 2071 effusi
3422 2008 3543 2054 sunt
3563 2016 3775 2073 gressus

2178 2101 2302 2155 mei.
2334 2097 2475 2165 Quia
2503 2096 2781 2153 tumulatus
2816 2113 2933 2151 sum
2962 2104 3145 2151 contra
3188 2095 3417 2165 iniquos,
3447 2110 3629 2167 pacem
3662 2110 3779 2163 pec-

2180 2201 2421 2248 catorum
2469 2188 2669 2256 videns,
2717 2188 2860 2261 quod
2892 2205 2996 2243 non
3033 2185 3447 2257 recogitaverunt
3497 2184 3561 2239 de
3609 2194 3777 2241 morte

2179 2301 2298 2351 sua,
2337 2293 2386 2338 et
2411 2282 2625 2353 ﬁrmata
2649 2282 2752 2337 sint
2778 2278 3031 2336 vestibula
3057 2294 3257 2337 eorum.
3306 2276 3373 2333 In
3398 2276 3577 2339 labore
3603 2278 3779 2337 homi-

2182 2394 2307 2433 num
2334 2393 2439 2431 non
2460 2384 2603 2441 sunt,
2635 2384 2685 2429 et
2708 2389 2828 2429 cum
2869 2372 3166 2436 hominibus
3198 2380 3303 2426 non
3339 2358 3776 2451 ﬂagellabuntur.

2099 2465 2111 2479 ’
2179 2466 2392 2524 Idcirco
2448 2466 2633 2521 nutriti
2683 2472 2807 2521 sunt
2854 2463 2924 2519 ad
2966 2461 3287 2535 superbiam,
3319 2461 3780 2531 circumdederunt

2178 2565 2511 2638 iniquitatem
2550 2562 2668 2628 sibi,
2699 2566 3062 2634 processerunt
3092 2577 3125 2614 a
3147 2550 3464 2637 pinguedine
3510 2556 3652 2627 oculi
3684 2574 3779 2612 eo-

2180 2672 2318 2729 rum,
2353 2655 2674 2709 transierunt
2700 2652 3039 2729 cogitationes
3063 2649 3255 2716 cordis,
3285 2649 3563 2727 irriserunt
3602 2658 3651 2721 et
3700 2647 3781 2702 Io—

2181 2749 2287 2803 cuti
2309 2746 2429 2807 sunt
2456 2747 2511 2801 in
2534 2744 2758 2808 malitia,
2785 2742 3105 2798 calumniam
3132 2740 3196 2796 de
3236 2738 3460 2795 Excelsa
3486 2736 3776 2813 loquentes.

2250 2864 2383 2934 Quae
2422 2874 2478 2921 et
2527 2864 2634 2921 ista
2672 2863 2945 2919 sententia
3000 2861 3152 2927 dicit,
3198 2860 3366 2917 etiam
3417 2855 3782 2930 corporaliter

481 2947 773 3032 ἦεονάὶαηι
805 2947 1118 3033 consecutus
1138 2993 1173 3031 ιι
1198 2947 1453 3043 Deinino,
1482 2977 1582 3043 ait,
1613 2991 1720 3031 non
1763 2947 2074 3046 deﬁcimus,-
2103 2982 2153 3050 α
2179 2970 2249 3012 ex
2286 2963 2444 3027 parte
2470 2954 2613 3011 facta
2656 2952 2907 3018 fuissent,
2946 2968 2991 3008 Si
3020 2952 3433 3025 Burgundiones
3470 2947 3780 3022 acquievis-

480 3073 538 3121 et
560 3063 837 3124 benedlclt
862 3066 1038 3124 Deum
1065 3068 1123 3123 in
1142 3069 1293 3125 omni
1322 3075 1591 3141 tempore,
1612 3075 1670 3125 et
1694 3068 1799 3125 scit
1826 3068 1953 3139 quia
1981 3069 2075 3138 qui

479 3160 910 3245 perseveraverit
935 3174 1109 3231 usque
1138 3160 1194 3216 in
1221 3159 1408 3227 ﬁnem,
1441 3157 1534 3218 hic
1558 3160 1742 3216 salvus
1773 3160 1902 3216 erit.

2185 3058 2327 3113 sent.

558 3359 586 3430 ξ
625 3346 705 3402 De
742 3346 992 3430 Ecclesia:
1028 3346 1375 3430 principibus,
1419 3346 1475 3430 id
1509 3355 1617 3414 est,
1648 3252 2120 3430 episcoﬁig‘sjgsn
2469 3339 2760 3407 Romanis,
2789 3347 2850 3396 ut
2875 3338 3079 3398 dictum
3119 3346 3204 3397 est
3242 3337 3311 3399 ad
3336 3336 3550 3409 Lupum
3575 3333 3782 3395 Fessa-

489 3417 639 3477 enim
664 3425 930 3479 vocantur
954 3417 1258 3490 episcopis
1284 3418 1564 3475 veteribus
1610 3426 1666 3475 et
1690 3417 1765 3475 ab
1783 3418 1918 3488 ipsis
1942 3433 2080 3489 pon-

2161 3415 2444 3471 “riensem.

2920 3544 3773 3579 M.

972 3677 1384 3775 SERMO
1456 3654 2512 3761 EXHORTATORIUS
2590 3671 2748 3757 AD
2826 3655 3296 3755 PLEBEM

1044 3859 1154 3923 DE
1207 3856 1429 3920 FIDEI
1485 3854 1899 3921 VERITATE
1940 3855 2042 3916 ET
2088 3853 2379 3917 TOTIUS
2412 3852 2601 3916 BONI
2638 3845 3231 3914 INSTITUTIONE.

553 4086 598 4147 1.
652 4086 868 4153 Audite,
918 4085 1122 4141 fratres
1173 4085 1369 4151 nostri,
1424 4083 1632 4140 familia
1683 4083 1910 4151 Christi,
1941 4099 2076 4158 grex

489 4180 690 4243 summi
730 4179 989 4252 pastoris,
1033 4177 1267 4249 populus
1312 4191 1528 4247 pascuae
1562 4175 1700 4246 ejus,
1730 4183 1786 4232 et
1813 4192 1942 4233 oves
1966 4192 2079 4233 ma-

485 4291 592 4334 nus
617 4274 753 4345 ejus.
784 4271 1011 4328 lntroite
1026 4277 1214 4341 portas
1240 4270 1429 4325 teterni
1449 4270 1595 4341 regis
1623 4270 1679 4324 in
1710 4270 2075 4336 confessione,

485 4374 541 4427 et
565 4367 708 4424 atria
735 4365 855 4438 ejus
884 4365 937 4419 in
966 4362 1204 4434 hymnis,
1232 4371 1291 4416 ut
1314 4362 1469 4417 vobis
1493 4363 1705 4419 dicatur
1730 4379 1742 4416 :
1774 4362 1911 4419 Ecce
1938 4378 2077 4417 nunc

486 4458 775 4516 benedicite
822 4455 1073 4519 Domino,
1121 4469 1299 4509 omnes
1354 4454 1491 4509 servi
1541 4454 1789 4521 Domini,
1819 4455 1910 4528 qui
1969 4465 2078 4511 sta-

487 4550 553 4606 tis
607 4550 666 4605 in
692 4548 849 4604 domo
901 4545 1154 4613 Domini,
1180 4545 1239 4599 in
1286 4545 1439 4601 atriis
1485 4544 1673 4601 domus
1727 4525 1839 4600 Dei.
1880 4546 2069 4601 nostri.
2095 4525 2150 4586 Β

489 4640 724 4707 Quaerite
772 4638 1089 4703 Dominum,
1138 4635 1266 4692 dum
1313 4636 1539 4693 inveniri
1581 4645 1794 4709 potest:
1841 4638 2080 4692 invocata

486 4747 627 4797 um,
678 4732 804 4786 dum
845 4746 1007 4802 prope
1052 4738 1148 4785 est.
1184 4729 1252 4785 Et
1276 4744 1439 4800 quam
1466 4744 1636 4801 prope
1679 4730 1799 4785 est!
1848 4728 1918 4783 In
1965 4729 2079 4799 ipso

410 4896 411 4899 η
487 4822 628 4876 enim
652 4818 896 4889 vicinius,
922 4830 971 4875 et
1007 4837 1295 4887 movemur,
1322 4829 1370 4892 _et
1409 4837 1613 4877 sumus.
1637 4821 1734 4876 Est
1768 4820 1918 4875 enim
1941 4836 2078 4876 cun-

406 4916 414 4975 ἶ
488 4913 595 4971 etis
634 4914 909 4969 mentibus
938 4912 1183 4978 interior,
1213 4914 1426 4969 cunctis
1466 4911 1786 4983 corporibus
1827 4911 2076 4979 interior,

488 5004 607 5074 ipse
648 5003 797 5059 intus
824 5003 1015 5073 replet,
1060 5004 1302 5059 exterius
1330 5002 1654 5066 circumdat,
1697 5000 1928 5057 inferius
1948 5018 2077 5073 por-

485 5104 589 5162 tat,
620 5095 870 5166 asperius
912 5096 1166 5168 protegit.
1201 5094 1319 5164 Ipse
1357 5093 1448 5163 qui
1491 5107 1637 5147 nunc
1661 5092 1742 5147 sic
1776 5108 1945 5164 prope
1971 5100 2073 5158 est,

486 5188 673 5245 veniet
698 5196 911 5259 tempus
935 5189 1154 5259 quando
1180 5184 1417 5242 inveniri
1440 5199 1550 5239 non
1570 5185 1791 5257 poterit.
1818 5186 1887 5241 Et
1909 5202 2079 5258 quare

487 5295 600 5337 non
628 5276 935 5338 invenietur
975 5280 1068 5350 qui
1096 5278 1296 5347 ubique
1320 5284 1429 5343 est,
1464 5277 1559 5348 qui
1588 5292 1853 5348 nusquam
1880 5276 2078 5335 deest?

489 5375 629 5445 Quia
650 5375 767 5448 jam
792 5389 901 5431 non
944 5374 1051 5430 erit
1091 5381 1305 5441 tempus
1333 5370 1622 5427 Dominum
1651 5372 1948 5441 quaerendi,
1980 5369 2080 5426 sed

486 5477 682 5535 pmnas
720 5464 902 5522 luendi
952 5477 1048 5520 eos
1094 5462 1187 5532 qui
1239 5476 1387 5518 nunc
1430 5478 1556 5519 cum
1614 5477 1724 5517 non
1774 5462 2075 5518 inveniunt.

490 5560 650 5633 Agite
674 5561 819 5633 quod
845 5559 1086 5631 psalmus
1114 5556 1276 5611 dicit:
1309 5555 1674 5627 Conﬁteantur
1696 5555 1810 5623 tibi,
1830 5554 2097 5621 Domine,‘

488 5651 666 5708 omnia
700 5666 861 5724 opera
885 5660 996 5715 tua,
1040 5657 1089 5704 et
1117 5649 1287 5704 sancti
1315 5650 1393 5702 tui
1432 5648 1739 5705 benedicant
1766 5649 1878 5704 tibi.
1906 5649 2078 5705 Bene-

488 5742 651 5799 dicite
677 5754 805 5798 cum
823 5740 981 5811 ipsis,
1007 5748 1101 5795 aut
1128 5739 1461 5797 conﬁtemini
1489 5755 1612 5795 cum
1650 5739 1923 5795 universis
1949 5752 2079 5809 ope—

489 5835 641 5891 ribus
667 5831 918 5889 Domino.

2255 4086 2318 4142 ll.
2359 4086 2479 4144 Non
2499 4086 2655 4143 vobis
2681 4100 2904 4143 necesse
2928 4092 3016 4142 est
3036 4084 3427 4158 transmigrare
3452 4085 3521 4143 de
3547 4085 3681 4143 locis
3706 4086 3779 4146 ad

2184 4181 2324 4245 loca,
2354 4180 2421 4236 de
2451 4194 2618 4251 regno
2654 4180 2723 4235 ad
2765 4177 3021 4251 populum
3046 4176 3297 4243 alterum,
3326 4178 3397 4235 ad
3420 4180 3776 4249 quaerendum

2188 4273 2496 4328 Dominum.
2537 4272 2656 4341 Ipse
2684 4286 2743 4327 se
2770 4271 2925 4328 vobis
2973 4269 3256 4327 ultroneus
3298 4269 3481 4337 oﬁ'ert,
3507 4279 3567 4327 et
3593 4271 3728 4328 dicit
3755 4289 3771 4326 :

2186 4363 2322 4419 Ecce
2358 4372 2439 4419 sto
2464 4363 2533 4419 ad
2562 4363 2773 4428 ostium,
2821 4372 2870 4418 et
2909 4360 3080 4432 pulso.
3115 4360 3177 4419 Si
3197 4362 3314 4433 quis
3340 4361 3572 4419 audierit
3600 4378 3775 4419 vocem

2185 4475 2356 4513 meam
2377 4467 2425 4512 et
2457 4457 2719 4529 aperuerit
2733 4457 2985 4528 januam,
3013 4455 3242 4510 introibo
3280 4454 3351 4510 ad
3391 4454 3571 4521 illum,
3596 4464 3646 4510 et
3673 4472 3774 4511 cte-

2182 4547 2317 4605 nubo
2340 4566 2461 4605 cum
2489 4548 2603 4614 illo,
2628 4557 2677 4603 et
2697 4550 2807 4620 ipse
2830 4564 3055 4603 mecum.
3087 4547 3227 4615 Quid
3248 4562 3492 4618 unquam
3516 4555 3632 4603 tam
3659 4545 3776 4603 dul-

2182 4642 2277 4698 ce?
2301 4640 2434 4712 quid
2458 4647 2569 4695 tam
2594 4638 2931 4709 jucundum?
2975 4636 3234 4710 Adiungit
3277 4639 3466 4705 etiam,
3499 4645 3560 4693 et
3601 4638 3772 4693 dicit:

2184 4732 2290 4799 Qui
2313 4732 2514 4798 uicerit,
2544 4730 2681 4786 dabo
2725 4734 2770 4786 ei
2817 4730 2997 4787 sedere
3044 4747 3247 4787 mecum
3292 4731 3351 4787 in
3396 4730 3589 4786 throno
3636 4746 3773 4784 meo.

2182 4824 2322 4879 Ecce
2346 4823 2463 4879 vult
2511 4823 2716 4879 intrare
2753 4824 2823 4879 ad
2852 4833 2930 4891 te,
2958 4831 3021 4879 ut
3046 4837 3234 4880 omnes
3262 4838 3388 4879 cum
3424 4823 3522 4879 illo
3544 4841 3560 4891 ;
3585 4836 3694 4878 non
3721 4830 3777 4878 te

2181 4916 2361 4988 pigeat
2383 4916 2615 4986 aperire.
2646 4915 2763 4972 Non
2793 4916 2969 4973 solum
2996 4917 3051 4972 in
3078 4928 3261 4974 mente
3288 4925 3383 4973 tua
3409 4917 3526 4973 vult
3551 4926 3776 4972 coenare

2182 5019 2382 5073 tecum,
2415 5022 2607 5063 verum
2632 5008 2797 5067 etiam
2824 5016 2877 5064 te
2888 5008 3001 5063 vult
3015 5008 3199 5063 levare
3221 5008 3276 5063 in
3306 5009 3566 5064 thronum
3588 5023 3772 5072 suum,

2180 5108 2244 5153 ut
2270 5099 2460 5154 sedeas
2484 5115 2606 5154 cum
2634 5099 2745 5155 illo.
2772 5099 2870 5156 Cui
2898 5100 3022 5155 talia
3050 5101 3467 5171 promittuntur,
3493 5100 3627 5171 quid
3664 5113 3774 5155 am-

2180 5190 2324 5260 plius
2352 5190 2662 5255 desiderare
2688 5192 2877 5247 debet?
2901 5190 3178 5248 Promittit
3203 5192 3381 5248 adhuc
3406 5190 3688 5257 Dominus,
3714 5199 3776 5245 et

2182 5280 2356 5335 dicit:
2392 5278 2449 5335 Si
2477 5281 2594 5352 quis
2638 5279 2808 5351 diligit
2849 5297 2953 5347 me,
3002 5298 3295 5338 sermonem
3322 5299 3497 5338 meum
3522 5281 3769 5344 servabit,

2180 5378 2231 5424 et
2261 5367 2427 5424 Pater
2452 5387 2599 5426 meus
2625 5370 2805 5441 diliget
2840 5388 2979 5437 eum,
3024 5381 3073 5427 et
3116 5374 3187 5427 ad
3234 5389 3356 5429 eum
3397 5374 3682 5436 uenientia,
3718 5376 3771 5423 et

2183 5463 2507 5517 mansionem
2538 5463 2679 5533 apud
2705 5480 2825 5518 eum
2856 5464 3126 5531 faciemus.
3157 5465 3284 5522 Sint
3311 5481 3443 5538 ergo
3480 5465 3649 5520 lumbi
3683 5474 3774 5517 ve-

2183 5552 2285 5609 stri
2305 5553 2607 5623 praecincti,
2634 5562 2691 5608 et
2716 5554 2952 5610 lucerna:
2994 5557 3252 5613 ardentes
3287 5558 3344 5623 in
3390 5557 3648 5612 manibus
3676 5566 3775 5619 va-

2182 5644 2329 5709 stris,
2367 5652 2424 5700 et
2460 5659 2560 5701 vos
2594 5646 2805 5703 similes
2841 5646 3152 5705 hominibus
3177 5649 3623 5720 exspectantibus
3662 5645 3775 5703 Do-

2182 5735 2390 5791 minum
2420 5752 2576 5792 suum
2626 5740 2843 5809 quando
2887 5749 3196 5797 revertatur
3221 5756 3250 5796 a
3295 5741 3523 5813 nuptiis,
3558 5748 3619 5797 ut
3645 5751 3774 5795 eut-

2184 5828 2395 5883 venerit
2443 5838 2497 5885 et
2542 5829 2858 5900 pulsaverit,
2906 5831 3194 5891 confestim
3229 5833 3481 5902 aperiant
3511 5831 3586 5891 ei.
3615 5826 3773 5895 80δεὶ
