4012 6338
366 314 476 382 260

1520 319 1756 384 SERMO
1791 324 1882 385 DE
1918 320 2103 386 FIDEI
2141 320 2512 387 VERlTATE.

3545 339 3653 396 270

366 436 513 497 servi
558 434 657 502 illi,
688 435 757 493 ad
784 449 921 507 quos
944 434 1173 497 veniunt
1214 428 1380 497 Pater
1405 445 1462 507 et
1501 437 1695 507 Filius,
1727 448 1782 496 et
1809 454 1965 495 man-
1990 438 2044 503 Α
2068 452 2185 503 nos,
2241 438 2358 519 sine
2392 439 2695 496 differentia
2730 442 2986 514 aequales.
3060 445 3212 503 Unus
3239 447 3502 506 Dominus
3539 466 3629 509 ma

364 531 576 588 sionem
625 530 768 602 apud
796 544 891 587 eos
919 528 1145 587 faciunt.
1178 533 1271 590 Vae
1309 542 1491 599 autem
1530 534 1637 591 illis
1663 536 1757 609 qui
1792 535 1957 592 talem
2058 544 2197 601 gnus
2216 538 2272 586 et
2306 529 2799 604 laudabilisnimls,
2840 533 2994 604 cujus
3018 535 3406 608 magnitudinis
3435 559 3541 598 non
3565 558 3649 601 est

360 623 639 696 hospitem
678 638 709 683 a
726 639 785 681 se
807 623 1110 696 repellunt;
1134 626 1391 698 quoniam
1413 626 1468 683 in
1493 626 1814 685 malevolam
1839 627 1956 683 ani-

2058 622 2201 692 ﬁnis,
2233 634 2289 683 et
2322 626 2601 705 sapientiae
2629 643 2737 701 non
2767 635 2851 685 est
2881 644 3166 686 numerus.
3243 630 3467 704 Magnus
3500 638 3650 693 certi:

359 731 510 777 mam
557 732 669 779 non
700 717 927 779 intrabit
957 718 1247 790 sapientia,
1288 736 1391 778 nec
1434 719 1699 777 habitabit
1746 720 1801 776 in
1834 736 1955 777 cor.-
2057 730 2168 771 non
2202 717 2364 785 mole,
2397 718 2492 775 sed
2515 720 2746 789 virtute;
2776 721 2871 791 qui
2897 722 3024 778 dum
3047 738 3150 799 per
3173 724 3373 783 molem
3397 734 3646 801 corporis

355 823 492 881 pore
545 809 762 873 subdito.
803 810 1065 883 peccatis.
1119 811 1357 884 Spiritus
1387 822 1609 873 sanctus
1652 811 1955 887 disciplinae
2054 823 2324 879 nustIuam
2352 819 2455 879 est,
2468 827 2568 897 per
2593 813 3118 889 incircumscriptam
3140 818 3501 879 substantiam
3521 840 3627 883 nus

355 901 580 979 eii‘ugiet
610 901 818 971 licium,
848 912 903 963 et
933 902 1145 963 auferet
1180 921 1240 962 se
1288 922 1319 961 a
1362 905 1783 981 cpgitationibus
1829 922 1952 978 quae
2055 912 2220 969 quam
2244 900 2418 957 deest.

354 1003 487 1053 sunt
514 996 633 1057 sine
658 995 958 1055 intellectu.
999 996 1071 1057 Et
1106 998 1230 1061 ideo
1256 998 1426 1067 nolite
1461 999 1700 1074 cogitare
1741 998 1946 1069 inania,

353 1087 523 1143 nolite
549 1087 862 1170 desiderare
888 1088 1167 1161 peritura;
1209 1091 1420 1163 ineptas
1469 1100 1652 1147 autem
1694 1099 1752 1146 et
1778 1090 1949 1147 aniles

350 1178 569 1239 fabulas
611 1181 867 1249 devitate,
908 1191 1161 1243 exercete
1210 1200 1307 1242 vos
1352 1186 1500 1258 ipsos
1548 1186 1617 1245 ad
1660 1184 1942 1256 pietatem.

348 1270 572 1344 Aperite
600 1272 831 1331 Domino
858 1274 1117 1347 pulsanti,
1145 1284 1208 1331 ut
1230 1276 1398 1332 intret
1424 1276 1494 1332 ad
1522 1292 1640 1346 vos,
1682 1285 1740 1333 et
1765 1283 1946 1333 coenet

344 1364 650 1432 vobiscum,
672 1373 727 1423 et
749 1366 1088 1439 mansionem
1113 1368 1256 1439 apud
1278 1384 1375 1425 vos
1399 1367 1584 1425 faciat.
1614 1367 1727 1425 Nec
1753 1375 1943 1437 tacens

342 1456 568 1531 pulsat,
633 1457 731 1514 sed
787 1458 1029 1531 loquitur
1088 1460 1382 1531 unicuique
1429 1459 1624 1516 animae
1671 1459 1937 1533 pulsans:

340 1551 505 1623 Aperi
529 1550 678 1616 mihi,
703 1568 855 1613 soror
873 1568 1015 1618 mea,
1038 1553 1210 1607 amica
1233 1569 1369 1620 mea,
1398 1549 1641 1607 columba
1669 1569 1806 1621 mea,
1840 1552 1941 1606 im-

339 1643 612 1701 maculata
634 1660 767 1701 mea.
798 1645 904 1711 Vos
932 1652 1115 1713 autem
1139 1661 1329 1702 curam
1352 1661 1570 1713 omnem
1594 1630 1937 1701 subinferen¥

340 1745 426 1797 tes
456 1737 763 1799 ministrate
788 1737 843 1803 in
874 1736 983 1801 ﬁde
1010 1747 1195 1797 vestra
1223 1739 1501 1805 virtutem,
1527 1739 1583 1795 in
1608 1740 1811 1796 virtute
1838 1757 1936 1801 au-

338 1837 454 1886 tem
487 1830 794 1888 scientiam.
829 1829 887 1897 Si
917 1832 1066 1888 enim
1093 1831 1410 1889 meditando
1449 1832 1516 1888 de
1543 1832 1649 1906 fide
1672 1839 1855 1891 vestra
1882 1840 1939 1890 et

332 1936 457 1995 spe,
482 1922 731 1980 crescitis
752 1922 809 1983 in
837 1924 1065 1981 scientia
1085 1932 1140 1980 et
1160 1923 1471 2004 cognitione
1495 1923 1613 1991 Dei,
1638 1940 1745 1980 non
1780 1937 1939 1994 vacui

330 2030 440 2075 nec
471 2015 589 2075 sine
615 2014 797 2073 fructu
820 2016 1024 2086 vivitis,
1052 2024 1109 2081 et
1134 2018 1210 2083 ita,
1236 2016 1527 2080 Dominum
1552 2017 1826 2090 hospitem
1861 2025 1940 2075 te-

320 2108 501 2179 netis.

404 2202 495 2261 ΙΙΙ.
536 2201 701 2261 Fides
722 2212 825 2271 est,
856 2219 964 2275 qua
1000 2205 1271 2275 credimus
1297 2219 1465 2265 unum
1485 2203 1658 2265 Deum
1687 2205 1936 2276 omnipo-

330 2303 562 2362 tentem,
585 2296 826 2364 Patrem,
853 2305 908 2354 et
935 2296 1153 2365 Filium,
1179 2306 1236 2357 et
1255 2298 1518 2368 Spiritum
1545 2308 1809 2364 sanctum,
1843 2314 1934 2355 ve-

327 2403 455 2447 ram
471 2387 816 2459 Trinitatem,
848 2405 1034 2447 veram
1058 2389 1357 2446 Unitatem.
1413 2390 1459 2447 0
1482 2406 1645 2461 quam
1669 2405 1798 2446 vera
1814 2388 1934 2448 Tri-

325 2479 503 2547 nitas,
544 2481 637 2537 ubi
659 2481 837 2538 nullus
865 2482 1109 2541 nascitur
1130 2498 1199 2539 ex
1224 2498 1302 2549 se,
1331 2481 1512 2539 nullus
1525 2482 1771 2555 procedit
1790 2499 1821 2539 a
1848 2497 1927 2552 se,

326 2573 430 2630 sed
453 2573 592 2631 alter
624 2590 693 2631 ex
721 2574 922 2658 altero!
989 2574 1159 2632 Filius
1189 2574 1445 2632 videlicet
1469 2576 1716 2633 nascitur
1739 2588 1803 2629 ex
1832 2574 1934 2633 Pa-

324 2672 435 2732 tre,
464 2665 701 2738 Spiritus
734 2675 953 2726 sanctus
976 2665 1222 2740 procedit
1241 2682 1308 2722 ex
1330 2668 1493 2723 Patre
1521 2674 1576 2725 et
1600 2667 1758 2723 Filio.
1789 2667 1926 2723 Pro-

325 2756 418 2813 cul
457 2756 621 2813 dubio
644 2756 812 2829 igitur
856 2766 1082 2828 apparet
1113 2759 1255 2829 quod
1302 2758 1439 2814 alius
1466 2759 1539 2814 sit
1576 2758 1667 2831 qui
1716 2759 1923 2833 genuit,

326 2850 473 2909 alius
492 2851 586 2922 qui
617 2850 834 2923 genitus
863 2859 965 2917 est,
999 2850 1137 2919 alius
1160 2851 1254 2923 qui
1298 2850 1367 2907 de
1387 2860 1618 2922 utroque
1654 2851 1920 2922 procedit.

324 2943 376 3007 0
400 2960 565 3017 quam
597 2960 727 3003 vera
751 2944 963 3012 Unitas,
1013 2946 1107 3017 ubi
1138 2961 1245 3002 non
1281 2955 1364 3002 est
1396 2944 1534 3002 alius
1563 2946 1789 3016 spiritus
1813 2944 1922 3001 Pa-

321 3038 451 3105 tris,
477 3038 618 3097 alius
639 3037 783 3104 Filii,
829 3038 927 3095 sed
973 3053 1114 3095 unus
1138 3039 1454 3111 utriusque;
1496 3053 1600 3095 nec
1620 3038 1773 3110 prius
1796 3052 1923 3109 pro-

322 3132 472 3189 cedit
494 3147 563 3188 ex
588 3131 751 3187 Patre
795 3130 851 3186 in
880 3130 1098 3197 Filium,
1148 3130 1344 3187 deinde
1368 3146 1436 3187 ex
1464 3130 1604 3189 Filio
1629 3130 1698 3189 ad
1722 3114 1922 3186 dill‘un-

318 3225 565 3289 dendum
592 3225 647 3281 in
670 3225 926 3282 cordibus
953 3224 1195 3281 ﬁdelium
1232 3225 1517 3282 charitatis
1539 3224 1781 3291 donum;
1821 3224 1919 3281 sed

321 3319 493 3385 simul
522 3334 591 3376 ex
614 3326 860 3390 utroque.
925 3317 1044 3373 Non
1096 3326 1180 3374 est
1230 3317 1334 3373 alia
1361 3318 1536 3377 deitas
1562 3316 1763 3395 Patris,
1811 3316 1918 3372 alia

324 3411 478 3478 Filii,
525 3413 626 3469 alia
656 3413 891 3486 Spiritus
918 3415 1116 3482 sancti,
1149 3415 1245 3471 sed
1284 3431 1389 3470 una
1428 3415 1593 3473 trium
1617 3414 1821 3482 deitas;
1861 3423 1918 3470 et

328 3506 534 3567 idcirco
584 3522 708 3567 vere
733 3523 875 3564 unus
903 3506 1066 3563 Deus.
1140 3507 1274 3563 Nam
1302 3508 1348 3564 si
1370 3514 1516 3577 esset
1542 3507 1648 3565 alia
1683 3514 1740 3564 et
1784 3507 1913 3577 alia,

322 3614 436 3660 non
455 3607 599 3660 esset
622 3616 783 3655 unus.
838 3598 951 3657 Una
977 3616 1108 3672 ergo
1134 3600 1327 3669 deitas,
1357 3616 1466 3655 una
1491 3599 1790 3664 aeternitas,
1805 3615 1915 3655 una

316 3694 599 3764 maiestas,
632 3710 739 3753 una
763 3695 1024 3765 potentia,
1070 3710 1176 3750 una
1206 3695 1479 3765 voluntas,
1512 3710 1617 3753 una
1644 3692 1909 3764 operatio,

312 3806 427 3846 una
448 3789 642 3861 pietas,
686 3804 794 3845 una
821 3788 1010 3858 gloria.
1078 3788 1146 3845 Et
1165 3788 1290 3859 quia
1312 3796 1397 3844 est
1425 3788 1650 3843 omnino
1674 3786 1814 3842 alius
1857 3793 1914 3842 et

312 3882 477 3949 alius,
510 3883 633 3940 ideo
668 3880 938 3946 Trinitas;
993 3889 1048 3937 et
1083 3881 1209 3950 quia
1239 3896 1347 3936 non
1379 3888 1462 3937 est
1483 3879 1628 3934 aliud
1652 3887 1706 3935 et
1743 3879 1908 3946 aliud,

311 3975 439 4030 ideo
469 3974 691 4039 Unitas;
723 3971 852 4044 quia
876 3987 984 4028 non
1012 3980 1097 4028 est
1126 3972 1239 4043 ipse
1261 3972 1423 4027 Pater
1449 3971 1543 4040 qui
1563 3957 1736 4025 Filius
1755 4010 1770 4035 ,
1799 3985 1910 4025 non

310 4067 432 4138 ipse
451 4065 625 4123 Filius
647 4066 742 4136 qui
762 4065 948 4131 Pater,
974 4074 1067 4120 aut
1088 4064 1322 4135 Spiritus
1351 4073 1597 4130 sanctus,
1632 4063 1755 4119 ideo
1779 4078 1909 4119 vera

310 4157 574 4216 Trinitas.
647 4157 788 4225 Quia
813 4172 944 4217 vero
970 4158 1073 4213 hoc
1096 4165 1179 4215 est
1199 4156 1360 4213 Pater
1392 4157 1535 4227 quod
1564 4155 1755 4223 Filius,
1804 4157 1910 4213 hoc

307 4251 486 4309 Filius
507 4252 653 4323 quod
664 4251 828 4309 Pater
845 4259 903 4308 et
918 4250 1173 4322 Spiritus,
1199 4250 1322 4307 ideo
1342 4264 1469 4305 vera
1486 4249 1724 4306 Trinitas
1755 4248 1903 4323 [Leg.

310 4343 551 4419 Unitas].
604 4343 959 4403 Nativitatem
980 4342 1102 4399 Filii
1118 4358 1224 4399 non
1249 4341 1527 4411 praecessit
1549 4348 1791 4412 potestas
1812 4347 1909 4396 aut

306 4437 567 4494 voluntas
598 4436 802 4496 Patris.
872 4434 967 4492 Sic
991 4434 1396 4506 processionem
1447 4433 1685 4505 Spiritus
1729 4433 1905 4489 sancti

2121 989 2212 1048 IV.
2251 992 2405 1051 Hanc
2431 1011 2619 1053 veram
2644 996 2994 1069 Trinitatem,
3012 1017 3312 1075 veramque
3342 1003 3641 1080 Unitatem,

2048 1102 2217 1143 unum
2246 1087 2558 1159 Dominum,
2588 1090 2809 1149 laudant
2831 1093 2897 1151 de
2917 1096 3095 1165 oculis,
3137 1098 3362 1158 laudant
3382 1102 3438 1158 in
3465 1106 3645 1161 excel-

2048 1179 2125 1236 sis
2149 1195 2340 1239 omnes
2368 1183 2566 1255 angeli,
2590 1200 2781 1243 omnes
2800 1187 3049 1258 virtutes,
3072 1192 3153 1248 sol
3195 1201 3253 1250 et
3292 1195 3444 1263 luna,
3473 1196 3642 1255 stella:

2046 1280 2103 1331 et
2128 1273 2330 1341 lumen,
2358 1275 2483 1341 cceli
2518 1278 2802 1348 cmlorum,
2852 1291 2908 1337 et
2928 1299 3083 1355 aquae
3111 1302 3231 1358 quae
3262 1303 3426 1360 super
3470 1291 3638 1348 cinlos

2044 1376 2190 1423 sunt.
2248 1367 2385 1437 Quia
2410 1370 2526 1445 ipse
2555 1373 2712 1441 dixit,
2740 1383 2796 1431 et
2824 1375 2965 1434 facta
2993 1389 3147 1447 sunt;
3192 1382 3309 1454 ipse
3339 1384 3634 1452 mandavit,

2042 1465 2099 1516 et
2118 1468 2300 1519 creata
2326 1469 2471 1517 sunt.
2533 1462 2779 1522 Laudant
2806 1467 2874 1525 de
2903 1476 3051 1527 terra
3080 1472 3346 1531 dracones
3367 1486 3422 1533 et
3448 1492 3637 1535 omnes

2041 1551 2244 1622 abyssi,
2276 1553 2440 1627 ignis,
2464 1556 2689 1631 grando,
2720 1559 2837 1627 nix,
2869 1560 3093 1631 glacies,
3122 1565 3347 1635 spiritus
3363 1569 3633 1639 procella-

2038 1660 2179 1711 rum,
2215 1653 2429 1703 montes
2464 1656 2518 1705 et
2543 1649 2727 1717 colles,
2751 1651 2896 1723 ligna
2924 1653 3226 1724 fructifera,
3250 1666 3304 1714 et
3329 1674 3520 1718 omnes
3544 1678 3636 1719 ce-

2037 1734 2141 1803 dri,
2172 1735 2382 1805 bestize,
2413 1745 2468 1796 et
2486 1741 2752 1798 universa
2778 1757 2999 1817 pecora,
3058 1757 3359 1820 serpentes,
3402 1760 3459 1807 et
3481 1752 3635 1808 volu-

1963 1807 2013 1871 Β
2041 1844 2165 1886 cres
2198 1837 2470 1902 pennam,
2498 1846 2658 1907 reges
2683 1807 2864 1903 terrae,
2909 1844 2965 1893 et
2984 1807 3174 1896 omnes
3198 1807 3404 1913 populi,
3438 1845 3637 1916 princi-

1945 3175 1994 3243 C

2040 1936 2157 1994 pes,
2181 1930 2236 1977 et
2260 1938 2449 1979 omnes
2466 1923 2680 1999 judices
2704 1933 2887 1992 terrae,
2920 1926 3149 1997 juvenes
3179 1939 3236 1987 et
3252 1933 3515 2003 virgines,
3547 1951 3635 1992 se-

2039 2030 2138 2070 nes
2152 2030 2277 2071 cum
2308 2013 2640 2085 junioribus,
2672 2017 2801 2090 quia
2826 2018 3126 2076 exaltatum
3149 2030 3235 2079 est
3266 2039 3465 2081 nomen
3516 2026 3633 2097 ejus

2039 2106 2227 2162 solius.
2284 2106 2353 2161 Et
2374 2107 2644 2164 confessio
2668 2108 2789 2179 ejus
2816 2125 2981 2183 super
3005 2112 3203 2169 omium
3224 2123 3281 2172 et
3298 2124 3523 2185 terram,
3574 2128 3633 2176 et

2035 2196 2157 2254 laus
2178 2199 2236 2253 in
2264 2198 2505 2255 Ecclesia
2531 2209 2866 2257 sanctorum.
2903 2201 3221 2261 Laudantur
3247 2208 3391 2262 enim
3426 2208 3482 2264 in
3504 2224 3633 2265 san-

2035 2290 2139 2346 ctis
2155 2291 2286 2357 suis,
2303 2291 2355 2346 in
2369 2291 2710 2349 ﬁrmamento
2729 2293 2954 2350 virtutis
2965 2310 3100 2362 suae,
3113 2296 3169 2352 in
3187 2296 3480 2357 virtutibus
3492 2302 3628 2369 suis,

2034 2387 2334 2443 secundum
2360 2387 2763 2445 multitudinem
2809 2390 3202 2461 magnitudinis
3227 2407 3361 2462 suae,
3415 2393 3470 2450 in
3495 2410 3631 2453 sono

2032 2480 2196 2547 tubae,
2225 2481 2280 2535 in
2307 2479 2567 2552 psalterio
2588 2489 2645 2539 et
2668 2483 2972 2551 cithara,in
2992 2492 3253 2559 tympano
3276 2495 3332 2542 et
3351 2489 3540 2557 choro,
3572 2491 3630 2546 in

2031 2572 2253 2629 chordis
2280 2578 2337 2628 et
2362 2588 2590 2644 organo,
2634 2573 2693 2629 in
2734 2574 3002 2646 cymbalis
3024 2576 3164 2632 bene
3198 2578 3538 2647 sonantibus,
3568 2580 3627 2637 in

2028 2664 2295 2737 cymbalis
2316 2664 2680 2737 jubilationis.

2099 2752 2164 2809 V.
2206 2754 2342 2811 Cum
2365 2769 2497 2827 ergo
2525 2756 2630 2812 ista
2658 2756 2843 2813 omnia
2869 2756 3054 2825 simul,
3096 2758 3447 2818 rationabilis
3471 2770 3528 2820 et
3553 2763 3628 2820 in

2025 2847 2748 2912 rationabilia,incessanter
2766 2837 3204 2917 laudentDeum,
3233 2854 3507 2922 quomodo
3519 2856 3623 2911 ho—
3730 2871 3747 2886 ·

2026 2940 2222 3005 mines,
2258 2942 2325 2997 ad
2354 2940 2645 3012 imaginem
2673 2947 2729 2995 et
2749 2941 3162 3000 similitudinem
3187 2941 3285 2999 Dei
3313 2944 3536 3012 conditi,
3567 2955 3624 3004 et

2024 3032 2093 3086 ad
2115 3031 2328 3089 laudem
2363 3031 2549 3104 gloriae
2576 3031 2696 3104 ejus
2713 3032 2913 3100 vocati,
2951 3033 3154 3090 debent
3184 3050 3308 3092 esse
3332 3036 3496 3109 pigri,
3524 3046 3623 3094 aut

2024 3124 2187 3190 tardi,
2216 3131 2309 3178 aut
2356 3124 2556 3179 otiosi?
2620 3124 2689 3179 Et
2714 3123 2803 3179 illa
2831 3124 3053 3195 quidem
3081 3124 3301 3182 laudant
3328 3126 3618 3186 Dominum

2024 3230 2258 3287 semper.
2305 3216 2418 3273 Nos
2445 3224 2646 3281 autem,
2670 3217 2774 3273 etsi
2799 3231 2907 3272 non
2932 3232 3222 3289 possumus
3242 3233 3475 3291 semper,
3507 3222 3619 3278 lau-

2023 3304 2213 3362 demus
2243 3305 2434 3361 saltem
2464 3306 2808 3376 frequenter;
2841 3306 3039 3375 quibus
3060 3323 3161 3378 per
3178 3307 3496 3379 Apostolum
3526 3312 3612 3373 di-

2022 3397 2202 3452 citur:
2245 3380 2347 3454 Vos
2379 3405 2553 3453 autem
2582 3413 2746 3469 genus
2768 3397 3009 3467 electum,
3038 3399 3212 3471 regale
3235 3404 3611 3473 sacerdotium,

2020 3509 2145 3565 gens
2172 3500 2378 3558 sancta,
2406 3490 2630 3564 papulas
2658 3492 3043 3565 acquisitionis,
3073 3504 3131 3548 ut
3154 3494 3367 3551 uirtutes
3398 3514 3609 3554 annun-

2020 3587 2159 3643 tietis
2180 3585 2295 3657 ejus
2321 3585 2412 3658 qui
2435 3600 2522 3639 vos
2546 3583 2613 3639 de
2641 3583 2864 3640 tenebris
2889 3585 3090 3640 vocavit
3114 3586 3171 3640 in
3196 3586 3509 3643 admirabile
3528 3587 3611 3643 lu-

2019 3695 2137 3733 men
2159 3695 2334 3735 suum.
2387 3676 2457 3731 Et
2476 3692 2572 3748 per
2603 3675 2940 3747 prophetas:
2991 3676 3226 3732 Narrate
3241 3680 3421 3733 omnia
3452 3681 3612 3734 mira-

2019 3772 2147 3827 bilia
2175 3773 2314 3843 ejus,
2366 3771 2677 3826 annuntiate
2701 3772 2839 3825 inter
2864 3779 3039 3841 gentes
3061 3770 3241 3825 studia
3269 3772 3409 3844 ejus,
3452 3782 3607 3827 notas

2016 3866 2174 3937 facile
2209 3883 2265 3919 in
2290 3864 2497 3937 pupulis
2520 3864 2909 3918 adinventiones
2930 3863 3066 3933 ejus.
3121 3864 3197 3918 De
3218 3864 3415 3934 quibus
3442 3866 3609 3922 virtu-

2018 3958 2161 4015 tibus
2203 3965 2259 4011 et
2286 3956 2645 4019 mirabilibus,
2699 3955 2879 4024 qualia
2902 3955 3032 4020 sint,
3071 3964 3275 4011 sanctae
3304 3954 3602 4027 Scriptura:

2013 4050 2195 4105 verbis
2222 4048 2302 4103 sic
2328 4048 2656 4118 prmdicatur
2683 4064 2697 4101 :
2749 4046 2855 4119 Qui
2885 4047 3015 4123 facit
3047 4046 3261 4119 angelos
3293 4066 3418 4105 suos
3449 4050 3605 4121 spiri-

2011 4151 2118 4209 tus,
2161 4151 2210 4197 et
2236 4142 2505 4196 ministros
2547 4157 2670 4201 suos
2699 4140 2872 4212 ignem
2915 4149 3171 4195 urentem.
3231 4139 3337 4207 Qui
3364 4142 3604 4214 fundauit

2009 4246 2207 4292 terram
2237 4251 2396 4308 super
2417 4235 2583 4290 basim
2609 4250 2795 4300 suam;
2855 4249 2960 4288 non
2986 4234 3393 4289 commovebitur
3424 4233 3479 4288 in
3502 4251 3605 4289 sce—

2009 4331 2188 4386 eulum
2211 4329 2413 4385 sa’culi.
2467 4327 2572 4394 Qui
2597 4327 2807 4383 demisit
2845 4323 3074 4397 lapidem
3111 4323 3419 4398 angularem
3460 4325 3597 4396 ejus,

2010 4439 2128 4479 cum
2149 4422 2429 4478 laudarent
2458 4419 2617 4475 simul
2655 4438 2777 4476 eum
2812 4430 2957 4475 astra
2981 4419 3264 4483 matutina,
3313 4427 3361 4471 et
3396 4416 3601 4488 jubila-

307 4528 450 4585 nihil
469 4527 575 4584 nm
604 4530 748 4599 quod
772 4527 1121 4599 praecederet.
1169 4525 1391 4583 Patrem
1412 4524 1736 4582 confitemur
1761 4524 1907 4599 geni-
1928 4552 1984 4614 Ι)
2012 4525 2127 4614 rent
2153 4532 2331 4569 omnes
2354 4513 2456 4584 ﬁlii
2495 4513 2611 4568 Dei.
2665 4512 2733 4570 In
2760 4514 3067 4614 fortitudine
3096 4513 3234 4583 ejus,
3263 4520 3470 4614 repente
3484 4529 3600 4567 ma-

306 4627 487 4675 torem
516 4617 660 4686 Filii,
692 4618 959 4677 factorem
997 4626 1179 4674 autem
1209 4617 1335 4674 οωίὶ
1384 4624 1440 4673 et
1488 4625 1668 4683 terrae,
1723 4615 1922 4702 visibi:

303 4711 443 4768 lium
467 4713 713 4768 omnium
742 4719 799 4768 et
850 4709 1202 4767 invisibilium
1228 4724 1433 4766 rerum.
1508 4707 1707 4764 Filium
1727 4709 1899 4764 confi-

304 4811 492 4861 temur
542 4802 845 4875 ingenitum
874 4801 1073 4869 Patris,
1126 4801 1297 4857 Deum
1320 4800 1387 4856 de
1422 4800 1551 4865 Deo,
1598 4799 1781 4856 lumen
1833 4799 1902 4859 de

302 4895 534 4960 lumine,
589 4894 761 4965 Deum
788 4909 982 4950 verum
1001 4893 1067 4949 de
1099 4893 1213 4961 Deo
1237 4906 1390 4958 vero,
1439 4898 1647 4958 natum,
1680 4905 1791 4946 non
1821 4890 1902 4949 la-

300 4995 484 5054 etum,
520 4987 789 5061 ignaviam
817 4986 987 5055 Patri,
1038 4986 1143 5042 hoc
1168 4992 1272 5053 est,
1312 4984 1555 5056 ejusdem
1584 4998 1707 5041 eum
1733 4982 1899 5043 Patre

298 5081 648 5149 substantiae,
669 5096 770 5152 per
792 5095 956 5151 quem
981 5079 1163 5135 omnia
1191 5078 1335 5135 facta
1362 5086 1488 5134 sunt
1511 5093 1632 5148 qua:
1658 5077 1715 5135 in
1734 5077 1895 5145 caelo,

298 5183 365 5233 et
390 5189 515 5245 quae
537 5174 595 5231 in
618 5180 785 5241 terra,
815 5188 913 5244 per
934 5187 1097 5244 quem
1122 5169 1462 5242 maiestatem
1483 5168 1900 5225 Patrislaudant

298 5266 509 5339 angeli,
548 5265 778 5323 adorant
808 5263 1230 5333 dominationes,
1283 5269 1526 5319 tremunt
1576 5267 1895 5332 potestates,

296 5358 434 5419 cali
460 5369 516 5417 et
534 5360 800 5417 oculorum
824 5359 1074 5415 virtutes.
1160 5356 1424 5431 Spiritum
1455 5356 1704 5413 sanctum
1730 5352 1901 5415 conli-

298 5463 489 5515 temur
511 5454 897 5520 viviiicantem,
951 5468 1019 5509 ex
1049 5452 1215 5507 Patre
1252 5460 1308 5508 et
1330 5450 1470 5511 Filio
1493 5450 1897 5523 procedentem,

296 5560 432 5605 cum
461 5544 624 5605 Patre
648 5553 703 5601 et
728 5544 867 5600 Filio
895 5543 1231 5599 adorandum
1259 5550 1315 5599 et
1343 5540 1778 5614 glorificandum,
1808 5541 1900 5611 qui

297 5636 522 5707 [omitus
547 5646 638 5695 est
656 5652 756 5708 per
782 5636 1094 5709 prophetas.
1124 5636 1336 5693 Donum
1358 5635 1551 5692 dantes
1576 5632 1737 5689 simul
1766 5640 1900 5697 tres,

295 5730 550 5800 Patrem,
578 5732 801 5798 Filium,
837 5739 895 5788 et
936 5730 1202 5803 Spiritum
1254 5737 1504 5786 sanctum
1552 5726 1897 5791 confitemur,

299 5821 430 5880 sine
454 5823 773 5885 confusione
829 5822 1108 5890 indivisos,
1161 5823 1281 5880 sine
1330 5831 1573 5892 tempore
1612 5818 1902 5889 sempiter-

2010 4610 2092 4663 ria
2114 4614 2429 4680 congregata
2457 4616 2612 4671 sunt;
2634 4616 2682 4661 et
2701 4606 2981 4678 prudentia
3002 4605 3117 4675 ejus
3136 4604 3389 4676 percussit
3416 4620 3598 4676 super-

2009 4701 2151 4755 bum.
2199 4698 2303 4767 Qui
2330 4698 2561 4754 extendit
2585 4696 2883 4769 aquilonem
2896 4711 3051 4767 super
3071 4710 3312 4760 vacuum,
3335 4702 3384 4748 et
3406 4710 3599 4766 appen-

2009 4794 2085 4849 dit
2107 4803 2302 4848 terram
2331 4807 2488 4863 super
2508 4789 2753 4866 nihilum.
2803 4788 2908 4855 Qui
2935 4786 3065 4858 ligat
3090 4801 3256 4856 aquas
3284 4786 3342 4841 in
3366 4786 3594 4842 nubibus

2006 4887 2137 4952 suis,
2178 4894 2366 4940 utnon
2402 4891 2679 4955 erumpant
2704 4886 2903 4954 pariter
2942 4878 3208 4935 deorsum.
3274 4876 3380 4945 Qui
3422 4880 3595 4951 aufert

2006 4980 2180 5039 stillas
2225 4978 2441 5053 pluviis,
2475 4986 2531 5033 et
2560 4977 2701 5033 sicut
2728 4975 2832 5031 alia
2861 4971 3149 5029 translatio
3177 4972 3329 5039 dicit,
3352 4974 3593 5029 innume-

2003 5074 2196 5132 rabiles
2221 5072 2303 5127 illi
2324 5071 2615 5128 stillicidia.
2669 5068 2774 5136 Qui
2816 5083 3023 5122 mensus
3044 5078 3115 5121 est
3165 5065 3363 5139 pugillo
3401 5083 3589 5138 aquas,

2002 5177 2050 5222 et
2072 5166 2224 5222 cwlos
2254 5164 2429 5239 palmo
2449 5160 2777 5237 ponderavit.
2829 5158 2934 5226 Qui
2960 5160 3205 5231 appendit
3220 5159 3387 5214 tribus
3414 5157 3594 5229 digitis

2002 5259 2194 5315 molem
2214 5267 2392 5325 terrw,
2423 5266 2471 5311 et
2500 5253 2738 5310 liberavit
2760 5254 2816 5308 in
2829 5251 3059 5326 pondere
3082 5262 3302 5318 montes,
3349 5260 3397 5307 et
3435 5251 3593 5306 colles

2001 5352 2057 5406 in
2086 5360 2303 5406 statera.
2359 5348 2527 5419 Cujus
2564 5346 2785 5401 thronus
2815 5346 3045 5417 ﬂamma:
3066 5345 3202 5416 ignis
3233 5353 3281 5399 et
3322 5353 3453 5398 rota:
3476 5343 3593 5413 ejus

2011 5447 2146 5520 ignis
2173 5440 2443 5499 accensus.
2513 5438 2739 5494 Flavius
2773 5440 2957 5511 igneus
2985 5438 3304 5510 rapidusque
3329 5436 3597 5507 egreditur

2010 5554 2041 5591 (ι
2068 5535 2204 5606 facie
2227 5534 2362 5605 ejus.
2414 5530 2588 5585 Millia
2628 5528 2853 5585 millium
2898 5531 3202 5586 ministrant
3226 5531 3294 5596 ei,
3348 5538 3398 5584 et
3425 5529 3593 5584 decies

2008 5628 2198 5684 millies
2239 5634 2457 5681 centena
2511 5623 2680 5679 millia
2728 5626 2920 5680 sistunt
2970 5625 3037 5679 ei.
3110 5623 3313 5679 Omnes
3360 5636 3595 5695 namque

2008 5720 2284 5777 exercitus
2305 5718 2428 5775 coeli
2463 5719 2725 5775 assistunt
2751 5718 2823 5785 ei,
2854 5732 2959 5772 non
2983 5715 3156 5771 solum
3189 5730 3218 5769 a
3239 5713 3466 5778 dextris,
3500 5709 3599 5766 sed

2010 5814 2232 5885 etiama
2261 5813 2536 5870 sinistris:
2579 5813 2645 5869 de
2695 5812 2891 5882 quibus
2937 5810 3203 5881 propheta
3251 5807 3387 5863 vidit
3411 5803 3593 5874 egredi
