4012 6338
464 340 565 396 271

1409 341 1467 396 S.
1506 342 1857 400 AGOBARDI
1894 341 2207 400 EPISCOPI
2242 342 2724 402 LUGDUNENSIS

3621 350 3726 408 272

462 436 715 531 spiritum
749 456 1019 537 dicentem
1045 473 1058 510 :
1115 457 1400 528 Egrediar,
1437 466 1487 513 et
1532 476 1621 514 ero
1644 460 1858 532 spiritus
1901 477 2049 514 men-
2076 460 2130 523 Α
2154 466 2368 516 testate.
2410 461 2482 515 Et
2511 461 2803 516 videntibus
2828 459 2957 527 illis,
2981 460 3210 517 elevatus
3224 471 3322 529 est,
3358 470 3409 517 et
3435 464 3591 520 nubes
3617 484 3727 523 sus-

461 552 572 608 daa:
599 553 654 607 in
678 569 768 607 ore
786 552 1030 632 omnium
1054 553 1423 624 praphetarum
1447 554 1584 624 ejus,
1615 554 1672 609 id
1698 556 1811 623 est,‘
1833 555 2045 626 decepti

460 654 519 704 et
562 646 865 717 decipiendi
914 647 1083 716 regis,
1120 654 1180 701 ut
1205 644 1524 703 ascenderet
1547 646 1617 702 ad
1661 646 1840 704 locum
1869 648 1959 704 ubi
1994 648 2046 703 ei

456 730 686 816 paratus
704 747 824 796 erat
852 740 1125 796 interitus.

530 835 618 892 VI.
653 834 815 891 Istius
857 834 1064 890 sinistri
1084 835 1357 891 exercitus
1387 842 1480 890 aut
1502 835 1757 906 princeps
1800 840 1893 889 aut
1925 848 2044 887 ma-

457 945 619 1000 gnus,
675 925 967 983 invidendo
1009 935 1196 983 sancto
1242 927 1360 982 viro
1387 926 1510 993 Job,
1553 927 1813 998 expetivit
1834 942 1958 981 eum
1986 933 2046 979 ut

456 1021 558 1077 sibi
581 1020 971 1077 concederetur
996 1036 1028 1075 a
1051 1020 1301 1085 Domino,
1327 1035 1435 1076 non
1451 1019 1519 1075 ad
1538 1019 1878 1088 probandum
1902 1017 2047 1088 quod

453 1093 659 1171 factum
686 1122 771 1170 est
796 1129 894 1185 per
914 1128 1038 1168 eum
1062 1112 1278 1167 nolente
1302 1110 1413 1177 illo,
1443 1110 1539 1166 sed
1563 1110 1629 1165 ad
1648 1108 2046 1179 reprobandum

454 1208 601 1279 quod
614 1205 945 1262 multitudini
970 1203 1189 1260 malitiae
1215 1218 1326 1257 suae
1354 1202 1715 1257 desiderabat.
1786 1198 1957 1270 Hujus
1978 1198 2045 1254 si-

453 1300 613 1358 nistri
654 1300 928 1357 exercitus
958 1281 1211 1370 princeps
1248 1298 1481 1353 accessit
1501 1296 1570 1351 ad
1595 1297 1835 1367 primum
1868 1294 2046 1349 homi-

453 1409 601 1458 nem,
641 1392 779 1447 bene
807 1398 860 1446 et
879 1391 1080 1445 bonum
1107 1404 1137 1443 a
1163 1390 1306 1444 bono
1328 1388 1444 1443 Deo
1473 1388 1773 1451 conditum,
1804 1380 1929 1456 igne
1961 1384 2045 1438 in-

452 1485 705 1541 videntiae
728 1498 1049 1547 succensus;
1102 1489 1159 1536 et
1204 1480 1419 1551 decepit
1449 1494 1514 1534 ac
1564 1471 2044 1550 praevaricatorem

451 1579 604 1644 fecit,
644 1575 1166 1651 atque‘omnimodte
1224 1572 1545 1642 corruptelae
1595 1570 1843 1641 subjecit,
1875 1577 1931 1624 et
1976 1568 2044 1623 de

451 1672 716 1729 societate
766 1669 1082 1739 angelorum
1110 1663 1436 1736 depositum,
1492 1662 1701 1718 socium
1756 1660 1859 1715 sibi
1891 1659 2039 1724 fecit,

451 1752 623 1834 atque
639 1762 706 1817 de
730 1763 849 1818 luce
870 1744 1112 1832 angelica
1139 1759 1496 1823 abstractum,
1524 1756 1767 1812 tenebris
1791 1754 1906 1810 suis
1920 1755 2044 1809 sub-

2148 553 2279 622 cepit
2327 569 2445 606 eum
2481 553 2547 608 ab
2591 552 2757 608 oculis
2800 570 3001 608 eorum.
3062 554 3296 624 Cumque
3323 556 3646 612 intuerentur
3672 562 3725 616 in

2147 641 2329 697 coelum
2352 656 2558 698 euntem
2597 645 2746 700 illum
2772 688 2786 713 ,
2819 663 2933 701 ecce
2971 647 3077 701 duo
3123 647 3222 702 viri
3256 650 3532 704 astiterunt
3574 651 3724 721 juxta

2145 733 2266 790 illos
2302 737 2356 791 in
2382 736 2605 792 vestibus
2628 738 2780 805 albis,
2813 739 2902 810 qui
2941 749 2991 794 et
3016 740 3264 796 dixerunt
3293 761 3306 796 :
3362 740 3474 796 Viri
3499 741 3723 813 Galilari,

2145 815 2438 897 quid‘statis
2459 832 2765 902 aspicientes
2788 834 2842 887 in
2862 833 3046 889 caelum
3065 834 3207 889 illic
3226 835 3401 900 Iesus,
3426 837 3517 907 qui
3535 856 3727 893 assum-

2144 932 2262 994 ptus
2285 932 2360 977 est
2389 941 2423 977 a
2467 924 2607 979 vobis
2634 925 2703 980 ad
2723 926 2927 993 coelum,
2976 927 3052 982 sic
3092 928 3255 983 veniet
3294 931 3726 1001 quemadmodum

2146 1015 2348 1071 vidistis
2369 1034 2489 1071 eum
2508 1027 2714 1074 euntem
2738 1020 2794 1073 in
2816 1018 3020 1074 caelum.
3073 1020 3238 1077 Sedet
3256 1037 3384 1093 ergo
3406 1022 3459 1077 in
3482 1038 3544 1079 ea
3568 1040 3726 1080 carne

2146 1122 2308 1179 quam
2359 1110 2652 1179 assumpsit
2681 1126 2781 1181 pro
2810 1112 2988 1180 nobis,
3032 1112 3099 1166 ad
3132 1115 3377 1169 dextram
3428 1115 3630 1183 Patris,
3676 1125 3728 1172 et

2144 1204 2403 1254 venturus
2451 1206 2536 1254 est
2586 1199 2642 1254 in
2690 1199 2861 1271 gloria
2885 1201 3133 1272 judicare
3169 1204 3323 1260 vivos
3365 1212 3422 1260 et
3466 1216 3723 1275 mortuos,

2144 1290 2299 1361 cujus
2333 1294 2487 1364 regni
2509 1311 2616 1350 non
2644 1296 2751 1351 erit
2772 1296 2913 1352 ﬁnis.
2951 1298 3020 1352 Et
3044 1298 3158 1368 ipse
3188 1308 3273 1355 est
3295 1302 3620 1372 propitiatio
3634 1318 3726 1373 pro

2142 1386 2383 1456 peccatis
2409 1388 2635 1453 nostris,
2685 1389 2779 1458 qui
2813 1397 2897 1444 est
2927 1391 3082 1445 testis
3103 1390 3309 1459 ﬁdelis;
3340 1394 3727 1465 primogenitus

2143 1483 2503 1545 mortuorum,
2558 1484 2614 1534 et
2655 1480 2910 1551 princeps
2954 1497 3144 1552 regum
3197 1492 3379 1551 terrae,
3424 1484 3612 1557 Agnus
3638 1485 3726 1541 Dei

2144 1569 2238 1638 qui
2272 1570 2413 1625 tollit
2452 1580 2674 1642 peccata
2695 1575 2912 1631 mundi:
2964 1576 3057 1645 qui
3096 1576 3171 1631 ita
3202 1576 3453 1633 laudatur
3485 1595 3610 1634 cum
3630 1579 3729 1634 Pa-

2145 1668 2227 1715 tre
2250 1662 2319 1717 ab
2345 1664 2549 1735 angelis
2580 1683 2592 1718 :
2627 1664 2841 1722 Sedenti
2865 1669 2920 1722 in
2948 1669 3137 1725 throno
3172 1681 3220 1726 et
3243 1672 3393 1744 Agno
3421 1673 3726 1740 benedictio,

2143 1760 2193 1804 et
2218 1751 2405 1820 honor,
2432 1762 2481 1807 et
2508 1753 2695 1825 gloria,
2728 1767 2777 1811 et
2808 1767 3037 1827 potestas
3069 1762 3124 1816 in
3172 1762 3368 1817 saecula
3393 1764 3725 1820 sa’culorum.

442 1821 674 1927 jugavit,
706 1862 762 1910 et
785 1821 1001 1908 mtern‘ae
1029 1851 1192 1907 morti
1224 1821 1517 1905 obnoxium
1542 1848 1795 1904 reddidit.
1862 1846 2042 1902 Domi-
2068 1821 2117 1882 Β
2144 1835 2458 1911 Et'quando
2480 1821 2690 1901 venerit
2732 1848 2785 1902 in
2805 1848 3091 1919 majestate
3117 1869 3213 1909 sua
3234 1863 3290 1910 et
3308 1854 3508 1921 Patris,
3535 1857 3621 1913 sic
3660 1859 3727 1912 ti-

446 1966 552 2006 nus
602 1958 786 2005 autem
820 1961 1031 2003 summe
1063 1946 1241 2001 bonus
1275 1951 1331 1999 et
1357 1942 1499 2014 pius,
1550 1949 1612 1996 ut
1642 1950 1755 1996 tam
1787 1955 2038 2011 magnam

448 2042 660 2097 ruinam
689 2049 993 2112 repararet,
1019 2046 1132 2093 tam
1155 2051 1412 2108 magnum
1435 2033 1648 2101 vulnus,
1673 2034 1823 2088 misit
1842 2033 2038 2087 Filium

446 2150 607 2191 suum
628 2135 800 2189 Deum
825 2131 1083 2195 Verbum,
1129 2136 1191 2185 ut
1231 2143 1360 2184 caro
1385 2126 1563 2193 ﬁeret,
1616 2124 1671 2179 id
1713 2132 1817 2191 est,
1874 2125 2038 2179 homo

444 2242 631 2293 verus,
664 2234 720 2281 et
739 2225 1016 2281 habitaret
1036 2224 1091 2278 in
1134 2222 1310 2287 nobis,
1352 2223 1407 2278 id
1456 2230 1563 2288 est,
1606 2221 1662 2275 in
1698 2220 2038 2276 humanitate

445 2318 709 2391 perfecta,
744 2332 908 2390 quam
960 2316 1192 2387 sumpsit
1240 2330 1341 2386 pro
1365 2315 1524 2371 nobis
1579 2313 1737 2384 (Aug.
1769 2313 1823 2367 in
1847 2311 2035 2377 Joan.,

448 2409 629 2465 Tract.
649 2409 727 2482 xv)
759 2424 828 2464 ex
854 2408 1031 2473 nobis,
1064 2408 1120 2462 id
1139 2416 1241 2471 est,
1272 2423 1341 2462 ex
1368 2414 1559 2462 sancta
1588 2405 1812 2475 Virgine
1838 2404 1907 2457 ad
1933 2403 2039 2457 hoc

444 2512 745 2578 praiparata
770 2511 827 2560 et
852 2502 1155 2568 custodita;
1200 2501 1478 2557 habitaret
1522 2506 1705 2555 autem
1735 2495 2034 2568 corporali-

444 2607 551 2665 ter,
578 2612 689 2653 non
737 2596 1075 2668 spiritaliter,
1122 2601 1186 2648 ut
1211 2594 1267 2648 in
1305 2592 1509 2648 sanctis
1542 2590 1780 2655 caeteris,
1824 2589 1883 2644 id
1930 2596 2033 2656 est,

444 2691 585 2748 dono
610 2689 817 2762 gratim,
864 2687 1007 2743 sicut
1031 2685 1294 2755 scriptum
1325 2691 1451 2740 est:
1506 2682 1610 2750 Qui
1655 2682 1888 2736 adliceret
1929 2678 2040 2733 Do-

442 2781 611 2847 mino,
633 2796 769 2834 unus
788 2777 1005 2850 spiritus
1027 2785 1123 2831 est.
1165 2775 1268 2843 Qui
1287 2776 1415 2830 licet
1438 2773 1669 2829 Domino
1698 2773 2035 2835 adhaereant,

390 2850 398 2858 ’
443 2879 499 2927 et
519 2870 666 2925 Deus
686 2870 742 2924 in
758 2868 865 2944 illis
890 2868 1121 2932 habitet,
1147 2882 1257 2921 non
1286 2874 1469 2921 tamen
1492 2864 1689 2920 exinde
1720 2861 1955 2918 efﬁcitur
1979 2867 2040 2914 ut

443 2966 522 3022 dii
550 2965 662 3021 sint
706 2962 1044 3026 naturaliter,
1101 2961 1242 3017 sicut
1289 2961 1347 3015 in
1364 2959 1582 3016 Christo
1616 2957 1827 3013 habitat
1860 2953 2038 3010 omnis

442 3054 721 3128 plenitudo
761 3052 1059 3109 divinitatis
1087 3049 1466 3121 corporaliter,
1506 3056 1567 3104 ut
1611 3047 1755 3102 Deus
1798 3045 1869 3102 sit
1912 3045 2040 3100 sub-

446 3147 793 3204 stantialiter.
845 3144 994 3214 Quae
1042 3143 1376 3210 humanitas,
1424 3156 1494 3197 ex
1517 3142 1648 3211 'quo
1691 3154 1813 3197 esse
1848 3138 2033 3211 coepit,

443 3256 555 3296 non
584 3238 730 3294 aliud
753 3252 878 3292 esse
915 3236 1095 3308 potuit
1127 3251 1292 3306 quam
1326 3234 1469 3290 Deus
1502 3241 1559 3288 et
1608 3232 1804 3288 unicus
1840 3230 2035 3298 Filius,

445 3331 573 3401 quia
593 3327 908 3401 unigenitus
943 3341 1072 3381 caro
1098 3323 1276 3380 factus
1317 3330 1425 3389 est,
1475 3331 1537 3377 ut
1563 3322 1635 3378 sit
1669 3337 1832 3377 verus
1873 3321 2035 3388 Deus,

446 3438 611 3482 verus
642 3421 838 3491 homo,
885 3434 1027 3474 unus
1053 3417 1219 3473 Deus.
1295 3416 1364 3470 Et
1411 3415 1539 3471 licet
1588 3413 1733 3468 aliud
1780 3414 1851 3468 sit
1886 3427 2036 3477 caro,

444 3518 593 3575 aliud
616 3514 899 3580 divinitas;
946 3528 1055 3568 non
1084 3520 1267 3568 tamen
1298 3511 1415 3580 ipse
1448 3509 1588 3565 alius
1637 3517 1720 3565 est
1761 3509 1816 3565 in
1848 3525 2036 3576 carne,

443 3612 583 3667 alius
610 3610 667 3665 in
680 3606 964 3663 divinitate
994 3622 1010 3672 ;
1053 3605 1147 3660 sed
1179 3611 1413 3674 utroque
1455 3618 1599 3657 unus
1625 3601 1877 3657 Christus
1894 3602 2039 3657 Deus

443 3705 609 3758 homo
635 3739 653 3767 ,
714 3705 1069 3772 permanente
1109 3696 1394 3765 utriusque
1447 3703 1657 3749 natura:
1704 3694 1938 3750 veritate
1984 3704 2041 3749 et

444 3793 792 3866 integritate;
850 3790 907 3846 id
949 3797 1055 3857 est,
1099 3805 1208 3845 non
1246 3797 1453 3845 mutata
1497 3788 1834 3843 humanitate
1872 3788 1927 3842 in
1952 3786 2036 3842 di;-

446 3874 747 3950 vinitatem,
794 3897 973 3953 neque
1004 3895 1268 3937 conversa
1316 3880 1600 3935 divinitate
1640 3879 1695 3933 in
1722 3878 2035 3934 humanita-

446 3989 591 4036 tem:
642 3978 737 4050 qui
780 3993 850 4033 ει
876 3960 1109 4047 utrot1ue
1152 3991 1293 4032 unus
1318 3974 1570 4032 Christus
1592 3975 1759 4042 Deus,
1802 3974 1878 4030 ita
1907 3975 2037 4030 ado-

444 4081 601 4127 ratur
633 4084 757 4126 eum
774 4068 939 4125 Patre
960 4140 961 4143 η
984 4078 1042 4124 et
1068 4067 1205 4123 Filio
1234 4068 1303 4123 ab
1344 4068 1495 4123 omni
1521 4076 1793 4133 creatura,
1858 4075 1920 4122 ut
1940 4083 2034 4122 su-

445 4144 912 4234 periusdixirnus,
959 4161 1101 4216 sicut
1133 4160 1460 4217 adorabatur
1478 4169 1768 4230 antequam
1798 4160 2035 4217 Verbum

446 4269 574 4313 caro
605 4254 790 4310 ﬁeret:
848 4253 977 4323 quia
1006 4251 1433 4309 inconvertibilis
1455 4252 1652 4319 deitas,
1685 4268 1805 4322 quae
1848 4253 2035 4308 incon-

445 4346 769 4405 vertibiliter
793 4345 1169 4402 inﬁrmitatem
1195 4353 1461 4413 nostram,
1511 4347 1568 4401 in
1597 4362 1705 4417 qua
1733 4347 1871 4402 mori
1916 4362 2037 4417 pos-

447 4440 539 4506 sit,
565 4426 803 4511 suscepit
831 4438 1208 4494 incarnatione
1232 4453 1350 4504 sua,
1383 4452 1486 4494 nec
1509 4438 1683 4493 minui
1706 4439 1904 4509 potuit,
1933 4455 2035 4496 nec

447 4533 653 4604 augeri.
788 4589 794 4597 ,

416 4614 423 4619 ’
521 4623 628 4680 VII.
667 4622 844 4681 Verus
870 4622 1013 4679 Deus
1039 4638 1167 4696 ergo
1193 4633 1248 4679 et
1274 4638 1437 4679 verus
1466 4622 1647 4689 homo,
1677 4638 1817 4678 unus
1846 4622 2031 4678 Domi-

448 4730 553 4772 nus
574 4723 767 4771 noster
806 4714 963 4772 Jesus
988 4714 1260 4791 Christus,
1295 4716 1445 4771 venit
1473 4716 1545 4770 ad
1596 4714 1931 4784 passionem,
1977 4722 2039 4768 ut

447 4804 715 4877 perferret
761 4807 943 4861 omnia
975 4806 1211 4885 illaAqua:
1251 4806 1316 4861 de
1360 4807 1453 4884 illo
1508 4807 1869 4876 pramuntiata
1911 4813 2039 4861 sunt

446 4915 548 4972 per
568 4886 921 4976 Scripturas._
945 4898 1569 4976 Undecomprehensus,
1615 4906 1671 4954 et
1696 4900 1916 4970 ligatus,
1949 4896 2041 4953 ﬁa-

449 4991 699 5065 gellatus,
729 4989 943 5057 irrisus,
981 4998 1037 5045 et
1062 4990 1117 5068 in
1141 5006 1304 5048 cruce
1325 5004 1640 5063 suspensus,
1676 5005 1799 5044 cum
1828 4989 2040 5044 veniret

450 5082 586 5138 hora
604 5089 666 5135 ut
689 5089 955 5159 potestate
979 5082 1199 5153 propria
1217 5090 1444 5159 poneret
1474 5081 1708 5134 animam
1738 5095 1912 5148 suam,
1944 5095 2039 5151 po-

449 5176 872 5253 testate‘iterum
895 5191 1015 5233 eam
1046 5185 1382 5247 sumpturus,
1401 5174 1646 5230 clamans
1664 5191 1799 5231 voce
1821 5192 2034 5248 magna,

451 5267 621 5324 dicit:
648 5266 1104 5345 ‘Consummatum
1129 5280 1203 5324 est
1229 5283 1248 5320 .'
1300 5276 1354 5323 et
1382 5267 1641 5324 inclinato
1672 5271 2035 5341 capitetradi-

450 5359 532 5415 dit
555 5361 826 5432 spiritum.
856 5410 863 5417 α
914 5363 1085 5417 Natus
1137 5368 1319 5415 autem
1348 5350 1483 5416 vera
1516 5361 1805 5418 nativitate
1826 5404 1841 5431 ,
1902 5380 2040 5421 verte

452 5452 634 5509 carnis
682 5455 940 5510 sustinuit
994 5468 1177 5509 veram
1215 5452 1545 5523 passionem,
1576 5455 1817 5526 suscepit
1855 5472 2039 5512 veram

453 5538 725 5610 mortem,
763 5561 888 5600 vera
914 5542 1096 5600 carnis
1117 5543 1517 5600 resurrectione
1546 5546 1768 5616 prtebuit
1794 5564 1849 5601 se
1868 5547 2040 5617 ipsum

453 5632 625 5689 uiuum
643 5635 916 5707 discipulis
958 5636 1014 5690 in
1051 5631 1607 5709 multisargumentis,
1630 5651 1724 5706 per
1749 5635 1861 5690 dies
1904 5652 2040 5706 qua-

453 5725 701 5799 draginta
721 5745 979 5800 apparens
1002 5729 1078 5783 eis
1090 5739 1139 5784 et
1173 5727 1391 5799 loquens
1418 5728 1483 5782 de
1531 5745 1688 5799 regno
1710 5728 1829 5795 Dei,
1887 5744 2041 5785 man-

456 5814 675 5873 ducavit
700 5828 754 5874 et
780 5819 916 5875 bibit
940 5816 1120 5876 Coram
1151 5822 1247 5887 eis,
1299 5807 1403 5878 non
1435 5817 1781 5889 necessitate,
1827 5824 1920 5880 sed
1944 5838 2041 5894 po-

2059 4553 2112 4613 D

2140 1936 2379 1991 mebitur
2406 1939 2474 1993 ab
2496 1939 2575 1995 eis
2598 1955 2735 2010 quos
2755 1942 3098 2014 judicaturus
3127 1955 3231 2013 est,
3263 1956 3324 2003 ut
3367 1948 3550 2004 dicant
3576 1966 3727 2007 mon-

2142 2026 2287 2083 tibus
2310 2037 2366 2084 et
2392 2032 2593 2100 petris:
2633 2034 2819 2091 Cadite
2844 2054 3000 2109 super
3024 2056 3139 2106 nos,
3168 2051 3217 2095 et
3247 2041 3552 2097 abscondite
3581 2060 3674 2099 nos
3699 2061 3729 2098 a

2142 2118 2279 2189 facie
2303 2121 2533 2177 sedentis
2555 2141 2715 2196 supra
2750 2128 3020 2197 thronum,
3041 2132 3167 2185 etab
3198 2133 3279 2187 ira
3302 2133 3460 2204 agni:
3481 2136 3728 2206 quoniam

2139 2212 2277 2264 venit
2318 2212 2430 2267 dies
2467 2231 2688 2286 magnus
2719 2218 2813 2273 ira:
2842 2220 3027 2291 ipsius,
3055 2232 3103 2275 et
3153 2224 3270 2294 quis
3305 2226 3494 2294 poterit
3540 2228 3730 2281 stare?

2143 2297 2672 2368 Transacto,omnes
2689 2307 2846 2364 electi
2875 2325 2943 2365 ex
2982 2312 3233 2368 omnibus
3259 2314 3531 2385 gentibus,
3556 2325 3618 2371 et
3639 2316 3729 2371 tri-

2136 2392 2337 2460 bubus,
2354 2405 2408 2450 et
2424 2398 2656 2466 populis,
2689 2408 2744 2455 et
2775 2401 2993 2474 linguis,
3017 2414 3177 2459 erunt
3205 2414 3413 2462 stantes
3432 2416 3560 2463 ante
3585 2410 3728 2465 thro—

2138 2502 2268 2542 num
2296 2487 2352 2542 in
2377 2500 2667 2561 conspectu
2689 2492 2847 2563 Agni,
2867 2502 2921 2550 et
2952 2495 3135 2550 amicti
3164 2497 3319 2553 stolis
3348 2498 3506 2565 albis,
3536 2507 3598 2554 et
3619 2499 3728 2571 pale

2139 2593 2242 2634 mae
2292 2580 2348 2634 in
2377 2582 2630 2638 manibus
2655 2599 2861 2652 eorum,
2910 2595 2967 2643 et
3004 2587 3318 2645 clamabunt
3364 2605 3498 2646 voce
3530 2608 3725 2663 magna

2140 2672 2385 2728 dicentes
2412 2693 2425 2728 :
2472 2673 2633 2730 Salus
2654 2675 2765 2731 Deo
2787 2686 2967 2733 nostro
2992 2680 3081 2751 qui
3104 2680 3248 2735 sedet
3275 2698 3434 2753 super
3454 2682 3723 2749 thronum,

2139 2772 2187 2818 et
2214 2766 2379 2835 Agna.
2437 2764 2515 2820 De
2549 2767 2743 2837 quibus
2762 2769 2996 2825 dicitur:
3029 2770 3104 2825 Hi
3125 2782 3247 2827 sunt
3270 2774 3359 2844 qui
3389 2785 3645 2829 venerunt
3665 2773 3725 2828 de

2139 2855 2476 2912 tribulatione
2503 2874 2716 2929 magna,
2740 2870 2790 2914 et
2812 2860 3051 2916 laverunt
3075 2863 3237 2918 stolas
3264 2881 3412 2931 suas,
3442 2873 3493 2919 et
3515 2865 3728 2920 dealba-

2141 2956 2324 3001 verunt
2350 2965 2439 3003 eas
2470 2950 2524 3004 in
2546 2953 2799 3023 sanguine
2834 2953 2989 3026 Agni.
3041 2954 3170 3011 Ideo
3188 2967 3309 3011 sunt
3326 2967 3448 3012 ante
3478 2957 3725 3012 thronum

2139 3040 2260 3108 Dei,
2289 3053 2338 3097 et
2363 3044 2595 3098 serviunt
2617 3046 2665 3101 ei
2690 3047 2774 3102 die
2798 3058 2848 3103 et
2879 3057 3027 3104 nocte
3066 3051 3123 3105 in
3149 3050 3338 3122 templo
3367 3052 3516 3123 ejus;
3565 3062 3621 3106 et
3644 3050 3727 3123 qui

2139 3131 2282 3185 sedet
2314 3134 2373 3186 in
2398 3135 2607 3203 throno,
2633 3136 2835 3193 habitat
2857 3157 3014 3212 super
3040 3159 3147 3198 eos.
3207 3142 3332 3197 Non
3359 3144 3615 3210 esurient,
3645 3139 3733 3198 ne:

2139 3243 2240 3297 que
2263 3226 2441 3282 sitient
2465 3228 2710 3301 amplius,
2744 3249 2907 3304 neque
2938 3234 3087 3290 cadet
3109 3252 3265 3307 super
3287 3234 3407 3291 illos
3432 3236 3534 3303 sol,
3568 3253 3728 3309 neque

2141 3317 2281 3373 ullus
2306 3320 2496 3386 cestus;
2525 3324 2773 3394 quoniam
2797 3324 2996 3396 Agnus,
3022 3328 3112 3398 qui
3141 3329 3196 3381 in
3216 3327 3388 3382 medio
3420 3329 3604 3383 throni
3634 3338 3724 3395 est,

2140 3421 2278 3483 reget
2315 3412 2456 3480 illos,
2509 3424 2561 3469 et
2586 3416 2802 3472 deducet
2826 3416 2946 3472 illos
2984 3419 3055 3473 ad
3092 3420 3212 3475 vita:
3234 3420 3400 3491 fontes
3441 3438 3725 3492 aquarum,

2139 3513 2188 3558 et
2226 3505 2482 3577 absterget
2510 3506 2656 3563 Deus
2685 3526 2889 3565 omnem
2921 3509 3209 3582 lacrymam
3234 3529 3299 3567 ea:
3327 3512 3493 3569 oculis
3521 3531 3724 3569 eorum.

2139 3593 2208 3649 Et
2246 3596 2430 3652 la’titia
2462 3602 2775 3672 sempiterna
2806 3620 2963 3675 super
2995 3615 3150 3676 caput
3178 3623 3379 3680 eorum,
3405 3607 3729 3678 gaudiumet

2138 3687 2378 3745 lcctitiam
2405 3692 2725 3761 obtinebunt,
2773 3705 2821 3751 et
2851 3698 3016 3768 fugiet
3038 3697 3192 3753 dolor
3216 3709 3266 3754 et
3296 3702 3540 3772 gemitus.
3602 3702 3727 3758 Haec

2138 3781 2331 3836 civitas
2360 3782 2478 3850 Dei,
2529 3784 2583 3839 id
2625 3792 2710 3841 est
2733 3786 3062 3844 universitas
3096 3790 3342 3845 omnium
3387 3800 3723 3856 sanctorum,

2137 3888 2243 3926 non
2270 3883 2382 3945 eget
2402 3874 2531 3940 sole,
2555 3892 2719 3948 neque
2741 3877 2886 3944 luna,
2921 3889 2979 3933 ut
3001 3879 3209 3935 luceant
3236 3882 3293 3937 in
3313 3899 3396 3937 ea.
3446 3882 3595 3938 Nam
3619 3884 3726 3939 cla-

2136 3965 2267 4019 ritas
2292 3964 2393 4019 Dei
2430 3965 2742 4022 illuminavit
2764 3986 2901 4036 eam,
2935 3981 2983 4023 et
3007 3969 3223 4026 lucerna
3259 3973 3374 4043 ejus
3407 3982 3485 4027 est
3516 3973 3721 4045 Agnus.

2135 4056 2206 4111 Et
2223 4058 2433 4113 dicetur
2467 4059 2518 4114 ei
2559 4078 2571 4114 :
2606 4059 2731 4115 Non
2757 4062 3004 4116 audietur
3031 4063 3173 4118 ultra
3213 4065 3465 4137 iniquitas
3497 4066 3553 4120 in
3583 4076 3725 4121 terra

2136 4154 2249 4213 tua,
2276 4150 2491 4203 vastitas
2522 4159 2570 4204 et
2593 4153 2836 4206 contritio
2859 4153 2914 4206 in
2934 4156 3168 4211 terminis
3198 4158 3321 4223 tuis,
3371 4167 3421 4211 et
3451 4159 3725 4230 occupabit

2135 4238 2280 4293 salus
2317 4256 2498 4295 muros
2525 4250 2663 4310 tuos,
2708 4253 2755 4297 et
2784 4253 2956 4315 postes
2996 4255 3115 4302 tuas
3146 4246 3403 4303 laudatio.
3479 4249 3609 4305 Non
3629 4251 3727 4306 erit

2136 4332 2230 4386 tibi
2259 4334 2488 4406 amplius
2515 4336 2596 4391 sol
2632 4338 2701 4392 ad
2725 4338 3004 4397 lucendum
3024 4360 3119 4414 per
3149 4344 3307 4412 diem,
3360 4363 3453 4401 nec
3477 4346 3727 4417 splendor

2135 4424 2277 4481 Iunce
2314 4427 2629 4486 illuminabit
2650 4441 2742 4497 te;
2799 4435 2889 4489 sed
2914 4437 3011 4489 erit
3056 4437 3151 4491 tibi
3181 4436 3440 4494 Dominus
3468 4440 3526 4494 in
3554 4439 3726 4495 lucem

2137 4522 2524 4593 sempiternam,
2557 4534 2603 4578 et
2626 4524 2769 4581 Deus
2795 4538 2915 4584 tuus
2940 4529 2996 4582 in
3022 4528 3246 4600 gloriam
3270 4540 3435 4587 tuam.
3487 4532 3615 4588 Non
3640 4550 3727 4587 oc—

2138 4614 2273 4668 cidet
2302 4616 2444 4669 ultra
2469 4616 2549 4670 sol
2577 4627 2717 4684 tuus,
2774 4630 2821 4674 et
2864 4620 2992 4676 luna
3019 4632 3113 4678 tua
3139 4641 3241 4679 non
3268 4626 3568 4682 minuetur:
3599 4628 3727 4699 quia

2138 4705 2396 4761 Dominus
2446 4709 2545 4763 erit
2585 4709 2680 4763 tibi
2702 4710 2757 4765 in
2797 4710 2965 4767 lucem
2990 4716 3381 4788 sempiternam,
3418 4727 3467 4772 et
3497 4717 3727 4790 comple—

2139 4798 2333 4854 buntur
2369 4801 2478 4856 dies
2524 4800 2695 4857 luctus
2732 4805 2830 4858 tui.
2898 4803 3136 4878 Populus
3180 4819 3355 4865 autem
3389 4820 3512 4866 tuus
3547 4827 3727 4866 omnes

2130 4891 2289 4963 justi,
2314 4895 2368 4948 in
2386 4905 2692 4966 perpetuum
2711 4898 3092 4956 hazreditabunt
3116 4911 3329 4959 terram.
3379 4903 3450 4958 Et
3478 4904 3727 4959 videbunt

2139 4994 2313 5055 gentes
2338 4987 2546 5057 justum
2592 4998 2762 5057 tuum,
2801 4998 2850 5046 et
2875 4994 3048 5047 cuncti
3079 5011 3220 5065 reges
3247 4994 3500 5066 inclytum
3526 5005 3678 5051 tuum
3705 5011 3726 5063 ,'

2139 5085 2195 5135 et
2215 5078 2482 5135 vocabitur
2508 5081 2601 5136 tibi
2628 5100 2819 5139 nomen
2855 5101 3065 5152 novum,
3112 5086 3251 5157 quod
3289 5103 3348 5142 os
3381 5086 3596 5143 Domini
3625 5103 3727 5143 no-

2139 5173 2376 5227 minavit.
2432 5172 2503 5228 Et
2537 5176 2640 5230 eris
2671 5193 2866 5231 corona
2900 5177 3083 5248 gloria:
3111 5178 3168 5233 in
3203 5196 3365 5235 manu
3393 5180 3623 5243 Domini,
3675 5188 3727 5234 et

2141 5262 2386 5319 diadema
2409 5269 2555 5338 regni
2582 5268 2636 5322 in
2660 5286 2819 5323 manu
2846 5268 2944 5323 Dei
2974 5269 3073 5325 tui.
3138 5269 3266 5326 Non
3295 5272 3562 5327 vocaberis
3582 5271 3728 5326 ultra

2106 5428 2109 5431 _
2139 5355 2388 5411 derelicta
2404 5398 2420 5425 ,
2452 5368 2500 5412 et
2520 5368 2662 5413 terra
2682 5369 2774 5414 tua
2800 5378 2903 5417 non
2919 5361 3191 5417 vocabitur
3203 5362 3432 5434 amplius
3454 5363 3726 5429 desolata;

2139 5450 2230 5522 sed
2261 5450 2523 5506 vocaberis
2551 5453 2790 5510 voluntas
2813 5474 2930 5510 mea
2953 5457 3009 5510 in
3032 5473 3112 5520 ea,
3141 5467 3189 5513 et
3218 5467 3360 5513 terra
3387 5468 3479 5513 tua
3509 5457 3730 5514 inhabi-

2141 5554 2288 5611 tata;
2314 5547 2441 5617 quia
2464 5548 2777 5618 complacuit
2810 5549 3037 5605 Domino
3065 5546 3210 5617 inte,
3234 5560 3283 5605 et
3306 5560 3449 5607 terra
3463 5560 3557 5606 tua
3577 5551 3733 5605 inha-

2142 5638 2410 5694 bitabitur.
2464 5638 2736 5695 Habitabit
2769 5643 2907 5697 enim
2921 5643 3134 5714 juvenis
3163 5661 3280 5698 cum
3301 5644 3517 5714 uirgine,
3559 5651 3604 5699 et
3626 5644 3734 5697 Ita-

2142 5731 2377 5786 bitabant
2400 5734 2523 5787 inte
2550 5733 2649 5802 ﬁlii
2669 5735 2767 5789 tui.
2786 5734 2855 5789 Et
2881 5736 3372 5808 gaudebit'sponsus
3394 5752 3552 5807 super
3572 5751 3730 5806 spon-

2114 5822 2117 5823 ⁷
2143 5841 2277 5892 sam,
2309 5834 2358 5880 et
2386 5828 2630 5897 gaudebit
2649 5845 2806 5900 super
2829 5839 2878 5885 te
2900 5828 3042 5884 Deus
3079 5838 3221 5886 tuus.
3278 5830 3401 5885 Non
3431 5829 3645 5885 intrabit
3671 5829 3735 5883 in
