4012 6338
336 424 443 482 273

1474 424 1709 481 SERMO
1745 424 1835 480 DE
1871 423 2050 480 FIDE!
2087 423 2453 482 VERITATE.

3442 489 3449 494 .
3474 433 3580 491 274

333 555 452 596 eam
482 535 684 610 aliquid
708 538 1120 615 coinquinatum,
1148 546 1195 591 et
1246 537 1443 607 faciens
1471 536 1911 592 abominationem
1936 539 1991 599 Α
2011 539 2411 594 summationem
2446 548 2745 595 sanctorum
2774 542 2829 595 in
2873 560 2999 614 opus
3037 545 3343 611 ministerii,
3374 547 3427 601 in
3448 548 3588 619 tedi-

330 639 385 684 et
404 628 736 684 mendacium
754 640 773 679 :
795 642 896 683 nec
917 626 1077 682 fatua:
1107 626 1363 697 virgines,
1386 642 1506 697 qua:
1530 642 1638 683 non
1668 637 1910 696 sumpse-

330 733 462 780 runt
490 723 669 780 oleum
694 736 908 778 secum:
938 722 1041 777 nisi
1062 721 1154 791 qui
1181 721 1367 791 scripti
1394 729 1521 777 sunt
1544 720 1601 776 in
1629 720 1768 776 libro
1782 720 1911 799 vita:

327 813 493 887 Λευὶ,
511 821 568 870 et
590 813 889 885 regnabant
918 813 973 868 in
1001 813 1196 870 saecula
1218 813 1559 870 surculorum.

403 902 535 959 VIII.
568 903 695 961 Haec
715 904 974 975 praeclara
1020 904 1329 960 testimonia
1374 915 1575 961 sanctre
1605 903 1904 976 Scriptura:

328 997 625 1053 ostendunt
669 998 934 1052 unitatem
982 1004 1039 1052 et
1065 997 1425 1068 aequalitatem
1465 998 1702 1053 sedentis
1745 1013 1910 1068 super

330 1088 585 1145 thronum
614 1096 668 1144 et
691 1088 848 1160 Agni,
902 1088 1079 1144 Patris
1127 1090 1380 1146 videlicet
1431 1097 1485 1145 et
1518 1089 1662 1155 Filii,
1700 1105 1824 1145 cum
1853 1096 1909 1145 et

324 1195 469 1236 unus
498 1181 699 1235 dicitur
732 1180 849 1237 dies
882 1196 1109 1253 magnus
1135 1180 1229 1236 irae
1256 1182 1517 1252 ipsorum.
1543 1182 1739 1238 Mansit
1759 1183 1907 1239 enim

322 1273 551 1343 mqualis
607 1272 777 1338 Patri,
826 1273 995 1328 etiam
1044 1282 1332 1344 postquam
1384 1274 1560 1331 factus
1613 1282 1700 1331 est
1727 1276 1907 1331 minor

320 1363 506 1420 Patre.
539 1364 693 1422 Unde
722 1371 778 1419 et
799 1363 989 1420 Patres
1024 1365 1220 1431 sancti,
1255 1365 1503 1421 doctores
1529 1364 1777 1421 videlicet
1805 1365 1906 1420 Ec-

319 1456 527 1523 clesiae,
557 1457 613 1511 in
667 1455 991 1511 brevissimo
1037 1456 1240 1527 hymno
1285 1471 1448 1525 quem
1470 1455 1721 1523 Psalmis,
1748 1456 1905 1511 Anti-

318 1546 519 1616 phonis
566 1554 623 1602 et
679 1545 1060 1616 Responsoriis
1113 1547 1510 1619 subiungimus,
1572 1548 1903 1604 cantandum

318 1638 689 1693 tradiderunt:
719 1634 900 1693 Gloria
928 1635 1102 1703 Patri,
1124 1647 1172 1692 et
1187 1635 1236 1690 F
1238 1637 1348 1703 ilio,
1365 1647 1412 1692 et
1438 1637 1661 1708 Spiritui
1684 1648 1900 1704 sancto;

314 1729 455 1783 sicut
482 1736 596 1783 erat
622 1728 677 1782 in
701 1728 976 1799 principio,
1004 1736 1054 1782 et
1082 1745 1241 1794 nunc,
1292 1736 1341 1782 et
1365 1745 1587 1801 semper,
1619 1736 1668 1782 et
1694 1730 1750 1785 in
1801 1746 1902 1785 sae-

313 1818 442 1874 cula
492 1818 824 1874 swculorum.
856 1819 1074 1874 Etcum
1118 1818 1277 1875 electi
1297 1836 1365 1876 ex
1399 1821 1652 1876 omnibus
1685 1822 1900 1893 populis

2012 628 2312 696 ﬁcationem
2345 631 2578 703 corporis
2609 629 2828 699 Christi,
2859 634 3023 689 donec
3049 653 3385 693 occurramus
3414 656 3597 697 omnes

2009 720 2068 773 in
2115 721 2367 776 unitatem
2402 723 2527 793 ﬁdei
2557 734 2617 779 et
2663 726 2981 796 agnitionem
3018 725 3150 782 Filii
3184 727 3285 783 Dei
3320 729 3378 784 in
3423 731 3593 789 virum

2009 812 2318 901 perfectum,
2360 815 2417 869 in
2451 832 2751 872 mensuram
2775 819 2947 873 aetatis
2980 806 3327 901 plenitudinis
3358 818 3592 892 Christi;

2010 907 2069 953 ut
2095 900 2214 970 jam
2251 918 2355 956 non
2381 903 2545 957 simus
2569 906 2776 976 parvuli
2811 906 3145 976 ﬂuctuantes,
3173 919 3221 963 et
3250 909 3595 983 circumfera-

2009 1008 2131 1046 mur
2167 995 2309 1048 omni
2351 1005 2498 1051 vento
2538 997 2792 1052 doctrina:
2832 999 2890 1053 in
2927 1001 3158 1072 nequitia
3196 987 3494 1069 hominum,
3534 1004 3594 1060 in

2010 1085 2208 1140 astutia
2236 1086 2306 1140 ad
2330 1088 2819 1145 circumventionem
2845 1093 3064 1147 erroris.
3098 1090 3384 1147 Veritatem
3413 1105 3590 1156 autem

2009 1175 2257 1245 facientes
2301 1176 2358 1231 in
2401 1177 2678 1245 charitate,
2715 1196 3008 1237 crescamus
3038 1182 3094 1236 in
3130 1181 3223 1237 illo
3248 1199 3342 1253 per
3378 1184 3590 1251 omnia,

2006 1269 2097 1339 qui
2133 1277 2208 1324 est
2239 1278 2396 1339 caput
2437 1266 2676 1325 Christus
2698 1289 2717 1326 :
2753 1273 2905 1344 cujus
2945 1282 3111 1328 totum
3146 1291 3336 1347 corpus
3374 1292 3590 1346 compa-
3630 1327 3643 1333 -

2008 1367 2146 1414 ctum
2191 1377 2285 1431 per
2334 1377 2538 1415 omnem
2578 1363 2889 1431 juncturam
2936 1364 3472 1437 subministrationis,
3504 1382 3589 1420 se-

2007 1451 2237 1504 cundum
2301 1453 2652 1523 operationem
2702 1455 2759 1509 in
2819 1472 3119 1511 mensuram
3176 1456 3591 1527 uniuscujusque

2005 1542 2246 1609 membri,
2282 1553 2620 1613 augmentum
2649 1548 2880 1617 corporis
2923 1547 3053 1617 facit
3091 1548 3148 1602 in
3186 1548 3589 1618 wdiﬁcationem

2002 1632 2088 1686 sui
2114 1633 2168 1687 in
2191 1633 2468 1689 charitate.
2492 1634 2560 1690 Et
2588 1635 2786 1690 iterum
2812 1656 2826 1690 :
2858 1635 3030 1710 Caput
3059 1655 3124 1693 ea:
3151 1656 3255 1710 quo
3281 1648 3449 1693 totum
3472 1656 3588 1694 cor-

2002 1740 2123 1794 pus,
2169 1740 2264 1795 per
2302 1742 2465 1780 nexus
2505 1736 2555 1781 et
2602 1727 2998 1798 conjunctiones
3041 1729 3493 1785 subministratum
3538 1740 3587 1784 et

2003 1823 2380 1883 constructum,
2405 1817 2591 1871 crescit
2612 1818 2668 1871 in
2689 1828 3043 1889 augmentum.
3067 1820 3137 1874 Et
3155 1820 3261 1876 alio
3286 1822 3406 1877 loco
3430 1802 3589 1875 :‘Sol-

312 1920 373 1967 et
398 1911 598 1982 linguis
626 1920 772 1966 stare
798 1911 1049 1966 dicuntur
1077 1919 1203 1966 ante
1226 1911 1481 1967 thronum
1518 1913 1573 1967 in
1598 1916 1896 1985 conspectu
1922 1907 1971 1968 B
1999 1902 2138 1959 licite
2166 1916 2364 1959 servate
2391 1907 2644 1961 unitatem
2668 1908 2884 1978 spiritus
2910 1909 2966 1964 in
2988 1910 3195 1965 vinculo
3220 1912 3384 1983 pacis.
3412 1909 3587 1966 Unum

309 2001 481 2073 Agni,
505 2010 561 2057 et
585 2017 693 2056 una
722 2000 868 2058 salus
897 2009 1147 2057 cantatur
1171 2002 1221 2058 ei
1244 2003 1336 2073 qui
1363 2003 1516 2060 sedet
1558 2019 1723 2074 super
1747 2005 1919 2079 thro-q

310 2109 448 2148 num
474 2102 531 2148 et
554 2093 729 2165 Agno,
766 2101 823 2150 et
843 2096 1046 2165 pariter
1073 2094 1382 2150 illuminant
1411 2096 1688 2153 civitatem
1709 2112 1894 2153 suam:

304 2188 421 2269 hoc
447 2189 624 2258 ipsum
642 2188 964 2256 ostenditur,
994 2196 1057 2242 ut
1081 2189 1316 2243 sciamus
1340 2205 1509 2244 unum
1538 2203 1660 2246 esse
1678 2190 1899 2246 Patrem

304 2290 369 2338 et
399 2281 617 2349 Filium,
654 2283 819 2338 etiam
870 2291 1161 2354 postquam
1187 2282 1365 2338 minor
1407 2282 1605 2349 factus,
1636 2283 1898 2339 obediens

304 2376 527 2433 exstitit
566 2392 738 2446 usque
790 2377 858 2432 ad
899 2383 1153 2442 mortem,
1206 2385 1439 2433 mortem
1487 2387 1668 2433 autem
1699 2378 1895 2434 crucis.

307 2468 546 2541 Propter
565 2470 705 2542 quod
729 2469 873 2524 Deus
893 2467 1045 2523 illum
1080 2468 1349 2537 exultavit,
1374 2478 1423 2524 et
1450 2470 1662 2524 donavit
1695 2469 1776 2524 illi
1807 2486 1902 2525 no-

303 2581 453 2630 men,
480 2563 620 2636 quod
647 2571 725 2618 est
744 2579 899 2635 super
928 2579 1077 2616 omne
1105 2578 1323 2627 nomen;
1362 2570 1420 2616 ut
1449 2562 1508 2615 in
1533 2561 1741 2616 nomine
1768 2560 1899 2617 Jesu

307 2672 467 2710 omne
487 2673 622 2727 genu
644 2657 903 2726 ﬂectatur,
923 2652 1226 2719 caelestium,
1242 2654 1586 2717 terrestrium,
1608 2662 1655 2707 et
1668 2652 1899 2721 inferno-

307 2764 455 2813 rum,
484 2757 533 2802 et
554 2747 724 2802 omnis
756 2745 937 2818 lingua
962 2746 1299 2816 conﬁteatur,
1343 2747 1467 2819 quia
1502 2746 1758 2801 Dominus
1802 2745 1899 2800 Je-

305 2854 403 2893 sus
431 2834 669 2892 Christus
690 2837 747 2892 in
773 2836 945 2909 gloria
970 2846 1046 2893 est
1072 2837 1171 2892 Dei
1198 2834 1399 2892 Patris.
1455 2837 1703 2893 Ostendit
1734 2838 1900 2893 etiam

307 2939 480 3001 caput
521 2929 821 2986 exaltatum
860 2931 929 2986 ad
982 2938 1240 3001 quantam
1291 2931 1681 2987 sublimitatem
1722 2930 1900 2986 elevat

306 3038 511 3094 corpus
545 3039 725 3090 suum,
748 3031 803 3079 et
831 3024 1091 3079 unitatem
1120 3023 1316 3094 capitis
1343 3031 1399 3079 et
1421 3023 1686 3094 corporis,
1711 3023 1897 3093 sponsi

307 3115 567 3172 videlicet
600 3122 658 3171 et
685 3130 920 3186 sponsze.
950 3115 1103 3171 Unde
1135 3115 1335 3170 dicitur
1362 3133 1375 3170 :
1408 3114 1594 3171 Induit
1626 3132 1709 3170 me
1745 3115 1898 3171 vesti-

306 3209 503 3263 mentis
524 3208 732 3273 salutis,
772 3220 821 3263 et
856 3208 1161 3263 indumento
1180 3208 1408 3279 justitia:
1452 3208 1897 3264 circumdeditme

308 3301 471 3375 quasi
492 3316 735 3370 sponsum
763 3299 1068 3354 decoratum
1093 3316 1287 3354 corona
1312 3341 1328 3366 ,
1374 3308 1423 3354 et
1450 3301 1603 3367 quasi
1651 3317 1896 3371 sponsam

315 3402 568 3448 ornatam
593 3391 871 3447 monilibus
892 3394 1023 3446 suis.
1090 3391 1161 3446 Se
1197 3392 1344 3447 enim
1374 3392 1512 3447 dixit
1534 3407 1814 3462 sponsum,
1839 3405 1898 3446 se

313 3498 598 3556 sponsam.
622 3483 746 3540 Hzec
772 3491 919 3538 tanta
944 3483 1123 3539 unitas
1147 3492 1248 3551 est
1276 3482 1408 3539 illud
1436 3482 1815 3539 inaestimabile
1841 3490 1897 3539 et

316 3577 588 3655 ineﬂ‘abile
613 3577 835 3644 bonum,
860 3578 1004 3649 quod
1032 3592 1134 3633 nec
1179 3578 1370 3634 oculus
1409 3578 1563 3644 vidit,
1604 3592 1705 3633 nec
1746 3578 1896 3634 auris

310 3670 544 3735 audivit,
571 3686 671 3726 nec
691 3670 746 3724 in
769 3669 1112 3725 corhominis
1133 3668 1393 3734 ascendit,
1418 3668 1560 3738 quod
1573 3668 1896 3738 praeparavit

306 3761 463 3817 Deus
485 3761 836 3832 diligentibus
864 3775 950 3827 se;
977 3775 1099 3815 cum
1116 3758 1401 3831 Agnusille
1419 3768 1503 3815 est
1522 3775 1753 3829 sponsus
1773 3776 1896 3830 gre-

306 3854 395 3924 gis
415 3853 520 3916 sui,
544 3864 733 3923 pastor
747 3853 927 3908 ovium
952 3868 1201 3919 suarum;
1226 3861 1283 3907 et
1296 3852 1388 3922 qui
1407 3861 1492 3908 est
1509 3867 1680 3923 agnus
1701 3852 1755 3906 in
1777 3868 1898 3923 pas-

307 3953 491 4019 sione,
514 3952 600 4009 leo
622 3954 677 4007 in
699 3951 1117 4017 resurrectione,
1144 3949 1320 4020 aquila
1336 3949 1390 4003 in
1403 3949 1741 4013 ascensione,
1759 3947 1897 4017 lapis

304 4058 531 4115 quoque
558 4043 852 4114 angularis,
901 4042 1146 4114 lapisque
1174 4041 1444 4096 abscissus
1480 4040 1546 4094 de
1575 4047 1755 4094 monte
1780 4039 1898 4094 sine

308 4137 588 4203 manibus,
625 4145 681 4192 et
736 4135 913 4192 factus
941 4143 1026 4191 est
1077 4149 1233 4189 mons
1263 4148 1490 4205 magnus
1519 4131 1747 4201 impleas
1774 4124 1917 4185 om?

303 4245 442 4287 nem
472 4239 693 4284 terram.
725 4228 838 4284 Hoc
865 4238 949 4285 est
989 4243 1214 4299 regnum
1238 4226 1381 4297 quod
1410 4226 1466 4280 in
1497 4234 1761 4280 aeternum
1788 4238 1899 4279 non

304 4321 688 4391 dissipabitur,
720 4327 776 4374 et
808 4319 1005 4391 populo
1025 4318 1185 4373 alteri
1217 4332 1325 4371 non
1345 4315 1611 4383 tradetur,
1642 4322 1697 4370 et
1719 4313 1923 4386 ipsum‘

305 4413 480 4468 stabit
507 4413 565 4467 in
590 4420 870 4467 aeternum.
900 4411 977 4465 De
1001 4411 1105 4466 hac
1132 4410 1337 4464 unitate
1365 4418 1420 4464 et
1441 4408 1700 4464 ineﬂ‘abili
1726 4408 1897 4464 subli-

308 4507 508 4561 mitate
536 4505 731 4575 capitis
754 4512 810 4559 et
863 4502 1106 4573 corporis
1154 4517 1252 4572 per
1276 4500 1553 4555 Danielem
1580 4501 1901 4571 pmphetam

2000 2010 2210 2066 corpus,
2239 2005 2289 2051 et
2324 2013 2460 2052 unus
2484 1998 2721 2069 spiritus,
2758 2000 2895 2054 sicut
2935 2003 3104 2056 vocati
3132 2003 3254 2057 estis
3282 2004 3337 2058 in
3365 2019 3472 2058 una
3499 2019 3589 2073 spe

1999 2088 2285 2143 vocationis
2320 2098 2518 2147 vestrm.
2569 2089 2718 2147 Unus
2762 2092 3043 2161 Dominus,
3079 2111 3195 2150 una
3223 2095 3377 2165 fides,
3422 2111 3586 2149 unum

2002 2177 2277 2250 baptisma.
2306 2180 2456 2237 Unus
2483 2182 2628 2238 Deus
2655 2194 2732 2239 est
2755 2194 2804 2239 et
2834 2184 2999 2240 Pater
3023 2188 3287 2253 omnium,
3314 2187 3405 2258 qui
3429 2203 3587 2258 super

2002 2288 2199 2339 omnes,
2237 2282 2287 2328 et
2312 2290 2407 2346 per
2442 2276 2641 2343 omnia,
2685 2286 2735 2331 et
2775 2278 2832 2331 in
2860 2277 3100 2333 omnibus
3132 2280 3299 2334 nobis.
3338 2277 3476 2334 Item
3519 2278 3586 2332 de

2001 2362 2209 2418 unitate
2253 2365 2661 2422 membrorum:
2693 2367 2843 2424 Sicut
2886 2372 3024 2425 enim
3059 2386 3247 2442 corpus
3280 2387 3443 2427 unum
3477 2380 3585 2437 est,

2001 2455 2196 2525 inquit,
2221 2465 2271 2511 et
2294 2458 2526 2514 membra
2553 2460 2707 2515 habet
2735 2463 2925 2530 multa,
2948 2464 3126 2518 omnia
3150 2473 3327 2519 autem
3348 2465 3582 2521 membra

2001 2546 2235 2616 corporis
2279 2564 2399 2601 cum
2445 2550 2550 2603 sint
2578 2550 2776 2617 multa,
2816 2569 2981 2607 unum
3021 2571 3209 2625 corpus
3246 2563 3401 2622 sunt;
3432 2556 3510 2609 ita
3535 2566 3586 2609 et

2001 2635 2261 2691 Christus.
2293 2637 2504 2694 Etenim
2531 2640 2587 2693 in
2613 2657 2716 2695 uno
2749 2640 2954 2713 Spiritu
2989 2660 3165 2698 omnes
3193 2660 3287 2699 nos
3316 2645 3372 2700 in
3416 2661 3580 2700 unum

2001 2743 2188 2800 corpus
2215 2727 2466 2800 baptisati
2494 2746 2697 2798 sumus,
2724 2734 2833 2787 sive
2856 2733 3058 2800 Judaei,
3086 2736 3193 2790 sive
3213 2734 3450 2806 gentiles,
3478 2736 3586 2790 sive

2000 2817 2159 2883 servi,
2175 2817 2281 2871 sive
2307 2816 2476 2886 liberi,
2492 2828 2541 2872 et
2558 2836 2734 2875 omnes
2750 2822 2926 2875 inuno
2946 2820 3153 2893 Spiritu
3179 2825 3346 2894 potati
3375 2840 3578 2880 sumus.

2003 2906 2147 2962 Nam
2175 2925 2364 2981 corpus
2391 2926 2497 2965 non
2528 2918 2605 2965 est
2630 2927 2793 2965 unum
2815 2911 3127 2979 membrum,
3155 2912 3247 2968 sed
3271 2912 3459 2969 multa.

2070 3020 2138 3076 Χ.
2177 3022 2332 3091 Quod
2372 3032 2554 3080 autem
2585 3025 2844 3081 mediatio
2891 3026 3208 3082 mediatoris
3257 3010 3355 3083 Dei
3383 3037 3439 3084 et
3483 3029 3581 3086 h0-

2000 3115 2203 3171 minum
2233 3115 2447 3172 Domini
2490 3119 2665 3173 nostri
2711 3118 2841 3175 Jesu
2870 3119 3072 3176 Christi
3102 3120 3395 3193 eonjungat
3436 3121 3588 3178 Patri

2001 3223 2220 3264 omnem
2246 3207 2473 3264 electam
2498 3218 2830 3277 creaturam,
2856 3211 2933 3265 ita
2963 3206 3023 3265 ut
3049 3212 3153 3268 ista
3181 3211 3439 3269 ineﬂ'abili
3468 3213 3590 3270 uni—

1923 3270 1969 3335 Ο
2001 3308 2113 3357 tate
2137 3300 2382 3371 spiritus,
2413 3302 2560 3356 nulla
2586 3303 2658 3358 sit
2682 3270 2972 3360 diversitas
2999 3306 3239 3375 generis,
3262 3307 3589 3363 conditionis

1997 3404 2053 3452 et
2090 3409 2272 3461 sexus,
2319 3395 2414 3451 sed
2447 3404 2558 3451 tam
2586 3411 2654 3452 ex
2690 3397 2917 3468 angelis,
2960 3414 3125 3469 quam
3154 3415 3220 3455 ex
3257 3401 3583 3468 hominibus,
3684 3422 3697 3431 ί

1997 3504 2107 3545 una
2133 3490 2324 3546 domus
2346 3497 2401 3544 et
2429 3505 2537 3544 una
2557 3490 2752 3546 civitas
2779 3490 2876 3546 Dei
2906 3490 3023 3559 ﬁat,
3051 3500 3215 3563 atque
3239 3492 3401 3565 hujus
3424 3501 3587 3550 tanta:

1998 3592 2055 3641 et
2083 3591 2197 3639 tam
2224 3584 2488 3639 mirabilis
2513 3585 2739 3642 unitatis
2779 3602 2946 3642 unum
2990 3597 3155 3659 caput
3196 3590 3269 3646 sit
3312 3589 3584 3659 Christus,

1997 3678 2074 3733 ita
2109 3677 2269 3734 docet
2310 3676 2603 3746 Apostolus
2631 3693 2647 3732 :
2681 3677 2861 3734 Nolite
2893 3682 3103 3735 mentiri
3132 3681 3373 3750 invicem,
3402 3701 3589 3756 exspo-

1997 3768 2186 3824 liantes
2212 3786 2303 3823 vos
2341 3776 2563 3823 veterem
2588 3769 2851 3825 hominem
2875 3788 2994 3824 cum
3022 3772 3225 3826 actibus
3261 3774 3398 3843 ejus,
3426 3783 3475 3829 et
3504 3776 3586 3829 in-

1998 3861 2213 3915 duentes
2241 3877 2449 3927 novum,
2473 3878 2593 3915 eum
2617 3863 2709 3934 qui
2735 3873 3016 3917 renovatur
3047 3864 3104 3918 in
3134 3865 3473 3935 agnitionem,
3505 3883 3588 3920 se-

1999 3950 2227 4005 cundum
2265 3951 2547 4021 imaginem
2586 3952 2700 4021 ejus
2726 3948 2830 4023 qui
2859 3954 3050 4007 creavit
3074 3968 3231 4009 eum:
3260 3955 3348 4009 ubi
3378 3972 3484 4012 non
3509 3966 3586 4012 est

1998 4039 2205 4110 gentilis
2251 4049 2299 4094 et
2333 4040 2577 4106 Judwus,
2623 4042 2951 4098 circumcisio
2983 4055 3032 4099 et
3072 4049 3418 4119 praeputium,
3446 4047 3589 4104 Bar-

2000 4130 2157 4184 barus
2183 4140 2228 4185 et
2263 4130 2480 4201 Scytha,
2506 4148 2686 4187 servus
2717 4142 2766 4187 et
2805 4131 2955 4201 liber,
2983 4136 3074 4192 sed
3111 4140 3291 4193 omnia
3315 4149 3365 4195 et
3393 4141 3449 4195 in
3473 4157 3587 4195 om-

2000 4221 2151 4277 nibus
2188 4221 2445 4277 Christus.
2473 4223 2543 4278 Et
2582 4224 2779 4280 iterum
2813 4243 2826 4279 :
2875 4225 3184 4300 Quicunque
3222 4230 3277 4285 in
3318 4227 3585 4287 Christum

2000 4311 2249 4384 baptizati
2275 4315 2419 4381 estis,
2454 4312 2721 4371 Christum
2758 4318 3023 4374 induistis.
3073 4320 3197 4376 Non
3237 4306 3313 4376 est
3339 4309 3585 4395 Judteus,

2002 4422 2163 4477 neque
2193 4402 2435 4474 ercus;
2468 4424 2575 4463 non
2609 4418 2685 4464 est
2719 4428 2918 4478 servus,
2966 4430 3130 4484 neque
3168 4411 3332 4479 liber;
3370 4431 3475 4469 non
3502 4414 3584 4471 est

2001 4496 2284 4562 masculus,
2321 4515 2484 4571 neque
2512 4500 2729 4569 femina.
2757 4501 2947 4558 Omnes
2973 4505 3111 4560 enim
3141 4521 3228 4559 vos
3258 4521 3420 4560 unum
3462 4508 3585 4562 estis

306 4598 553 4652 dicitur:
597 4595 924 4667 Aspiciebam
959 4596 1016 4649 in
1050 4595 1247 4649 visione
1287 4593 1497 4660 noctis;
1542 4602 1591 4648 et
1633 4610 1748 4648 ecce
1778 4610 1897 4648 cum
1921 4633 1981 4694 Β
2001 4590 2057 4644 in
2111 4588 2318 4645 Christo
2367 4590 2516 4646 Jesu.
2568 4592 2637 4648 Et
2689 4593 2816 4650 alibi
2857 4610 2871 4649 :
2913 4592 3043 4650 Volo
3091 4606 3267 4650 autem
3306 4613 3393 4652 vos
3450 4598 3585 4653 scire

308 4689 539 4745 nubibus
570 4687 681 4742 caeli
703 4686 855 4758 quasi
875 4686 1019 4758 ﬁlius
1039 4685 1263 4741 hominis
1287 4684 1540 4752 veniebat,
1564 4694 1613 4740 et
1643 4701 1806 4757 usque
1828 4684 1898 4739 ad
1922 4681 1971 4694 ”
2001 4681 2140 4753 quod
2163 4683 2330 4736 omnis
2360 4683 2459 4737 viri
2489 4693 2646 4755 caput
2677 4683 2913 4740 Christus
2940 4695 3052 4752 est;
3081 4694 3240 4756 caput
3265 4696 3439 4755 autem
3468 4704 3584 4741 mu-

308 4779 595 4850 antiquum
619 4777 825 4833 dierum
851 4779 1080 4849 pervenit
1103 4794 1124 4844 ;
1181 4786 1231 4832 et
1258 4777 1316 4832 in
1366 4786 1638 4849 conspectu
1665 4776 1780 4848 ejus
1809 4778 1899 4831 ob-

307 4872 552 4928 tulerunt
579 4889 695 4927 eum
712 4890 731 4939 ;
762 4882 811 4927 et
856 4871 997 4927 dedit
1027 4872 1075 4926 ei
1109 4880 1437 4943 potestatem,
1463 4881 1511 4926 et
1540 4872 1811 4937 honorem,
1850 4879 1898 4925 et

308 4981 573 5035 regnum;
597 4974 645 5017 et
675 4980 849 5018 omnes
867 4961 1068 5034 populi,
1100 4962 1289 5030 tribus,
1320 4972 1369 5017 et
1415 4960 1610 5035 lingua:
1648 4964 1746 5033 ipsi
1789 4978 1900 5017 ser-

308 5059 491 5123 vient;
522 5066 747 5128 potestas
769 5057 904 5129 ejus,
928 5065 1154 5126 potestas
1174 5065 1395 5122 veterna,
1423 5073 1538 5129 qua:
1567 5074 1670 5113 non
1693 5056 1899 5127 aufere-

309 5160 442 5214 tur;
472 5157 520 5201 et
549 5164 765 5220 regnum
794 5148 931 5219 ejus,
953 5147 1095 5220 quod
1125 5165 1228 5202 non
1261 5157 1640 5219 corrumpetur,

389 5240 481 5295 1X.
514 5240 642 5296 Haec
682 5241 865 5296 unitas
889 5248 944 5296 et
970 5240 1271 5299 sublimitas
1299 5241 1492 5312 capitis
1532 5249 1589 5296 et
1630 5245 1898 5313 corporis,

309 5350 441 5405 quae
470 5331 653 5387 futura
682 5340 767 5388 est
793 5332 850 5387 in
879 5331 1061 5403 specie
1084 5338 1140 5387 et
1168 5346 1247 5398 re,
1274 5331 1421 5387 omni
1461 5331 1761 5387 intentione
1790 5334 1903 5403 pie-

309 5429 451 5483 tatis
479 5426 595 5497 jam
623 5440 771 5481 nunc
807 5425 1036 5481 tenenda
1072 5432 1157 5481 est
1195 5425 1251 5479 in
1299 5423 1406 5479 ﬁde
1442 5431 1498 5480 et
1526 5424 1581 5479 in
1609 5440 1724 5495 spe.
1754 5424 1905 5481 Hanc

311 5519 633 5576 sublimiter
674 5516 1013 5573 commendat
1060 5515 1382 5586 Apostolus,
1425 5530 1548 5571 cum
1596 5516 1768 5572 dicit:
1800 5515 1904 5583 Qui

312 5609 610 5675 descendit,
637 5610 746 5681 ipse
769 5617 864 5676 est,
890 5617 941 5662 et
968 5608 1058 5681 qui
1087 5607 1319 5662 ascendit
1342 5625 1496 5681 super
1522 5626 1699 5665 omnes
1726 5609 1900 5678 cwlos,

316 5712 381 5757 ut
427 5700 668 5774 impleret
702 5683 900 5761 omnia.
945 5700 1015 5755 Et
1060 5702 1169 5772 ipse
1213 5701 1357 5756 dedit
1399 5702 1654 5775 quosdam
1694 5703 1905 5775 quidem

317 5791 613 5865 apostolos,
638 5792 892 5864 quosdam
918 5801 1088 5845 autem
1118 5793 1416 5864 prophetas,
1444 5793 1576 5849 alios
1604 5811 1722 5850 vero
1750 5810 1905 5850 evan-

316 5882 565 5955 gelistas,
595 5881 729 5938 alios
773 5890 949 5937 autem
983 5891 1217 5952 pastores
1267 5892 1316 5937 et
1355 5883 1611 5952 doctores,
1649 5884 1720 5939 ad
1775 5901 1905 5941 con-

2000 4773 2165 4841 Iieris,
2190 4776 2299 4841 vir;
2329 4785 2485 4847 caput
2510 4793 2628 4832 vero
2652 4777 2871 4845 Christi,
2899 4777 3063 4832 Deus.
3087 4777 3327 4850 Itemque
3348 4793 3368 4831 :
3390 4778 3584 4836 Omnia

1999 4869 2136 4923 enim
2165 4878 2332 4924 vestra
2362 4879 2516 4939 sunt,
2546 4888 2636 4926 vos
2669 4882 2844 4927 autem
2874 4868 3100 4939 Christi,
3131 4870 3371 4930 Christus
3407 4885 3584 4932 autem

1999 4960 2117 5016 Dei.
2149 4961 2217 5016 Et
2244 4962 2348 5018 alio
2375 4962 2494 5020 loco
2520 4982 2532 5017 :
2562 4963 2704 5030 Quid
2731 4974 2806 5019 est
2833 4966 3007 5035 imago
3032 4964 3129 5019 Dei
3152 4966 3451 5037 invisibilis,
3478 4971 3586 5041 pri-

1998 5053 2291 5123 mogenitus
2318 5055 2488 5108 omnis
2509 5064 2766 5109 creatura:
2789 5071 2807 5109 :
2838 5056 2964 5126 quia
3001 5056 3059 5111 in
3081 5056 3193 5128 ipso
3220 5059 3434 5114 condita
3460 5070 3585 5117 sunt

2000 5147 2175 5201 omnia
2196 5148 2253 5202 in
2292 5149 2429 5206 cazlis
2460 5160 2511 5205 et
2538 5152 2595 5206 in
2617 5160 2779 5217 terra,
2802 5150 3026 5207 visibilia
3057 5161 3107 5209 et
3138 5154 3440 5222 invisibilia,
3476 5156 3586 5213 sive

2000 5238 2196 5306 throni,
2237 5240 2340 5295 sive
2381 5242 2782 5309 dominationes,
2824 5242 2931 5297 sive
2960 5244 3307 5316 principatus,
3347 5245 3455 5300 sive
3489 5262 3587 5317 po-

2001 5338 2229 5386 testates.
2254 5323 2455 5387 'Omnia
2482 5349 2575 5403 per
2608 5333 2781 5403 ipsum
2818 5342 2866 5390 et
2907 5333 2964 5389 in
3003 5334 3114 5406 ipso
3146 5344 3325 5391 creata
3350 5345 3506 5403 sunt;
3532 5346 3585 5391 et

2001 5424 2111 5495 ipse
2148 5434 2225 5479 est
2254 5437 2375 5479 ante
2397 5441 2614 5491 omnes,
2647 5434 2700 5487 et
2737 5428 2912 5483 omnia
2954 5429 3024 5484 in‘
3056 5429 3169 5501 ipso
3207 5438 3467 5485 constant.
3509 5429 3586 5485 Et

2002 5514 2111 5585 ipse
2145 5523 2223 5569 est
2248 5523 2404 5585 caput
2438 5515 2670 5587 corporis
2696 5516 2967 5586 Ecclesiae,
3010 5521 3101 5591 qui
3134 5508 3211 5575 est
3245 5521 3581 5593 principium,

2001 5605 2371 5675 primogenitus
2397 5621 2464 5660 ea:
2491 5607 2733 5677 mortuis,
2756 5614 2829 5665 'ut
2856 5611 2925 5665 sit
2950 5598 3008 5666 in
3050 5604 3303 5667 omnibus
3325 5613 3435 5684 ipse
3474 5612 3587 5684 pri-

2002 5703 2202 5749 matum
2227 5703 2445 5750 tenens:
2474 5698 2599 5769 quia
2622 5700 2679 5756 in
2700 5700 2812 5772 ipso
2841 5701 3154 5773 complacuit
3183 5719 3384 5759 omnem
3416 5701 3585 5774 pleni-

2004 5787 2236 5842 tudinem
2279 5788 2538 5860 habitare,
2567 5804 2617 5850 et
2648 5812 2742 5867 per
2773 5813 2893 5850 eum
2937 5796 3267 5851 reconciliari
3316 5796 3489 5850 omnia
3526 5797 3583 5850 in

2002 5884 2204 5955 ipsum;
2229 5888 2515 5959 paciﬁcans
2538 5907 2632 5961 per
2654 5892 2959 5962 sanguinem
2984 5892 3153 5946 crucis
3174 5890 3311 5959 ejus,
3336 5889 3441 5943 sive
3461 5904 3580 5957 qua:
