4012 6338
399 472 506 531 275

1370 462 1428 518 S.
1471 450 1822 516 AGOBARDI
1862 444 2181 507 EPISCOPI
2218 443 2707 506 LUGDUNENSIS

3581 435 3694 494 276

396 593 456 649 in
500 588 676 656 terris,
701 587 810 644 sive
834 600 952 658 qua:
975 584 1032 639 in
1068 580 1225 637 caelis.
1255 578 1323 634 Et
1358 577 1594 633 iterum:
1626 573 1765 641 Quia
1800 574 1857 627 in
1884 572 1997 643 ipso
2026 547 2079 608 Α
2102 564 2260 629 malo,
2294 572 2344 621 et
2384 565 2443 621 in
2478 558 2718 620 omnibus
2760 560 2978 634 perfecti
3020 567 3182 616 stare.
3228 554 3375 615 State
3411 564 3535 629 ergo
3577 572 3696 613 suc-

398 681 661 741 inltabitat
688 679 861 738 omnis
897 674 1169 748 plenitudo
1205 668 1500 729 divinitatis
1534 667 1911 739 corporaliter;
1947 676 1998 723 et

399 782 524 837 estis
553 780 610 836 in
636 778 729 835 illo
754 775 956 849 repleti,
981 772 1073 847 qui
1092 780 1168 828 est
1195 779 1353 845 caput
1386 768 1555 825 omnis
1593 764 1916 838 principatus
1947 766 1998 817 et

400 870 695 946 potestatis.

470 960 563 1023 XI.
594 962 704 1021 Pro
736 963 841 1019 hac
885 957 1145 1017 ineﬂ‘abili
1172 958 1383 1014 unitate
1425 955 1541 1027 ipse
1582 952 1850 1009 mediator
1898 950 1998 1006 Dei

401 1063 459 1115 et
495 1055 808 1120 hominum,
852 1048 999 1108 Deus
1035 1048 1219 1117 homo,
1249 1047 1498 1104 Christus
1539 1043 1721 1112 Iesus,
1752 1049 1999 1115 tempore

401 1144 672 1221 passionis
718 1153 831 1202 suae
879 1141 1093 1216 rogavit
1137 1139 1387 1207 Patrem,
1439 1138 1626 1195 dicens
1663 1155 1675 1190 :
1710 1132 1996 1205 Sancti/ica

401 1254 489 1296 eos
518 1241 575 1295 in
612 1239 845 1295 veritate.
882 1235 1070 1292 Sermo
1111 1240 1233 1288 tuus
1261 1232 1472 1288 veritas.
1506 1227 1659 1285 Sicut
1697 1226 1756 1281 tu
1780 1243 1862 1281 me
1900 1224 2000 1280 mi-

402 1333 518 1391 sisti
544 1334 601 1390 in
628 1331 904 1397 mundum,
932 1336 981 1385 et
1013 1345 1107 1401 ego
1134 1327 1257 1382 misi
1296 1342 1382 1381 eos
1408 1324 1463 1379 in
1491 1320 1766 1377 mundum.
1798 1317 1869 1373 Et
1902 1336 1997 1391 pro

403 1424 481 1485 eis
505 1442 600 1501 ego
628 1424 902 1497 sanctiﬁco
925 1424 1201 1496 meipsum,
1240 1428 1297 1477 ut
1332 1419 1438 1476 sint
1467 1426 1516 1473 et
1542 1417 1642 1490 ipsi
1680 1413 1999 1485 sanctiﬁcati

403 1523 463 1578 in
497 1520 730 1578 veritate.
775 1515 901 1574 Non
936 1533 1030 1589 pro
1057 1512 1141 1571 his
1181 1523 1359 1569 autem
1397 1528 1521 1584 rogo
1563 1518 1794 1575 tantum,
1831 1506 1922 1564 sed
1954 1514 1999 1563 et

405 1618 502 1687 pro
530 1610 605 1669 eis
640 1612 731 1685 qui
755 1604 1006 1667 credituri
1046 1614 1168 1664 sunt
1199 1623 1291 1679 per
1327 1604 1540 1660 verbum
1579 1619 1762 1657 eorum
1794 1601 1853 1657 in
1876 1617 1959 1657 me
1979 1617 1998 1656 :

406 1717 466 1763 ut
502 1723 678 1763 omnes
706 1721 872 1761 unum
896 1704 1024 1770 sint,
1053 1700 1189 1757 sicut
1215 1709 1293 1766 tu,
1318 1696 1500 1766 Pater,
1526 1699 1581 1753 in
1608 1714 1713 1764 me,
1743 1704 1791 1752 et
1828 1713 1920 1767 ego
1945 1696 2001 1750 in

408 1810 486 1865 te,
526 1807 575 1854 et
616 1797 717 1870 ipsi
757 1794 815 1853 in
853 1794 1031 1863 nobis,
1062 1810 1228 1849 unum
1264 1792 1402 1858 sint;
1440 1799 1499 1844 ut
1525 1788 1753 1845 mundus
1787 1787 2001 1855 credat,

394 1892 535 1963 quia
579 1901 639 1945 tu
670 1906 752 1945 me
783 1887 996 1944 misisti.
1036 1878 1106 1942 Et
1139 1901 1233 1957 ego
1273 1880 1590 1948 claritatem,
1623 1897 1783 1952 quam
1812 1877 2004 1957 dedisti

408 1982 558 2048 mihi,
591 1981 713 2037 dedi
739 1981 850 2048 eis;
873 1988 932 2034 ut
970 1980 1076 2035 sint
1109 1991 1293 2039 unum,
1335 1975 1473 2029 sicut
1510 1983 1557 2029 et
1586 1989 1680 2028 nos
1710 1988 1873 2025 unum
1914 1988 2005 2026 su-

410 2094 548 2131 mus.
576 2072 689 2149 Ego
715 2076 771 2132 in
807 2076 900 2140 eis,
938 2082 986 2129 et
1019 2079 1077 2127 tu
1112 2072 1170 2126 in
1197 2086 1313 2135 me;
1354 2076 1411 2124 ut
1438 2068 1544 2123 sint
1575 2067 1922 2122 consummati
1947 2067 2005 2122 in

411 2188 610 2237 unum;
636 2179 683 2225 et
721 2174 1000 2240 cognoscat
1033 2163 1283 2229 mundus,
1325 2163 1451 2234 quia
1491 2170 1548 2215 tu
1587 2177 1668 2216 me
1710 2159 1921 2223 misisti,
1955 2166 2005 2212 et

303 2304 310 2311 .
412 2260 643 2318 dilexisti
672 2279 784 2328 eos,
820 2261 955 2315 sicut
979 2268 1026 2314 et
1054 2274 1133 2313 me
1158 2255 1413 2311 dilexisti.
1452 2252 1637 2320 Pater,
1663 2269 1790 2325 quos
1815 2250 2005 2305 dedisti

412 2357 542 2411 mihi
560 2397 576 2423 ,
604 2346 723 2411 volo
750 2363 810 2409 ut
836 2353 926 2408 ubi
954 2368 1047 2423 ego
1076 2367 1211 2416 sum,
1246 2359 1297 2404 et
1333 2346 1415 2403 illi
1444 2348 1549 2402 sint
1572 2362 1808 2411 mecum;
1836 2353 1894 2398 ut
1933 2344 2009 2398 vi-

413 2449 570 2504 deant
606 2444 901 2502 claritatem
942 2460 1138 2510 meam,
1167 2458 1328 2515 quam
1352 2439 1546 2496 dedisti
1574 2437 1737 2501 mihi;
1776 2437 1901 2508 quia
1929 2435 2011 2490 di-

411 2540 588 2597 lexisti
615 2555 697 2594 me
724 2548 846 2594 ante
880 2536 1300 2592 constitutionem
1324 2530 1528 2586 mundi.
1574 2528 1800 2596 Quando
1829 2535 2011 2582 autem

334 2652 341 2659 ί
411 2631 725 2705 perﬁcietur
755 2630 857 2685 ista
891 2635 1042 2683 tanta
1083 2634 1139 2682 et
1180 2635 1291 2682 tam
1323 2623 1572 2681 sublimis
1615 2623 1819 2687 unitas,
1866 2620 2014 2690 Apo-

412 2725 586 2783 stolus
607 2723 1026 2797 diligentissime
1050 2716 1310 2787 ostendit,
1337 2720 1524 2775 dicens
1548 2737 1561 2772 :
1589 2717 1735 2773 Sicut
1758 2718 1814 2772 in
1842 2713 2013 2769 Adam

415 2835 593 2874 omnes
646 2819 968 2887 moriuntur,
995 2815 1073 2870 ita
1117 2823 1166 2869 et
1213 2815 1272 2869 in
1310 2811 1518 2868 Christo
1557 2826 1732 2865 omnes
1779 2807 2013 2877 vivi/ica-

416 2912 647 2977 buntur;
677 2911 1036 2981 unusquisque
1065 2917 1241 2962 autem
1282 2907 1340 2961 in
1379 2921 1478 2960 suo
1521 2903 1731 2968 ordine,
1766 2898 2016 2974 primitia:

418 3003 681 3070 Christus,
723 3002 914 3058 deinde
948 3001 1003 3056 hi
1039 3001 1129 3072 qui
1165 3007 1287 3055 sunt
1316 2995 1534 3063 Christi,
1568 2997 1660 3068 qui
1690 2996 1746 3051 in
1789 2993 2016 3049 adventu

419 3095 534 3167 ejus
558 3092 918 3149 crediderunt.
942 3088 1148 3147 Deinde
1175 3088 1322 3162 ﬁnis,
1346 3105 1465 3144 cum
1492 3087 1771 3143 tradiderit
1802 3101 2017 3156 regnum

418 3189 531 3245 Deo
580 3199 630 3245 et
670 3185 849 3257 Patri,
875 3205 996 3243 cum
1024 3185 1350 3244 evacuaverit
1383 3199 1591 3237 omnem
1630 3181 2016 3254 principatum,

420 3291 470 3338 st
512 3290 851 3355 potestatem,
899 3289 950 3336 et
987 3278 1249 3335 virtutem.
1284 3270 1498 3347 Oportet
1535 3282 1711 3327 autem
1752 3264 1904 3327 illum
1941 3286 2019 3325 re-

421 3352 607 3453 gnare,
625 3374 791 3431 donec
810 3383 970 3445 ponat
992 3371 1233 3426 inimicos
1250 3384 1373 3423 suos
1395 3365 1489 3423 sub
1511 3365 1726 3438 pedibus
1747 3363 1881 3436 ejus.
1907 3352 2023 3417 No—

424 3472 640 3529 vissima
664 3476 841 3523 autem
885 3464 1099 3519 inimica
1147 3459 1447 3516 destruetur
1471 3475 1631 3513 mors.
1664 3455 1852 3511 Omnia
1883 3456 2022 3511 enim

424 3560 648 3637 subjecit
674 3559 770 3617 sub
792 3556 1012 3631 pedibus
1037 3554 1172 3628 ejus.
1195 3554 1264 3609 Et
1292 3552 1492 3610 iterum
1517 3570 1529 3606 :
1558 3549 1694 3605 Ecce
1716 3549 2022 3621 mysterium

424 3658 566 3715 vobis
592 3656 733 3713 dico.
760 3652 955 3712 Omnes
978 3651 1189 3726 quidem
1216 3665 1567 3722 resurgemus,
1599 3648 1689 3703 sed
1718 3664 1823 3701 non
1845 3661 2022 3700 omnes

425 3749 846 3807 immutabimur.
870 3745 940 3802 In
961 3754 1242 3811 momento,
1264 3744 1321 3799 in
1343 3743 1450 3797 ictu
1471 3740 1636 3808 oculi,
1660 3741 1717 3796 in
1738 3739 2024 3795 novissima

430 3842 578 3901 tuba.
608 3842 773 3899 Canet
792 3841 932 3897 enim
953 3838 1103 3907 tuba,
1124 3846 1171 3892 et
1193 3834 1386 3892 mortui
1415 3842 1685 3905 resurgent
1709 3829 2024 3900 incorrupti,

428 3946 477 3993 et
519 3952 613 3992 nos
652 3931 1071 3990 immutabimur.
1116 3922 1334 4001 Oportet
1370 3927 1509 3982 enim
1552 3916 1890 3994 corruptibile
1929 3910 2025 3974 hoc

428 4026 649 4085 induere
683 4025 1160 4097 incorruptionem,
1192 4032 1241 4078 et
1280 4016 1502 4097 mortale
1541 4018 1638 4073 hoc
1680 4016 1899 4070 induere
1928 4015 2029 4069 im-

433 4116 832 4176 mortalitatem.
850 4113 983 4172 Cum
998 4126 1173 4183 autem
1193 4090 1414 4169 morTale
1442 4111 1538 4167 hoc
1563 4109 1793 4165 induerit
1812 4110 2029 4162 immor-

431 4210 713 4278 talitatem,
736 4221 861 4266 tunc
881 4210 972 4280 ﬁet
990 4225 1161 4265 sermo
1175 4208 1265 4280 qui
1287 4209 1513 4278 scriptus
1535 4214 1645 4259 est:
1668 4202 1928 4274 Absorpta
1952 4207 2027 4254 est

434 4321 578 4359 mors
612 4295 670 4357 in
703 4303 942 4358 victoria.
976 4299 1073 4355 Ubi
1101 4309 1199 4367 est,
1224 4315 1387 4365 mors,
1410 4297 1629 4353 victoria
1654 4294 1783 4349 tua?
1811 4293 1899 4348 ubi
1929 4300 2024 4358 est,

433 4413 600 4463 mors,
627 4394 841 4451 aculeus
871 4404 993 4449 tuus
1016 4394 1042 4448 ἵ
1062 4392 1322 4450 Stimulus
1355 4401 1530 4447 autem
1549 4390 1733 4443 mortis
1758 4396 2027 4459 peccatum

439 4497 549 4555 est,
584 4489 748 4544 virtus
779 4503 896 4542 vero
926 4486 1148 4557 peccati,
1190 4483 1297 4539 lex.
1336 4483 1446 4536 Deo
1480 4490 1656 4535 autem
1686 4478 1910 4549 gratias,
1939 4475 2030 4548 qui

438 4578 589 4636 nobis
620 4576 765 4635 dedit
807 4577 1079 4634 victoriam
1114 4592 1206 4648 per
1241 4574 1525 4629 Dominum
1568 4579 1804 4626 nostrum
1846 4568 2030 4622 Iesum

443 4671 730 4728 Christum.
767 4662 852 4727 Ad
880 4662 1023 4727 hanc
1068 4668 1353 4725 victoriam
1392 4681 1501 4722 non
1545 4662 1885 4735 pervenitur,
1924 4659 2031 4715 nisi
2056 4678 2110 4740 Ι)

442 4765 707 4821 certando
739 4783 752 4819 :
786 4765 1043 4835 quoniam
1087 4779 1197 4820 non
1239 4767 1456 4834 oportet
1493 4757 1780 4822 coronari,
1808 4755 1915 4812 nisi
1938 4755 2031 4826 qui

443 4858 683 4930 legitime
707 4857 1022 4915 certaverit.
1545 4902 1556 4912 .

518 4942 630 5005 Xll.
667 4942 839 5022 liujus
866 4951 1093 5007 unitatis
1138 4964 1288 5021 pars,
1329 4959 1452 5015 quae
1491 4943 1670 5000 adhuc
1714 4941 2032 5014 peregrina-

445 5055 538 5103 tur
567 5036 621 5101 in
652 5054 823 5113 terra,
851 5046 1018 5103 habet
1061 5045 1414 5102 adversantes
1456 5046 1648 5113 contra
1675 5053 1814 5109 quos
1853 5037 2033 5093 inces-

444 5145 633 5193 santer
657 5133 949 5209 conﬂigat:
981 5135 1109 5206 quia
1148 5145 1337 5187 omnes
1365 5131 1457 5202 qui
1494 5110 1582 5200 pie
1625 5128 1815 5184 volunt
1853 5127 2037 5182 vivere

444 5227 502 5283 in
530 5222 749 5284 Christo
775 5220 939 5294 Jesu,
973 5222 1412 5296 persecutionem
1454 5220 1751 5291 patiuntur.
1799 5216 1940 5273 Sunt
1983 5217 2040 5271 in

442 5321 635 5394 primis
663 5309 911 5377 diabolus
945 5325 1000 5374 et
1030 5315 1206 5386 angeli
1234 5315 1352 5386 ejus
1393 5315 1577 5371 hostes
1614 5311 1809 5377 nostri,
1850 5316 2039 5366 contra

447 5428 588 5485 quos
612 5411 816 5469 armari
842 5426 942 5466 nos
968 5405 1080 5463 vult
1108 5406 1418 5477 Apostolus,
1455 5406 1677 5462 dicens:
1712 5402 1927 5457 Induite
1953 5418 2039 5456 vos

448 5516 725 5562 armatura
761 5502 881 5571 Dei,
909 5510 966 5558 ut
990 5500 1200 5574 possitis
1237 5510 1376 5555 stare
1402 5498 1648 5556 adversus
1675 5496 1899 5552 insidias
1927 5495 2045 5549 dia-

454 5602 560 5659 boli
591 5616 611 5656 :
649 5604 777 5677 quia
819 5617 925 5657 non
962 5608 1038 5654 est
1085 5597 1231 5653 nobis
1278 5594 1579 5652 colluctatio
1625 5594 1879 5650 adversus
1925 5607 2045 5647 car-

449 5711 568 5750 nem
591 5704 641 5750 et
662 5694 997 5766 sanguinem,
1022 5691 1112 5746 sed
1142 5692 1391 5746 adversus
1428 5690 1707 5762 principes,
1737 5697 1785 5742 et
1817 5695 2047 5758 potesta-

453 5796 564 5853 tes,
622 5786 875 5841 adversus
920 5784 1105 5840 mundi
1164 5792 1385 5839 rectores
1433 5781 1765 5836 tenebrarum
1812 5779 2003 5833 harum
2027 5819 2043 5844 ,

453 5886 638 5933 contra
679 5875 942 5946 spiritalia
987 5877 1258 5951 nequitia,
1308 5875 1364 5930 in
1407 5871 1716 5928 coelestibus.
1764 5869 2048 5941 Propterea

462 5968 681 6039 accipite
707 5980 1033 6027 armaturam
1064 5970 1197 6037 Dei,
1237 5978 1294 6023 ut
1340 5964 1549 6041 possitis
1595 5963 1830 6017 resistere
1868 5962 1922 6015 in
1963 5961 2048 6017 die

2099 659 2257 715 cincti
2285 659 2488 715 lumbos
2524 665 2721 714 vestros
2748 657 2807 712 in
2847 655 3089 721 veritate,
3122 660 3171 707 et
3200 650 3377 706 induti
3415 648 3582 704 lorica
3602 650 3697 720 ju-

2097 755 2276 822 stitite,
2315 763 2364 809 et
2403 752 2624 809 calceati
2660 750 2815 825 pedes
2848 750 2906 805 in
2946 747 3388 821 praeparationem
3420 742 3697 812 Evangelii

2097 845 2276 919 pacis;
2304 847 2361 901 in
2390 845 2630 901 omnibus
2658 850 2920 900 sumentes
2948 849 3155 897 scutum
3185 838 3336 910 ﬁdei,
3363 830 3421 893 in
3448 846 3551 909 quo
3577 851 3700 908 pos-

2098 940 2213 996 sitis
2249 941 2424 995 omnia
2453 938 2558 995 tela
2600 934 2907 1011 nequissimi
2927 936 3081 1007 ignea
3110 934 3470 1004 exstinguere;
3506 937 3556 984 et
3598 946 3697 1002 ga-

2099 1024 2236 1086 leam
2278 1030 2464 1086 salutis
2515 1030 2786 1096 assumite,
2814 1034 2865 1083 st
2906 1024 3143 1099 gladium
3178 1022 3417 1094 spiritus,
3442 1019 3583 1093 quod
3618 1025 3700 1076 est

2098 1118 2307 1175 verbum
2338 1119 2456 1187 Dei,
2484 1135 2577 1190 per
2597 1130 2802 1173 omnem
2830 1116 3144 1180 orationem,
3175 1120 3223 1166 et
3260 1108 3701 1176 obsecrationem,

2099 1221 2310 1268 orantes
2339 1212 2481 1267 omni
2509 1220 2737 1283 tempore
2763 1210 2820 1264 in
2844 1208 3055 1280 spiritu.
3086 1203 3227 1261 Sunt
3254 1204 3423 1259 etiam
3448 1200 3706 1258 homines

2099 1302 2313 1375 publice
2336 1301 2836 1375 persequentes,de
2864 1298 3061 1371 quibus
3090 1297 3206 1369 ipse
3233 1297 3495 1351 Dominus
3521 1294 3705 1364 loqui-

2100 1402 2190 1450 tur
2214 1414 2226 1450 :
2261 1392 2397 1450 Ecce
2426 1410 2518 1467 ego
2544 1393 2691 1449 mitto
2715 1411 2803 1448 vos
2832 1394 2967 1448 sicut
2999 1406 3115 1447 oves
3142 1391 3200 1444 in
3228 1388 3399 1443 medio
3428 1385 3703 1459 luporum.

2101 1486 2285 1543 Estote
2329 1500 2450 1559 ergo
2499 1486 2782 1558 prudentes
2829 1485 2965 1539 sicut
3014 1490 3308 1554 serpentes,
3350 1488 3399 1535 et
3441 1478 3707 1551 simplices

2101 1576 2238 1633 sicut
2264 1575 2536 1632 columbas.
2582 1573 2767 1631 Cavete
2800 1581 2976 1629 autem
3013 1572 3077 1627 ab
3109 1570 3425 1626 hominibus.
3462 1568 3701 1623 Tradens

2103 1670 2241 1729 enim
2283 1686 2377 1731 vos
2418 1669 2473 1725 in
2519 1667 2773 1730 conciliis,
2816 1673 2865 1721 et
2912 1665 2967 1720 in
3015 1664 3295 1735 synagogis
3323 1662 3434 1716 suis
3463 1658 3710 1733 ﬂagella-

2104 1765 2231 1820 bunt
2263 1777 2383 1828 vos;
2407 1770 2456 1817 et
2485 1760 2553 1815 ad
2582 1759 2832 1831 prcesides
2865 1764 2913 1813 et
2946 1754 3015 1811 ad
3047 1772 3189 1827 reges
3219 1752 3549 1808 deducemini
3581 1766 3710 1822 pro-

2104 1864 2219 1929 pter
2252 1869 2354 1920 me,
2391 1854 2448 1907 in
2493 1848 2849 1906 testimonium
2893 1848 2999 1904 illis
3029 1850 3078 1902 et
3112 1845 3371 1921 gentibus.
3402 1843 3541 1901 Sunt
3576 1859 3717 1915 quo-

2031 1933 2213 2020 B'que
2248 1946 2340 2002 alii
2376 1951 2756 2016 persecutores
2796 1941 2890 2012 qui
2924 1946 3329 2010 persequuntur
3378 1934 3712 2000 inimicitiis,

2103 2037 2261 2103 odiis,
2303 2035 2752 2099 detractionibus,
2797 2030 3256 2096 accusationibus,
3290 2028 3523 2095 damnis,
3572 2026 3715 2081 rixis

2105 2139 2161 2187 et
2185 2129 2413 2187 diversis
2436 2126 2824 2199 asperitatibus
2850 2143 2862 2179 :
2888 2128 3080 2179 contra
3108 2137 3244 2193 quos
3272 2136 3382 2176 non
3409 2118 3578 2175 armis
3607 2135 3712 2191 pu-

2106 2222 2381 2295 gnandum
2412 2228 2517 2286 est,
2547 2219 2643 2274 sed
2672 2216 2933 2289 patientia
2965 2222 3019 2271 et
3047 2212 3369 2279 tolerantia;
3402 2211 3543 2267 stc'ut
3571 2210 3721 2283 Apo—

2107 2317 2279 2375 stolus
2308 2316 2465 2372 docet
2486 2329 2584 2370 nos
2613 2313 2887 2385 patientes
2915 2324 3035 2365 esse
3067 2308 3266 2365 debere
3293 2306 3362 2361 ad
3396 2312 3590 2361 omnes
3616 2320 3630 2358 :
3657 2309 3720 2359 et

2109 2410 2373 2467 Dominus
2394 2406 2551 2477 jubet
2573 2421 2681 2461 non
2702 2402 2962 2460 resistere
2989 2400 3152 2457 malo.
3181 2397 3285 2454 Sed
3313 2396 3359 2453 si
3385 2400 3501 2469 quis
3531 2404 3579 2451 te
3606 2402 3726 2467 per-

2110 2505 2325 2563 cusserit
2352 2506 2407 2559 in
2431 2503 2649 2557 dextera
2677 2497 2896 2555 maxilla
2926 2505 3042 2562 tua,
3078 2493 3251 2567 prtebe
3275 2490 3356 2547 illi
3382 2500 3430 2547 et
3462 2489 3712 2545 alteram.

2110 2600 2180 2656 Et
2224 2599 2463 2653 iterum:
2499 2593 2713 2665 Diligite
2752 2590 2994 2645 inimicos
3037 2596 3253 2651 vestros,
3304 2582 3591 2654 benefacite
3627 2574 3709 2638 his

2110 2693 2200 2765 qui
2229 2690 2453 2745 oderunt
2478 2700 2588 2752 vos,
2618 2692 2667 2740 et
2693 2692 2840 2739 orate
2869 2697 2962 2754 pro
2988 2677 3414 2753 persequentibus
3438 2683 3487 2729 et
3516 2674 3721 2729 calum-

2114 2781 2380 2838 niantibus
2415 2794 2525 2845 vos,
2554 2788 2610 2831 ut
2656 2776 2770 2831 sitis
2809 2773 2909 2845 ﬁlii
2940 2768 3121 2827 Patris
3161 2768 3316 2825 vestri
3353 2767 3444 2839 qui
3480 2767 3536 2820 in
3577 2765 3723 2821 caelis

2114 2880 2211 2929 est.
2246 2868 2313 2927 Et
2348 2873 2589 2927 iterum:
2624 2865 2682 2923 Si
2724 2862 3030 2920 dimiseritis
3069 2863 3210 2916 enim
3251 2855 3549 2913 hominibus
3600 2868 3723 2927 pec-

2116 2976 2235 3025 cata
2282 2982 2494 3029 eorum,
2535 2961 2763 3018 dimittet
2813 2957 2955 3013 vobis
2989 2950 3155 3010 Pater
3179 2960 3348 3008 vester
3376 2949 3596 3005 cwlestis
3625 2947 3720 3002 de-

2117 3062 2243 3117 licta
2272 3068 2461 3115 vestra.
2495 3054 2553 3112 Si
2584 3034 2775 3109 autem.
2791 3065 2896 3110 non
2924 3048 3229 3106 dimiseritis
3256 3043 3576 3109 hominibus,
3626 3052 3723 3097 nec

2119 3149 2283 3208 Pater
2309 3158 2473 3205 vester
2500 3147 2726 3201 dimittet
2752 3151 2964 3216 peccata
3001 3150 3191 3195 vestra.
3221 3136 3363 3193 Sunt
3405 3137 3575 3192 etiam
3616 3132 3723 3188 inl-

2124 3246 2251 3303 ntici
2298 3242 2459 3310 ﬁdei,
2500 3249 2555 3298 et
2601 3240 2799 3312 quibus
2839 3235 3134 3308 Apostolus
3176 3234 3457 3307 loquitur:
3491 3230 3632 3298 Quia
3670 3229 3727 3283 in

2048 3311 2094 3375 Ο
2126 3337 2420 3394 novissimis
2458 3334 2777 3407 temporibus
2828 3329 3095 3386 discedent
3138 3326 3355 3401 quidam
3403 3344 3435 3379 a
3476 3322 3604 3395 ﬁde,
3644 3328 3728 3376 at-

2125 3435 2390 3491 tendentes
2426 3430 2698 3504 spiritibus
2725 3428 2921 3483 erroris
2949 3435 2997 3480 et
3024 3422 3279 3479 doctrinis
3316 3421 3724 3481 dwmoniorum,

2124 3532 2183 3585 in
2240 3525 2506 3600 hypocrisi
2564 3521 2890 3596 loquentium
2938 3516 3290 3573 mendacium.
3339 3512 3541 3571 Contra
3590 3514 3729 3584 (ιιιοε

2127 3616 2476 3695 pugnandum
2502 3625 2586 3675 est
2613 3632 2723 3672 non
2748 3614 2916 3669 armis
2942 3610 3339 3683 corporalibus,
3356 3608 3451 3664 sed
3471 3604 3730 3676 spiritua-

2127 3715 2290 3779 libus,
2317 3710 2580 3782 exemplis
2622 3705 2898 3770 videlicet,
2924 3701 3331 3776 Scripturarum
3372 3696 3729 3759 auctoritate,

2131 3804 2432 3864 ratiociniis
2456 3800 2577 3856 ﬁdei
2603 3807 2659 3854 et
2683 3795 2952 3853 veritatis.
2974 3792 3111 3849 Sunt
3135 3792 3299 3847 etiam
3324 3786 3526 3844 inimici
3554 3782 3729 3861 quoti-

2130 3897 2309 3963 diani,
2340 3910 2476 3966 quos
2511 3907 2611 3947 nec
2651 3890 2771 3946 loco
2814 3902 2916 3943 nec
2956 3890 3199 3956 tempore
3228 3896 3519 3954 possumus
3559 3876 3729 3935 decli.

2131 4012 2301 4052 nare:
2335 4008 2471 4067 quos
2512 3987 2805 4061 Apostolus
2844 3990 3164 4049 enumerat,
3194 3980 3418 4037 dicens:
3454 3972 3730 4032 Desideria

2131 4090 2305 4147 carnis
2336 4106 2440 4144 non
2466 4083 2774 4160 perﬁciatis.
2802 4076 2940 4135 Caro
2962 4076 3101 4133 enim
3130 4073 3449 4145 concupiscit
3477 4070 3730 4125 adversus

2130 4182 2394 4256 spiritum,
2423 4179 2637 4250 spiritus
2675 4184 2851 4230 autem
2896 4170 3145 4225 adversus
3173 4183 3404 4222 carnem.
3436 4162 3566 4217 Hrec
3591 4161 3729 4216 enim

2131 4250 2229 4329 sibi
2256 4271 2474 4327 invicem
2500 4268 2868 4331 adversantur,
2884 4273 2939 4317 ut
2964 4279 3070 4317 non
3093 4273 3415 4332 quwcunque
3435 4250 3730 4319 vultis,illa

2134 4363 2360 4436 faciatis.
2392 4360 2544 4427 Quod
2571 4358 2616 4413 si
2650 4354 2839 4430 spiritu
2864 4350 3140 4417 ducimini,
3180 4366 3285 4405 non
3308 4349 3432 4403 estis
3460 4344 3558 4401 sub
3600 4342 3728 4416 lege.

2136 4454 2422 4526 Manifesta
2453 4462 2627 4507 autem
2654 4458 2773 4505 sunt
2815 4464 2973 4519 opera
3002 4440 3197 4507 carnis,
3226 4457 3344 4513 qua:
3383 4446 3506 4494 sunt
3555 4436 3726 4507 {orni-

2136 4549 2293 4615 catio,
2333 4543 2697 4606 immunditia,
2733 4534 2982 4604 luxuria,
3006 4534 3270 4590 idolorum
3312 4531 3556 4595 servitus,
3588 4542 3735 4581 vene-

2136 4639 2278 4711 ﬁcia,
2304 4635 2613 4700 inimicitite,
2632 4630 3011 4695 contentiones,
3035 4623 3415 4685 wmulationes,
3439 4619 3557 4684 irit,
3580 4616 3731 4681 riae,

2137 4732 2511 4795 dissensiones,
2555 4735 2727 4793 sectw,
2778 4722 3017 4787 invidiw,
3065 4715 3384 4783 homicidia,
3433 4709 3733 4774 ebrietates,

2137 4824 2558 4887 comessationes,
2599 4828 2646 4872 et
2674 4812 2753 4871 his
2790 4814 2985 4870 similia
3010 4828 3028 4865 :
3061 4829 3178 4886 quae
3217 4809 3445 4882 prtedico
3478 4802 3639 4867 vobis,
3664 4801 3736 4855 si-

2138 4930 2225 4976 cut
2254 4912 2518 4991 pra’dixi:
2556 4911 2806 4985 quoniam
2849 4909 2938 4982 qui
2976 4906 3106 4962 talia
3144 4913 3339 4977 agunt,
3381 4916 3597 4972 regnum
3636 4894 3735 4950 Dei

2140 4990 2676 5081 nonconsequentur.
2707 5002 2907 5060 Contra
2940 5016 3076 5072 quos
3106 4990 3456 5070 pugnandum
3484 4998 3590 5058 est,
3622 5003 3729 5045 non

2140 5092 2314 5163 solum
2346 5102 2579 5168 ratione,
2619 5098 2714 5155 sed
2748 5106 2804 5153 et
2832 5092 3035 5159 labore,
3069 5087 3421 5153 abstinentia,
3452 5085 3734 5142 continen-

2143 5201 2238 5266 tia,
2272 5197 2502 5269 vigiliis;
2534 5194 2674 5249 sicut
2711 5187 3003 5262 Apostolus
3028 5178 3126 5241 suo
3153 5198 3251 5238 nos
3275 5178 3525 5251 exemplo
3569 5174 3734 5232 infor-

2144 5302 2275 5357 mat,
2306 5268 2529 5345 dicens:
2563 5284 2774 5355 Castigo
2800 5298 2986 5353 corpus
3024 5294 3195 5333 meum
3240 5284 3288 5329 et
3334 5272 3574 5330 servituti
3609 5268 3732 5326 sub-

2136 5384 2300 5457 jicio;
2347 5399 2409 5436 ne
2453 5378 2586 5451 forte
2634 5372 2753 5430 aliis
2798 5371 3126 5444 prwdicans,
3174 5368 3282 5441 ipse
3337 5363 3590 5438 reprobus
3636 5360 3735 5432 eni-

2146 5454 2276 5535 ciar.
2308 5475 2460 5531 Unde
2482 5480 2535 5527 et
2564 5467 2884 5539 discipulum
2915 5466 3212 5530 instruens,
3243 5470 3299 5519 et
3324 5459 3391 5516 de
3422 5475 3480 5515 se
3508 5454 3627 5529 jam
3655 5470 3736 5511 se-

2146 5585 2332 5633 curus,
2359 5566 2511 5636 juxta
2546 5562 2706 5617 linem
2751 5561 2875 5614 vitae
2900 5575 3033 5623 sum,
3075 5558 3149 5612 ita
3185 5554 3472 5627 gloriatur,
3507 5550 3732 5607 dicens:

2151 5658 2229 5715 Tu
2269 5676 2386 5714 vero
2430 5653 2698 5726 vigila,in
2745 5652 2983 5707 omnibus
3027 5649 3232 5711 labora,
3276 5663 3407 5726 opus
3451 5643 3538 5716 [ac
3583 5657 3738 5697 evan-

2147 5750 2366 5824 gelista,
2394 5715 2740 5801 ministerium
2767 5753 2916 5798 tuum
2956 5738 3128 5812 imple.
3164 5734 3277 5810 Ego
3309 5715 3459 5792 'eriim
3490 5730 3615 5806 jam
3652 5732 3740 5787 de-

2149 5842 2300 5906 libor,
2332 5850 2380 5895 et
2412 5850 2613 5912 tempus
2647 5833 2979 5891 resolutionis
3010 5850 3138 5888 mea:
3178 5832 3362 5887 instat.
3392 5826 3600 5882 Bonum
3631 5840 3742 5879 cer—

2149 5949 2324 5994 tamen
2359 5934 2569 6001 certavi,
2598 5947 2809 5988 cursum
2838 5927 3216 5992 consummavi,
3242 5923 3399 5999 ﬁdem
3428 5918 3648 5977 servavi.
3678 5914 3739 5972 In
