4012 6338
347 275 455 341 ΞΠ

1495 284 1726 345 SERMO
1763 289 1852 346 DE
1891 289 2071 348 FlDEl
2111 290 2480 350 VERITATE.

345 396 569 469 reliquo,
595 397 821 467 reposita
841 406 917 455 est
960 399 1089 454 mihi
1122 416 1316 456 corona
1333 401 1577 474 justitite,
1613 421 1770 476 quam
1814 406 1931 459 red-
1957 409 2009 467 Α
2031 425 2176 479 pore.
2204 407 2346 464 Nam
2378 410 2682 481 mysterium
2707 413 2818 481 iam
2860 423 3109 484 operatur
3131 417 3462 488 iniquitatis:
3502 433 3619 480 tan-

343 495 434 547 det
466 492 597 547 mihi
623 491 879 549 Dominus
902 493 960 550 in
981 493 1077 550 illa
1102 494 1188 549 die
1207 496 1388 567 justus
1407 496 1606 567 fndes;
1632 515 1736 553 non
1761 498 1931 554 solum

342 596 525 641 autem
568 582 730 653 mihi,
770 582 863 643 sed
900 594 949 644 ει
978 587 1218 643 omnibus
1257 590 1346 661 qui
1387 587 1930 660 diliguntcdventum

341 692 486 749 ejus.

415 768 551 827 XIII.
580 768 730 828 inter
766 768 887 828 haec
927 771 1109 829 omnia
1152 780 1341 828 caveat
1376 773 1572 840 ﬁdelis,
1611 790 1680 830 ne
1706 775 1928 832 omnino

337 863 431 919 vel
467 863 525 919 in
550 850 765 920 modico
794 863 849 920 in
875 864 1110 936 propriis
1133 864 1339 921 viribus
1383 874 1697 937 praesumat,
1723 866 1820 923 sed
1859 867 1926 922 de

338 954 444 1010 Dei
477 955 768 1028 adiutorio,
795 964 856 1011 ut
898 954 966 1013 ad
1004 956 1167 1013 ﬁnem
1210 959 1472 1014 bonorum
1510 959 1812 1031 pervenire,-
1839 960 1925 1017 vel

331 1046 397 1129 in
433 1047 577 1127 bono
605 1050 776 1120 possit
798 1064 961 1122 opere
986 1052 1282 1123 perdurare
1307 1068 1321 1108 :
1350 1053 1477 1125 quia
1506 1055 1765 1112 Dominus
1802 1056 1879 1111 ait
1904 1073 1918 1111 :

331 1139 471 1198 Sine
499 1156 579 1197 me
604 1142 736 1198 nihil
767 1144 979 1215 potestis
1008 1144 1199 1217 facere.
1228 1146 1297 1200 Et
1327 1147 1653 1218 Apostolus:
1680 1147 1824 1204 Deus
1845 1157 1922 1205 est

325 1233 424 1305 qui
448 1243 697 1304 operatur
715 1234 772 1290 in
805 1235 946 1291 vobis
964 1245 1014 1291 et
1042 1235 1167 1292 velle
1192 1247 1241 1292 et
1267 1237 1516 1309 per/icere
1543 1256 1640 1310 pro
1669 1239 1803 1295 bona
1832 1256 1921 1295 vo-

324 1326 554 1383 luntate;
579 1326 645 1384 Et
670 1324 906 1386 iterum:
938 1328 1126 1386 Gratia
1152 1331 1285 1387 salvi
1314 1331 1446 1403 facti
1471 1335 1594 1389 estis
1616 1351 1709 1406 per
1734 1334 1916 1404 fidem,

323 1430 380 1475 et
413 1422 512 1476 hoc
548 1438 650 1477 non
677 1439 742 1478 ea:
778 1424 938 1479 vobis.
980 1420 1049 1480 Et
1093 1422 1291 1482 iterum
1330 1442 1345 1481 :
1380 1422 1505 1482 Non
1548 1425 1687 1500 quod
1739 1426 1920 1483 idonei

322 1516 495 1570 simus
516 1517 744 1587 cogitare
769 1516 970 1590 aliquid
997 1535 1029 1572 a
1056 1517 1202 1573 nobis
1229 1520 1382 1591 quasi
1405 1535 1471 1576 ea:
1494 1519 1660 1585 nobis,
1685 1520 1777 1575 sed
1801 1520 1913 1591 suf-

320 1605 561 1675 ﬁcientia
591 1610 772 1663 nostra
795 1622 860 1663 ex
894 1605 1006 1665 Deo
1042 1619 1138 1664 est.
1175 1609 1245 1665 Et
1284 1610 1583 1668 Dominus:
1614 1610 1783 1667 Nemo
1821 1630 1914 1685 po-

318 1705 427 1753 test
465 1686 635 1754 venire
663 1699 733 1754 ad
756 1716 856 1765 me,
889 1700 992 1757 nisi
1019 1698 1201 1769 Pater,
1239 1704 1330 1774 qui
1361 1702 1504 1758 misit
1550 1718 1652 1770 me,
1691 1705 1913 1759 traxerit

2032 508 2144 554 tum
2175 510 2233 554 ut
2271 502 2361 573 qui
2389 511 2523 557 tenet
2553 519 2690 557 nunc
2708 513 2895 570 teneat,
2926 506 3090 563 donec
3108 508 3175 564 de
3197 512 3370 567 medio
3391 515 3506 580 fiat.
3543 515 3614 571 Et

2031 598 2155 646 tunc
2185 592 2499 648 revelabitur
2543 592 2632 648 ille
2685 595 2921 667 iniquus,
2958 608 3110 669 quem
3156 599 3414 657 Dominus
3456 604 3614 662 Iesus

2027 682 2305 752 interﬁciet
2353 685 2542 755 spiritu
2590 686 2699 739 oris
2749 687 2853 754 sui,
2889 697 2940 742 st
2980 688 3212 744 destruet
3258 689 3613 751 illustrations

2028 775 2283 830 adventus
2306 777 2388 831 sui
2415 792 2568 843 eum;
2614 777 2767 848 cujus
2804 787 2881 833 est
2911 780 3165 837 adventus
3187 785 3477 841 secundum
3495 804 3613 858 ope-

2027 869 2287 922 rationem
2314 868 2551 935 Satante,
2578 870 2632 924 in
2658 872 2800 926 omni
2824 872 3036 938 virtute,
3078 884 3128 929 et
3168 876 3356 946 signis,
3394 886 3443 931 et
3488 895 3612 949 pro-

2025 958 2182 1029 digiis
2228 959 2585 1027 mendacibus,
2611 970 2663 1015 et
2688 963 2747 1016 in
2790 964 2932 1017 omni
2961 964 3265 1021 seductione
3288 967 3605 1040 iniquitatis,

2023 1047 2106 1105 his
2136 1051 2229 1121 qui
2250 1060 2486 1121 pereunt,
2513 1068 2572 1106 eo
2596 1052 2737 1124 quod
2777 1054 3088 1111 charitatem
3126 1057 3360 1115 veritatis
3394 1074 3501 1117 non
3527 1075 3610 1115 re-

2024 1147 2269 1212 ceperunt
2289 1149 2349 1193 ut
2369 1139 2500 1194 salvi
2536 1141 2742 1211 ﬁerent.
2771 1143 2901 1200 Ideo
2928 1147 3095 1201 mittet
3120 1144 3229 1202 illis
3254 1147 3397 1205 Deus
3421 1166 3608 1223 opera-

2021 1233 2213 1286 tionem
2242 1232 2469 1298 erroris,
2496 1241 2556 1286 ut
2604 1234 2818 1290 credam
2866 1236 3175 1306 mendacio,
3226 1248 3275 1294 et
3294 1240 3606 1311 judicentur

2020 1336 2197 1377 omnes
2221 1322 2311 1392 qui
2346 1338 2452 1377 non
2477 1322 2809 1381 crediderunt
2837 1327 3071 1394 veritati,
3115 1328 3207 1385 sed
3230 1344 3604 1391 consenserunt

2017 1412 2304 1483 iniquitati.
2331 1412 2409 1468 De
2435 1414 2540 1468 hoc
2567 1421 2808 1486 tempore
2836 1425 2893 1472 et
2918 1417 3178 1478 Dominus
3205 1420 3265 1478 in
3306 1422 3604 1497 Evangelia

2017 1506 2094 1560 ait
2130 1519 2146 1559 :
2186 1506 2307 1561 Erit
2339 1515 2467 1561 tunc
2493 1507 2763 1563 tribulatio
2791 1528 3006 1583 magna,
3040 1514 3212 1585 qualis
3253 1533 3359 1572 non
3402 1518 3504 1588 fuit
3533 1519 3600 1573 ab

2013 1597 2166 1651 initio
2190 1596 2374 1650 mundi
2399 1614 2564 1669 usque
2598 1599 2773 1665 modo,
2801 1617 2965 1674 neque
2999 1604 3111 1674 ﬁet.
3151 1605 3223 1662 Et
3257 1608 3362 1664 nisi
3382 1609 3601 1665 breviati

2014 1688 2236 1758 fuissent
2285 1688 2397 1744 dies
2441 1688 2543 1757 illi,
2593 1707 2698 1745 non
2718 1692 2869 1761 fieret
2915 1692 3061 1750 salva
3107 1699 3280 1754 omnis
3320 1716 3480 1767 caro;
3504 1701 3599 1757 sed

318 1804 465 1845 eum.
489 1789 656 1846 Multa
680 1789 822 1848 Deus
845 1790 974 1848 facit
996 1791 1052 1848 in
1079 1794 1298 1850 homine
1321 1796 1486 1862 bona,
1507 1810 1627 1866 quas
1650 1812 1759 1852 non
1782 1796 1886 1853 iaci

2010 1787 2221 1849 propter
2258 1778 2444 1834 electos
2490 1780 2863 1837 breviabuntur
2901 1784 3014 1842 dies
3058 1786 3161 1844 illi.
3214 1789 3358 1847 Tunc
3385 1792 3432 1848 si
3480 1793 3597 1864 quis

314 1876 519 1948 homo;
546 1880 692 1937 nulls
736 1896 868 1940 vero
908 1880 1040 1939 facit
1082 1884 1246 1940 homo
1271 1885 1436 1951 bona,
1474 1901 1595 1957 quae
1620 1900 1730 1942 non
1768 1886 1910 1944 Deus

312 1974 547 2044 prastat
588 1981 649 2028 ut
681 1970 847 2030 faciat
878 1975 1060 2031 homo.
1105 1974 1272 2032 Suam
1306 1990 1541 2048 namque
1579 1977 1908 2035 voluntatem

312 2063 571 2120 homines
606 2063 842 2133 faciunt,
875 2078 988 2122 non
1034 2066 1163 2134 Dei,
1204 2069 1422 2138 quando
1463 2067 1517 2123 id
1555 2075 1722 2140 agunt
1764 2052 1907 2139 quod

310 2154 433 2211 Deo
467 2155 735 2228 displicet.
778 2158 1004 2228 Quando
1041 2169 1223 2216 autem
1266 2159 1340 2216 ita
1376 2162 1582 2218 faciunt
1610 2164 1769 2235 quod
1811 2176 1907 2220 vo-

307 2246 455 2316 lunt,
485 2258 544 2304 ut
570 2249 765 2306 divina:
792 2251 1035 2307 serviant
1068 2253 1361 2320 voluntati;
1392 2255 1640 2326 quamvis
1663 2256 1905 2313 volentes

308 2347 481 2412 agant
503 2342 646 2412 quod
674 2350 861 2415 agunt,
892 2345 1038 2401 illius
1065 2353 1248 2402 tamen
1275 2347 1523 2403 voluntas
1547 2354 1632 2404 est
1664 2365 1692 2403 a
1722 2362 1830 2419 quo
1849 2355 1905 2403 et

305 2439 652 2503 praeparatur
672 2440 729 2489 et
757 2433 983 2505 iubetur
1020 2438 1164 2508 quod
1192 2439 1396 2495 volunt.
1425 2439 1584 2495 Tales
1625 2456 1725 2496 nos
1754 2450 1902 2497 sinat

304 2524 478 2592 Deus,
505 2526 690 2597 quales
718 2524 885 2583 futuri
930 2543 1120 2587 sumus
1159 2530 1330 2603 ipsius
1374 2530 1537 2601 dono,
1564 2549 1673 2590 non
1711 2534 1900 2605 quales

304 2626 500 2673 Sumus
553 2621 746 2676 nostro
792 2619 1006 2677 merito.
1056 2622 1166 2678 Sua
1216 2624 1359 2680 bona
1403 2625 1547 2681 Deus
1601 2627 1896 2698 praevidet,

301 2710 557 2782 praescii,
586 2709 823 2782 adjuvat,
853 2716 910 2768 et
936 2722 1251 2771 remunerat
1286 2715 1343 2771 in
1384 2716 1562 2773 nobis.
1594 2718 1764 2774 Nemo
1794 2720 1895 2776 bo-

302 2818 411 2859 nus
437 2802 544 2858 nisi
587 2802 737 2861 solus
777 2803 938 2871 Deus,
967 2806 1057 2875 qui
1088 2820 1195 2862 non
1236 2814 1323 2864 est
1358 2808 1581 2866 alterius
1611 2810 1756 2867 bono
1801 2813 1897 2867 ho-

300 2910 429 2953 nus.
477 2897 736 2956 Homines
772 2907 987 2969 autem,
1018 2916 1127 2957 non
1156 2903 1401 2993 promio,
1440 2905 1536 2961 sed
1582 2904 1681 2961 Dei
1726 2903 1892 2972 bono,

299 2997 433 3044 sunt
452 2988 612 3056 boni;
645 2990 739 3061 qui
762 2997 846 3047 est
878 2990 1001 3049 fons
1043 2998 1099 3048 et
1127 2988 1611 3065 origo'bonitatis;
1659 2997 1768 3051 imo
1799 2997 1891 3067 qui

296 3091 391 3138 est
415 3083 630 3142 bonitas
652 3099 667 3140 :
692 3098 726 3141 ι
765 3099 874 3156 quo
905 3099 1069 3145 omne
1107 3085 1330 3157 bonum,
1365 3092 1421 3144 et
1455 3090 1576 3145 sine
1620 3106 1729 3162 quo
1756 3090 1892 3147 nihil

296 3171 453 3229 boni.

372 3264 517 3322 m.
714 3278 800 3327 est
840 3269 979 3328 ﬁdes
1021 3280 1080 3328 et
1121 3282 1244 3343 spes
1283 3273 1564 3330 catholicas
1609 3272 1885 3342 Ecclesia,

301 3375 431 3430 qua:
459 3369 540 3415 est
564 3361 807 3419 columna
844 3371 901 3420 et
930 3363 1335 3421 ﬁrmamentum
1373 3367 1642 3433 veritatis,
1672 3368 1727 3422 in
1770 3368 1891 3439 lege

302 3452 362 3509 et
394 3453 689 3526 prophetis,
713 3457 935 3528 psalmis
959 3464 1014 3513 et
1040 3458 1259 3531 hymnis
1287 3459 1603 3531 praedicata,
1642 3475 1741 3531 per
1766 3476 1891 3532 apo-

295 3545 471 3604 stolos
493 3548 879 3620 evangelizata,
913 3566 1014 3622 per
1038 3558 1309 3625 martyres
1332 3553 1636 3619 testiﬁcata,
1664 3571 1766 3627 per
1795 3554 1885 3613 do-

292 3647 479 3696 ctores
516 3643 779 3713 exposita.
805 3641 1078 3713 Quidquid
1116 3645 1245 3701 huic
1280 3644 1402 3700 ﬁdei
1431 3645 1767 3702 contrarium
1796 3646 1883 3702 in-

288 3733 531 3802 venitur,
559 3742 615 3789 et
658 3749 885 3815 quaeque
918 3736 1135 3793 dissona
1178 3746 1235 3794 et
1275 3736 1658 3810 discrepantia,
1701 3740 1885 3811 inepta

288 3836 454 3893 sunt,
494 3836 552 3884 et
586 3828 844 3899 profana,
882 3834 1044 3901 atque
1091 3829 1455 3903 inaniloquia,
1488 3840 1610 3903 Quae
1654 3834 1883 3889 multum

282 3918 583 3989 proﬁciunt
609 3922 678 3977 ad
716 3920 1075 3993 impietatem,
1116 3936 1183 3979 ac
1217 3937 1318 3993 per
1354 3923 1459 3979 hoc
1499 3924 1747 3980 doctrina
1775 3926 1885 3980 dte—

287 4010 599 4068 moniorum
645 4020 701 4068 et
740 4012 1206 4083 antichrlstorum,
1250 4014 1317 4071 de
1348 4015 1545 4085 quibus
1590 4018 1881 4085 Apostolus

287 4103 369 4160 sit
403 4122 418 4159 :
462 4102 675 4172 Filioli,
726 4104 1010 4161 novissima
1061 4106 1193 4162 hora
1236 4116 1314 4163 est
1328 4125 1349 4174 ;
1390 4117 1439 4163 et
1476 4108 1610 4164 sicut
1656 4109 1881 4165 audistis

285 4197 415 4268 quia
447 4196 800 4252 Antichristus
837 4200 1010 4266 venit,
1043 4198 1525 4279 nunc‘Antichristl
1554 4199 1710 4254 multi
1749 4202 1878 4272 facti

285 4294 434 4341 sunt.
468 4286 545 4343 De
582 4287 780 4359 quibus
815 4288 955 4345 alius
993 4288 1265 4359 apostolus
1301 4309 1314 4343 :
1350 4289 1426 4346 Hi
1463 4298 1585 4346 sunt
1635 4308 1876 4346 murmu-

286 4388 517 4447 ratores,
555 4379 845 4452 querulosi,
896 4381 1181 4437 secundum
1233 4381 1494 4437 desideria
1540 4397 1640 4437 sua
1688 4383 1876 4438 ambu-

2010 1870 2150 1925 vobis
2175 1870 2367 1927 dixerit
2393 1887 2407 1924 .'
2438 1872 2575 1928 Ecce
2602 1874 2688 1929 hic
2711 1872 2972 1944 Christus,
3000 1889 3095 1935 aut
3119 1880 3228 1937 illic
3245 1923 3263 1949 ,
3304 1883 3466 1941 nolite
3490 1901 3598 1942 cre-

2009 1963 2150 2019 dere.
2178 1964 2409 2036 Surgent
2432 1967 2571 2021 enim
2611 1969 2995 2039 pseudochristi
3016 1984 3067 2028 et
3098 1976 3593 2049 pseudopropltctte;

2007 2063 2056 2109 et
2085 2053 2285 2111 dabunt
2308 2058 2458 2128 signa
2492 2075 2684 2130 magna
2718 2070 2768 2115 et
2807 2063 3070 2135 prodigia,
3097 2067 3174 2121 ita
3198 2077 3256 2122 ut
3274 2069 3332 2123 in
3359 2085 3593 2126 errorem

2004 2145 2348 2214 inducantur,
2376 2149 2423 2204 si
2447 2148 2565 2219 fieri
2591 2159 2779 2222 potest,
2804 2153 2962 2208 etiam
3003 2153 3170 2211 electi.
3202 2156 3339 2214 Ecce
3365 2160 3595 2230 praedixi

2003 2241 2166 2295 vobis.
2198 2238 2277 2297 De
2319 2242 2642 2299 antichristo
2686 2254 2743 2301 et
2785 2244 2976 2302 Daniel
3016 2250 3283 2321 propheta
3309 2253 3391 2309 sic
3415 2253 3590 2310 dicit:

2004 2334 2285 2392 Sermones
2314 2348 2495 2393 contra
2524 2339 2809 2396 Excelsum
2832 2341 3097 2414 loquetur,
3129 2355 3179 2400 et
3207 2358 3418 2404 sanctos
3435 2349 3595 2405 Altis-

2001 2428 2121 2481 simi
2144 2437 2392 2496 conteret,
2412 2439 2461 2485 et
2488 2430 2692 2501 putabit
2716 2435 2856 2504 quod
2877 2436 3042 2507 possit
3060 2447 3270 2494 mutare
3284 2450 3520 2512 tempora
3542 2453 3592 2496 et
3650 2452 3655 2457 '

2001 2518 2159 2589 leges,
2190 2529 2238 2574 et
2265 2521 2541 2575 tradentur
2567 2523 2621 2577 in
2647 2538 2810 2578 manu
2842 2525 2958 2596 ejus
2984 2542 3147 2600 usque
3173 2530 3243 2585 ad
3289 2540 3509 2603 tempus,
3538 2542 3592 2586 et

1999 2622 2256 2684 tempora,
2283 2622 2333 2668 et
2360 2613 2639 2669 dimidium
2664 2619 2930 2688 temporis.
2974 2618 3047 2672 Et
3074 2620 3341 2690 judicium
3369 2623 3589 2690 sedebit,

1996 2713 2057 2760 ut
2089 2707 2365 2776 auferatur
2384 2708 2634 2777 potentia,
2650 2718 2699 2763 et
2719 2719 3039 2777 conteratur,
3061 2721 3109 2767 et
3136 2713 3397 2785 dispereat
3425 2731 3590 2786 usque

1994 2799 2054 2854 in
2080 2799 2260 2869 linem,
2299 2798 2538 2871 Regnum
2568 2811 2765 2869 autem,
2806 2813 2857 2857 et
2901 2812 3150 2875 potestas,
3180 2817 3228 2861 et
3278 2809 3587 2879 magnitudo

1995 2895 2159 2965 regni,
2194 2908 2313 2966 quat
2349 2902 2423 2949 est
2452 2895 2631 2950 subter
2653 2912 2803 2952 omne
2836 2896 3041 2965 ctutum,
3065 2899 3222 2955 detur
3248 2900 3441 2972 populo
3467 2919 3588 2958 san-

1996 2996 2201 3043 ctorum
2240 2987 2518 3056 Altissimi,
2543 2990 2697 3060 cujus
2728 3006 2944 3063 regnum
2983 2994 3357 3064 sempiternum
3385 3004 3482 3050 est.
3516 2995 3587 3051 Et

1994 3079 2192 3136 iterum
2227 3080 2349 3136 :De
2373 3098 2478 3136 uno
2528 3090 2703 3138 autem
2747 3100 2813 3138 ea:
2859 3086 2934 3140 eis
2981 3102 3246 3157 egressum
3300 3098 3375 3143 est
3419 3106 3583 3145 cornu

1916 3172 1962 3236 C
1993 3188 2156 3227 unum
2202 3172 2502 3241 modicum;
2524 3184 2572 3228 et
2609 3174 2807 3245 factum
2851 3186 2927 3231 est
2977 3179 3178 3248 grande
3219 3190 3405 3235 contra
3428 3183 3584 3237 meri-

1991 3265 2152 3333 diem,
2195 3277 2243 3321 et
2272 3276 2455 3322 contra
2495 3268 2770 3334 orientem,
2798 3278 2847 3323 et
2881 3278 3065 3324 contra
3091 3271 3488 3341 fortitudinem;
3533 3284 3582 3329 et

1990 3356 2385 3428 magniﬁcatum
2413 3368 2489 3413 est
2514 3374 2680 3430 usque
2716 3360 2786 3414 ad
2828 3360 3189 3431 fortitudinem
3219 3364 3369 3431 creti;
3413 3374 3464 3421 et
3490 3366 3581 3422 de-

1980 3448 2111 3519 jecit
2157 3448 2223 3504 de
2259 3449 2589 3520 fortitudine,
2619 3458 2667 3506 et
2696 3452 2761 3506 de
2787 3452 2975 3520 stellis,
3018 3463 3067 3508 et
3094 3456 3422 3513 conculcavit
3463 3476 3575 3515 eas.

1988 3543 2060 3600 Et
2079 3558 2242 3619 usque
2270 3546 2340 3602 ad
2375 3548 2664 3620 principem
2693 3549 3022 3619 fortitudinis
3049 3554 3445 3623 magni/iculum
3479 3566 3574 3622 est,

1987 3645 2037 3690 et
2074 3637 2139 3690 ab
2168 3652 2229 3691 eo
2270 3636 2391 3691 tulit
2422 3638 2554 3709 juge
2582 3639 2925 3708 sacriﬁcium,
2961 3650 3011 3696 et
3037 3641 3224 3712 dejecit
3252 3644 3428 3700 locum
3457 3664 3579 3702 san-

1936 3754 1939 3757 ν
1987 3728 2320 3797 ctificationis
2347 3730 2482 3800 ejus.
2512 3729 2696 3784 Robur
2725 3741 2898 3786 autem
2924 3733 3108 3788 datum
3135 3745 3212 3790 est
3236 3748 3422 3793 contra
3442 3741 3576 3811 juge

1984 3821 2304 3889 sacriﬁcium
2328 3831 2540 3892 propter
2560 3831 2772 3893 peccata
2786 3839 2805 3887 ;
2835 3832 2885 3877 et
2920 3835 3281 3892 prosternetur
3296 3830 3491 3885 veritas
3519 3832 3576 3888 in

1983 3922 2149 3979 terra,
2171 3922 2220 3965 et
2242 3913 2424 3983 faciet,
2449 3922 2499 3967 et
2531 3915 2946 3983 prosperabitur.
2975 3915 3043 3970 Et
3072 3916 3273 3972 iterum
3309 3932 3329 3971 :
3360 3919 3433 3974 Et
3457 3932 3573 3992 post

1982 4016 2198 4075 regnum
2235 4020 2434 4069 eorum,
2483 4021 2601 4059 cum
2627 4006 2878 4061 creverint
2922 4008 3244 4080 iniquitates,
3295 4024 3572 4086 consurget

1981 4108 2074 4152 res:
2114 4097 2387 4170 impudens
2423 4098 2592 4169 facie,
2635 4106 2684 4154 et
2732 4099 3027 4173 intelligens
3068 4106 3477 4176 propositiones;
3520 4117 3572 4163 et

1984 4189 2321 4245 roborabitur
2341 4190 2597 4260 fortitudo
2627 4192 2763 4262 ejus,
2795 4193 2886 4247 sed
2918 4209 3023 4248 non
3057 4195 3114 4250 in
3136 4197 3331 4253 viribus
3352 4201 3498 4266 suis;
3520 4211 3569 4255 et

1977 4296 2143 4353 supra
2165 4294 2325 4354 quam
2347 4284 2489 4336 credi
2514 4293 2701 4354 potest,
2744 4286 2986 4341 universa
3010 4290 3256 4357 vastabit,
3283 4300 3331 4345 ει
3359 4308 3567 4365 prospe-

1978 4375 2196 4438 rabitur,
2238 4382 2287 4427 et
2309 4370 2486 4444 faciet.
2518 4374 2588 4428 Et
2614 4376 2889 4445 interﬁciat
2924 4378 3184 4446 robustos,
3218 4390 3268 4434 et
3314 4382 3567 4453 populum

286 4470 495 4538 tantes,
543 4481 592 4527 et
641 4488 700 4527 os
733 4471 947 4528 illorum
1000 4472 1233 4545 loquitur
1278 4472 1605 4545 superbiam,
1651 4490 1873 4546 quorum

1993 4472 2300 4530 sanctorum,
2338 4464 2627 4519 secundum
2667 4465 2985 4523 voluntatem
3004 4485 3159 4524 suam
3185 4487 3205 4525 :
3234 4480 3282 4526 et
3308 4472 3565 4544 dirigetur

285 4564 524 4619 omnium
552 4568 707 4635 caput
744 4570 819 4620 est
866 4564 1240 4620 Antichristus.
1272 4564 1351 4621 De
1390 4578 1500 4636 quo
1537 4545 1869 4638 ApoStolus:

1993 4558 2131 4613 lotus
2168 4560 2226 4612 in
2275 4572 2439 4612 manu
2462 4557 2598 4628 ejus,
2622 4567 2670 4613 et
2697 4574 2790 4613 cor
2827 4576 2981 4615 suum
3016 4561 3404 4632 magnificabit,
3435 4567 3563 4621 etin

283 4654 560 4726 Rogamus
612 4672 702 4712 vos
747 4660 955 4724 autem,
1007 4658 1232 4728 fratres,
1280 4672 1375 4729 per
1418 4658 1702 4713 adventum
1759 4658 1872 4713 Do-

280 4748 421 4803 mini
474 4750 640 4804 nostri
686 4749 817 4805 Ictu
865 4748 1062 4805 Cltrlsti
1111 4759 1159 4805 et
1211 4758 1405 4805 nostrte
1457 4752 1874 4821 congregationis

276 4845 343 4897 in
393 4840 598 4915 ipsum,
634 4848 691 4897 ut
738 4854 844 4899 non
887 4843 992 4899 cito
1042 4844 1351 4899 moveamini
1399 4856 1433 4897 a
1467 4851 1635 4897 vestro
1680 4856 1870 4912 sensu,

278 4947 455 5008 neque
511 4934 846 5004 terreamini,
899 4950 1064 5009 neque
1114 4950 1206 5008 per
1253 4936 1524 5008 spiritum,
1571 4950 1736 5008 neque
1780 4950 1875 5008 per

276 5036 577 5085 sermonem
596 5071 611 5096 ,
652 5036 818 5101 neque
866 5042 959 5100 per
1008 5027 1282 5100 epistolam
1333 5036 1583 5099 tanquam
1638 5038 1732 5099 per
1775 5044 1869 5085 nos

280 5121 523 5187 missam,
553 5118 704 5193 quasi
740 5121 895 5176 instet
946 5120 1055 5176 dies
1101 5120 1337 5175 Domini.
1377 5120 1460 5175 Ne
1501 5120 1620 5192 quis
1664 5138 1753 5176 vos
1788 5136 1871 5176 se-

279 5214 447 5269 ducet
484 5212 577 5269 illo
606 5211 782 5268 modo.
813 5210 1075 5280 Quoniam
1106 5212 1209 5267 nisi
1242 5212 1436 5267 venerit
1480 5208 1731 5266 discessio
1757 5213 1869 5283 pri-

279 5320 453 5374 mum,
480 5306 530 5363 el
577 5302 834 5362 revelatus
862 5306 1021 5377 fuerit
1060 5305 1215 5361 homo
1254 5306 1481 5377 peccati,
1513 5304 1657 5375 ﬁlius
1687 5306 1865 5377 perdi-

281 5398 466 5464 tionis,
509 5397 603 5470 qui
632 5395 939 5452 adversatur
966 5406 1015 5453 et
1049 5396 1314 5453 extollitur
1346 5410 1507 5469 supra
1541 5412 1691 5453 omne
1728 5394 1867 5470 quod

281 5490 487 5544 dicitur
522 5488 685 5556 Deus,
722 5497 813 5545 aut
838 5490 977 5562 quod
1007 5489 1216 5555 colitur,
1243 5490 1319 5543 ita
1347 5498 1403 5543 ut
1432 5491 1489 5544 in
1533 5488 1723 5562 templo
1770 5490 1870 5545 Dei

281 5582 486 5649 sedeat,
510 5582 785 5638 ostendens
823 5596 877 5638 se
904 5590 1155 5654 tanquam
1179 5584 1246 5637 sit
1272 5581 1436 5638 Deus.
1466 5582 1593 5638 Non
1639 5584 1870 5638 retinetis

281 5672 428 5747 quod
454 5686 571 5728 cum
599 5672 772 5729 adhuc
802 5688 964 5729 essem
988 5674 1130 5746 apud
1159 5690 1267 5741 vos,
1295 5676 1406 5729 haec
1424 5674 1661 5730 dicebam
1687 5673 1872 5729 vobis!

286 5763 360 5821 Et
390 5766 528 5820 nunc
551 5762 680 5836 quid
704 5763 932 5821 detineat
955 5765 1115 5830 scitis,
1146 5774 1202 5819 ut
1233 5763 1487 5820 reveletur
1512 5766 1572 5820 in
1610 5766 1870 5825 sua'tem-

1975 4649 2124 4718 copia
2155 4663 2329 4703 rerum
2350 4650 2585 4704 omnium
2605 4650 2804 4706 occidet
2830 4650 3108 4720 plurimos,
3131 4662 3180 4707 et
3216 4662 3401 4710 contra
3420 4659 3562 4728 prin-

1972 4742 2138 4812 cipem
2164 4740 2465 4813 principuni
2499 4753 2797 4815 consurget,
2827 4753 2875 4798 et
2910 4744 3023 4798 sine
3052 4761 3214 4800 manu
3239 4756 3556 4806 conteretur.

1972 4837 2043 4893 Et
2069 4837 2267 4891 iterum
2306 4853 2318 4891 :
2357 4836 2426 4890 Et
2452 4837 2610 4907 faciet
2629 4837 2792 4908 juxta
2814 4837 3135 4892 voluntatem
3169 4855 3325 4895 suam
3360 4856 3477 4910 res,
3505 4855 3559 4901 et

1972 4928 2280 4995 elevabitur,
2299 4937 2349 4983 et
2369 4929 2795 5000 magni/imbitur
2814 4927 3091 4982 adversum
3111 4944 3316 4987 omnem
3346 4931 3515 4989 Deum
3533 4952 3555 5001 ,-

1974 5029 2023 5076 et
2045 5021 2322 5076 adversum
2347 5020 2519 5075 Deum
2553 5020 2770 5075 deorum
2795 5019 3037 5090 loquetur
3070 5022 3374 5093 magni/ica,
3394 5024 3557 5080 et‘di-

1973 5116 2171 5187 rigetur
2193 5153 2209 5182 ,
2260 5113 2426 5168 donec
2474 5111 2798 5185 compleatur
2848 5112 3133 5168 iracundia
3181 5128 3200 5168 :
3254 5123 3556 5186 perpetrata

1972 5209 2158 5278 quippe
2204 5214 2279 5262 est
2320 5205 2580 5276 definitio.
2615 5203 2687 5259 Et
2723 5203 2895 5259 Deum
2926 5212 3139 5275 patrum
3178 5222 3399 5263 suorum
3448 5222 3556 5265 non

1973 5301 2253 5373 reputavit,
2284 5310 2334 5355 et
2381 5301 2481 5355 erit
2521 5300 2578 5352 in
2615 5298 3046 5370 concupiscentiis
3088 5300 3423 5371 feminarum,
3458 5316 3553 5356 nec

1970 5404 2284 5465 quemquam
2325 5390 2543 5445 deorum
2580 5390 2808 5458 curabit,
2828 5391 2976 5461 quia
3001 5391 3279 5457 adversum
3307 5391 3554 5449 universa

1970 5493 2265 5555 consurget.
2312 5482 2371 5536 In
2428 5481 2567 5557 libro
2612 5481 2938 5554 Apocalypsi
2990 5500 3004 5537 :
3053 5480 3125 5537 Et
3158 5483 3265 5538 vidi
3303 5482 3371 5539 de
3412 5484 3555 5541 atati

1930 5568 1939 5575 ’
1970 5576 2187 5632 bestiam
2224 5572 2625 5641 ascendentem,
2675 5574 2951 5630 habentem
2986 5590 3189 5630 «nuta
3228 5584 3455 5646 septem.
3500 5590 3560 5633 α

1972 5670 2141 5740 capita
2173 5668 2371 5734 decem,
2397 5676 2447 5722 et
2472 5662 2628 5740 super
2660 5684 2826 5724 cornu
2849 5669 2966 5741 ejus
2988 5670 3169 5725 decem
3206 5668 3554 5734 diademata;

1972 5764 2020 5819 ει
2048 5764 2209 5834 super
2245 5751 2422 5834 capita
2462 5763 2577 5835 ejus
2610 5774 2812 5817 'nonten
2844 5760 3207 5832 blasphemia.
3262 5760 3332 5815 Et
3384 5758 3553 5815 bestia

3508 306 3615 367 278
3724 336 3729 337 ί
