4012 6338
470 301 578 358 279

1438 290 1496 345 S.
1541 285 1892 346 AGODARDI
1928 282 2238 340 EPISCOPI
2276 279 2762 339 LUGDUNE-NSIS

3653 282 3753 340 £80

470 431 639 490 quam,
661 411 799 476 vidi,
829 407 1020 465 similis
1059 415 1173 460 erat
1213 404 1400 478 pardo,
1431 412 1478 457 et
1507 403 1661 474 pedes
1708 401 1824 471 ejus
1871 397 2068 486 similes
2095 399 2149 459 Α
2173 397 2308 467 ignis
2330 406 2377 450 et
2400 395 2792 466 sulphuris,ubi
2815 397 2978 452 bestia
3003 405 3052 450 et
3072 396 3534 468 pseudoprophette
3549 403 3753 458 crucia-

472 507 603 572 ursi,
633 513 681 558 et
711 519 767 557 οε
793 502 908 574 ejus
935 501 1073 554 sicut
1093 515 1150 553 os
1183 497 1369 552 leonis.
1396 495 1465 549 Et
1491 495 1634 549 dedit
1662 493 1743 547 illi
1769 492 1930 546 draco
1966 492 2065 546 vir-

472 611 634 655 tutem
657 613 813 653 suam
839 602 889 648 et
913 600 1219 665 potestatem
1261 605 1528 660 magnam.
1555 584 1624 640 Et
1659 585 1765 640 vidi
1794 601 1956 639 unum
1999 583 2064 638 de

477 690 735 763 capitibus
760 689 872 744 suis
897 686 1054 759 quasi
1082 686 1312 740 occisum
1339 685 1395 737 in
1417 691 1657 747 mortem,
1685 692 1731 734 et
1754 678 1910 750 plaga
1930 695 2066 732 mor-

477 789 543 843 tis
591 787 707 858 ejus
747 792 934 839 curata
979 789 1073 836 est.
1111 779 1182 834 Et
1227 779 1492 833 admirata
1541 786 1613 830 est
1643 775 1885 829 universa
1923 781 2063 827 terra

471 892 588 956 post
645 880 882 936 bestiam.
933 875 1004 930 Et
1057 873 1413 929 adoraverunt
1461 870 1745 924 draconem
1793 866 1884 938 qui
1919 865 2062 920 dedit

471 984 778 1048 potestatem
809 972 1018 1036 bestitc;
1045 977 1095 1022 et
1137 966 1488 1022 adoraverunt
1523 963 1758 1026 bestiam,
1788 959 2015 1013 dicentes
2042 971 2062 1008 .'

475 1068 608 1136 Quis
632 1065 818 1131 similis
863 1063 1038 1119 bestia:
1057 1063 1082 1116 ?
1101 1070 1150 1115 et
1173 1059 1290 1131 quis
1319 1058 1508 1130 poterit
1544 1069 1778 1128 pugnare
1813 1069 1932 1108 cum
1963 1053 2065 1106 ea?

474 1158 543 1214 Et
571 1159 752 1213 datum
779 1165 854 1212 est
900 1155 948 1210 ei
977 1171 1034 1209 os
1074 1153 1286 1223 loquens
1329 1165 1541 1220 magna,
1569 1154 1619 1200 et
1654 1143 2058 1214 blasphemiam,

477 1262 528 1308 et
576 1252 704 1306 data
751 1258 826 1304 est
873 1246 952 1301 illi
1003 1252 1230 1316 potestas
1273 1241 1446 1311 facere
1477 1253 1674 1292 menses
1709 1233 2064 1306 quadraginta

476 1346 631 1400 duos.
665 1341 735 1396 Et
775 1340 980 1412 aperuit
1006 1354 1063 1392 os
1090 1352 1246 1392 suum
1293 1335 1348 1388 in
1385 1329 1754 1401 blasphemias,
1780 1326 1849 1380 ad
1895 1325 2060 1379 Deum

436 1493 444 1513 __
477 1436 839 1506 blasphemare
867 1447 1052 1486 nomen
1073 1428 1212 1499 ejus,
1241 1434 1290 1480 et
1318 1419 1716 1478 tabernaculum
1738 1418 1874 1488 ejus,
1905 1426 1952 1470 et
1978 1432 2063 1471 eos

435 1509 563 1600 ;qui
607 1527 660 1580 in
700 1522 826 1578 caelo
867 1520 1125 1576 habitant.
1154 1519 1223 1573 Et
1266 1517 1448 1570 datum
1477 1521 1552 1568 est
1578 1513 1626 1567 ei
1665 1509 1857 1566 bellum
1895 1509 2064 1579 facere

476 1634 595 1672 cum
615 1615 832 1680 sanctis,
860 1622 908 1668 et
935 1613 1136 1668 vincere
1164 1608 1304 1663 illos.
1321 1607 1388 1662 Et
1412 1607 1611 1662 iterum
1637 1623 1650 1658 :
1677 1602 1748 1657 Et
1774 1602 1879 1658 vidi
1903 1601 2064 1655 aliam

476 1708 693 1763 bestiam
723 1705 1085 1760 ascendentem
1111 1702 1174 1757 de
1209 1710 1381 1765 terra;
1407 1708 1455 1754 et
1484 1697 1706 1752 habebat
1731 1712 1932 1750 cornua
1961 1694 2065 1748 duo

2169 490 2364 545 buntur
2396 490 2482 545 die
2513 509 2575 545 ac
2599 500 2748 546 nocte
2769 493 2826 546 in
2850 490 3045 546 stecula
3073 490 3413 546 saeculorum.
3504 559 3506 561 g

2238 583 2355 638 XV.
2415 583 2550 638 Tres
2599 585 2690 639 hic
2743 583 3031 649 dicuntur,
3093 583 3342 639 diabolus
3391 583 3662 650 videlicet,
3704 599 3758 646 et

2166 676 2364 742 bestia,
2395 692 2516 746 qum
2564 685 2648 731 est
2695 675 3095 740 Antichristus,
3157 684 3214 730 et
3263 677 3754 750 pseudopropheta,

2169 785 2288 839 quae
2318 785 2535 825 omnem
2560 771 2858 840 potentiam
2899 769 3225 826 Antichristi
3254 779 3540 826 ostensura
3568 782 3655 829 est
3703 776 3755 830 in

2167 863 2336 932 signis
2357 872 2412 917 et
2432 863 2695 935 prodigiis
2724 863 3098 918 mendacibus.
3137 863 3206 918 Et
3228 864 3347 918 duze
3390 865 3598 932 bestiae,
3629 883 3753 938 ope-

2168 965 2325 1013 rante
2346 957 2580 1024 diabolo,
2609 958 2998 1012 eminentiores
3018 967 3146 1012 sunt
3170 958 3222 1012 in
3245 959 3503 1014 universo
3533 975 3756 1030 corpore

2165 1049 2522 1119 perditorum.
2541 1051 2610 1104 Et
2623 1050 2869 1105 diabolus
2891 1049 3110 1120 quidem
3134 1059 3220 1105 est
3245 1051 3494 1108 inventor
3520 1063 3575 1107 et
3601 1070 3756 1110 causa

2167 1141 2346 1196 omnis
2373 1140 2539 1206 mali,
2565 1148 2824 1210 tanquam
2861 1140 3171 1194 hominibus
3198 1141 3507 1196 mortaliter
3535 1143 3758 1198 viventi-

2166 1233 2270 1288 bus
2303 1232 2608 1288 invisibilis.
2642 1233 2736 1289 Est
2783 1240 2840 1287 et
2879 1233 3152 1288 homicida
3193 1242 3276 1290 est
3305 1233 3373 1289 ab
3409 1234 3583 1289 initio.
3630 1234 3756 1291 Uni-

2167 1341 2327 1381 versa
2355 1324 2499 1380 mala
2528 1340 2647 1394 quae
2685 1331 2943 1395 Operatus
2980 1332 3082 1390 est,
3119 1325 3358 1381 maxime
3385 1341 3485 1396 per
3514 1326 3758 1382 homines

2167 1419 2412 1474 exercuit
2449 1425 2505 1472 et
2549 1425 2788 1472 exercet.
2836 1416 2990 1471 Illum
3043 1425 3224 1472 autem
3283 1419 3518 1488 primum
3557 1419 3755 1474 malum

2170 1510 2315 1581 quod
2343 1509 2396 1564 in
2427 1508 2749 1579 deceptione
2774 1509 3077 1578 primorum
3114 1509 3393 1564 hominum
3420 1517 3758 1580 perpetratus

2169 1613 2288 1671 est,
2328 1618 2426 1676 per
2471 1611 2778 1672 serpentem
2805 1601 2964 1669 fecit;
3000 1602 3125 1672 quia
3158 1617 3258 1658 nec
3297 1611 3418 1659 erat
3455 1604 3641 1668 homo,
3669 1619 3760 1673 per

2172 1715 2333 1770 quem
2361 1699 2523 1769 primi
2572 1698 2820 1752 homines
2855 1697 3252 1766 deciperentur.
3306 1696 3414 1752 Per
3453 1707 3756 1768 serpentem

475 1800 672 1856 similia
702 1799 849 1870 agni,
881 1808 930 1852 et
951 1796 1261 1869 loquebatur
1297 1795 1434 1848 sicut
1459 1792 1640 1846 draco.
1665 1789 1735 1843 Et
1764 1795 2066 1859 potestatem
2100 1778 2148 1839 B
2177 1792 2392 1848 locutus
2426 1794 2552 1848 Eva;
2572 1833 2588 1857 ,
2629 1807 2729 1862 per
2757 1791 2925 1846 Evam
2961 1790 3110 1846 Adte.
3153 1790 3359 1846 Deinde
3384 1807 3484 1861 per
3510 1791 3650 1847 Cain
3679 1806 3760 1846 oc-

473 1893 670 1966 prioris
718 1891 896 1947 bestia:
925 1905 1126 1944 omnem
1155 1885 1380 1957 faciebat
1416 1885 1471 1938 in
1511 1889 1788 1953 conspectu
1825 1879 1975 1949 ejus;
2021 1886 2071 1931 et

481 1986 604 2057 fecit
635 1995 834 2039 terram
855 1991 905 2037 et
931 1979 1280 2035 inhabitantes
1301 1977 1356 2031 in
1392 1992 1454 2030 ea
1485 1975 1710 2029 adorare
1730 1972 1946 2026 bestiam
1969 1969 2074 2039 pri-

475 2095 639 2143 mam,
672 2075 827 2146 cujus
875 2081 1060 2127 curata
1098 2079 1173 2124 est
1202 2069 1361 2140 plaga
1408 2067 1613 2121 mortis.
1654 2063 1724 2117 Et
1775 2062 1896 2132 fecit
1920 2059 2072 2131 signa

475 2187 694 2240 magna,
735 2177 790 2221 ut
817 2166 975 2221 etiam
997 2165 1167 2235 ignem
1192 2161 1388 2231 faceret
1420 2160 1484 2213 de
1509 2156 1635 2212 caelo
1681 2153 1995 2210 descendere
2017 2153 2074 2207 in

474 2269 672 2314 terram
697 2259 753 2312 in
792 2263 1069 2326 conspectu
1107 2253 1395 2306 hominum.
1433 2248 1493 2302 Et
1536 2245 1744 2301 seduxit
1776 2243 2072 2297 habitantes

475 2361 694 2415 terram,
720 2355 934 2419 propter
977 2345 1152 2414 signa,
1181 2357 1299 2412 qua:
1346 2339 1473 2393 data
1518 2345 1639 2392 sunt
1682 2334 1762 2388 illi
1814 2333 1988 2402 facere
2016 2333 2072 2386 in

476 2447 758 2510 conspectu
801 2436 996 2491 bestite.
1030 2433 1096 2488 Et
1120 2434 1318 2488 iterum
1354 2449 1366 2483 :
1396 2429 1511 2500 Ego
1539 2428 1634 2482 tibi
1673 2426 1848 2479 dicam
1893 2440 2074 2477 sacra-

475 2540 710 2584 mentum
739 2528 994 2592 mulieris,
1039 2534 1088 2580 et
1115 2525 1290 2579 bestia:
1320 2538 1436 2593 qua:
1465 2528 1639 2592 portat
1668 2535 1804 2584 eam,
1833 2532 1951 2586 qua:
1978 2517 2075 2569 ha-

476 2622 557 2676 bet
595 2621 770 2690 capita
799 2628 1014 2689 septem,
1053 2626 1101 2671 et
1127 2631 1329 2670 cornua
1352 2613 1549 2667 decem.
1590 2609 1772 2666 Bestia
1813 2627 1971 2682 quam
2001 2610 2075 2663 vi-

477 2715 603 2768 disti
634 2714 756 2784 fuit,
779 2721 825 2766 et
858 2728 962 2765 non
987 2719 1084 2775 est,
1116 2717 1164 2762 et
1191 2723 1473 2762 ascensura
1499 2713 1576 2759 est
1605 2705 1669 2758 de
1695 2703 1901 2774 abysso,
1945 2711 1994 2756 et
2020 2702 2078 2755 in

472 2807 743 2863 interitum
805 2803 938 2867 ibit;
977 2812 1026 2855 et
1085 2800 1417 2854 mirabuntur
1466 2795 1822 2850 inhabitantes
1881 2804 2076 2848 terram

478 2899 734 2972 (quorum
762 2912 868 2949 non
897 2902 1016 2948 sunt
1038 2893 1232 2962 scripta
1257 2890 1469 2944 nomina
1493 2891 1547 2944 in
1571 2889 1704 2943 libro
1728 2889 1850 2942 vitae
1878 2905 1910 2942 a
1945 2904 2074 2941 con-

474 2992 746 3046 stitutione
783 2987 1014 3060 mundi),
1055 2985 1284 3040 videntes
1309 3000 1427 3054 quae
1461 2992 1600 3048 erat,
1631 2991 1680 3036 et
1729 2997 1833 3035 non
1870 2988 1966 3034 est.
2007 2978 2078 3033 Et

477 3087 561 3141 hic
583 3093 658 3140 est
703 3100 906 3149 sensus,
937 3081 1026 3153 qui
1052 3079 1205 3135 habet
1257 3077 1593 3148 sapientiam.
1626 3073 1831 3146 Septem
1879 3073 2072 3145 capita,

481 3192 673 3254 septem
693 3188 894 3234 montes
915 3185 1060 3241 sunt,
1081 3191 1237 3246 super
1271 3147 1400 3238 quos
1432 3169 1621 3225 mulier
1646 3169 1808 3233 sedet,
1848 3177 1897 3221 et
1930 3184 2072 3238 reges
2101 3147 2146 3211 Ο

481 3285 675 3346 septem
707 3282 850 3328 sunt.
879 3270 1121 3340 Quinque
1143 3267 1464 3330 ceciderunt,
1488 3280 1623 3318 unus
1649 3271 1745 3328 est,
1774 3259 1915 3316 alius
1937 3277 2072 3314 non-

483 3368 608 3422 dum
637 3367 804 3429 venit;
845 3373 892 3418 et
920 3379 1038 3417 cum
1091 3361 1314 3425 venerit,
1359 3365 1558 3428 oportet
1590 3355 1741 3410 illum
1780 3354 1931 3410 breve
1954 3363 2077 3409 tem-

483 3476 583 3532 pus
607 3473 837 3512 manere.
869 3455 938 3509 Et
971 3455 1133 3508 bestia
1161 3468 1279 3524 qua:
1305 3460 1417 3505 erat
1439 3460 1486 3504 et
1511 3465 1613 3504 non
1633 3458 1730 3514 est,
1751 3449 1865 3519 ipsa
1892 3456 2076 3503 octava

486 3563 584 3620 est,
608 3562 656 3608 et
687 3552 751 3606 de
778 3560 969 3622 septem
995 3558 1092 3616 est,
1122 3557 1169 3602 et
1215 3549 1270 3602 in
1309 3547 1578 3600 interitum
1603 3544 1763 3599 vadit.
1800 3543 1870 3598 Et
1899 3543 2075 3598 decem

489 3660 690 3700 cornua
733 3658 850 3712 quae
899 3639 1092 3706 vidisti,
1129 3639 1304 3693 decem
1354 3652 1494 3707 reges
1541 3647 1692 3700 sunt,
1723 3634 1812 3706 qui
1860 3650 2078 3705 regnum

487 3736 721 3792 nondum
770 3741 1116 3804 acceperunt,
1159 3730 1248 3784 sed
1303 3737 1607 3800 potestatem
1648 3736 1898 3798 tanquam
1935 3741 2077 3796 reges

485 3851 594 3889 una
619 3832 748 3885 hora
771 3828 1035 3898 accipiunt
1069 3833 1185 3897 post
1218 3824 1450 3879 bestiam.
1488 3821 1559 3875 Hi
1599 3819 1879 3876 consilium
1911 3837 2078 3875 unum

485 3925 674 3980 habent
699 3932 746 3977 et
774 3922 1036 3984 virtutem,
1059 3927 1106 3972 et
1133 3926 1439 3990 potestatem
1469 3932 1619 3969 suam
1644 3915 1820 3970 bestia:
1845 3915 2075 3970 tradent.

489 4017 563 4072 Hi
590 4032 708 4069 cum
733 4013 880 4084 Agna
915 4011 1244 4082 pugnabunt,
1273 4018 1321 4063 et
1343 4008 1523 4078 Agnus
1553 4009 1720 4062 vincet
1747 4006 1867 4062 illos
1897 4024 1916 4062 :
1941 4024 2078 4078 quo-

489 4107 634 4160 niam
659 4102 917 4158 Dominus
942 4100 1274 4154 dominorum
1313 4106 1410 4161 est,
1443 4108 1492 4150 et
1525 4097 1640 4151 Rea;
1685 4114 1886 4168 regum,
1915 4107 1962 4151 et
1989 4099 2080 4168 qui

494 4215 613 4254 cum
667 4195 760 4250 illo
807 4201 929 4249 sunt
968 4192 1168 4257 vocati,
1214 4190 1363 4244 electi
1402 4199 1450 4243 et
1502 4187 1703 4258 ﬁdeles.
1734 4188 1802 4242 Et
1838 4189 2075 4244 iterum:

499 4293 570 4347 Et
608 4289 716 4347 vidi
748 4288 987 4352 bestiam,
1019 4294 1066 4340 et
1115 4301 1258 4354 reges
1307 4295 1490 4348 terrte,
1535 4291 1582 4336 et
1611 4281 1869 4336 exercitus
1900 4299 2080 4337 eorum

494 4392 834 4457 congregatos
862 4380 932 4436 ad
957 4377 1256 4450 faciendum
1283 4375 1523 4448 prwlium
1551 4392 1667 4430 cum
1697 4374 1789 4429 illo
1817 4376 1906 4446 qui
1935 4377 2081 4431 sede-

494 4483 581 4534 bat
618 4479 674 4532 in
693 4493 842 4549 equo,
869 4483 917 4528 et
949 4489 1069 4528 cum
1098 4470 1329 4526 exercitu
1367 4469 1502 4539 ejus.
1542 4467 1612 4522 Et
1653 4468 1976 4538 apprehensa
2003 4480 2078 4523 est

495 4572 678 4638 bestia,
713 4578 906 4625 etcum
952 4568 1064 4638 ipso
1121 4562 1573 4636 pseudopropheta
1618 4560 1707 4633 qui
1754 4560 1876 4630 fecit
1926 4563 2078 4632 signa

489 4683 669 4722 coram
711 4665 845 4735 ipso,
873 4659 1061 4734 quibus
1101 4657 1309 4712 seduxit
1348 4673 1433 4710 eos
1476 4656 1564 4727 qui
1613 4662 1920 4725 acceperunt
1949 4655 2079 4708 cha-

491 4767 746 4814 racterem
776 4756 974 4820 bestiae,
1002 4761 1052 4807 et
1095 4751 1184 4822 qui
1219 4749 1443 4804 adorant
1487 4747 1767 4819 imaginem
1787 4747 1922 4818 ejus.
1966 4743 2078 4800 Vivi

489 4851 637 4907 missi
657 4855 778 4902 sunt
807 4846 862 4900 hi
889 4845 995 4898 duo
1015 4845 1073 4898 in
1104 4851 1346 4912 stagnum
1371 4840 1506 4910 ignis
1533 4838 1764 4893 ardentis
1787 4837 2076 4908 sulphuris,

490 4952 542 4998 et
579 4939 754 4996 caueri
774 4937 930 4991 occisi
963 4943 1083 4989 sunt
1112 4934 1167 4988 in
1205 4929 1382 5003 gladio
1409 4930 1634 4986 sedentis
1671 4947 1828 5001 super
1857 4945 2069 5001 equum,

491 5035 582 5108 qui
620 5031 854 5104 procedit
885 5029 948 5082 de
973 5043 1062 5081 ore
1084 5028 1271 5099 ipsius.
1318 5025 1385 5081 Et
1421 5025 1619 5081 iterum
1665 5042 1677 5078 :
1708 5023 1776 5078 Et
1805 5039 1923 5077 cum
1948 5039 2078 5077 con-

492 5123 741 5182 summati
775 5120 972 5192 fuerint
998 5117 1142 5174 mille
1169 5119 1317 5185 anni,
1357 5116 1584 5173 solvetur
1614 5114 1843 5171 Satanas
1867 5115 1930 5168 de
1962 5131 2080 5169 car-

494 5234 609 5275 cere
629 5233 747 5282 suo,
769 5223 818 5269 et
855 5213 1010 5278 exist,
1040 5219 1089 5267 et
1136 5211 1347 5266 seducet
1381 5217 1555 5282 gentes
1604 5223 1721 5280 quae
1759 5214 1881 5261 sunt
1925 5221 2080 5276 super

494 5308 715 5383 angulos
757 5315 912 5362 terra:
940 5303 1052 5376 Gog
1101 5312 1150 5359 et
1194 5302 1407 5374 Magog,
1460 5311 1506 5355 et
1536 5296 1866 5371 congregabit
1893 5313 1978 5350 eos
2022 5297 2080 5350 in

491 5403 758 5478 praelium,
806 5416 1029 5473 quorum
1057 5414 1304 5454 numerus
1337 5403 1413 5450 est
1439 5395 1572 5449 sicut
1612 5409 1774 5447 arena
1800 5391 1983 5446 maris.
2010 5389 2081 5444 Et

495 5494 841 5551 ascenderunt
901 5507 1058 5562 super
1113 5487 1444 5543 altitudinem
1499 5496 1684 5549 terra;
1750 5492 1799 5539 et
1855 5484 2080 5537 circum-

493 5589 670 5643 ierunt
701 5595 877 5639 castra
925 5591 1252 5645 sanctorum,
1291 5588 1340 5632 et
1393 5578 1653 5632 civitatem
1697 5574 1958 5630 dilectam.
2012 5573 2080 5628 Et

499 5678 762 5735 descendit
798 5677 933 5746 ignis
973 5691 1006 5727 a
1050 5672 1161 5725 Deo
1189 5670 1253 5724 de
1281 5666 1428 5731 caelo,
1454 5676 1502 5720 et
1531 5666 1795 5720 devoravit
1834 5665 1993 5730 illos;
2035 5671 2085 5718 et

503 5767 746 5823 diabolus
793 5764 881 5831 qui
937 5761 1212 5818 seducebat
1257 5775 1368 5822 eos,
1394 5757 1585 5812 missus
1626 5764 1700 5811 est
1747 5757 1801 5809 in
1840 5764 2085 5826 stagnum

2174 1884 2305 1939 cidit
2331 1883 2484 1939 Abel.
2517 1883 2584 1938 Et
2619 1883 2876 1952 deinceps
2916 1881 3249 1953 pullularunt
3276 1883 3459 1938 omnia
3485 1883 3631 1938 mala
3657 1924 3672 1949 ,
3712 1893 3760 1938 et

2174 1983 2461 2052 creverunt
2484 1975 2816 2044 iniquitates,
2851 1982 2906 2029 et
2932 1982 3186 2030 crescunt
3216 1977 3413 2040 adhuc,
3445 1975 3624 2032 donec
3648 1989 3760 2046 per-

2173 2069 2395 2124 veniant
2422 2068 2488 2121 ad
2521 2083 2794 2122 summum
2824 2067 2985 2134 mali;
3032 2070 3250 2138 quando
3279 2068 3392 2124 Deo
3415 2071 3759 2141 permittente

2175 2170 2230 2217 et
2253 2161 2540 2216 ordinante
2565 2171 2945 2232 assumpturus
2975 2170 3060 2215 est
3088 2161 3191 2216 sibi
3221 2161 3465 2217 diabolus
3481 2178 3581 2218 vas
3609 2163 3762 2233 aptis-

2177 2256 2396 2319 simum,
2423 2255 2699 2310 hominem
2731 2254 2980 2310 videlicet
3006 2253 3159 2309 illum
3199 2255 3512 2310 damnatum
3564 2265 3625 2311 et
3650 2273 3760 2328 per-

2177 2348 2379 2410 ditum,
2429 2355 2699 2418 caputque
2742 2347 3116 2418 perditorum;
3166 2347 3260 2417 qui
3308 2347 3363 2402 in
3410 2356 3624 2401 tantam
3678 2364 3761 2402 ex-

2177 2447 2389 2494 crescet
2414 2431 2698 2504 malitiam,
2731 2446 2791 2493 ut
2832 2438 2996 2492 homo
3018 2438 3262 2493 omnium
3291 2439 3564 2508 pessimus
3595 2449 3762 2494 osten-

2178 2538 2296 2584 tare
2326 2545 2384 2584 se
2410 2530 2604 2600 possit,
2633 2538 2690 2584 et
2723 2528 2908 2583 audiat
2937 2536 3195 2598 tanquam
3216 2528 3278 2583 ﬁt
3306 2529 3467 2595 Deus,
3502 2538 3561 2584 et
3583 2539 3762 2584 contra

2179 2621 2434 2676 universa
2488 2629 2799 2692 consurgat,
2837 2627 2894 2675 et
2940 2620 3166 2675 extollat
3205 2637 3264 2677 se
3297 2637 3362 2677 ac
3396 2623 3570 2693 jactet
3615 2640 3763 2692 super

2179 2729 2340 2770 omne
2363 2715 2505 2783 quod
2541 2714 2738 2769 dicitur
2778 2714 2920 2769 Deus
2968 2721 3024 2767 et
3055 2713 3200 2784 quod
3229 2713 3422 2768 colitur
3466 2733 3479 2767 :
3515 2715 3593 2768 ita
3626 2724 3680 2769 ut
3705 2714 3762 2770 de

2181 2805 2272 2861 illo
2289 2804 2404 2873 jam
2427 2806 2629 2861 dictum
2657 2806 2781 2861 sita
2809 2805 3040 2861 Domino
3067 2821 3080 2860 :
3114 2804 3238 2860 Non
3273 2814 3349 2861 est
3374 2824 3533 2878 super
3577 2818 3761 2864 terram

2181 2908 2409 2970 potestas
2437 2916 2554 2970 qua:
2591 2908 2922 2970 comparetur
2954 2899 3003 2953 ei
3035 2900 3125 2971 qui
3155 2899 3327 2969 factus
3373 2910 3448 2954 est
3479 2910 3536 2954 ut
3566 2901 3764 2956 nullum

2185 2991 2407 3046 timeret.
2435 2989 2600 3045 Omne
2631 2973 2854 3045 sublﬁne
2878 2991 3039 3046 videt.
3066 2989 3187 3062 Ipse
3231 3002 3306 3046 est
3345 3009 3436 3046 rea:
3469 3009 3636 3064 super
3665 2996 3765 3048 uni-

2184 3101 2357 3140 versos
2380 3083 2519 3154 filios
2547 3084 2822 3156 superbiat.
2844 3085 2915 3140 Ut
2934 3086 3166 3140 sciamus
3192 3086 3258 3142 de
3285 3085 3376 3142 illo
3404 3086 3614 3142 dictum
3635 3104 3761 3154 esse,

2178 3178 2429 3249 superius
2461 3177 2787 3240 ostenditur,
2812 3177 2902 3232 ubi
2930 3176 3131 3232 dicitur
3164 3195 3178 3231 :
3207 3175 3339 3232 Cum
3374 3180 3763 3249 apprehenderit

2177 3288 2298 3326 eum
2327 3270 2556 3342 gladius,
2602 3271 2886 3325 subsistere
2912 3287 3018 3325 non
3047 3270 3259 3340 poterit,
3292 3287 3456 3343 neque
3484 3273 3664 3341 hasta,
3692 3289 3765 3330 ne-

2177 3381 2276 3436 que
2303 3364 2510 3418 thorax.

2249 3455 2388 3511 XVI.
2420 3455 2573 3523 Quod
2607 3464 2788 3511 autem
2817 3472 2985 3510 unum
3016 3469 3219 3527 corpus
3256 3458 3329 3513 sit
3369 3458 3620 3514 omnium
3650 3475 3761 3532 per-

2180 3546 2438 3612 ditorum,
2467 3544 2622 3616 cujus
2644 3545 2815 3600 isdem
2841 3545 3210 3603 Antichristus
3234 3556 3394 3618 caput
3411 3548 3503 3614 sit,
3521 3552 3765 3620 superius

2181 3640 2502 3703 ostenditur,
2531 3639 2623 3694 ubi
2645 3639 2848 3694 dictum
2876 3649 2958 3694 est
2991 3657 3002 3693 :
3037 3637 3274 3694 Membra
3315 3641 3640 3696 cohwrentia
3676 3643 3764 3697 sibi

2180 3733 2420 3787 carnium
2445 3733 2578 3803 ejus.
2625 3733 2692 3786 Et
2722 3734 2920 3788 iterum
2953 3751 2964 3787 :
2998 3730 3200 3804 Corpus
3238 3732 3384 3787 illius
3426 3735 3579 3806 quasi
3628 3746 3765 3790 scuta

2182 3826 2398 3898 fusilia;
2425 3836 2754 3898 compactum
2793 3827 3024 3898 squamis
3046 3843 3100 3881 se
3125 3826 3496 3897 prementibus.
3531 3823 3654 3881 Una
3683 3826 3766 3880 uni

2182 3919 2552 3990 conjungitur,
2581 3929 2631 3973 et
2685 3936 2748 3974 ne
2795 3918 3121 3989 spiraculum
3173 3919 3385 3990 quidem
3436 3919 3636 3973 incedit
3683 3935 3767 3990 per

2181 4030 2270 4068 eas
2299 4027 2317 4065 :
2342 4011 2495 4066 alteri
2528 4029 2636 4066 una
2663 4011 2970 4077 adhterebit,
3000 4019 3048 4065 et
3091 4020 3318 4066 tenentes
3348 4027 3403 4065 se
3444 4027 3768 4082 nequaquam

2181 4104 2587 4176 separabantur.
2613 4104 2690 4158 De
2713 4119 2822 4172 quo
2857 4117 3084 4173 corpore
3107 4112 3163 4158 et
3188 4103 3364 4173 capite
3396 4101 3533 4172 ejus,
3582 4102 3640 4157 id
3669 4111 3766 4166 est,

2183 4195 2415 4260 diabolo,
2432 4194 2514 4248 vel
2530 4193 2884 4257 Antichristo,
2901 4202 2956 4248 et
2970 4208 3066 4262 per
3083 4192 3421 4247 Ezechielem
3449 4193 3766 4262 prophetam

2183 4291 2422 4346 dicitur:
2451 4287 2588 4342 Ecce
2629 4303 2722 4357 ego
2761 4286 2830 4340 ad
2861 4286 2910 4340 te
2940 4284 3154 4339 Pharao
3203 4301 3296 4338 rea;
3335 4284 3576 4354 AEgypti,
3611 4284 3766 4337 draco

2183 4400 2392 4455 magne,
2420 4382 2511 4454 qui
2554 4379 2716 4434 cubas
2754 4381 2812 4434 in
2834 4379 3004 4434 medio
3031 4379 3308 4448 ﬂuminum
3337 4388 3572 4444 tuorum,
3601 4388 3652 4432 et
3693 4378 3767 4430 di-

2183 4479 2257 4532 cis
2280 4491 2300 4529 :
2338 4476 2490 4531 Meus
2512 4484 2588 4531 est
2617 4477 2830 4546 ﬂuvius,
2855 4483 2906 4529 et
2935 4490 3028 4546 ego
3051 4473 3150 4544 feci
3172 4474 3551 4543 memetipsum.
3585 4471 3656 4526 Et
3681 4488 3768 4542 po-

2186 4587 2308 4624 nam
2339 4570 2567 4640 fraznum
2603 4570 2662 4623 in
2701 4566 2931 4622 maxillis
2967 4567 3092 4632 tuis,
3143 4574 3192 4621 et
3228 4565 3567 4636 agglutinabo
3606 4565 3766 4636 pisces

2183 4662 2462 4732 fluminum
2503 4671 2714 4714 tuorum
2766 4661 2998 4731 squamis
3037 4659 3175 4724 tuis;
3201 4667 3249 4712 et
3280 4657 3559 4711 extraham
3611 4667 3663 4711 te
3708 4656 3767 4709 de

2184 4753 2354 4807 medio
2376 4753 2656 4824 [luminum
2679 4761 2912 4817 tuorum,
2944 4762 2993 4806 et
3022 4749 3254 4806 universi
3282 4749 3448 4821 pisces
3493 4749 3572 4802 tui
3614 4763 3767 4819 squa-

2184 4848 2283 4902 mis
2322 4847 2425 4900 tuis
2465 4845 2827 4912 adhwrebunt,
2869 4855 2916 4900 et
2954 4845 3231 4916 projiciam
3275 4853 3324 4898 te
3365 4843 3420 4897 in
3469 4841 3765 4904 desertum,

2182 4949 2230 4996 et
2256 4955 2432 4993 omnes
2484 4937 2648 5008 pisces
2694 4938 2931 5008 [luminis
2980 4937 3077 4989 tui.
3120 4935 3195 4989 De
3231 4935 3387 5005 cujus
3435 4931 3680 5003 potentia
3717 4936 3768 4984 et

2185 5030 2241 5086 in
2272 5030 2501 5103 psalmo,
2550 5031 2844 5086 secundum
2874 5028 3195 5085 Hebraicam
3230 5035 3412 5082 tamen
3463 5024 3769 5080 translatio-

2187 5140 2332 5190 nem,
2365 5123 2604 5180 dicitur:
2642 5141 2661 5176 ‹
2693 5123 2893 5193 Impius
2919 5120 3215 5178 secundum
3252 5120 3595 5174 altitudinem
3626 5116 3768 5171 furo-

2187 5215 2264 5272 ris
2287 5216 2370 5271 sui
2396 5231 2504 5271 non
2527 5214 2784 5286 requiret,
2811 5229 2914 5269 nec
2934 5219 3018 5268 est
3039 5213 3183 5268 Deus
3205 5212 3260 5266 in
3289 5211 3542 5266 omnibus
3571 5208 3768 5277 cogita-

2187 5308 2426 5364 tionibus
2451 5307 2588 5377 ejus.
2619 5307 2940 5362 Parturiunt
2967 5305 3067 5360 via:
3101 5305 3220 5376 ejus
3251 5305 3303 5359 in
3330 5304 3478 5359 omni
3503 5312 3765 5374 tempore.

2187 5400 2370 5472 Longe
2393 5410 2520 5456 sunt
2536 5399 2741 5469 judicia
2769 5407 2862 5454 tua
2891 5415 2921 5454 a
2958 5397 3096 5454 facie
3117 5397 3252 5466 ejus.
3291 5398 3494 5454 Omnes
3521 5396 3768 5452 inimicos

2187 5512 2312 5552 suos
2340 5495 2584 5564 despicit.
2621 5493 2884 5564 Loquitur
2914 5493 2968 5547 in
3013 5493 3176 5548 corde
3221 5508 3339 5548 suo.
3372 5490 3488 5545 Non
3515 5489 3770 5545 movebar

2188 5591 2255 5646 de
2292 5589 2641 5661 generatione
2677 5589 2730 5642 iu
2753 5588 3180 5658 generationem,
3203 5602 3296 5642 ero
3327 5585 3443 5640 sine
3465 5581 3626 5637 malo.
3654 5579 3770 5634 Ma-

2188 5680 2474 5736 ledictione
2511 5694 2573 5734 os
2599 5677 2716 5747 ejus
2744 5679 2964 5748 plenum
2998 5687 3097 5743 est,
3142 5686 3196 5733 et
3225 5677 3390 5743 dolis,
3419 5684 3476 5730 et
3507 5672 3768 5738 avaritia;

2189 5773 2290 5829 sub
2315 5769 2495 5841 lingua
2518 5768 2636 5839 ejus
2672 5771 2828 5828 dolus
2857 5779 2912 5826 et
2943 5771 3220 5842 iniquitas.
3271 5769 3377 5826 Sed
3404 5775 3461 5824 et
3489 5765 3773 5824 insidiatur
