4012 6338
177 325 292 382 281

1260 312 1530 388 ΒΕΒΜΟ
1569 330 1657 387 DE
1692 326 1875 383 FIDE!
1914 314 2283 389 VERITATE.

3354 341 3463 401 289

172 446 357 519 ἱιιιιειι
386 443 654 501 vestibula
688 443 743 499 in
792 442 1145 512 absconditis,
1190 455 1252 503 ut
1282 428 1576 505 interficiat
1621 450 1777 506 inno«
1801 430 1853 506 Α
1879 444 1948 499 ab
1992 461 2058 502 eo
2082 445 2226 517 capti
2256 444 2476 514 fuerint,
2520 446 2791 504 stabiliter
2819 457 3091 507 tenentur.
3119 452 3262 527 Ergo
3303 458 3396 528 qui
3426 475 3459 515 a

181 546 425 595 centeni.
463 535 617 594 Oculi
661 535 776 607 ejus
826 539 1076 595 robustos
1123 540 1599 612 circumspiciunt;
1645 544 1776 600 insi-

181 629 374 685 diatur
417 628 474 683 in
505 627 855 695 abscondito,
889 630 1043 700 quasi
1082 630 1168 686 leo
1212 632 1269 687 in
1316 633 1500 688 cubili.
1543 634 1772 691 Insidia-

179 729 280 776 tur
303 728 368 775 ut
395 720 576 790 rapiat
600 735 916 792 pauperem,
940 721 1065 778 dum
1082 712 1389 781 attraxerit
1416 742 1540 782 eum
1563 728 1630 782 ad
1658 737 1774 785 rete

180 830 370 880 suum,
418 821 476 870 et
495 812 835 871 confractum
865 814 1102 886 subiicit,
1129 825 1186 874 et
1230 818 1400 875 irruet
1427 820 1635 877 viribus
1661 822 1774 879 suis

178 910 456 965 valenter.
492 927 513 962 ι

256 1001 422 1058 XVII.
457 1000 573 1058 Hoc
597 1017 796 1073 corpus
817 1002 1016 1060 diaboli
1054 1012 1215 1074 atque
1241 1004 1585 1073 Antichristi,
1611 1007 1774 1077 quale

177 1096 239 1150 in
257 1095 520 1165 praesenti
542 1096 633 1163 sit,
655 1104 710 1151 et
748 1096 879 1166 quid
901 1095 976 1151 illi
997 1097 1053 1152 in
1079 1095 1262 1152 futuro
1290 1106 1523 1163 maneat,
1552 1099 1774 1154 demon-

175 1197 399 1245 stratur
420 1190 476 1245 in
508 1189 618 1245 alio
640 1189 867 1260 psalmo,
888 1190 981 1245 ubi
1007 1190 1207 1247 dicitur
1231 1208 1245 1245 :
1276 1190 1417 1257 Quid
1440 1191 1687 1262 gloriaris
1716 1194 1773 1247 in

178 1282 411 1338 malitia.
432 1284 524 1355 qui
535 1292 716 1354 potens
730 1300 785 1338 es
802 1284 1078 1355 iniquitate
1090 1285 1116 1338 .9
1131 1292 1185 1340 et
1199 1293 1412 1341 caetera.
1431 1285 1508 1339 De
1530 1287 1635 1341 hoc
1646 1302 1770 1343 cor-

178 1392 318 1448 pore
337 1377 675 1447 perditorum
699 1376 936 1448 loquitur
963 1385 1019 1433 et
1043 1377 1182 1432 liber
1205 1379 1299 1448 qui
1327 1378 1646 1434 inscribitur
1674 1377 1772 1434 Sa-

176 1470 427 1540 pientiae,
456 1469 689 1540 qualiter
720 1470 773 1523 in
809 1470 916 1524 line
939 1478 1243 1541 temporum
1269 1485 1587 1540 oppressum
1617 1482 1773 1526 aeter-

176 1561 270 1616 nis
293 1560 540 1615 miseriis
584 1568 736 1632 gerat
779 1573 957 1615 seram
986 1567 1041 1615 et
1075 1559 1464 1616 infructuosam
1510 1561 1773 1630 paeniten-

178 1652 340 1716 tiam,
369 1650 559 1705 dicens
598 1667 611 1704 :
644 1648 789 1704 Tunc
812 1650 1025 1704 stabunt
1042 1650 1179 1720 justi
1218 1651 1275 1704 in
1314 1666 1506 1721 magna
1535 1658 1772 1705 constan-

176 1744 288 1810 tia,
332 1750 390 1798 et
416 1751 614 1798 caetera
646 1756 767 1813 quae
792 1742 1213 1812 subsequuntur.
1242 1740 1387 1812 Ergo
1415 1742 1709 1796 erravimus
1734 1759 1768 1797 a

1874 547 2165 607 conspectu
2187 538 2418 594 districti
2435 536 2640 610 judicis
2675 541 2930 611 expulsus
2975 549 3460 614 tenetur,miseriae

1873 637 1929 685 et
1950 632 2293 686 tenebrarum
2316 641 2461 687 terra
2487 632 2772 688 cohibetur
2803 653 2816 689 :
2841 636 2965 706 quia
2992 635 3125 693 foris
3155 638 3310 695 dolor
3336 658 3461 697 cru-

1873 723 1983 778 ciat
2011 738 2147 793 quos
2167 725 2371 781 divisos
2393 740 2424 779 a
2451 740 2579 780 vero
2600 725 2804 783 lumine
2828 727 2973 785 intus
3010 730 3227 787 caecitas
3256 732 3455 789 obscu-

1872 826 1961 874 rat
1993 836 2006 871 :
2040 827 2443 875 transactorum
2475 820 2567 875 illa
2597 821 2764 876 ultrix
2800 820 3020 880 flamma
3038 824 3293 881 vitiorum
3322 842 3455 882 con-

1873 910 2259 967 cremationem
2285 918 2340 966 et
2362 911 2544 966 lumen
2574 928 2682 969 non
2712 913 2894 969 habet.

1943 1001 2127 1058 XVIII.
2161 1000 2451 1057 Sciendum
2475 1012 2655 1059 tamen
2680 1006 2805 1075 quia
2832 1006 2972 1062 sicut
3010 1007 3068 1062 in
3095 1007 3250 1062 domo
3275 1005 3459 1065 Patris

1872 1096 2171 1150 mansiones
2217 1094 2396 1149 multa:
2432 1104 2555 1149 sunt
2612 1113 2706 1167 pro
2752 1098 3052 1153 diversitate
3090 1100 3327 1165 uirtutis;
3379 1102 3459 1158 sic

1872 1188 2156 1243 damnatos
2186 1186 2401 1243 diverso
2439 1188 2737 1259 supplicio,
2768 1191 3027 1262 gehennae
3065 1191 3276 1263 ignibus
3306 1194 3455 1250 subi-

1872 1280 1949 1336 cit
2001 1278 2328 1351 disparilitas
2372 1280 2615 1335 criminis
2666 1299 2678 1333 :
2719 1296 2839 1351 quae
2903 1281 3110 1337 scilicet
3166 1283 3411 1352 gebenna
3438 1323 3457 1351 ,

1872 1374 2120 1444 quamvis
2167 1374 2379 1428 cunctis
2426 1389 2531 1428 una
2565 1374 2658 1440 sit,
2697 1389 2806 1429 non
2853 1383 3036 1431 tamen
3073 1384 3300 1431 cunctos
3353 1391 3459 1432 una

1872 1465 2169 1536 eademque
2208 1465 2469 1535 qualitate
2489 1465 2768 1520 succendit
2794 1483 2806 1519 :
2832 1480 2952 1535 qua:
2988 1474 3167 1521 tamen
3194 1465 3458 1536 supplicia

1871 1556 1931 1611 in
1958 1570 2016 1612 se
2035 1550 2312 1611 demersos
2340 1561 2398 1609 et
2424 1554 2567 1609 ultra
2598 1555 2743 1610 vires
2768 1555 3030 1619 cruciant,
3058 1561 3114 1610 et
3139 1556 3195 1610 in
3225 1555 3305 1610 eis
3335 1557 3459 1610 vitae

1870 1648 2172 1703 subsidium
2193 1646 2602 1717 exstinguentes
2630 1656 2883 1714 servant;
2911 1655 2974 1702 ut
2997 1646 3078 1702 sic
3089 1647 3254 1702 vitam
3273 1647 3461 1703 termi-

1871 1754 1975 1794 nus
2000 1739 2213 1809 puniat,
2241 1734 2510 1808 quatenus
2534 1754 2750 1810 semper
2773 1739 2889 1794 sine
2918 1740 3153 1795 termino
3183 1741 3459 1796 cruciatus

176 1839 264 1891 ria
295 1836 560 1903 veritatis,
592 1846 642 1891 et
671 1836 900 1907 justitiw
927 1834 1102 1890 lumen
1131 1853 1234 1890 non
1256 1834 1392 1890 luxit
1428 1836 1595 1902 nobis,
1618 1845 1666 1890 et
1692 1834 1771 1891 sol
1797 1821 1846 1882 Β
1872 1831 2041 1897 vivat,
2072 1831 2199 1901 quia
2240 1839 2297 1886 et
2352 1831 2421 1886 ad
2449 1830 2613 1886 linem
2657 1846 2757 1902 per
2799 1839 3065 1887 tormenta
3095 1841 3370 1903 properat,
3403 1840 3461 1887 et

174 1928 541 2000 intelligentia:
569 1946 675 1984 non
696 1937 842 1984 ortus
872 1938 949 1983 est
971 1930 1138 1984 nobis.
1170 1928 1379 1984 Lassati
1399 1947 1578 1985 sumus
1601 1931 1656 1984 in
1685 1932 1769 1985 via

172 2021 478 2092 iniquitatis
508 2029 559 2076 et
582 2021 928 2092 perditionis;
957 2031 1007 2076 et
1035 2019 1421 2076 ambulavimus
1448 2023 1555 2077 vias
1583 2021 1769 2093 difﬁci-

171 2112 278 2179 les,
304 2114 446 2167 riam
467 2122 643 2167 autem
671 2111 886 2167 Domini
906 2113 1279 2183 ignoravimus.
1311 2111 1452 2178 Quid
1482 2112 1628 2167 nobis
1647 2129 1770 2184 pro-

174 2207 282 2277 fuit
323 2207 602 2278 superbia,
629 2216 722 2260 aut
747 2206 874 2279 quid
905 2207 1206 2261 divitiarum
1237 2205 1502 2276 jactantia
1551 2205 1769 2261 contulit

173 2300 375 2355 nobis!
426 2298 768 2354 Transierunt
810 2301 989 2354 omnia
1039 2298 1133 2354 illa
1178 2308 1428 2371 tanquam
1470 2299 1685 2366 umbra,
1719 2306 1768 2354 et

175 2400 436 2464 tanquam
477 2391 693 2464 nuntius
739 2407 1069 2463 percurrens,
1093 2400 1141 2446 et
1169 2400 1420 2463 tanquam
1464 2391 1608 2446 navis
1650 2406 1769 2462 qua:

172 2456 489 2557 pertransiit
518 2456 860 2553 ﬂuctuantem
878 2498 1092 2553 aquam.
1124 2456 1284 2549 Quod
1308 2491 1491 2537 autem
1512 2496 1580 2537 ex
1606 2456 1770 2552 ange-

175 2576 246 2633 lis
280 2585 341 2632 et
377 2576 693 2631 hominibus
715 2575 944 2645 perditis
974 2589 1141 2630 unum
1176 2588 1377 2644 corpus
1402 2573 1490 2638 sit,
1514 2587 1623 2628 uno
1647 2588 1768 2628 cru-

172 2670 349 2727 ciatui
390 2668 728 2739 deputatum,
761 2666 1020 2722 Dominus
1068 2664 1305 2721 ostendit
1348 2665 1402 2719 in
1454 2663 1764 2734 Evangelio,

172 2762 273 2817 ubi
307 2762 388 2815 ait
418 2776 478 2816 se
514 2761 788 2815 dicturum
819 2760 874 2815 in
896 2758 1103 2828 judicio
1134 2778 1147 2812 :
1177 2754 1440 2812 Discedite
1471 2774 1503 2812 a
1531 2773 1633 2823 me,
1660 2773 1770 2812 ma-

175 2856 381 2920 ledicti,
431 2856 488 2908 in
528 2856 701 2925 ignem
749 2863 1031 2919 (sternam,
1059 2854 1149 2925 qui
1180 2860 1398 2922 paratus
1432 2859 1508 2905 est
1556 2838 1767 2904 diabolo

174 2957 229 3001 et
258 2947 460 3025 angelis
487 2947 625 3018 ejus.
648 2930 731 3002 De
753 2946 857 3001 hoc
884 2945 1130 3001 cruciatu
1160 2932 1519 3014 rnalignOrum
1553 2941 1768 3014 angelo-

178 3055 301 3094 rum
325 3047 380 3093 et
407 3040 686 3095 hominum
710 3038 846 3093 lsaia
870 3036 1133 3107 propheta
1164 3036 1218 3090 in
1246 3032 1352 3089 line
1378 3034 1501 3089 libri
1538 3034 1620 3089 sui
1648 3033 1725 3088 ait
1749 3052 1764 3089 :

168 3125 539 3201 'Egredientur
579 3129 749 3203 (haud
787 3129 1008 3184 dubium
1039 3127 1168 3197 quin
1192 3125 1397 3197 sancti)
1446 3136 1494 3180 et
1524 3125 1769 3180 videbunt

1873 1927 1991 1983 sine
2018 1925 2126 1981 ﬁne
2182 1925 2440 1981 deficiens
2480 1926 2657 1980 durat.
2713 1924 2801 1980 Fit
2834 1940 2964 1996 ergo
2994 1925 3209 1981 miseris
3254 1937 3280 1966 ιι
3308 1940 3456 1981 mors

1869 2019 1988 2075 sine
2022 2028 2226 2086 morte,
2260 2019 2385 2075 ﬁnis
2435 2019 2553 2075 sine
2589 2018 2717 2084 ﬁne,
2768 2016 3011 2074 defectus
3051 2018 3168 2075 sine
3219 2019 3455 2086 defectu,

1871 2112 2001 2182 quia
2031 2120 2088 2167 et
2117 2127 2267 2167 mors
2291 2112 2443 2179 vivit,
2484 2119 2543 2167 et
2589 2110 2712 2165 linis
2749 2126 2963 2180 semper
2990 2110 3202 2183 incipit,
3243 2119 3298 2166 et
3331 2110 3459 2167 deli-

1871 2218 1997 2261 cere
2027 2202 2271 2260 defectus
2296 2204 2506 2270 nescit;
2538 2203 2786 2273 quamvis
2815 2202 2926 2259 illic
2951 2204 3091 2275 ignis
3134 2212 3191 2260 et
3225 2204 3294 2259 ad
3326 2218 3459 2260 con-

1871 2295 2196 2352 solationem
2235 2311 2345 2350 non
2375 2294 2549 2361 lucet,
2581 2302 2636 2351 et
2674 2302 2858 2350 tamen
2892 2303 2952 2349 ut
2988 2294 3162 2367 magis
3209 2302 3461 2365 torqueat

1869 2386 1939 2441 ad
1977 2385 2179 2455 aliquid
2220 2385 2381 2441 lucet.
2413 2383 2550 2440 Nam
2578 2399 2838 2456 sequaces
2878 2399 3092 2455 quoque
3116 2400 3245 2440 suos
3273 2399 3460 2441 secum

1870 2480 1925 2534 in
1960 2486 2229 2534 tormento
2273 2478 2490 2547 reprobi
2518 2476 2734 2533 ﬂamma
2754 2477 3063 2534 illustrante
3100 2477 3274 2535 visuri
3307 2485 3459 2545 sunt,

1869 2585 2101 2643 quorum
2153 2584 2340 2624 amore
2381 2568 2726 2638 deliquerunt
2765 2587 2779 2621 :
2811 2576 3079 2638 quatenus
3122 2570 3215 2640 qui
3267 2583 3459 2624 eorum

1868 2662 2038 2716 vitam
2084 2659 2380 2716 carnaliter
2415 2667 2606 2714 contra
2641 2667 2909 2729 praecepta
2950 2657 3260 2714 Conditoris
3304 2673 3459 2713 ama-

1869 2759 2082 2819 verant,
2113 2752 2353 2822 ipsorum
2390 2762 2607 2821 quoque
2651 2764 2747 2805 eos
2795 2750 3050 2805 interitus
3079 2749 3135 2804 in
3169 2757 3461 2819 augmento

1873 2860 1987 2901 suae
2011 2841 2374 2899 damnationis
2399 2839 2618 2913 alﬂigat.
2653 2840 2755 2895 Hic
2776 2838 2929 2895 locus
2950 2839 3337 2910 suppliciorum
3380 2839 3462 2894 di-

1870 2939 2016 2995 citur
2038 2946 2093 2994 et
2138 2938 2309 3003 lacus,
2339 2936 2435 2992 sed
2476 2937 2533 2990 in
2574 2950 2684 3006 quo
2712 2950 2820 2990 non
2848 2943 2932 2992 est
2976 2950 3144 3005 aqua,
3184 2935 3324 2991 sicut
3357 2950 3456 3006 per

1870 3032 2193 3089 Zachariam
2240 3030 2439 3086 dicitur
2467 3028 2594 3083 :-Tu
2645 3046 2850 3101 quoque
2896 3031 2954 3084 in
3002 3031 3257 3101 sanguine
3303 3038 3461 3085 testa-

1871 3125 2032 3180 menti
2058 3124 2136 3178 tui
2164 3122 2382 3178 emisisti
2408 3122 2604 3176 uinctos
2626 3130 2745 3175 tuos
2772 3122 2835 3175 de
2875 3120 2995 3181 lacu
3024 3122 3081 3175 in
3114 3138 3216 3193 quo
3245 3137 3350 3175 non
3375 3130 3453 3176 est

176 3222 441 3276 cadauera
473 3222 701 3275 virorum
729 3221 821 3292 qui
844 3218 1178 3291 prcevaricati
1203 3226 1324 3272 sunt
1343 3216 1400 3271 in
1423 3233 1524 3271 me.
1564 3214 1765 3272 Vermis
1793 3188 1839 3251 Ε
1870 3236 2028 3292 aqua.
2051 3217 2122 3272 Et
2162 3232 2260 3288 per
2283 3210 2575 3270 Ezechiam
2604 3230 2786 3284 regem
2816 3213 3023 3283 justum
3053 3233 3066 3269 :
3110 3214 3236 3269 Non
3272 3230 3453 3285 exspeo

174 3329 370 3368 eorum
391 3328 498 3367 non
522 3312 790 3378 morietur,
814 3322 863 3367 et
888 3312 1025 3382 ignis
1048 3326 1228 3365 eorum
1257 3326 1362 3363 non
1383 3309 1764 3379 exstinguetur,

175 3414 235 3461 et
275 3413 433 3459 erunt
482 3420 640 3476 usque
688 3404 758 3458 ad
806 3407 1099 3459 satietatem
1148 3403 1360 3458 visionis
1408 3403 1550 3457 omni
1596 3402 1763 3458 carni.

177 3497 319 3553 Huic
347 3510 503 3567 pinna
526 3505 581 3552 et
606 3495 754 3553 locus
778 3510 1063 3566 poenarum
1098 3496 1412 3550 nominatur
1432 3495 1485 3549 in
1525 3493 1769 3566 Evange-

178 3589 265 3645 lio
310 3590 543 3645 tenebrae
585 3588 906 3655 exteriores,
946 3588 1038 3642 ubi
1071 3586 1312 3657 jactatur
1339 3572 1530 3643 servus
1556 3586 1645 3642 ille
1675 3586 1768 3656 qui

176 3698 294 3739 non
325 3683 573 3754 arguitur
597 3680 666 3738 de
700 3680 911 3747 fraude,
937 3679 1033 3737 sed
1063 3680 1131 3737 de
1177 3681 1487 3747 inutilitate,
1522 3680 1648 3751 quia
1678 3696 1770 3736 ac-

177 3783 402 3845 ceptum
447 3773 709 3829 talentum
760 3772 1086 3843 negotiando
1140 3771 1500 3843 multiplicare
1554 3771 1764 3839 noluit;

178 3879 240 3923 et
262 3867 420 3934 alter,
451 3868 545 3938 qui
588 3867 658 3923 ad
700 3867 916 3938 nuptias
944 3867 1171 3923 vestitus
1194 3874 1346 3923 veste
1391 3867 1618 3936 nuptiali
1658 3882 1767 3922 non

177 3959 447 4025 interfuit,
478 3960 659 4030 ligatis
689 3960 937 4016 manibus
976 3968 1031 4015 et
1052 3960 1277 4031 pedibus
1313 3959 1614 4032 projicitur.
1650 3959 1767 4030 ipse

177 4052 337 4107 locus
379 4050 694 4121 frequenter
719 4051 775 4106 in
810 4050 1105 4121 Scripturis
1148 4052 1457 4106 nominatur
1486 4051 1764 4119 infernus;

179 4142 329 4197 sicut
349 4148 433 4197 est
458 4140 590 4196 illud
620 4141 676 4197 in
696 4141 972 4197 Parabolis
1003 4160 1016 4195 :
1043 4140 1242 4197 Semita
1274 4143 1393 4198 vita:
1417 4159 1573 4214 super
1594 4144 1769 4199 erudi-

178 4246 293 4290 tum
313 4276 330 4300 ,
372 4244 433 4289 ut
472 4234 701 4291 declines
728 4236 792 4291 de
815 4235 1022 4305 inferno
1054 4235 1328 4289 novissimo
1354 4250 1374 4287 :
1408 4243 1465 4291 et
1505 4235 1769 4292 Ezechias

184 4341 285 4381 rex
324 4325 506 4396 justus
554 4326 781 4383 Domino
816 4327 893 4382 ait
925 4345 937 4380 :
967 4326 1093 4381 Non
1145 4327 1390 4397 infernus
1440 4327 1770 4399 conﬁtebitur

181 4417 317 4482 tibi,
350 4434 513 4489 neque
554 4434 699 4473 mors
735 4417 972 4473 laudabit
1014 4426 1082 4473 te.
1124 4418 1191 4473 Et
1216 4418 1271 4473 in
1311 4418 1522 4489 psalmo
1551 4436 1564 4473 :
1593 4417 1664 4473 In
1688 4417 1769 4472 in-

181 4510 342 4580 ferno
371 4518 549 4564 autem
594 4510 712 4581 quis
761 4510 1094 4581 conﬁtebitur
1118 4510 1246 4564 tibi?
1271 4510 1339 4565 Et
1369 4510 1567 4565 iterum
1596 4528 1608 4563 :
1644 4509 1768 4565 Non

177 4601 385 4656 mortui
400 4601 695 4658 laudabunt
720 4612 789 4670 te,
812 4602 1054 4669 Domine,
1073 4620 1235 4675 neque
1257 4620 1434 4659 omnes
1454 4605 1543 4675 qui
1566 4603 1773 4658 descen-

176 4696 320 4751 dunt
360 4696 419 4751 in
456 4696 739 4767 infernum.
769 4697 839 4753 Et
880 4698 1071 4753 beatus
1118 4696 1219 4753 Job
1251 4715 1263 4751 :
1311 4696 1380 4752 In
1423 4696 1774 4768 profundissi-

178 4803 354 4851 mam,
376 4788 486 4854 ait,
514 4788 779 4858 infernum
809 4789 1128 4844 descendunt
1159 4790 1333 4843 omnia
1356 4805 1491 4843 mea.
1517 4786 1773 4843 Nomina-

183 4886 277 4932 iur
308 4885 369 4933 et
386 4877 510 4933 aliis
535 4878 862 4945 nominibus,
894 4880 1034 4935 sicut
1053 4880 1224 4935 isdem
1242 4882 1432 4936 beatus
1455 4879 1558 4935 Job
1581 4880 1776 4935 iterum

181 4970 265 5025 ait
294 4967 529 5025 Domino
572 4988 585 5024 :
611 4969 829 5026 Dimitte
873 4988 995 5042 ergo
1031 4988 1114 5025 me
1142 4981 1199 5025 ut
1226 4970 1472 5043 plangam
1499 4970 1775 5043 paululum

180 5068 473 5131 antequam
500 5060 710 5128 uadum,
742 5071 792 5116 et
832 5078 937 5117 non
966 5072 1198 5118 reuertar
1224 5062 1294 5117 ad
1323 5071 1517 5116 terram
1540 5062 1775 5117 tenebro-

178 5170 301 5208 sam
340 5162 394 5208 et
419 5163 656 5224 opertam
700 5157 884 5210 mortis
928 5155 1183 5228 caligine;
1236 5164 1429 5211 terram
1475 5154 1709 5211 miserita
1728 5164 1775 5210 et

178 5245 544 5313 tenebrarum,
578 5246 668 5301 ubi
708 5247 895 5302 umbra
944 5248 1150 5314 mortis,
1197 5252 1246 5302 et
1288 5246 1464 5303 nullus
1494 5248 1646 5316 ordo,
1685 5248 1776 5304 sed

176 5338 534 5409 sempiternus
563 5340 753 5395 horror
786 5340 1061 5395 inhabitat.
1091 5341 1229 5408 Quid
1255 5341 1399 5397 enim
1443 5349 1603 5397 terra:
1628 5352 1779 5398 tene-

178 5433 367 5489 brosae
415 5434 639 5491 nomine
692 5435 797 5491 nisi
828 5444 974 5491 terra
1030 5435 1222 5491 tartari
1263 5435 1447 5491 clausa
1495 5436 1774 5508 signatur?

178 5525 298 5583 Nec
321 5528 599 5586 immerito
624 5528 868 5586 infernus
898 5537 1043 5587 terra
1058 5530 1288 5586 dicitur:
1313 5530 1442 5601 quia
1466 5530 1775 5602 quicunque

1869 3311 2106 3376 ctabunt,
2137 3308 2226 3382 qui
2255 3307 2576 3362 descendunt
2626 3307 2683 3360 in
2725 3305 2921 3371 lacum,
2968 3306 3237 3360 veritatem
3283 3313 3451 3359 tuam.

1867 3405 2133 3461 Dicuntur
2180 3394 2489 3458 novissima
2506 3398 2633 3465 laci,
2666 3404 2725 3454 et
2748 3394 3097 3453 fundamenta
3127 3396 3254 3464 laci,
3282 3404 3340 3453 et
3362 3411 3462 3453 no-

1865 3497 2091 3553 vissima
2117 3494 2317 3567 abyssi.
3330 3571 3338 3578 ἡ

1938 3587 2081 3644 XIX.
2117 3586 2227 3642 Vos
2252 3600 2381 3656 ergo
2412 3584 2581 3640 abluti
2617 3598 2759 3655 aqua
2795 3581 3169 3654 baptismatis,
3201 3588 3256 3637 et
3283 3576 3459 3637 hono-

1868 3680 1974 3737 rati
2021 3676 2237 3734 nomine
2288 3676 2624 3743 Cbristiano,
2676 3677 2939 3747 signoque
2990 3675 3182 3731 salutis
3227 3674 3456 3747 signati,
3507 3687 3519 3697 '

1864 3779 2089 3843 pensate
2137 3777 2361 3836 attente,
2394 3768 2802 3839 et'perpendite
2826 3768 3167 3839 'diligenter,
3208 3768 3254 3823 si
3295 3767 3461 3823 habe-

1866 3878 1988 3919 mus
2016 3861 2158 3933 quod
2184 3860 2378 3915 merito
2411 3860 2728 3924 timeamus,
2770 3859 2817 3913 si
2845 3866 2929 3913 est
2962 3859 3103 3927 quod
3136 3857 3285 3912 omni
3311 3856 3460 3912 solli-

1867 3952 2107 4015 citudine
2134 3950 2333 4006 mentis
2379 3962 2574 4004 cavere
2615 3947 2941 4011 debeamus;
2978 3951 3033 4002 et
3063 3944 3189 3999 inde
3217 3944 3459 4015 cogitare

1867 4044 2174 4100 nullatenus
2200 4040 2555 4112 negligamus,
2594 4039 2737 4095 sicut
2759 4046 2815 4093 et
2841 4052 2998 4093 sacer
3018 4036 3259 4108 psalmus
3279 4037 3456 4106 docet,

1866 4135 2053 4192 dicens
2091 4154 2104 4190 :
2145 4133 2409 4201 Quoniam
2446 4132 2774 4204 iniquitatem
2815 4145 2986 4184 meam
3022 4130 3367 4198 annuntiabo,
3404 4140 3455 4185 et

1869 4229 2105 4301 cogitabo
2126 4242 2222 4299 pro
2255 4234 2468 4298 peccato
2502 4241 2639 4279 meo.
2665 4223 2734 4278 Et
2761 4222 2961 4279 iterum
3001 4241 3014 4279 :
3059 4222 3321 4290 Quoniam
3349 4222 3457 4277 ini-

1866 4325 2120 4395 quitatem
2143 4335 2315 4374 meam
2344 4335 2438 4389 €90
2465 4332 2741 4388 οορηοεοο,
2766 4325 2815 4370 οι
2834 4325 3103 4387 peccatum
3136 4331 3308 4370 meum
3331 4330 3457 4368 con-

1869 4426 1952 4471 tra
1972 4432 2053 4470 me
2081 4421 2156 4469 est
2179 4428 2381 4482 semper
2407 4426 2426 4463 :
2452 4419 2508 4465 et
2539 4425 2650 4465 non
2678 4408 2852 4465 solum
2881 4417 3093 4465 mentes
3119 4415 3335 4463 nostras
3361 4420 3453 4461 co-

1794 4536 1847 4597 D
1871 4510 2111 4583 gitando,
2157 4507 2252 4563 sed
2277 4515 2333 4561 et
2373 4505 2586 4576 linguas
2613 4512 2831 4560 nostras
2857 4503 3142 4597 loquendo,
3174 4501 3248 4557 ibi
3289 4515 3454 4597 occu-

1872 4619 2081 4676 pemus.
2122 4600 2331 4657 Caetera
2371 4596 2613 4670 pericula
2656 4596 2971 4668 temporalia
2998 4602 3202 4666 quanto
3243 4593 3456 4648 minora

1873 4704 2022 4763 sunt,
2053 4702 2205 4750 tanto
2236 4693 2416 4748 minus
2436 4708 2536 4748 nos
2564 4691 2877 4748 sollicitent.
2915 4688 3022 4744 Ista
3052 4695 3231 4742 autem
3253 4692 3457 4755 quanto

1873 4789 2080 4860 majora
2107 4795 2269 4852 sunt,
2304 4794 2455 4840 tanto
2487 4785 2662 4855 magis
2694 4797 2795 4839 nos
2834 4779 3159 4837 conturbent
3179 4786 3235 4834 et
3257 4776 3457 4834 coiitri-

1876 4874 2121 4945 stent,'et
2142 4875 2427 4948 profundis
2452 4875 2746 4940 doloribus,
2778 4871 3025 4942 suspiriis
3053 4878 3215 4940 atque
3242 4869 3457 4940 gemiti-

1873 4974 1976 5029 bus
2002 4977 2399 5042 compungant;
2445 4976 2508 5022 ut
2550 4967 2647 5022 ﬁat
2684 4965 2838 5021 nobis
2860 4962 3004 5034 quod
3030 4962 3296 5034 scriptum
3326 4969 3412 5018 est
3436 4978 3454 5018 :

1877 5066 2112 5136 Conﬁge,
2141 5065 2362 5120 Domine
2385 5105 2400 5131 ,
2443 5063 2628 5119 timore
2652 5071 2741 5116 tuo
2762 5075 2945 5115 carnes
2968 5075 3111 5113 meas
3135 5071 3153 5110 :
3178 5076 3212 5113 a
3234 5056 3458 5129 judiciis

1876 5159 2013 5214 enim
2035 5159 2139 5212 tuis
2160 5157 2332 5211 timui.
2357 5155 2591 5211 Pensate
2613 5152 2844 5214 fideliter
2879 5151 3024 5223 quod
3043 5150 3235 5207 beatus
3260 5149 3362 5207 Job
3391 5150 3460 5205 de

1878 5270 1937 5310 se
1966 5254 2198 5320 fatetur,
2227 5253 2414 5309 dicens
2443 5294 2455 5307 .
2486 5249 2705 5320 Semper
2730 5249 2867 5303 enim
2900 5247 3054 5319 quasi
3083 5243 3337 5302 tumentes
3364 5260 3458 5297 su-

1876 5364 1969 5420 per
2003 5364 2084 5402 me
2108 5347 2298 5417 ﬂuctus
2326 5342 2478 5399 timui
2500 5340 2691 5407 Deum,
2727 5349 2777 5395 et
2813 5339 3015 5412 pondus
3041 5338 3153 5411 ejus
3188 5339 3325 5410 ferre
3354 5352 3461 5392 non

1878 5436 2137 5511 potuiuSi
2172 5436 2261 5493 ille
2289 5435 2382 5506 qui
2420 5433 2500 5488 sic
2527 5430 2786 5499 timebat,
2816 5431 2993 5502 potuit
3026 5445 3263 5501 unquam
3304 5424 3461 5483 vanis

1879 5528 2301 5603 cogitationibus
2331 5538 2601 5596 occupare
2648 5534 2909 5594 mentem,
2942 5532 3039 5580 aut
3067 5522 3256 5579 otiosis
3277 5518 3461 5577 verbis

1968 5620 2106 5676 TE.

1562 5622 1605 5677 B
1749 5622 1787 5677 Ζ
1968 5621 2106 5676 ΤΑ).

256 5731 286 5760 ι
330 5715 479 5789 Mors
513 5734 628 5773 sine
655 5729 839 5773 morte.
871 5719 1157 5789 sumptum
1196 5724 1282 5789 est
1320 5717 1465 5789 istud
1493 5731 1559 5772 ex
1590 5622 1836 5774 stage“
1870 5621 2020 5771 1:1?de
2049 5722 2216 5789 not_as_
2237 5721 2455 5773 nostras
2480 5713 2550 5772 ad
2582 5713 2782 5773 librum
2804 5728 2864 5771 ut
2895 5708 3132 5769 Salviani
3161 5709 3228 5767 de
3249 5678 3464 5766 Guber-

180 5788 458 5864 Gregorio
504 5790 573 5859 in
629 5789 769 5847 libro
806 5805 864 5846 ιι
908 5786 1193 5849 Moralium
1234 5788 1292 5847 in
1344 5786 1471 5854 Job,
1509 5803 1628 5861 cap.
1678 5788 1768 5847 48.

1879 5787 2097 5845 natione
2125 5784 2241 5845 Dei.
