4012 6338
554 294 663 364 883

1449 289 1508 349 S.
1545 290 1897 353 AGOBABDI
1931 285 2244 347 EPISCOPI
2278 288 2761 390 LUGDUNSNSIS

3720 304 3818 364 284

556 416 835 489 linguam;
880 410 1234 469 circumfer-te
1260 408 1451 466 oculos
1486 410 1686 469 mentis
1713 417 1910 466 vestrae
1933 421 2033 480 per
2070 404 2151 462 τί·
2177 404 2231 467 Α
2252 419 2507 479 magnum
2553 407 2649 464 Dei
2698 422 2818 467 esse
2844 423 3042 467 munus
3068 409 3329 473 Dominus
3374 415 3613 473 ostendit
3632 458 3648 483 ,
3703 436 3821 477 cum

557 510 713 568 ciuas
738 506 1008 578 regiones,
1044 511 1101 560 et
1125 503 1472 560 considerate
1492 502 1754 559 mortales
1779 500 1984 559 nostris
2007 506 2146 557 tem-

562 601 810 674 poribus.
834 598 920 654 Ad
947 596 1081 670 quid
1105 612 1203 654 eos
1227 595 1425 652 videtis
1448 596 1694 652 vacare?
1717 594 1849 665 quid
1881 593 2144 664 cogitare,

561 694 708 764 IOqui
748 699 806 749 et
865 689 1090 755 facere?
1130 689 1324 761 quanti
1370 695 1498 745 sunt
1543 688 1636 757 qui
1681 695 1953 747 conentur
1984 700 2148 757 agere

558 788 701 860 quod
728 786 1019 858 Apostolus
1041 785 1324 858 praecipit,
1356 783 1583 840 dicens:
1611 783 1797 839 Omnis
1831 798 2001 839 sermo
2032 797 2148 835 ma-

558 880 643 937 lus
663 897 729 937 ea:
756 896 847 935 ore
883 887 1055 934 vestro
1079 894 1185 933 non
1207 876 1486 949 procedat;
1528 875 1620 932 sed
1649 875 1694 929 si
1718 874 1836 946 quis
1867 873 2031 928 bonus
2072 878 2148 929 est
2186 880 2191 885 ’

557 977 633 1036 ad
673 976 1077 1047 ludiﬁcationem
1111 973 1274 1043 ﬁdei,
1304 982 1361 1028 ut
1388 973 1476 1027 det
1516 972 1741 1043 gratiam
1791 968 2143 1025 audientibus.

557 1067 631 1128 Et
675 1070 919 1126 iterum:
954 1064 1181 1122 Verbum
1217 1063 1414 1122 Christi
1461 1064 1657 1120 habitet
1698 1064 1755 1118 in
1801 1062 1943 1118 vobis
1989 1062 2151 1116 abun-

558 1161 769 1228 danter,
805 1161 863 1216 in
903 1160 1046 1215 omni
1069 1161 1349 1231 sapientia,
1376 1159 1617 1215 docentes
1668 1165 1717 1213 et
1767 1163 2147 1211 commonentes

557 1252 895 1323 vosmetipsos
926 1250 1144 1322 psalmis
1163 1292 1178 1316 ,
1208 1252 1438 1322 hymnis,
1472 1250 1689 1305 canticis
1714 1248 2069 1321 spiritalibus,
2091 1248 2149 1303 in

558 1347 735 1416 gratia
762 1354 1034 1400 cantantes
1065 1346 1121 1399 in
1152 1344 1398 1400 cordibus
1420 1344 1601 1399 vestris
1626 1343 1756 1398 Deo.
1789 1339 1955 1396 Omne
1977 1338 2148 1412 quod-

560 1454 763 1511 cunque
795 1437 970 1508 facitis
990 1439 1044 1494 in
1069 1438 1221 1493 uerbo
1242 1446 1333 1493 aut
1360 1438 1417 1493 in
1441 1453 1615 1509 opere,
1638 1436 1817 1491 omnia
1849 1436 1905 1490 in
1941 1433 2148 1489 nomine

557 1527 773 1585 Domini
803 1530 953 1597 Iesu,
987 1531 1186 1602 gratias
1212 1540 1419 1602 agentes
1441 1529 1552 1584 Deo
1578 1537 1628 1584 et
1656 1529 1811 1583 Patri
1836 1544 1930 1598 per
1952 1527 2146 1597 ipsum.

2246 498 2485 571 loquitur
2507 502 2576 557 ad
2604 500 2915 567 Jeremiam,
2942 505 3130 562 dicens
3158 523 3171 560 ε
3206 503 3285 560 Tu
3312 521 3434 578 ergo
3460 509 3672 580 minge
3699 510 3823 569 lunt-

2248 592 2338 649 bos
2365 603 2523 662 tuos;
2551 606 2598 651 et
2620 614 2807 668 surge,
2830 608 2879 652 et
2917 598 3125 670 loquere
3162 600 3232 654 ad
3254 615 3341 656 eos
3378 603 3554 658 omnia
3581 621 3702 675 quae
3737 624 3823 679 ego

2245 685 2493 757 prwcipio
2521 687 2634 742 tibi.
2669 688 2753 744 Ne
2776 689 3030 761 formides
3056 708 3089 745 a
3126 691 3263 762 facie
3284 710 3467 751 eorum
3498 710 3517 751 :
3552 713 3647 752 nec
3692 701 3823 755 enim

2246 779 2429 834 timere
2471 788 2521 833 te
2559 779 2755 851 faciam
2784 781 2981 841 vultum
3006 800 3214 841 eorum.
3255 785 3372 857 Ego
3396 788 3585 859 quippe
3630 790 3754 846 dedi
3780 804 3824 848 te

2249 868 2401 924 hodie
2421 871 2475 925 in
2507 871 2768 928 civitatem
2798 875 3077 943 munitam,
3109 885 3159 931 et
3184 876 3241 931 in
3263 876 3560 934 columnam
3583 880 3821 951 ferream,

2247 977 2298 1024 et
2327 970 2384 1024 in
2414 986 2624 1025 murum
2650 989 2877 1039 ruricum,
2906 989 3064 1045 super
3083 989 3288 1030 omnem
3310 984 3530 1032 terram.
3569 976 3825 1037 Similiter

2249 1068 2306 1117 et
2332 1062 2401 1117 ad
2442 1062 2784 1119 Ezechielem
2811 1080 2825 1119 :
2858 1065 2995 1121 Ecce
3020 1067 3163 1135 dedi,
3196 1068 3300 1135 ait,
3330 1069 3519 1140 faciem
3554 1081 3709 1126 tuam
3742 1090 3825 1128 ee-

2250 1151 2523 1209 lentiorem
2553 1156 2784 1226 {aciebus
2813 1174 3014 1225 eorum,
3042 1168 3093 1214 et
3128 1159 3353 1230 frontem
3382 1169 3526 1216 tuam
3564 1164 3825 1221 duriorem

2250 1242 2512 1313 frontibus
2540 1262 2752 1313 eorum,
2797 1257 2857 1303 ut
2895 1248 3267 1318 adamantem,
3307 1260 3356 1306 et
3386 1262 3442 1307 ut
3466 1252 3694 1321 silicem,
3721 1256 3827 1311 dedi

2251 1335 2440 1406 faciem
2465 1348 2629 1392 tuam.
2669 1338 2753 1393 Ne
2781 1342 2966 1398 timeas
2989 1359 3097 1408 eos,
3124 1360 3286 1415 neque
3318 1353 3520 1401 metuas
3540 1364 3572 1402 a
3594 1348 3738 1418 facie
3752 1367 3827 1405 eo-

2253 1441 2403 1492 rum;
2425 1427 2547 1499 quia
2582 1428 2770 1485 domus
2797 1448 3113 1503 exasperans
3142 1442 3238 1489 est.
3263 1435 3334 1490 Et
3364 1437 3490 1507 quia
3519 1439 3721 1497 timere
3740 1442 3827 1496 ini-

2251 1517 2478 1586 micum,
2500 1521 2594 1591 qui
2616 1520 2790 1578 solum
2816 1524 3100 1595 corporale
3121 1526 3377 1582 damnum
3406 1527 3613 1585 inferre
3643 1541 3825 1600 potest,

560 1622 630 1678 Et
663 1624 859 1679 iterum
891 1642 905 1679 :
940 1623 1081 1690 Quid
1114 1639 1236 1695 ergo
1276 1632 1373 1689 est,
1415 1621 1652 1694 fratres?
1675 1618 1808 1675 Cum
1840 1616 2145 1683 convenitis,
2252 1627 2419 1682 grave
2447 1613 2655 1670 crimen
2685 1626 2807 1684 est;
2846 1617 3050 1674 idcirco
3078 1619 3301 1675 instruit
3337 1636 3436 1677 nos
3473 1623 3723 1694 psalmus
3764 1628 3829 1681 ita

557 1716 914 1787 unusquisque
946 1724 1171 1770 vestrum
1206 1713 1470 1785 psalmum
1503 1711 1694 1779 habet,
1723 1711 2018 1767 doctrinam
2047 1709 2148 1763 ha-
2175 1776 2221 1787 _
2253 1704 2521 1759 orandum
2553 1723 2566 1758 :
2606 1705 2843 1773 Exaudi,
2873 1707 3036 1777 Deus,
3067 1711 3360 1767 orationem
3382 1730 3574 1781 meam,
3609 1732 3734 1771 cum
3753 1718 3829 1773 de-

561 1805 666 1872 bet,
701 1776 1057 1878 apoealgpsim
1082 1776 1257 1871 habet,
1282 1804 1517 1875 linguam
1547 1776 1723 1869 habet,
1755 1801 2147 1873 interpretatio-
2174 1776 2224 1839 Β
2248 1810 2434 1866 precor
2460 1813 2478 1849 :
2512 1810 2545 1847 a
2570 1796 2755 1851 timore
2789 1798 2989 1853 inimici
3021 1776 3163 1871 eripe
3188 1801 3423 1858 animam
3447 1820 3647 1859 meam.
3678 1805 3826 1873 Quasi

559 1916 678 1955 nem
699 1900 886 1965 habet;
911 1900 1087 1954 omnia
1109 1898 1179 1953 ad
1201 1898 1606 1967 adiﬁcationem
1628 1898 1782 1967 ﬁant.
1814 1896 1879 1950 Et
1906 1896 2105 1950 iterum
2131 1912 2144 1948 :
2248 1886 2395 1943 dicat
2428 1907 2442 1943 :
2472 1888 2518 1943 A
2548 1888 2745 1946 timore
2771 1890 2979 1947 inimici
3003 1892 3172 1950 libera
3207 1910 3324 1962 me,
3366 1902 3424 1951 et
3460 1897 3637 1952 subde
3665 1898 3827 1955 timori

560 1989 686 2053 Sive
717 2008 842 2064 ergo
879 1991 1233 2058 manducetis,
1271 1992 1376 2046 sive
1410 1991 1608 2055 bibitis,
1633 1992 1740 2045 sive
1774 1988 1921 2044 aliud
1948 1986 2148 2058 aliquid
2248 1985 2363 2035 tuo-
2390 1979 2523 2036 Tale
2549 1989 2636 2037 est
2670 1982 2814 2053 quod
2843 1983 2901 2039 in
2927 1983 3036 2041 alio
3062 1985 3273 2055 psalmo
3298 1988 3499 2044 dicitur
3533 2007 3547 2044 =
3578 1990 3829 2055 Quonim

556 2082 759 2153 facitis,
782 2083 961 2141 omnia
985 2082 1042 2136 in
1063 2080 1234 2153 gloria
1256 2081 1353 2136 Dei
1375 2081 1553 2152 facite.
1579 2079 1719 2136 Vere
1744 2078 1988 2143 omnino,
2011 2078 2151 2133 sicut

557 2172 823 2230 Dominus
854 2174 932 2231 ait
960 2191 974 2228 :
1005 2172 1187 2230 Bonus
1221 2175 1377 2228 homo
1422 2174 1486 2228 de
1519 2174 1655 2227 bono
1693 2172 1939 2225 thesauro
1975 2168 2148 2225 cordis

454 2282 469 2293 ’
556 2269 644 2329 sui
683 2267 883 2340 profert
910 2266 1069 2322 bona.
1102 2265 1256 2323 Sicut
1284 2281 1386 2338 ego
1424 2265 1768 2322 verissimum
1800 2270 1885 2319 est
1902 2262 2029 2334 quia
2056 2261 2149 2332 qui

560 2359 884 2415 thesaurum
924 2359 1187 2416 bonitatis
1222 2360 1388 2416 habet
1411 2358 1469 2415 in
1496 2360 1682 2425 corde,
1718 2372 1824 2413 non
1850 2364 2030 2427 potest
2053 2356 2151 2411 ali-

561 2459 648 2511 ter
676 2451 780 2508 nisi
815 2460 876 2508 ut
901 2453 1043 2510 bona
1079 2453 1282 2523 cogitet
1319 2460 1377 2507 et
1413 2452 1704 2521 loquatur;
1739 2450 1815 2509 ita
1845 2451 1939 2519 qui
1967 2448 2150 2504 inania

556 2551 619 2601 et
667 2543 881 2601 inutilia
926 2544 1201 2613 loquitur,
1250 2542 1588 2600 demonstrat
1627 2557 1686 2598 se
1724 2543 1941 2597 inanem
1974 2549 2031 2597 et
2056 2556 2150 2596 va—

556 2647 721 2689 cuum
750 2648 873 2691 esse
908 2648 941 2690 a
964 2634 1141 2705 gratia
1170 2635 1422 2705 spiritali.
1453 2634 1592 2690 Nam
1620 2634 1666 2688 si
1698 2648 1805 2690 non
1828 2642 2000 2699 esset,
2025 2648 2152 2688 cur-

557 2735 737 2795 reret;
766 2736 823 2785 et
848 2728 1036 2799 procul
1059 2728 1224 2785 dubio
1253 2744 1312 2784 se
1337 2728 1619 2783 audientes
1643 2726 1941 2783 aediﬁcaret
1962 2726 2021 2781 in
2042 2726 2149 2782 ﬁde

556 2826 616 2876 et
653 2820 953 2891 gratiarum
980 2821 1196 2877 actione
1219 2820 1288 2875 ad
1315 2821 1547 2892 gloriam
1574 2819 1694 2875 Dei.

630 2912 751 2969 XX.
775 2912 916 2969 Ecce
938 2912 1167 2969 audistis
1186 2928 1329 2968 nunc
1350 2920 1407 2967 et
1427 2914 1593 2978 bona,
1615 2927 1736 2982 quae
1753 2926 1821 2967 ex
1842 2918 1960 2966 toto
1986 2911 2149 2968 corde

561 3019 747 3061 amare
763 3012 821 3061 et
850 3004 1162 3062 desiderare
1181 3005 1455 3072 debeatis;
1489 3005 1717 3061 audistis
1742 3015 1798 3060 et
1827 3005 1968 3061 mala
1985 3045 2002 3069 ,
2026 3019 2147 3076 qua:

558 3114 631 3157 ex
670 3105 784 3155 tota
814 3098 1018 3155 virtute
1041 3106 1098 3153 et
1122 3098 1270 3154 omni
1307 3098 1596 3155 conamine
1641 3096 1830 3170 fugere
1875 3097 2141 3154 debeatis.

2254 2068 2409 2126 multi
2433 2071 2686 2128 bellantes
2707 2074 2984 2131 adversum
2998 2093 3099 2145 me,
3123 2077 3189 2135 ab
3206 2077 3486 2135 altitudine
3505 2079 3617 2135 diei
3636 2081 3829 2148 timebo,

2247 2181 2342 2236 ego
2384 2181 2501 2220 vero
2530 2165 2586 2220 in
2629 2175 2679 2221 te
2714 2167 2955 2239 sperabo.
3007 2169 3161 2238 Quod
3189 2170 3270 2228 sic
3314 2172 3700 2243 accipiendum
3741 2185 3828 2239 est,

2252 2257 2412 2327 quasi
2457 2257 2707 2313 diceret:
2742 2258 2893 2314 Multi
2930 2260 3149 2330 quidem
3193 2272 3439 2334 pugnant
3487 2272 3686 2320 contra
3738 2281 3828 2322 me.

2247 2346 2365 2420 Ego
2393 2354 2572 2403 autem
2604 2349 2810 2406 auxilio
2836 2352 3029 2423 gratia:
3055 2360 3163 2408 tute
3202 2353 3485 2425 ﬁrmatus,
3529 2372 3760 2427 sperans
3788 2360 3831 2414 in

2250 2446 2325 2506 te,
2359 2454 2470 2494 non
2494 2437 2899 2498 multitudinem
2922 2458 3136 2513 eorum,
3171 2445 3266 2502 sed
3291 2440 3755 2506 tuum‘excelsum
3776 2450 3830 2506 tis

2248 2532 2408 2591 ηιθὺο
2449 2531 2651 2590 lumen.
2704 2534 2785 2591 Illi
2811 2551 2941 2609 ergo
2966 2539 3060 2609 qui
3101 2537 3376 2596 bellantur
3406 2536 3709 2600 adversum
3741 2559 3829 2610 me,

2248 2640 2360 2681 non
2408 2636 2638 2698 possunt
2674 2638 2966 2700 penetrare
2990 2630 3334 2688 altitudinem
3371 2634 3501 2702 diei,
3536 2634 3702 2706 cujus
3727 2651 3832 2709 apo-

2246 2719 2372 2779 stoli
2402 2721 2686 2779 duodecim
2712 2732 2839 2779 sunt
2867 2737 2962 2779 ore
2993 2722 3108 2796 [Ρη
3142 2725 3312 2799 horae]
3339 2725 3639 2798 fulgentes.

2319 2815 2483 2874 XXII.
2515 2816 2620 2884 Qui
2660 2826 2842 2877 autem
2888 2819 3159 2874 veraciter
3186 2821 3243 2876 in
3284 2819 3516 2877 Domino
3544 2821 3828 2887 conﬁdunt,

2248 2908 2429 2965 securi
2474 2923 2533 2964 se
2572 2910 2761 2968 dicunt
2802 2911 2858 2967 in
2892 2910 3006 2967 Deo
3035 2931 3047 2967 :
3075 2910 3331 2968 Laudabo
3371 2929 3645 2969 sermones
3676 2931 3831 2980 meos,

2247 2999 2306 3056 in
2341 2999 2453 3055 Deo
2494 3003 2719 3073 speravi.
2766 3002 2892 3058 Non
2918 3003 3110 3059 timebo
3138 3004 3267 3076 quid
3313 3004 3478 3074 faciat
3526 3006 3664 3060 mihi
3708 3023 3830 3062 caro.

2249 3090 2319 3147 Et
2350 3093 2550 3149 iterum
2575 3110 2590 3148 :
2614 3094 2875 3150 Dominus
2902 3095 3032 3149 mihi
3061 3095 3301 3166 adjutor,
3332 3112 3451 3152 non
3493 3097 3693 3154 timebo
3724 3097 3830 3171 quid

2173 3144 2222 3223 α
2959 3187 3107 3243 enim
3126 3144 3413 3245 bmusabit
3438 3144 3833 3247 adversusvele-

560 3291 649 3341 ter
669 3293 961 3356 utrumque
989 3283 1360 3355 periturarum
1390 3298 1573 3339 rerum
1603 3297 1778 3348 amor,
1806 3292 1863 3337 et
1890 3281 2151 3337 transito-

563 3377 635 3433 rii
658 3376 843 3432 damni
869 3384 926 3431 et
951 3374 1178 3447 periculi
1214 3374 1397 3435 timor.
1440 3372 1737 3431 Sciendum
1771 3374 1996 3429 omnino
2019 3372 2150 3443 quia

561 3469 707 3525 sicut
747 3483 933 3523 amare
964 3468 1150 3524 illicita
1178 3475 1272 3524 aut
1302 3468 1661 3525 immoderata
1690 3467 1834 3524 bona
1878 3476 2152 3538 tempora-

561 3558 634 3616 Iia
652 3596 667 3626 ,
696 3568 979 3630 peccatum
1008 3568 1126 3628 est;
1154 3561 1230 3615 ita
1259 3560 1453 3617 timere
1489 3560 1796 3616 inordinate
1819 3601 1834 3627 ,
1866 3567 2151 3631 peccatum

560 3654 786 3730 omnino
818 3660 932 3720 est;
962 3664 1019 3710 et
1042 3661 1155 3709 tam
1188 3656 1392 3727 grande
1436 3663 1739 3726 peccatum,
1767 3663 1829 3710 ut
1871 3655 2014 3711 inter
2036 3658 2153 3724 (cae-

560 3752 679 3801 tera
699 3754 921 3816 peccata
941 3756 1351 3815 annumeretur,
1366 3757 1423 3805 et
1444 3765 1475 3804 a
1498 3764 1663 3821 regno
1684 3749 1949 3805 caelorum
1969 3749 2153 3804 exclu-

562 3837 661 3895 dat
689 3880 704 3907 ,
733 3847 792 3896 et
828 3841 1050 3897 internis
1074 3841 1249 3912 poenis
1278 3842 1531 3909 addicat,
1564 3842 1706 3897 sicut
1745 3841 1799 3896 in
1829 3840 2153 3913 Apocalypsi

561 3928 767 4003 legitur
796 3950 809 3987 :
840 3931 1062 3989 Timidis
1102 3941 1299 4001 autem,
1332 3942 1381 3988 et
1425 3931 1732 4001 incredulis,
1773 3941 1822 3988 et
1847 3933 2148 3999 exsecratis,

565 4033 619 4077 et
651 4025 928 4079 homicidis
946 4065 961 4091 ,
986 4035 1037 4080 et
1062 4025 1472 4096 fornicatoribus
1491 4042 1515 4093 ,‘
1537 4034 1585 4081 et
1615 4026 1878 4095 veneficis,
1907 4034 1955 4079 et
1982 4024 2153 4080 idolo-

564 4113 754 4182 latris,
800 4122 850 4169 et
880 4115 1119 4170 omnibus
1151 4117 1523 4183 mendacibus,
1561 4134 1686 4187 pars
1709 4116 1923 4171 illorum
1957 4117 2055 4171 erit
2096 4114 2154 4170 in

563 4215 750 4277 stagno
779 4205 993 4261 ardente
1016 4207 1136 4277 igne
1159 4215 1208 4261 et
1233 4206 1502 4278 sulphure,
1538 4208 1678 4279 quod
1700 4218 1773 4262 est
1810 4225 1951 4263 mors
1971 4225 2155 4263 secun-

562 4298 655 4352 da.
682 4296 884 4353 Beatus
910 4312 1124 4369 quoque
1148 4297 1346 4356 Petrus
1367 4301 1645 4370 apostolus
1665 4316 1775 4356 non
1803 4300 1981 4356 solum
1998 4302 2155 4358 docet

565 4405 675 4447 non
715 4390 1017 4447 timendum
1045 4396 1456 4461 persecutores,
1488 4394 1583 4449 sed
1612 4408 1713 4448 nec
1748 4392 2025 4449 lmsionem
2054 4408 2155 4464 pu-

563 4490 681 4539 tare
700 4482 963 4555 quidquid
993 4484 1121 4541 mali
1148 4495 1526 4555 persecutores
1551 4486 1755 4541 inferre
1779 4493 2027 4556 possunt,
2050 4487 2156 4543 duo

562 4574 899 4647 coniungens
947 4575 1259 4632 testimonia
1301 4576 1497 4648 psalmi
1547 4585 1603 4633 et
1645 4579 1921 4647 propheta:
1964 4577 2152 4646 Isaim,

561 4667 749 4725 dicens
782 4684 797 4724 :
826 4666 984 4724 Oculi
1012 4667 1112 4724 Dei
1147 4677 1268 4724 sunt
1301 4686 1460 4741 super
1493 4670 1670 4740 justas
1690 4710 1706 4735 ,
1750 4678 1799 4725 et
1847 4687 2001 4726 aures
2038 4671 2155 4742 ejus

566 4758 637 4813 ad
663 4776 841 4830 preces
870 4776 1073 4817 eorum.
1109 4760 1297 4817 Vultus
1329 4770 1505 4817 autem
1526 4761 1742 4817 Domini
1768 4779 1926 4833 super
1949 4762 2151 4833 facien-

569 4856 645 4905 tes
666 4850 830 4907 mala.
858 4851 946 4918 Et,
980 4850 1115 4918 Quis
1137 4861 1216 4908 est
1243 4853 1334 4924 qui
1357 4852 1504 4907 vobis
1525 4862 1730 4917 noceat,
1762 4853 1809 4907 si
1836 4852 1959 4907 boni
1986 4869 2151 4907 cernuo

564 4941 761 4997 latores
801 4944 1047 5014 fueritis?
1078 4944 1193 5001 Hoc
1220 4945 1397 5016 ipsum
1426 4953 1485 5001 et
1507 4960 1608 5016 per
1624 4947 1947 5017 prophetam
1974 4946 2157 5002 Domi-

568 5046 675 5092 nus
700 5038 988 5109 praecepit,
1027 5039 1217 5095 dicens
1257 5056 1269 5092 :
1307 5037 1488 5094 Nolite
1531 5040 1712 5095 timere
1742 5038 2025 5111 opprobria
2065 5040 2183 5102 ho;

565 5128 806 5193 minam,
856 5138 905 5183 et
953 5127 1303 5201 blasphemiae
1347 5146 1532 5185 eorum
1582 5146 1644 5185 ne
1686 5131 1951 5185 metuatis.
2005 5129 2156 5187 Sicut

565 5220 706 5276 enim
742 5221 1138 5289 uestimentum,
1179 5224 1255 5279 sic
1285 5222 1517 5278 comedet
1555 5239 1641 5278 eos
1666 5225 1898 5290 vermis;
1942 5232 1992 5278 et
2019 5223 2155 5277 sicut

565 5314 785 5382 lanam,
811 5315 889 5370 sic
925 5314 1196 5371 devorebit
1221 5333 1309 5371 eos
1344 5317 1505 5371 tinea.
1549 5315 1712 5371 Salus
1750 5326 1927 5371 autem
1956 5332 2069 5369 mea
2090 5315 2156 5377 in

564 5410 939 5479 sempiternum
977 5406 1096 5462 erit.
1143 5405 1405 5464 Similiter
1444 5416 1501 5464 et
1553 5423 1652 5480 per
1695 5408 2049 5479 semetipsum
2098 5407 2154 5462 in

565 5500 862 5572 Evangelio
902 5499 1099 5570 jubet:
1138 5499 1318 5557 Nolite
1363 5503 1563 5567 timere,
1609 5500 1881 5571 inquiens,
1932 5515 2020 5554 eos
2063 5503 2155 5571 qui

569 5608 757 5665 corpus
784 5592 1052 5662 occidunt,
1081 5604 1129 5650 et
1154 5604 1269 5667 post
1298 5594 1409 5650 ha'c
1431 5610 1537 5649 non
1562 5593 1755 5649 habent
1778 5589 2006 5664 amplius
2025 5594 2152 5665 quid

566 5685 792 5759 faciant.

639 5776 781 5836 XXI.
825 5778 944 5838 Non
993 5780 1192 5839 timere
1242 5787 1425 5836 autem
1481 5780 1726 5854 corporis
1771 5788 2155 5853 persecutores

2253 3285 2372 3331 ctos
2391 3275 2519 3344 Dei,
2550 3286 2611 3333 ut
2637 3279 2716 3334 ait
2740 3278 3070 3350 Apostolus?
3108 3280 3178 3337 Et
3204 3281 3405 3339 iterum
3436 3300 3451 3337 :
3482 3282 3616 3350 Quis
3647 3302 3741 3341 nos
3763 3300 3829 3341 se-

2250 3368 2463 3440 parabit
2488 3386 2521 3423 a
2554 3368 2814 3424 charitate
2836 3367 3082 3425 Christi?
3117 3370 3434 3441 Tribulatio,
3480 3391 3555 3429 an
3583 3376 3833 3446 angustia,

2251 3476 2325 3515 an
2348 3461 2670 3532 persecutio,
2698 3479 2771 3516 an
2795 3462 2963 3533 fames
2984 3503 3000 3531 ,
3033 3481 3104 3520 an
3132 3463 3348 3520 nuditas
3366 3502 3383 3533 ,
3414 3482 3486 3521 an
3523 3467 3831 3537 periculurn,

2249 3569 2321 3619 an
2351 3552 2558 3624 gladius
2603 3551 2759 3625 (sicut
2803 3557 3057 3627 scriptum
3081 3566 3198 3611 est:
3234 3556 3375 3624 Quia
3406 3575 3504 3629 pro
3546 3568 3598 3614 te
3626 3560 3835 3630 mortiﬁ-

2248 3663 2438 3702 camur
2465 3655 2575 3702 tota
2588 3647 2699 3715 die,
2723 3649 2972 3705 metimati
2991 3667 3172 3706 sumus
3187 3659 3243 3705 ut
3264 3667 3381 3708 oves
3403 3653 3746 3726 occisionis)?
3763 3653 3834 3709 sed

2251 3740 2309 3807 in
2331 3736 2413 3795 his
2438 3739 2678 3796 omnibus
2696 3758 3030 3813 superamus,
3046 3752 3257 3815 propter
3272 3761 3390 3800 eum
3404 3746 3496 3817 qui
3519 3746 3718 3803 dilexit
3736 3764 3831 3805 nos.

2258 3830 2509 3886 Perfecte
2555 3832 2740 3903 itaque
2778 3832 3075 3891 Christiani
3124 3851 3233 3892 non
3279 3835 3453 3892 solum
3501 3854 3617 3893 non
3668 3839 3837 3895 timent

2262 3925 2646 3983 tribulationes
2666 3966 2680 3994 ,
2722 3943 2911 3983 verum
2937 3929 3104 3984 etiam
3128 3930 3431 4002 gloriantur
3458 3930 3517 3986 in
3544 3931 3834 3988 tribulatio-

2253 4021 2443 4088 nibus;
2472 4021 2710 4078 scientes
2745 4023 2891 4093 quod
2918 4023 3199 4080 tribulatio
3225 4025 3545 4096 patientiam
3572 4036 3833 4098 operatur,

2254 4116 2520 4188 patientia
2568 4127 2753 4176 autem
2780 4119 3191 4189 probationem,
3226 4124 3477 4194 probatio
3508 4139 3651 4181 vero
3683 4139 3833 4196 spell.

2254 4223 2381 4279 spes
2410 4217 2593 4266 autem
2631 4226 2740 4266 non
2768 4211 3090 4269 confundit:
3122 4214 3247 4286 quia
3270 4216 3514 4272 Charitas
3538 4216 3640 4273 Dei
3663 4216 3836 4273 dilue:

2255 4310 2346 4359 est
2384 4303 2441 4358 in
2480 4304 2738 4361 cordibus
2786 4320 2975 4361 eorum
3011 4321 3110 4377 per
3130 4307 3401 4378 Spiritum
3439 4318 3716 4378 sanctum,
3761 4310 3836 4381 qui

2257 4395 2419 4454 datus
2439 4405 2526 4454 est
2546 4397 2629 4453 eis
2650 4414 2666 4464 ς
2698 4405 2754 4453 et
2777 4408 2940 4454 omne
2983 4400 3240 4470 gaudium
3272 4402 3620 4471 existimant,
3644 4418 3770 4460 cum
3791 4403 3838 4458 in

2180 4513 2237 4576 Β
2260 4489 2591 4547 tentationes
2615 4490 2797 4546 varias
2819 4490 3067 4547 incidunt
3094 4510 3109 4548 :
3137 4494 3345 4565 absque
3364 4495 3476 4549 ulla
3496 4496 3839 4569 ambiguitate

2259 4590 2537 4638 noverunt
2582 4599 2644 4639 se
2687 4582 3132 4641 tribulationibus
3188 4592 3247 4641 et
3291 4587 3562 4659 angustiis
3606 4586 3836 4651 conﬂari,

2256 4673 2559 4730 examinari
2608 4681 2664 4729 et
2693 4675 2932 4746 purgari,
2970 4666 3114 4732 sicut
3152 4692 3351 4734 aurum
3392 4686 3450 4735 et
3481 4689 3771 4752 argentum
3793 4678 3839 4733 in

2255 4762 2479 4818 fornace
2505 4763 2669 4835 ignis,
2702 4780 2811 4821 non
2834 4766 2982 4823 sicut
3003 4768 3208 4839 paleas,
3238 4779 3334 4826 aut
3364 4770 3597 4829 Imaum.
3620 4773 3759 4842 Quia
3781 4770 3838 4827 ad

2254 4857 2361 4916 hoc
2388 4857 2495 4915 illis
2522 4856 2703 4929 ignem
2737 4858 3104 4916 tribulationis
3135 4861 3363 4920 adhibet
3397 4863 3566 4920 Pater
3597 4865 3836 4929 omlestis,

2257 4957 2319 5004 ut
2356 4949 2548 5005 sordes
2578 4949 2783 5018 abluat,
2806 4966 2916 5007 non
2938 4960 2999 5007 ut
3021 4952 3078 5007 in
3103 4952 3345 5010 cinerem
3377 4964 3685 5012 convertat.
3718 4955 3839 5011 San-

2252 5050 2471 5098 ctorum
2504 5043 2691 5113 itaque
2727 5060 2835 5100 vox
2878 5054 2967 5102 est
2989 5047 3045 5103 in
3082 5050 3293 5119 psalmo
3335 5050 3640 5108 dicentium
3669 5067 3684 5107 :
3712 5051 3842 5119 Que-
3952 5024 3953 5077 Ῐ

2254 5134 2399 5189 niam
2420 5134 2658 5206 probasti
2685 5152 2802 5202 nos,
2837 5136 2981 5193 Deus
3004 5176 3020 5205 ,
3056 5140 3177 5210 igne
3204 5158 3299 5198 nos
3336 5143 3688 5211 examinati,
3719 5144 3838 5198 sicut

2250 5229 2591 5283 eaaminatur
2625 5239 2923 5300 argentum.
2966 5230 3238 5289 Induxisti
3265 5251 3360 5290 nos
3384 5236 3439 5290 in
3464 5234 3736 5307 luteum,
3762 5248 3841 5305 ρο-

2253 5320 2406 5375 suisti
2427 5319 2792 5377 tribulationes
2814 5323 2872 5378 in
2891 5323 3050 5379 dorso
3070 5334 3274 5393 nostro,
3294 5327 3595 5399 imposuisti
3619 5328 3840 5383 Mutina

2254 5431 2415 5486 super
2438 5415 2613 5486 capita
2631 5426 2831 5472 nostra.
2874 5416 3234 5475 Transivimus
3255 5437 3348 5491 per
3369 5421 3543 5492 ignem
3560 5431 3611 5476 et
3639 5433 3838 5489 equam.

2254 5516 2307 5562 et
2343 5507 2575 5562 edumisti
2605 5522 2701 5564 nos
2727 5511 2785 5566 in
2823 5509 3176 5584 refrigerium.
3209 5512 3335 5569 Haec
3362 5514 3548 5569 omnia
3572 5513 3841 5585 patiuntur

2255 5599 2426 5655 Variis
2452 5602 2941 5669 persecutionibus.
2985 5604 3246 5661 Tolerant
3271 5605 3591 5678 plerumque
3618 5603 3843 5676 superio-

2255 5704 2369 5756 res,
2417 5692 2573 5760 quasi
2611 5706 2779 5763 super
2812 5694 2994 5764 capita
3042 5697 3360 5767 impositos,
3410 5713 3551 5768 quos
3585 5688 3842 5753 novemut

2250 5798 2380 5840 esse
2403 5782 2636 5861 pejores.
2668 5785 2929 5844 Tolerant
2948 5792 3301 5856 autem,.non
3337 5789 3514 5846 solum
3544 5784 3841 5846 tribulatio-
