4012 6338
1308 329 1546 391 SERMO
1586 324 1674 386 DE
1710 320 1891 384 FIDE!
1932 322 2305 390 VERITA'I‘I.

3335 342 3444 401 286

118 470 269 523 nes,
299 453 411 513 sed
432 460 492 511 et
524 452 871 520 teutationes,
903 449 1058 523 quasi
1100 448 1278 524 ignem
1307 458 1364 506 et
1391 462 1621 520 aquam,
1660 456 1761 517 per
1783 445 1840 508 Α
1861 444 2029 515 gibus,
2053 456 2104 502 et
2117 449 2360 504 omnibus
2393 449 2485 521 qui
2523 450 2580 506 in
2614 450 2936 507 sublimitate
2962 462 3108 522 sunt,
3130 462 3187 511 ut
3213 458 3445 528 quietam

119 550 395 607 adversa
440 546 652 604 scilicet
673 550 729 602 et
758 556 1038 619 prospera.
1080 543 1286 601 Caveat
1311 543 1533 600 omnino
1569 556 1639 597 ne
1661 552 1756 597 eos

118 648 235 702 aut
266 643 426 717 ignis
454 647 678 709 exurat,
718 648 811 697 aut
842 652 984 715 aqua
1020 646 1352 712 corrumpat.
1386 636 1755 694 Transeuntes

118 746 342 795 autem
378 754 479 813 per
503 736 685 808 ignem
727 742 783 791 et
817 746 1036 805 aquam,
1070 733 1174 789 hoc
1210 742 1324 799 est,
1360 746 1461 803 per
1494 741 1754 801 prospera

118 837 186 885 et
215 829 472 885 adversa
492 870 507 896 ,
537 827 844 883 educuntur
873 826 927 880 in
963 823 1334 896 refrigerium;
1364 824 1455 879 ubi
1492 820 1605 891 jam
1628 820 1752 876 nul-

120 921 256 976 lum
300 919 508 975 timent
536 918 841 982 inimicum,
874 916 1075 970 nullam
1114 917 1383 973 sustinent
1423 913 1749 978 molestiam,

119 1010 269 1081 quia
313 1019 643 1085 perpetuum
689 1007 1033 1079 refrigerium
1059 1015 1115 1063 et
1147 1015 1406 1078 perpetua
1445 1006 1599 1065 auies
1627 1020 1754 1087 pcr-

122 1088 400 1160 severat.

205 1193 419 1252 XXIII.
464 1192 536 1253 Ut
572 1200 754 1251 autem
781 1194 849 1249 ad
880 1195 986 1250 hoc
1030 1192 1370 1267 perveniant,
1419 1190 1546 1262 quid
1587 1206 1754 1263 agens

131 1290 277 1344 dum
320 1296 415 1345 est
439 1285 694 1344 omnibus
731 1284 978 1343 ﬁdelibus
1021 1286 1164 1342 inter
1192 1293 1273 1341 tot
1300 1284 1440 1341 mala
1481 1293 1537 1340 et
1574 1291 1751 1340 trans-

129 1382 290 1437 itura
335 1392 398 1436 et
443 1396 723 1445 mansura,
760 1379 1037 1437 toleranda
1072 1386 1128 1434 et
1156 1378 1429 1450 fugienda,
1468 1377 1571 1433 nisi
1606 1376 1751 1447 quod

125 1472 415 1533 Dominus
451 1482 509 1529 et
536 1469 866 1545 Redemptor
904 1482 1107 1538 noster,
1155 1470 1433 1538 liberator,
1486 1478 1539 1527 et
1568 1471 1752 1527 mode-

128 1576 318 1633 rator,
352 1581 479 1622 cum
506 1566 573 1621 de
618 1565 826 1621 ultimis
856 1564 1297 1621 tribulationibus
1347 1564 1642 1621 instrueret
1673 1561 1751 1617 di-

128 1658 420 1729 scipulos,
452 1656 753 1729 praecepit,
800 1658 986 1714 dicens
1035 1676 1049 1713 :
1105 1655 1333 1729 Vigilate
1378 1657 1554 1730 itaque
1603 1656 1748 1711 omni

130 1763 382 1822 tempore
412 1761 645 1817 orantes,
670 1760 727 1805 ut
753 1746 899 1822 digni
915 1749 1215 1805 habeamini
1243 1751 1423 1821 fugere
1444 1749 1545 1804 ista
1568 1750 1745 1804 omnia

129 1817 259 1917 qua;
284 1845 480 1915 futura
501 1853 643 1910 sunt,
669 1853 719 1899 et
753 1817 896 1899 stare
922 1853 1042 1898 ante
1066 1817 1266 1898 Filium
1305 1817 1553 1898 hominis.
1588 1841 1747 1898 Simi—
1771 1817 1819 1877 Β

130 1934 266 1991 liter
298 1940 362 1990 et
401 1944 525 1991 cum
556 1936 623 1991 de
652 1946 750 1993 sua
766 1936 881 2007 jam
910 1936 1133 1991 instanti
1154 1935 1411 2005 passione
1440 1951 1535 1991 eos
1558 1950 1746 1991 mone-

128 2035 243 2091 ret,
295 2027 473 2082 dicit:
506 2024 668 2081 Orate
693 2044 757 2081 ne
792 2027 995 2083 intretis
1038 2028 1093 2085 in
1133 2028 1495 2083 tentatianem.
1523 2026 1661 2083 Nam
1689 2035 1747 2083 et

131 2130 307 2177 antea
340 2122 710 2192 interrogatus
738 2136 770 2173 a
794 2118 1084 2176 Pharisaais
1108 2118 1322 2191 quando
1345 2120 1494 2175 venit
1515 2130 1743 2190 regnum

131 2212 259 2279 Dei,
286 2228 422 2270 eum
455 2213 846 2284 respondisset,
876 2210 1178 2283 subiunxit,
1211 2212 1400 2266 dicens
1428 2226 1442 2267 :
1476 2210 1744 2278 Quoniam

134 2314 346 2377 oportet
374 2321 577 2377 semper
605 2321 777 2368 orare,
816 2313 865 2359 et
892 2320 996 2358 non
1022 2304 1242 2373 deﬁcere
1273 2320 1291 2359 :
1319 2294 1615 2360 ostendens
1638 2302 1742 2359 hoc

133 2415 239 2471 per
265 2398 593 2469 parabolam
617 2398 684 2453 de
700 2397 882 2467 judice
908 2398 1064 2462 duro,
1095 2406 1151 2453 et
1174 2398 1335 2453 vidua
1359 2397 1745 2468 interpellante

139 2491 482 2561 importune.
526 2486 665 2544 Nam
689 2496 745 2545 et
772 2486 828 2544 in
859 2487 966 2545 alio
989 2488 1131 2557 loco;
1157 2502 1280 2545 eum
1306 2502 1405 2560 per
1426 2490 1743 2559 parabolam

137 2582 360 2638 diceret
401 2580 691 2653 quemdam
733 2580 1040 2654 importune
1088 2588 1371 2654 rogantem
1421 2582 1745 2652 impetrasse

141 2673 440 2730 commodo
460 2672 575 2729 dari
606 2674 709 2730 sibi
730 2689 898 2744 panes
912 2690 943 2729 a
964 2674 1219 2745 quodam,
1244 2672 1494 2743 subjecit,
1519 2671 1738 2731 dicens:

136 2765 211 2820 Et
242 2782 341 2837 ego
366 2763 512 2820 vobis
546 2764 686 2831 dico,
734 2762 937 2833 Petito,
968 2775 1017 2821 et
1048 2766 1259 2821 dabitur
1297 2767 1471 2833 vobis;
1499 2770 1736 2840 quterite,

135 2864 185 2912 et
210 2855 522 2923 invenietis;
554 2855 783 2928 pulsate,
812 2865 859 2912 et
890 2859 1155 2929 aperietur
1181 2858 1347 2913 vobis.
1381 2856 1568 2914 Omnis
1599 2861 1739 2915 enim

135 2950 228 3021 qui
255 2950 385 3023 petit
412 2948 633 3021 accipit,
676 2958 727 3004 et
766 2949 860 3022 qui
887 2951 1076 3022 quaerit
1131 2951 1364 3018 invenit,
1408 2960 1456 3006 et
1503 2950 1741 3023 pulsanti

1855 547 1908 593 et
1933 540 2276 613 tranquillam
2290 544 2449 600 vitam
2474 550 2716 616 agamus,
2741 544 2800 602 in
2819 547 2965 602 omni
2991 548 3185 619 pietate
3211 559 3260 606 et
3284 554 3445 610 casti-

1854 640 1980 688 tate.
2007 633 2164 703 Quod
2190 650 2322 693 vero
2361 651 2468 693 non
2497 637 2672 694 solum
2695 637 2754 693 in
2787 639 2933 695 omni
2960 649 3232 712 tempore,
3265 645 3362 701 sed
3387 654 3446 704 et

1853 724 1911 780 in
1940 726 2088 809 omni
2126 725 2266 794 loco,
2311 728 2416 785 hoc
2439 727 2561 785 ﬁeri
2584 730 2800 796 debeat,
2826 732 3099 799 ostendit,
3119 741 3243 804 post
3268 750 3443 806 pauca

1854 815 2184 888 subjungens
2213 835 2229 872 :
2276 814 2401 874 Volo
2426 837 2551 893 ergo
2577 822 2715 877 viros
2746 839 2900 878 orare
2927 824 3069 880 omni
3099 824 3236 892 loco,
3262 825 3442 889 leuan-

1852 918 1927 964 tes
1967 927 2128 981 puras
2166 928 2354 969 manus
2398 917 2512 971 sine
2551 916 2635 971 ira
2689 925 2742 971 et
2786 918 3184 990 disceptatione.
3234 920 3442 977 Simili-

1852 1014 1930 1059 ter
1956 1016 2004 1061 et
2033 1006 2276 1063 mulieres
2302 1009 2359 1064 in
2402 1010 2586 1067 habitu
2617 1022 2839 1081 ornato,
2879 1031 3000 1072 cum
3030 1018 3346 1075 verecundia
3388 1028 3439 1076 et

1850 1102 2151 1159 sobrietate.

1924 1195 2111 1252 XXVI.
2163 1196 2463 1254 Sciendum
2511 1210 2636 1258 ante
2671 1204 2855 1259 omnia
2901 1206 3029 1276 quia
3069 1208 3249 1264 oratio
3294 1208 3439 1265 sicut

1849 1304 1970 1346 esse
1996 1291 2158 1348 debet
2195 1293 2314 1348 sine
2350 1294 2432 1348 ira
2460 1308 2516 1350 et
2552 1296 2965 1369 disceptatione,
2994 1300 3071 1356 ita
3096 1308 3154 1357 et
3176 1302 3295 1357 sine
3325 1303 3439 1358 has-

1850 1380 2108 1439 sitatione
2133 1424 2148 1448 ,
2187 1399 2309 1439 cum
2357 1392 2467 1440 tota
2499 1385 2695 1442 ﬁducia
2728 1397 2782 1443 et
2812 1388 2938 1445 ﬁde.
2973 1388 3127 1457 Quod
3163 1391 3221 1446 in
3250 1391 3437 1449 multis

1849 1473 2067 1544 quidem
2096 1475 2231 1533 locis
2259 1478 2589 1546 ostenditur;
2637 1481 2733 1535 sed
2764 1483 3035 1552 praecipue
3062 1483 3118 1538 in
3157 1483 3252 1542 illo
3272 1524 3288 1550 ,
3341 1484 3434 1541 ubi

1847 1565 2040 1623 Petrus
2084 1567 2312 1626 Domino
2349 1570 2521 1626 dicit:
2556 1569 2745 1637 Rabbi,
2776 1588 2892 1628 ecce
2927 1574 3078 1643 ﬁcus,
3132 1576 3218 1630 cui
3262 1576 3430 1631 male-

1847 1657 2050 1724 dixisti,
2091 1662 2254 1715 aruit.
2297 1660 2370 1715 Et
2403 1662 2721 1733 respondens
2747 1663 2922 1733 Iesus,
2953 1667 3027 1720 ait
3055 1664 3164 1721 illis
3190 1679 3211 1720 :
3236 1666 3437 1725 Habeto

1845 1751 2005 1822 ﬁdem
2042 1752 2161 1808 Dei.
2204 1754 2371 1810 Amen
2410 1756 2529 1811 dico
2568 1756 2734 1823 vobis,
2758 1758 2884 1829 quia
2910 1759 3210 1831 quicunque
3238 1761 3434 1817 dixerit

1846 1843 1971 1898 huic
1995 1847 2160 1900 monti
2187 1862 2206 1900 :
2238 1845 2384 1901 Tolle
2411 1855 2460 1901 te
2486 1855 2538 1901 et
2565 1846 2709 1902 mitte
2736 1857 2785 1903 te
2803 1849 2859 1903 in
2881 1865 3047 1918 mare,
3077 1860 3251 1908 etnon
3279 1853 3436 1908 hami-

1847 1937 2034 1990 taverit
2060 1937 2116 1991 in
2147 1938 2305 1992 corde
2339 1955 2458 2006 suo,
2501 1938 2591 1993 sed
2617 1940 2900 1997 crediderit
2934 1943 3060 2014 quia
3087 1943 3431 2017 quodcunque

1843 2028 2036 2091 dixerit
2057 2028 2170 2097 ﬁat,
2212 2030 2302 2099 ﬁet
2326 2032 2394 2085 ei.
2433 2030 2714 2102 Propterea
2740 2033 2858 2088 dico
2881 2034 3044 2102 vobis,
3074 2039 3250 2092 omnia
3287 2054 3434 2109 qua:-

1845 2132 2046 2191 cunque
2083 2129 2293 2175 orantes
2331 2122 2607 2193 petieritis,
2651 2124 2844 2179 credite
2883 2127 3010 2197 quia
3054 2129 3341 2198 accipietis,
3383 2138 3433 2184 et

1842 2212 2045 2269 venient
2079 2210 2239 2269 vobis.
2274 2211 2385 2269 Hoc
2416 2213 2577 2270 modo
2604 2215 2874 2271 orandum
2906 2226 2961 2273 et
2986 2218 3178 2275 beatus
3198 2217 3433 2276 Jacobus

1846 2300 2122 2374 apostolus
2144 2303 2423 2374 admonet,
2451 2306 2638 2364 dicens
2669 2324 2682 2364 :
2711 2307 2900 2382 Siquis
2918 2313 3231 2383 sapientiam
3256 2321 3434 2383 postu-

1844 2393 1968 2448 leta
1988 2394 2097 2449 Deo
2136 2396 2227 2467 qui
2251 2396 2343 2450 dat
2368 2399 2607 2453 omnibus
2639 2400 2928 2471 affluenter,
2954 2411 3002 2456 et
3041 2419 3145 2457 non
3176 2403 3434 2474 imprope-

1844 2494 1948 2551 rat,
1971 2487 2025 2542 ei
2055 2486 2290 2541 dabitur.
2314 2487 2557 2543 Postulat
2588 2498 2764 2545 autem
2786 2491 2844 2545 in
2869 2491 2975 2560 ﬁde
3002 2491 3135 2553 nihil
3158 2494 3431 2555 Innitens.

1847 2578 1951 2643 Qui
1973 2578 2111 2633 enim
2138 2579 2368 2646 htesitat,
2394 2579 2581 2635 similis
2609 2589 2684 2643 est
2708 2583 3003 2652 tempestati
3041 2584 3226 2651 maris,
3256 2600 3375 2656 qua:
3399 2600 3433 2639 a

1843 2678 1993 2725 vento
2016 2678 2270 2733 movetur,
2309 2680 2358 2726 et
2389 2671 2780 2742 circumfertur.
2809 2672 2934 2729 Non
2962 2690 3085 2746 ergo
3105 2674 3324 2730 aestimet
3342 2670 3433 2730 ille

1841 2761 1999 2817 homo
2040 2761 2182 2832 quod
2226 2763 2453 2834 accipiat
2486 2762 2689 2834 aliquid
2730 2781 2763 2819 a
2809 2763 3055 2823 Domino.
3112 2762 3215 2843 Vir
3238 2764 3434 2837 duplex

1842 2856 2043 2922 auitae,
2082 2855 2385 2910 inconstans
2407 2864 2482 2912 est
2523 2856 2580 2911 in
2607 2856 2846 2911 omnibus
2882 2855 2975 2911 viis
3018 2857 3149 2917 suis.
3198 2855 3432 2920 Tantam

1841 2946 2003 3003 ﬁdem
2037 2955 2095 3005 et
2132 2946 2386 3004 ﬁduciam
2429 2954 2652 3019 praestat
2684 2962 2881 3020 magna
2928 2947 3217 3009 multitudo
3244 2947 3431 3006 dulce-

137 3043 432 3113 aperietur.
473 3040 540 3096 Et
577 3049 704 3112 post
739 3040 1020 3113 paululum
1049 3058 1061 3094 :
1088 3039 1146 3096 Si
1168 3058 1291 3114 ergo
1325 3056 1435 3109 vos,
1473 3055 1594 3096 cum
1622 3042 1739 3097 sitis
1841 3041 1987 3097 diuis
2012 3041 2142 3109 Dei,
2173 3041 2260 3097 eui
2286 3041 2343 3096 in
2373 3039 2480 3105 alio
2504 3049 2719 3113 psalmo
2748 3040 2946 3097 dicitur
2972 3058 2984 3096 :
3022 3041 3186 3108 Quia,
3216 3050 3274 3103 tu
3313 3040 3427 3097 Do-

137 3137 273 3193 mali
300 3180 318 3204 ,
374 3139 539 3193 nostis
576 3137 712 3193 bona
745 3137 875 3191 data
927 3137 1057 3191 dare
1103 3135 1230 3205 ﬁliis
1276 3139 1507 3203 vestris;
1543 3146 1738 3208 quanto
1768 3190 1809 3208 η
1840 3136 2007 3202 mine,
2031 3136 2206 3193 suavis
2229 3144 2277 3190 et
2297 3136 2464 3201 mitis,
2494 3144 2545 3192 et
2582 3134 2763 3190 multa:
2788 3135 3161 3192 misericordia:
3191 3134 3431 3193 omnibus

356 3190 711 3287 vester
732 3190 951 3285 dercon
978 3190 1124 3285 dabit
1151 3232 1394 3303 spiritum
1420 3190 1611 3286 bonum
1638 3246 1733 3300 pe-
1763 3190 1810 3256 Ο
1839 3190 2203 3283 invocantibus
2241 3237 2310 3282 te.
2343 3227 2413 3282 Et
2447 3190 2614 3282 nobis
2650 3241 2749 3298 per
2804 3190 3128 3299 prophetam
3181 3190 3384 3284 dicitur
3410 3246 3425 3283 :

135 3321 381 3378 tentibns
406 3322 504 3378 se?
1837 3318 2077 3376 Dissolve
2113 3318 2471 3391 colligationes
2506 3319 2813 3391 impietatis,
2850 3319 2989 3381 solve
3020 3316 3305 3390 fasciculos
3343 3318 3431 3375 de-

212 3410 414 3471 XXIV.
455 3413 530 3469 De
577 3429 683 3485 qua
717 3428 808 3481 re,
858 3413 913 3470 id
956 3421 1042 3469 est
1080 3414 1399 3471 assiduitate
1437 3416 1522 3471 vol
1555 3417 1736 3486 potius
1835 3413 2136 3486 primentes,
2168 3409 2368 3468 dimitte
2413 3428 2500 3468 eos
2530 3411 2621 3483 qui
2667 3411 2925 3482 confracti
2963 3419 3087 3469 sunt
3134 3409 3347 3481 liberos,
3379 3419 3430 3467 et

134 3506 555 3577 importunitate
600 3507 931 3573 orationum,
974 3518 1139 3578 quam
1192 3506 1413 3563 solliciti
1454 3515 1510 3563 et
1538 3510 1734 3566 intenti
1837 3521 1988 3560 omne
2026 3520 2157 3558 onus
2184 3504 2470 3574 disrumpc.
2516 3501 2731 3575 Frange
2753 3502 3005 3560 esurienti
3035 3520 3225 3576 panem
3254 3512 3427 3574 tuum,

138 3610 267 3654 esse
288 3596 520 3654 debeant
550 3597 755 3662 ﬁdeles,
773 3598 933 3670 plena
961 3606 1044 3652 est
1073 3596 1252 3653 omnis
1270 3612 1427 3654 saera
1449 3596 1735 3669 Scriptura
1835 3608 1883 3655 et
1908 3614 2094 3670 egenos
2116 3613 2371 3668 vagosque
2385 3595 2546 3651 induc
2570 3596 2628 3652 in
2647 3595 2863 3653 domum
2877 3605 3043 3655 tuam.
3079 3595 3225 3652 Tunc
3252 3612 3430 3653 erum-

139 3691 281 3750 Νυνὶ
312 3700 369 3748 et
412 3692 629 3748 Veteris
656 3692 991 3748 Testamenti
1029 3691 1293 3763 exemplis
1332 3699 1389 3746 et
1425 3694 1731 3762 praeceptis,
1833 3700 1918 3763 pet
1946 3690 2098 3762 quasi
2128 3706 2282 3744 mane
2301 3676 2478 3743 lumen
2499 3696 2669 3755 tuum,
2693 3696 2742 3745 et
2768 3688 2971 3745 sanitas
2999 3698 3092 3744 tua
3113 3688 3267 3745 citius
3297 3686 3429 3743 orie-

141 3786 199 3842 in
242 3786 435 3856 quibus
473 3786 641 3857 (quod
686 3785 1235 3857 incomprehensibile
1271 3793 1357 3840 est
1401 3785 1732 3859 hominibus)
1835 3793 1945 3849 tur,
1969 3792 2019 3838 et
2046 3781 2264 3836 anteibit
2287 3780 2644 3851 faciemtuam
2658 3780 2871 3851 justitia
2895 3790 3016 3849 tua,
3044 3789 3092 3836 et
3114 3776 3284 3853 gloria
3317 3778 3426 3834 Do-

148 3876 329 3947 aliqna
376 3893 497 3948 qua:
543 3878 888 3947 omnipotens
931 3877 1075 3931 Deus
1119 3877 1373 3946 promisit
1401 3875 1615 3943 futura,
1655 3878 1735 3933 sic
1835 3875 1965 3932 mini
1988 3873 2195 3943 colliget
2217 3881 2288 3927 te.
2316 3870 2461 3925 Tunc
2490 3871 2779 3937 invocatis,
2811 3880 2859 3927 et
2889 3870 3149 3929 Dominus
3175 3868 3422 3927 exaudiet

150 3970 378 4037 distulit,
406 3976 467 4025 ut
507 3971 848 4026 orationibus
872 3970 1271 4026 obtinerentur.
1307 3970 1461 4025 Unde
1483 3978 1540 4025 et
1571 3969 1735 4025 Petro
1835 3976 1916 4032 te;
1937 3964 2210 4030 clamabis,
2243 3971 2292 4018 et
2316 3963 2449 4017 dicet
2481 3978 2494 4016 :
2526 3961 2662 4016 Ecce
2685 3960 2896 4023 adsum.
2933 3960 2992 4016 In
3023 3958 3220 4031 quibus
3245 3963 3422 4018 versi-

150 4063 394 4136 apostolo
436 4062 660 4120 detento
704 4065 773 4120 ab
806 4065 1040 4132 Herode,
1089 4070 1144 4120 et
1175 4065 1231 4120 in
1281 4080 1505 4122 carcere
1546 4074 1734 4133 ιιυιιεο,
1786 4058 1793 4063 ’
1834 4057 1939 4113 bus
1967 4064 2157 4126 aperte
2177 4052 2517 4109 demonstrat
2537 4052 2682 4122 quod
2703 4051 2797 4123 qui
2825 4051 2913 4123 pie
2939 4052 3087 4108 audit
3110 4052 3423 4124 Dominum,
3524 4058 3531 4067 '

153 4156 329 4211 oratio
352 4156 421 4212 ab
436 4154 677 4213 Ecclesia
702 4156 866 4213 nebat
886 4158 1002 4213 sine
1027 4156 1433 4213 intermissione
1453 4158 1521 4212 ad
1541 4157 1732 4213 Deum.
1836 4146 2265 4205 misericordin
2285 4144 2506 4201 auditur
2540 4160 2572 4199 8
2609 4144 2861 4201 Domino-
2894 4143 3002 4202 Sed
3027 4144 3127 4204 hos
3154 4144 3428 4218 propheti-

154 4249 222 4305 Et
246 4249 447 4305 Paulus
471 4250 790 4305 exhortatur
819 4249 1095 4304 auditores
1123 4264 1272 4315 suos,
1298 4248 1486 4305 dicens
1516 4267 1528 4302 :
1562 4247 1737 4303 οναη.
1835 4252 1929 4296 eos
1957 4254 2149 4293 versus
2174 4237 2280 4293 alia
2314 4235 2600 4292 translatio
2625 4237 2705 4293 sic
2737 4236 2957 4293 inchoat
2990 4252 3003 4292 :
3036 4232 3272 4292 Dissolve
3298 4236 3427 4291 obli-

148 4354 227 4399 tes
250 4345 390 4398 omni
425 4354 655 4415 tempore
688 4345 742 4398 in
771 4343 992 4413 spiritu,
1037 4352 1087 4397 et
1129 4343 1186 4397 in
1213 4344 1327 4413 ipso
1378 4340 1649 4412 vigilantes
1680 4341 1736 4395 in
1836 4331 2072 4403 gationes
2114 4327 2464 4384 violentamm
2511 4330 2837 4395 cantionum,
2875 4328 3077 4384 dimitte
3129 4328 3326 4400 fractos
3370 4328 3426 4384 in

153 4436 293 4492 omni
316 4435 571 4490 instantia
599 4444 647 4489 et
673 4433 1049 4500 obsecratione,
1088 4449 1184 4505 pro
1222 4433 1463 4487 omnibus
1503 4432 1733 4497 sanctis,

1847 4419 2216 4485 remissionem,
2246 4427 2298 4473 et
2323 4433 2530 4473 omnem
2575 4416 2893 4491 scripturam
2922 4419 3157 4490 iniquam
3185 4418 3425 4473 conscin-

153 4538 200 4583 et
219 4544 311 4600 pro
352 4544 452 4593 me,
492 4537 550 4582 ut
575 4527 729 4582 detur
752 4524 882 4581 mihi
902 4522 1077 4581 sermo
1108 4526 1164 4580 in
1195 4525 1462 4596 apertione
1490 4525 1596 4579 oris
1631 4520 1743 4579 mei

1847 4512 1922 4580 de,
1949 4521 1998 4567 et
2022 4512 2080 4569 in
2106 4512 2234 4582 ﬁne,
2268 4510 2441 4566 adhuc
2459 4510 2700 4601 loquente
2722 4520 2802 4581 te,
2842 4512 3003 4580 dicet,
3037 4510 3175 4571 Ecce
3208 4509 3418 4567 adsum.

153 4638 269 4677 cum
295 4620 495 4690 ﬁducia
516 4661 532 4686 ,
561 4629 740 4675 notum
771 4620 945 4689 facere
978 4619 1283 4691 mysterium
1316 4616 1608 4688 Evangelii,
1637 4633 1734 4689 pro
1757 4603 1809 4621 ν
1836 4607 1992 4677 Qu0d
2038 4606 2196 4663 valde
2223 4621 2448 4662 necesse
2475 4614 2581 4674 est,
2608 4615 2669 4662 ut
2706 4606 3031 4678 praedicetur
3048 4645 3062 4672 ,
3101 4603 3351 4659 audiatur
3370 4610 3425 4659 et

153 4730 256 4787 quo
279 4713 538 4784 legatione
559 4713 753 4783 {ungor
771 4712 827 4765 in
853 4721 1041 4765 catena
1090 4711 1214 4776 ista,
1241 4710 1318 4762 ita
1340 4717 1396 4763 ut
1423 4709 1480 4762 in
1507 4708 1618 4779 ipso
1638 4724 1738 4763 au-

154 4807 302 4861 deam
324 4814 477 4875 prout
500 4813 697 4875 oportet
718 4818 800 4858 me
821 4801 978 4874 loqui.
1012 4801 1081 4856 Et
1105 4802 1159 4856 in
1181 4801 1288 4855 alio
1311 4799 1430 4856 loco
1444 4799 1695 4855 similiter
1720 4817 1733 4854 :

155 4898 396 4954 Orationi
418 4897 629 4964 instate,
665 4896 764 4966 ait,
794 4895 1064 4968 vigilantes
1084 4895 1140 4950 in
1169 4908 1230 4948 ea
1257 4891 1552 4966 gratiarum
1578 4894 1740 4948 actio-

152 4990 248 5051 ne:
276 4996 487 5042 orantes
510 4985 670 5043 simul
699 4994 747 5041 et
772 5003 867 5057 pro
890 4985 1037 5041 nobis
1056 5026 1072 5051 ,
1102 4994 1160 5040 ut
1188 4978 1329 5040 Deus
1351 4984 1554 5057 aperiat
1588 4984 1736 5042 nobis

152 5080 339 5134 ostium
380 5078 634 5133 semente
688 5077 758 5133 ad
812 5076 1135 5149 loquendum
1183 5077 1490 5147 mysterium
1536 5075 1736 5132 Christi

154 5172 380 5245 (prapter
404 5164 545 5242 quod
567 5171 726 5227 etiam
750 5170 954 5226 vinctus
975 5166 1113 5243 sum)
1145 5175 1202 5224 ut
1223 5167 1555 5239 manifestem
1572 5165 1734 5236 illud,

153 5267 230 5321 ita
253 5274 307 5319 ut
340 5273 543 5335 oportet
575 5281 658 5320 me
687 5263 851 5336 loqui.

223 5354 383 5413 XXV.
408 5357 562 5426 Quod
580 5365 763 5414 autem
780 5371 889 5413 non
909 5363 1121 5412 tantum
1138 5370 1240 5428 pro
1262 5369 1323 5411 se
1340 5351 1733 5424 unusquisque,

155 5459 251 5508 aut
270 5466 367 5523 pro
404 5449 633 5519 sanctis,
662 5448 859 5506 debeat
896 5444 1160 5505 sollicitas
1204 5454 1329 5502 esse
1356 5445 1411 5500 in
1443 5444 1692 5501 oratione
1716 5484 1733 5512 ,

156 5547 249 5604 sed
271 5554 327 5603 et
356 5561 454 5617 pro
482 5544 739 5601 omnibus
765 5541 1101 5609 hominibus,
1142 5536 1284 5598 idem
1315 5538 1508 5595 beatus
1535 5536 1736 5595 Paulus

154 5641 235 5697 sic
273 5640 528 5705 ostendit,
560 5638 884 5711 praecipiens
917 5651 933 5691 :
965 5634 1192 5698 Obsecro
1229 5634 1392 5705 igitur
1424 5633 1594 5703 primo
1622 5649 1737 5688 om-

159 5728 299 5789 nium
345 5729 462 5803 ﬁeri
509 5728 887 5786 obsecrationes
913 5770 928 5795 ,
985 5728 1280 5791 orationes,
1334 5723 1734 5796 postulationes,

160 5826 447 5903 gratian
477 5823 705 5879 actiones
738 5838 834 5895 pro
873 5818 1111 5876 omnibus
1156 5816 1486 5885 hominibus,
1516 5830 1614 5889 pro
1652 5828 1737 5873 re-

1837 4702 2148 4775 impleatur.

1907 4792 2118 4850 XXVlI.
2163 4790 2318 4848 Hanc
2342 4790 2743 4849 multitudinem
2771 4787 3069 4847 dulcedinis
3106 4801 3220 4846 suae
3248 4787 3425 4852 omni-

1835 4895 2030 4960 patens
2054 4890 2113 4942 et
2137 4886 2457 4944 misericors
2498 4886 2758 4942 Dominus
2782 4899 2882 4954 per
2919 4874 3260 4938 Ezechielem
3288 4894 3420 4953 pro-

1835 4980 2059 5052 phetam
2086 4976 2378 5033 annuntiat
2400 4977 2717 5042 clementer,
2740 4984 2795 5030 et
2843 4972 2976 5029 dicit
3004 4985 3021 5028 :
3050 4971 3423 5030 Convertimini

1836 5083 1885 5128 et
1916 5070 2055 5143 agite
2072 5070 2430 5143 paenitentiam
2458 5069 2522 5125 ab
2551 5068 2793 5124 omnibus
2818 5060 3189 5139 iniquitatibus
3216 5067 3421 5135 vestris,

1835 5174 1887 5221 et
1914 5180 2021 5240 non
2042 5164 2141 5219 erit
2166 5163 2307 5219 vobis
2329 5164 2387 5218 in
2407 5163 2617 5218 ruinam
2637 5160 2909 5232 iniquitas.
2943 5152 3199 5233 Projicitc
3224 5178 3256 5216 a
3280 5159 3420 5215 vobis

1836 5272 2014 5319 omnes
2027 5255 2488 5330 prtevaricationes
2504 5261 2702 5309 vestras
2722 5250 2909 5325 quibus
2927 5253 3257 5324 praevaricati
3274 5252 3398 5307 estis

1834 5359 1883 5406 et
1914 5349 2074 5421 facite
2099 5347 2242 5404 vobis
2265 5363 2357 5402 cor
2376 5360 2564 5402 novum
2584 5353 2632 5401 et
2656 5344 2898 5417 spiritum
2927 5361 3134 5401 novum.
3170 5343 3239 5398 Et
3260 5360 3417 5417 quare

1835 5440 2158 5506 moriemini,
2201 5438 2388 5493 domus
2433 5432 2644 5493 Israel?
2691 5428 2832 5505 Quia
2870 5432 2989 5492 nolo
3041 5444 3260 5492 mortem
3306 5448 3421 5489 mo—

1836 5531 2040 5596 rientis,
2070 5529 2197 5584 dicit
2234 5526 2514 5582 Dominus.
2545 5526 2909 5595 Reoertimini,
2934 5537 2983 5584 et
3027 5527 3200 5582 vivite.
3246 5524 3339 5581 Sic
3364 5530 3429 5581 et

1837 5639 1937 5699 per
1956 5623 2154 5681 Isaiam
2175 5620 2497 5689 ostenditur,
2529 5634 2651 5677 cum
2674 5620 2806 5678 dicit
2835 5634 2852 5676 :
2876 5617 3214 5691 Derelinquat
3230 5619 3430 5691 impius

1841 5724 1979 5779 siam
2007 5734 2182 5784 nam,
2213 5724 2262 5772 et
2296 5716 2375 5772 vir
2400 5716 2612 5790 iniquus
2641 5716 2977 5789 cogitationes
3004 5722 3152 5781 suas,
3176 5721 3226 5771 et
3258 5726 3430 5767 rever-

1839 5809 2071 5873 taturad
2096 5808 2405 5881 Dominum,
2432 5818 2484 5867 et
2518 5809 2849 5870 miserebitur
2869 5807 2987 5879 eius
3007 5840 3026 5875 ι,
3056 5815 3108 5865 et
3146 5804 3218 5864 ad
3249 5804 3426 5864 Deum
