4012 6338
623 326 728 385 287

1582 328 1644 389 S.
1683 330 2036 389 AGOBARDI
2073 326 2388 387 EPISCOPI
2413 327 2900 387 LUGDUNENSIS
3788 345 3879 399 ιδδ

612 457 872 518 nostrum,
906 450 1155 521 quoniam
1194 451 1391 508 multus
1415 460 1494 509 est
1524 451 1596 508 ad
1615 449 2008 523 ignoscendum.
2037 432 2190 506 Hanc
2215 451 2269 514 Α
2290 449 2381 520 qui
2415 449 2687 521 aspiceret.
2747 446 3069 520 Despexistis
3112 463 3265 502 omne
3294 449 3573 506 consilium
3616 470 3815 523 meum,
3838 472 3878 515 ιτ

612 540 937 597 suavitatem
984 543 1371 600 misericordiae
1399 559 1512 602 sua:
1544 543 1805 599 Dominus
1845 542 1999 597 nobis
2038 540 2200 598 oﬁ‘ert

609 647 711 704 per
753 634 1003 690 eumdem
1049 637 1394 707 prophetam,
1440 636 1671 691 dicens:
1708 633 1965 689 Memento
2008 634 2196 687 horum

610 725 777 782 Jacob
801 735 849 781 et
874 726 1068 794 Israel,
1094 730 1342 799 quoniam
1377 744 1554 783 servus
1577 743 1721 781 meus
1746 742 1800 779 es
1836 734 1912 778 tu.
1945 722 2197 781 Formavi

608 825 681 884 te,
720 834 899 873 servus
935 835 1081 873 meus
1122 835 1177 873 es
1216 826 1292 883 tu,
1342 816 1535 883 Israel,
1567 834 1671 872 non
1699 814 2016 871 Oblivisceris
2049 816 2152 869 mei
2172 830 2194 887 ;

608 907 771 964 delevi
816 917 873 963 ut
922 909 1109 964 nubem
1156 910 1455 982 iniquitates
1495 918 1633 983 tuas,
1672 917 1720 962 et
1750 909 1902 979 quasi
1950 905 2193 961 nebulam

608 1010 823 1073 peccata
842 1009 976 1057 tua:
1007 1010 1258 1058 revertere
1286 1001 1355 1057 ad
1385 1019 1491 1068 me,
1517 1002 1767 1073 quoniam
1791 1001 1986 1054 redemi
2019 1008 2087 1054 te.
2126 999 2196 1056 Et

611 1094 813 1150 iterum
841 1113 855 1149 :
888 1094 1003 1167 Ego
1028 1112 1165 1162 sum,
1195 1112 1288 1167 ego
1312 1112 1429 1151 sum
1448 1111 1577 1167 ipse,
1601 1096 1691 1165 qui
1716 1093 1863 1149 deleo
1890 1093 2192 1164 iniquitates

611 1196 730 1242 tuas
763 1198 977 1259 propter
1018 1205 1118 1253 me,
1150 1197 1201 1244 et
1242 1199 1573 1246 peccatorum
1616 1197 1829 1242 tuorum
1882 1203 1987 1242 non
2015 1202 2190 1241 recor-

614 1278 799 1335 dabor.

545 1382 562 1455 ξ
680 1371 916 1428 XXVIII.
969 1373 1071 1440 Qui
1125 1382 1308 1430 autem
1347 1373 1447 1429 has
1492 1373 1833 1429 dulcissimas
1876 1373 2191 1429 vocationes

607 1460 705 1516 Dei
749 1461 1085 1533 neglexerint
1112 1463 1167 1517 in
1204 1463 1459 1535 praesenti
1489 1471 1752 1533 tempore,
1782 1464 1909 1518 dum
1960 1461 2192 1517 inveniri

602 1559 802 1622 potest,
853 1560 908 1608 et
942 1553 1069 1609 dum
1116 1569 1284 1624 prope
1311 1562 1413 1618 est,
1445 1564 1501 1610 et
1550 1554 1760 1609 venerit
1813 1562 2024 1624 tempus
2076 1552 2190 1623 jam

603 1658 712 1697 non
738 1644 1018 1714 operandi,
1046 1644 1142 1701 sed
1185 1645 1477 1715 recipiendi
1521 1661 1959 1715 unumquemque
1997 1659 2191 1700 secun-

604 1734 731 1789 dum
780 1751 942 1806 opera
970 1752 1093 1804 sua,
1144 1738 1369 1793 audiens
1395 1754 1609 1794 amaras
1652 1738 2137 1809 improperationes
2170 1757 2183 1791 :

2296 542 2676 612 increpationes
2720 557 2863 595 meas
2904 538 3224 610 neglexistis.
3265 539 3381 613 Ego
3410 559 3613 616 quoque
3653 547 3716 599 in
3766 550 3881 605 ἰητε.

2296 634 2404 687 ritu
2434 641 2601 687 vestro
2628 631 2827 687 ridebo.
2860 632 3013 686 Tunc
3038 633 3143 686 erit
3170 632 3251 689 eis
3280 632 3369 687 illa
3401 633 3744 694 infructuosa
3765 655 3877 696 conc

2294 726 2499 792 versio,
2560 726 2626 781 de
2676 741 2782 795 qua
2819 724 3082 781 Dominus
3135 741 3233 796 per
3269 729 3593 797 prophetam
3651 729 3879 801 loquitur

2295 817 2548 873 omnibus
2572 817 2757 872 dicens
2804 835 2816 870 :
2851 815 3249 882 Convertimini,
3290 827 3338 871 et
3369 820 3610 875 videbitis
3658 824 3791 893 quid
3822 827 3878 881 sit
3964 882 3965 891 η

2293 911 2433 966 inter
2463 912 2673 982 justum
2717 920 2763 965 et
2788 910 3029 981 impium,
3078 918 3129 963 et
3157 911 3294 964 inter
3321 912 3629 967 servientem
3685 914 3794 970 Deo
3838 927 3876 972 et

2294 1018 2400 1056 non
2439 1002 2746 1056 servientem
2781 1003 2849 1056 ei.
2899 1001 3038 1055 Ecce
3086 1003 3228 1055 enim
3272 1002 3382 1057 dies
3410 1004 3578 1058 veniet
3636 1022 3874 1063 succensa

2292 1093 2445 1165 quasi
2469 1094 2741 1160 caminus;
2771 1102 2820 1148 et
2857 1102 3011 1147 erunt
3037 1110 3217 1148 omnes
3247 1095 3477 1166 superbi,
3506 1105 3554 1149 et
3581 1113 3770 1154 omnes
3801 1101 3873 1170 [a-

2292 1187 2484 1243 cientes
2520 1187 2861 1257 impietatem,
2889 1185 3128 1256 stipula:
3160 1195 3209 1240 et
3254 1187 3605 1257 inﬂammabit
3657 1207 3747 1245 eos
3782 1193 3874 1247 dies

2291 1277 2521 1341 veniens,
2552 1275 2677 1329 dicit
2706 1274 2965 1329 Dominus
3011 1275 3358 1340 exercituum,
3404 1293 3521 1348 qua:
3560 1295 3674 1332 non
3728 1282 3870 1335 relin-

2291 1375 2411 1438 quet
2450 1366 2524 1421 eis
2556 1366 2788 1421 radicem
2828 1373 2878 1420 et
2905 1382 3135 1436 germen.
3167 1366 3238 1420 Et
3264 1369 3465 1422 orietur
3494 1369 3639 1425 vobis
3663 1373 3869 1426 timenti-

2292 1455 2386 1509 bus
2428 1472 2616 1509 nomen
2664 1472 2836 1509 meum
2880 1453 2960 1509 sol
2990 1456 3239 1526 justitiaz,
3268 1466 3317 1511 et
3359 1460 3559 1514 sanitas
3588 1461 3651 1514 in
3708 1464 3867 1532 pennis

2290 1545 2423 1616 ejus,
2456 1554 2504 1599 et
2531 1544 2887 1616 egrediemini,
2911 1554 2959 1600 et
2987 1545 3188 1601 salictis
3209 1546 3341 1600 sicut
3368 1548 3517 1601 vituli
3537 1550 3604 1603 de
3627 1562 3863 1617 armento,

2292 1646 2341 1692 et
2361 1636 2630 1691 calcabitis
2672 1637 2881 1708 impios,
2920 1655 3038 1692 cum
3078 1638 3241 1709 fuerit
3285 1640 3419 1695 cinis
3450 1642 3545 1695 sub
3573 1643 3766 1713 planta
3794 1661 3865 1714 pe-

2292 1731 2416 1784 dum
2446 1740 2735 1785 vestrorum
2780 1731 2837 1785 in
2869 1730 2955 1785 die
3001 1748 3106 1803 qua
3137 1748 3228 1804 ego
3255 1732 3415 1802 facio,
3455 1733 3582 1787 dicit
3628 1733 3864 1790 Dominus

613 1821 829 1894 Vocavi,
854 1835 905 1883 et
934 1827 1177 1883 renuistis
1200 1844 1218 1894 ;
1247 1828 1457 1883 extendi
1482 1845 1672 1884 manus
1700 1839 1927 1896 meas,et
1954 1846 2059 1885 non
2084 1828 2187 1899 fuit
2214 1833 2262 1893 Β
2290 1825 2630 1880 exercituum.

604 1947 3851 2004 ____._._.______._—_——-—-——|—————————-—————-———_—_.

1317 2078 1939 2166 AGOBARDI
2013 2075 2536 2163 FLEBILIS
2600 2075 3178 2167 EPISTOLA

690 2273 720 2307 ι
748 2262 858 2328 DE
885 2262 1633 2328 DIVISIONE’IMPEBII
1662 2260 2159 2328 FRANCORUM
2192 2260 2436 2322 INTER
2478 2258 2741 2322 FILIOS
2781 2258 3165 2325 LUDOVICI
3200 2262 3756 2330 IMPERATORIS

670 2501 710 2557 Ι.
759 2500 988 2557 Domino
1060 2501 1452 2573 gloriosissimo
1523 2500 1799 2558 Ludovico
1866 2499 2186 2573 imperatori

596 2594 915 2665 Agobardus
948 2582 1213 2651 servulus.

665 2686 801 2744 Cum
833 2688 1203 2758 unusquisque
1240 2686 1412 2744 ﬁdelis
1437 2688 1586 2744 omni
1617 2687 1761 2744 ﬁdeli
1804 2687 1929 2743 ﬁdei
1956 2686 2182 2743 sinceri-

597 2789 765 2836 tatem
788 2782 1002 2849 debeat,
1045 2782 1267 2838 dubium
1290 2798 1399 2838 non
1430 2789 1511 2836 est
1548 2783 1695 2852 quod
1736 2781 2007 2853 prmcipue
2033 2779 2180 2836 ﬁdeli

595 2872 841 2941 praelato,
870 2872 961 2927 cui
983 2888 1071 2928 res
1096 2873 1313 2942 publica
1344 2874 1412 2928 ad
1449 2871 1857 2943 gubernandum
1889 2871 2180 2927 commissa

595 2973 700 3031 est,
736 2965 869 3022 ﬁdes
918 2967 1184 3023 servanda
1214 2967 1286 3022 sit
1314 2968 1381 3023 ab
1412 2967 1686 3033 omnibus,
1729 2966 1822 3037 qui
1848 2965 2041 3022 divina:
2068 2964 2179 3019 dis-

2290 2494 2418 2568 quia
2454 2494 2600 2551 nulla
2648 2494 2753 2549 alia
2789 2501 2968 2551 exstat
2994 2510 3179 2564 causa,
3208 2512 3311 2568 pro
3354 2514 3458 2571 qua
3490 2500 3608 2556 haec
3642 2503 3860 2559 scribere

2289 2604 2576 2660 praesumo,
2609 2587 2717 2644 nisi
2749 2588 2877 2660 quia
2916 2587 3091 2655 doleo,
3123 2597 3386 2660 quantum
3410 2591 3591 2648 dicere
3619 2610 3734 2649 non
3759 2611 3860 2667 pos-

2288 2697 2431 2749 sum,
2475 2682 2542 2737 de
2579 2681 2836 2753 periculis
2888 2696 3007 2751 qua:
3050 2682 3206 2737 vobis
3266 2682 3550 2739 imminere
3601 2686 3857 2754 videntur,

2286 2781 2342 2827 et
2383 2774 2621 2830 maxime
2667 2773 2881 2829 animae.
2932 2772 3070 2828 Nam
3121 2781 3325 2844 quanto
3366 2775 3731 2833 excellentior
3754 2780 3858 2835 sub-

2287 2868 2485 2923 stantia
2533 2874 2617 2923 est
2642 2867 2822 2921 anima
2858 2881 3109 2937 corpore,
3162 2874 3314 2923 tanto
3350 2867 3733 2925 excellentiori
3772 2870 3856 2925 sol—

2282 2958 2561 3015 licitudine
2590 2975 2777 3015 curam
2812 2959 3008 3015 anima:
3032 2974 3219 3031 gerere
3246 2960 3527 3028 debemus,
3560 2977 3733 3033 quam
3757 2979 3855 3019 cor-

593 3060 849 3129 positioni
878 3061 1111 3118 ﬁdeliter
1136 3062 1363 3132 subjecti
1393 3070 1538 3128 sunt,
1570 3062 1710 3118 sicut
1756 3061 2046 3132 Apostolus
2075 3060 2172 3115 do-
2203 3082 2247 3145 ρ
2278 3052 2458 3122 poris;
2505 3051 2582 3108 ita
2617 3051 2847 3108 Domino
2888 3051 3115 3109 docente
3137 3054 3194 3108 in
3231 3052 3561 3125 Evangeliis,
3603 3057 3749 3114 sicut
3770 3057 3853 3131 ipsi

594 3164 679 3212 cet
711 3171 726 3210 :
755 3156 958 3224 Omnis,
990 3158 1261 3230 inquiens,
1287 3158 1465 3213 anima
1488 3157 1830 3229 potestatibus
1853 3154 2176 3210 sublimiori-

595 3251 690 3305 bus
724 3251 935 3308 subdita
979 3253 1048 3308 sit
1076 3268 1094 3306 :
1125 3268 1435 3325 quanquam
1472 3252 1619 3308 circa
1654 3250 1858 3305 nullum
1887 3248 2176 3305 inﬁdeliter

596 3343 866 3414 agendum
902 3345 993 3400 sit.
1026 3344 1255 3415 Propter
1281 3345 1425 3415 quod
1451 3353 1507 3400 et
1536 3344 1674 3399 alius
1693 3342 1969 3415 apostolus
1999 3341 2130 3397 dicit
2156 3360 2169 3398 :

593 3433 799 3491 Subditi
830 3446 992 3492 estote
1025 3439 1167 3492 omni
1191 3439 1436 3491 humana:
1458 3446 1717 3492 creatura:
1737 3445 1948 3508 propter
1965 3433 2133 3490 Deum
2154 3448 2173 3487 :

590 3534 645 3582 et
674 3527 931 3583 docemur
958 3542 1118 3583 orare
1156 3542 1257 3597 pro
1299 3527 1551 3584 omnibus
1590 3528 1923 3594 hominibus,
1968 3541 2070 3597 pro
2095 3540 2180 3581 re-

589 3616 744 3688 gibus
791 3625 847 3672 et
892 3616 980 3672 his
1008 3617 1102 3686 qui
1137 3617 1193 3672 in
1222 3616 1549 3672 sublimitate
1575 3624 1724 3683 sunt,
1766 3622 1827 3671 ut
1851 3616 2093 3685 quietam
2119 3620 2179 3671 et

592 3709 938 3779 tranquillam
964 3710 1135 3764 vitam
1188 3724 1408 3780 agamus
1460 3708 1514 3762 in
1542 3709 1689 3763 omni
1745 3708 1966 3779 pietate.
2004 3707 2073 3762 Et
2119 3707 2175 3761 in

542 3828 547 3832 ~
591 3800 697 3856 alio
734 3800 854 3857 loco
876 3801 1075 3857 dicitur
1104 3819 1119 3855 :
1152 3799 1282 3855 Ideo
1311 3800 1616 3855 necessitate
1640 3800 1836 3855 subditi
1856 3809 2031 3863 estote,
2071 3816 2176 3853 non

589 3892 760 3947 solum
791 3902 1003 3965 propter
1050 3894 1210 3959 iram,
1246 3891 1337 3948 sed
1358 3893 1516 3947 etiam
1542 3901 1754 3964 propter
1780 3892 2171 3946 conscientiam.

657 3985 720 4039 ll.
754 3984 888 4040 Cum
940 3995 1121 4041 autem
1166 3986 1283 4041 haec
1310 3985 1387 4040 ita
1436 3984 1564 4052 sint,
1603 3992 1658 4039 et
1684 3999 1872 4039 omnes
1915 3983 2068 4038 vobis
2112 3981 2177 4036 ﬁ-

590 4076 737 4133 deles
777 4093 897 4133 esse
924 4080 1174 4144 debeant,
1201 4079 1468 4147 quomodo
1494 4079 1779 4147 quisquam
1809 4076 1982 4131 ﬁdelis
2020 4074 2175 4131 vobis

590 4182 714 4223 esse
743 4168 960 4239 poterit,
989 4168 1035 4223 si
1064 4168 1255 4221 videns
1295 4173 1388 4221 aut
1412 4166 1719 4237 intelligens
1760 4173 2001 4219 vestrum
2030 4163 2175 4233 peri-

586 4259 790 4326 culum,
845 4276 952 4316 non
1004 4275 1063 4315 se
1110 4259 1308 4331 ingerit
1354 4266 1617 4328 quantum
1662 4264 1863 4326 potest,
1914 4263 1973 4310 ut
2023 4256 2176 4314 vobis

588 4352 793 4408 indicet
828 4360 884 4406 et
915 4352 1195 4423 cognitum
1243 4349 1443 4415 faciat,
1480 4349 1527 4405 si
1577 4358 1759 4405 tamen
1788 4349 1939 4404 locus
1966 4358 2063 4405 aut
2095 4348 2177 4405 fa-

2280 3146 2487 3217 Optime
2507 3144 2703 3201 nostis.
3074 3206 3081 3211 ,

2345 3238 2433 3295 ll.
2465 3240 2494 3280 ιι
2521 3239 2678 3295 Anno
2708 3240 2889 3309 itaque
2917 3241 3174 3311 praesenti
3193 3281 3208 3306 ,
3248 3240 3304 3296 in
3330 3242 3610 3298 attritione
3646 3252 3706 3299 et
3732 3259 3852 3299 com-

2276 3333 2537 3401 motione,
2588 3333 2882 3405 agitatione
2928 3342 2982 3388 et
3007 3334 3295 3391 aillictione
3325 3344 3483 3391 terra:
3522 3344 3579 3392 et
3619 3338 3850 3395 habitan-

2277 3430 2410 3485 tium
2442 3428 2498 3484 in
2526 3443 2591 3485 ea
2632 3436 2835 3500 quanta
2876 3428 3020 3483 mala
3075 3428 3461 3496 increbuerint,
3507 3446 3680 3487 nemo
3711 3430 3850 3488 homi-

2277 3539 2409 3579 num
2459 3529 2544 3579 est
2586 3522 2679 3593 qui
2704 3537 3026 3579 enumerare
3054 3522 3247 3592 possit,
3275 3522 3421 3578 nulla
3446 3525 3713 3595 exigente
3739 3539 3847 3581 cau-

2277 3630 2358 3679 sa,
2396 3613 2543 3669 nulla
2596 3613 2950 3685 compellente
2995 3614 3324 3670 necessitate
3350 3622 3410 3669 ut
3452 3615 3529 3670 ita
3553 3615 3679 3672 ﬁeri
3709 3631 3847 3687 opor-

2277 3709 2421 3761 teret
2472 3706 2771 3761 certamina
2798 3721 2918 3776 qua:
2945 3714 3194 3761 tenemus
3221 3724 3235 3759 :
3265 3706 3393 3776 quia
3438 3707 3486 3761 si
3532 3707 3844 3772 voluissetis,

2275 3799 2619 3869 tranquillam
2646 3805 2702 3852 et
2740 3798 2978 3868 quietam
3003 3797 3167 3852 vitam
3192 3800 3427 3870 ageretis
3471 3815 3600 3854 cum
3626 3798 3754 3855 ﬁliis
3772 3814 3846 3853 ve.

2275 3890 2426 3956 stris,
2446 3906 2553 3945 non
2577 3890 2757 3945 minus
2799 3905 2961 3959 quam
2992 3900 3016 3928 ο
3042 3899 3200 3960 pater
3220 3899 3421 3956 vester,
3442 3899 3499 3945 et
3526 3907 3687 3947 avus.
3712 3890 3845 3947 Adsit

2275 3985 2617 4053 omnipotens
2656 3991 2711 4039 et
2749 3983 3057 4039 misericors
3096 3983 3261 4049 Deus,
3317 3984 3409 4055 qui
3466 3982 3743 4039 habitator
3780 3988 3847 4037 est

2274 4077 2511 4149 pectoris
2535 4078 2721 4142 vestri,
2754 4077 2897 4133 adsit
2920 4077 3085 4132 etiam
3105 4077 3364 4148 patientia
3400 4085 3610 4143 vestra,
3634 4093 3740 4149 qua
3762 4091 3844 4132 ca:-

2277 4177 2423 4225 teros
2469 4169 2717 4224 homines
2782 4168 3108 4239 praecellitis,
3165 4176 3223 4223 ut
3269 4168 3384 4223 haec
3435 4183 3559 4238 qua:
3616 4182 3843 4241 suggero,

2276 4262 2567 4332 tranquille
2598 4261 2785 4316 audire
2816 4269 2870 4316 et
2895 4260 3233 4331 perpendere
3259 4260 3576 4330 dignemini.

2346 4355 2436 4411 IV.
2460 4354 2518 4409 In
2541 4355 2631 4409 illo
2665 4363 2923 4426 tempore,
2949 4354 3165 4425 quando
3201 4353 3371 4408 ﬁlium
3393 4363 3639 4409 vestrum
3671 4352 3699 4393 (ι
3732 4367 3841 4422 par-

585 4443 760 4499 cultas
788 4443 1003 4512 penitus
1046 4442 1120 4497 illi
1166 4457 1270 4497 non
1304 4440 1643 4513 denegatur?
1691 4440 1885 4496 Testor
1924 4443 2172 4513 omnipo-
2195 4437 2250 4497 D
2276 4447 2495 4517 ticipem
2536 4446 2770 4501 nominis
2816 4446 2986 4502 vestri
3034 4445 3217 4502 facere
3257 4444 3510 4511 curastis,
3570 4445 3650 4499 ita
3684 4444 3738 4499 in
3763 4457 3844 4513 pu-

584 4544 787 4593 teutem
826 4535 1013 4603 Deum,
1044 4535 1138 4607 qui
1174 4542 1445 4591 scrutator
1482 4542 1566 4591 est
1594 4534 1838 4590 cordium
1863 4543 1919 4591 et
1945 4552 2157 4603 renum,

2267 4541 2467 4597 blicum
2491 4548 2733 4595 vestrum
2767 4538 3153 4610 interrogando
3180 4538 3287 4595 hoc
3315 4537 3638 4604 inchoastis,
3675 4536 3839 4592 dicen-

1933 4647 2205 4705 BALUZII
2244 4650 2475 4709 ΝΟΤλΕ.

660 4757 686 4785 ι
722 4744 782 4800 ln
808 4743 999 4800 codice
1038 4741 1189 4813 regio
1226 4741 1402 4797 nullus
1442 4742 1549 4813 hoc
1583 4740 1702 4795 loco
1743 4739 1927 4813 titulus
1963 4749 2162 4798 exstat.

584 4815 767 4885 Itaque
792 4830 916 4869 cum
941 4810 1264 4869 rctinuimus
1314 4813 1405 4885 qui
1434 4810 1749 4885 aiMassono
1779 4812 2029 4867 inventus
2058 4821 2160 4885 est.

586 4883 902 4954 Quanquam
934 4886 1148 4939 animus
1189 4891 1309 4939 erat
1352 4884 1494 4954 istud
1536 4897 1765 4954 quoque,
1792 4889 2021 4954 mutare.
2058 4883 2165 4939 Sed

585 4952 727 5029 quia
748 4952 933 5029 titulus
970 4956 1062 5029 hic
1092 4956 1206 5026 jam
1247 4952 1643 5029 przevaluit,:_et
1690 4952 1882 5029 ﬁebilis
1924 4954 2165 5022 epistolae

586 5024 803 5083 nomine
831 5026 985 5080 citari
1019 5024 1299 5082 consuevit
1335 5024 1426 5081 hic
1452 5024 1684 5091 libellus,
1716 5024 1890 5078 visum
1923 5031 2006 5079 est
2041 5040 2162 5079 mu-

584 5099 687 5153 tari
720 5112 826 5153 non
856 5096 1069 5151 debere.

654 5169 680 5209 b
722 5168 871 5222 Anno
900 5169 1161 5236 prmsenti,
1186 5166 1238 5222 id
1267 5176 1371 5234 est,
1399 5181 1540 5221 anno
1560 5165 1681 5220 835.
1714 5164 1865 5220 Tunc
1888 5166 2031 5220 enim
2057 5166 2163 5222 Ln-

580 5240 805 5295 dovicus
835 5236 1066 5291 ﬁliorum
1096 5237 1441 5295 rebellionem
1473 5240 1817 5306 compescere
1847 5237 2158 5304 meditatus,

579 5310 880 5367 exercitum
936 5307 1193 5364 adversus
1240 5325 1333 5365 eos
1378 5304 1625 5378 collegit,
1682 5304 1881 5361 infelici
1937 5322 2160 5375 prorsus

579 5390 795 5445 eventu,
819 5388 879 5435 ut
907 5381 1127 5434 tradunt
1148 5380 1440 5449 scriptores
1467 5379 1677 5433 illorum
1708 5384 2028 5449 temporum.

652 5464 674 5493 ο
716 5450 880 5505 Pater
895 5459 1059 5505 vester
1077 5459 1125 5504 et
1146 5448 1292 5515 avus,
1308 5450 1533 5505 Carolus
1551 5448 1770 5520 Magnus
1790 5459 1846 5520 et
1876 5448 2152 5519 Pippinus.

648 5523 674 5563 (ι
715 5522 1033 5591 Participem
1071 5521 1295 5575 nominis
1334 5523 1508 5576 vestri.
1554 5519 1792 5589 Contigit
1832 5519 1974 5575 istud
2014 5535 2156 5575 anno

578 5595 700 5658 817,
730 5602 787 5648 ut
819 5591 1160 5663 Eginhardus
1187 5592 1368 5663 tradit.
1400 5592 1702 5648 Ludovicus
1730 5592 2041 5663 imperator,
2075 5592 2156 5646 in-

576 5666 723 5738 quit,
765 5682 784 5715 c
817 5661 1124 5787 generalem
1157 5661 1337 5733 populi
1366 5664 1447 5717 sui
1482 5671 1802 5718 conventum
1833 5662 2154 5732 Aquisgrani

576 5751 727 5787 more
765 5749 827 5787 so
851 5733 925 5787 ito
957 5732 1175 5787 habuit:
1223 5733 1276 5786 in
1310 5748 1418 5787 ouo
1442 5733 1607 5787 ﬁlium
1637 5748 1794 5787 suum
1825 5732 2154 5787 primogeni-

575 5732 727 5793 more
765 5732 925 5791 solito
957 5732 1175 5797 habuit;
1223 5733 1276 5786 in
1310 5748 1418 5803 quo
1442 5733 1607 5787 ﬁlium
1637 5748 1794 5789 suum
1825 5732 2154 5803 primogeni-

574 5816 693 5863 tum
716 5803 1034 5863 Lotharium
1058 5804 1363 5865 coronavit.
1400 5811 1457 5859 et
1482 5803 1718 5861 nominis
1745 5812 1908 5860 atoue
1937 5804 2149 5861 imperii

2273 4746 2355 4800 sui
2380 4746 2588 4801 socium
2616 4747 2716 4801 sibi
2740 4751 3040 4816 constituit.
3074 4764 3093 4816 ρ
3123 4741 3230 4800 Sed
3251 4744 3421 4802 fusius
3447 4745 3550 4801 ista
3579 4746 3843 4816 prosequi-

2274 4826 2361 4870 tur
2392 4826 2584 4871 auctor
2606 4816 2859 4873 Chronici
2903 4815 3321 4886 Moissiaoensis,
3361 4816 3452 4886 qui
3491 4815 3657 4871 ﬁdem
3695 4815 3841 4886 etiam

2271 4888 2466 4957 astruit
2492 4889 2653 4944 rebus
2676 4903 2812 4957 quas
2836 4886 2925 4941 hic
2953 4894 3172 4957 enarrat
3194 4884 3532 4957 Agobardus.
3569 4906 3590 4937 ‹
3621 4886 3725 4941 An.
3751 4884 3840 4941 81⁸1

2271 4956 2575 5013 Ludovicus
2614 4955 2928 5028 imperator,
2959 4956 3165 5028 inquit,
3207 4955 3349 5027 apud
3388 4955 3559 5028 Aquis
3598 4957 3841 5028 palatium

2272 5028 2568 5083 celebravit
2596 5024 2821 5083 Pascha.
2868 5028 2936 5082 Et
2976 5024 3049 5081 in“
3069 5027 3186 5096 ipsa
3202 5024 3398 5084 aistate
3432 5024 3755 5095 jussit'esse
3777 5027 3840 5081 ibi

2272 5109 2595 5155 conventum
2635 5098 2814 5169 populi
2842 5099 2909 5154 de
2932 5097 3091 5170 omni
3116 5112 3303 5170 _regno
3339 5097 3425 5170 vel
3463 5098 3694 5167 imperio
3732 5112 3838 5161 suo,

2269 5171 2410 5242 apud
2434 5170 2605 5242 Aquis
2626 5167 2808 5225 sedem
2831 5169 3055 5242 regiam,
3077 5167 3132 5222 id
3153 5167 3255 5242 es}.
3283 5168 3837 5242 episcoposLabbates,

2268 5236 2382 5295 sive
2407 5236 2637 5297 comites
2668 5248 2724 5294 et
2750 5236 2984 5307 majores
3018 5247 3149 5293 natu
3193 5236 3547 5294 Francorum.
3583 5240 3653 5293 Et
3680 5237 3841 5293 mani-

2266 5310 2483 5367 festavit
2511 5312 2591 5367 eis
2627 5308 3183 5381 mysteriumiconsilii
3213 5310 3297 5381 sui
3325 5310 3467 5379 quod
3494 5310 3836 5381 cogitaverat,

2266 5390 2327 5435 ut
2357 5377 2712 5439 constitueret
2735 5396 2901 5436 unum
2933 5380 2998 5435 de
3022 5378 3145 5434 ﬁliis
3171 5380 3285 5434 suis
3314 5377 3715 5450 imperatorem.
3747 5377 3839 5432 lla-

2264 5452 2427 5522 bebat
2456 5453 2599 5508 enim
2630 5462 2742 5522 tres
2770 5452 2912 5507 ﬁlios
2942 5466 3009 5506 ex
3047 5465 3215 5504 uxore
3247 5450 3614 5522 Ermengarda
3641 5450 3833 5521 regina.

2267 5521 2470 5579 Nomen
2499 5524 2591 5578 uni
2635 5521 2926 5587 Clotarius,
2972 5536 3169 5592 nomen
3213 5522 3434 5576 secundi
3462 5521 3760 5592 Pippinus.
3790 5528 3838 5592 et

2267 5539 2470 5579 nomen
2499 5541 2591 5578 um
2635 5539 2926 5587 uoranus,
2972 5539 3169 5575 nomen
3213 5539 3434 5576 secundi
3485 5539 3542 5577 ιιι
3584 5539 3760 5592 pinus,
3790 5539 3836 5573 ei

2262 5609 2457 5674 nomen
2494 5595 2636 5650 tertii
2656 5594 2997 5674 Ludovicus.
3037 5590 3199 5674 Tunc
3222 5593 3372 5674 omni
3409 5539 3836 5674 populerlacuit

2261 5672 2323 5735 ut
2360 5665 2494 5735 ipse,
2535 5681 2594 5721 se
2618 5665 2853 5735 vivente,
2897 5662 3253 5735 constitueret
3276 5661 3460 5735 unum
3484 5661 3554 5718 ex
3582 5661 3708 5735 ﬁliis
3733 5661 3836 5717 suis

2259 5733 2546 5805 imperare,
2591 5735 2733 5791 sicut
2774 5733 2998 5805 Carolus
3044 5740 3197 5804 pater
3238 5733 3373 5805 ejus
3398 5733 3605 5805 fecerat
3641 5734 3831 5805 ipsum.

2259 5803 2408 5864 Tunc
2436 5808 2611 5865 tribus
2639 5805 2831 5863 diebus
2867 5803 3165 5871 ieiunatum
3202 5803 3289 5860 est
3327 5804 3398 5862 ab
3431 5804 3580 5861 omni
3618 5803 3830 5861 nonnlo.
