4012 6338
1563 284 1624 349 Β.
1658 286 2015 348 AGOBAIIDI
2032 282 2361 343 'EPISCOPI
2394 272 2877 348 LUGDUNENSIS

605 404 850 469 Domine,
894 401 1205 475 rogavimus
1236 408 1295 458 et
1331 401 1606 474 deprecati
1647 408 1837 461 sumus
1883 402 2086 463 faciem
2114 416 2202 457 re-
2225 405 2279 469 Α
2302 400 2407 455 isto
2425 414 2567 456 anno
2589 412 2657 457 ex
2682 399 2787 456 hac
2804 399 3090 459 occasione
3110 406 3426 472 perpetrata
3450 401 3723 471 dolemus,
3756 414 3822 461 et
3842 410 3897 463 ti-

605 502 822 569 spactus
870 494 950 553 tui
1003 493 1339 564 suppliciter,
1364 502 1425 549 ut
1454 503 1544 550 tua
1570 495 1971 551 illuminatione
2005 501 2059 549 et
2101 509 2197 565 gu-

604 588 922 647 bernatione
950 586 1271 658 eligeremus
1300 588 1623 659 participem
1650 587 1867 659 imperii
1894 604 1908 641 τ
1940 585 2040 643 sed
2069 586 2198 655 quia

606 688 787 737 tecum
816 679 953 737 bene
981 690 1091 733 non
1135 677 1386 745 iecimus,
1433 680 1553 735 sine
1600 685 1655 735 te
1681 678 1877 735 melius
1903 677 2196 735 consilium

606 769 931 827 invenimus.
987 767 1166 835 Absit,
1218 768 1378 827 absit.
1427 769 1655 827 Avertat
1700 769 1844 826 Deus
1870 786 1900 826 a
1930 768 2091 825 vobis
2138 775 2199 823 ut

607 862 1015 936 inspirationem
1052 862 1151 918 Dei
1205 862 1520 933 repudietis,
1551 871 1608 919 et
1650 863 1985 919 voluntatem
2017 853 2197 919 nomi-

606 970 736 1012 num
776 953 1022 1011 earnalia
1072 960 1283 1010 tantum
1329 954 1655 1026 sapientium
1698 954 1974 1022 statuatis,
2043 953 2196 1009 utin

607 1060 850 1103 errorem
899 1044 1253 1111 inducamini,
1283 1053 1339 1101 ει
1384 1045 1741 1103 deducamini.
1795 1046 2040 1104 Obsecro
2088 1044 2198 1102 cle-

609 1142 871 1200 mentiam
900 1148 1160 1207 vestram,
1207 1147 1268 1194 ut
1292 1139 1591 1195 secundum
1642 1152 1673 1192 a
1703 1137 1815 1194 Deo
1844 1139 1998 1194 vobis
2026 1136 2198 1196 (tolla-

608 1241 720 1289 tam
759 1231 1102 1304 prudentiam
1152 1232 1501 1303 perpendatis
1550 1232 1821 1302 quomodo
1865 1233 2066 1287 beatus
2100 1228 2195 1285 Ia-

607 1327 776 1385 cobUs
802 1326 1090 1398 Apostolus
1133 1326 1493 1396 reprehendat
1528 1341 1624 1381 eos
1648 1326 1743 1396 qui
1797 1327 2040 1398 propriis
2080 1325 2199 1379 anie-

605 1434 821 1476 morum
848 1417 1086 1474 motibus
1132 1425 1442 1490 proponunt
1481 1417 1660 1489 aliqua
1711 1433 1773 1474 se
1802 1416 2050 1473 facturos
2081 1416 2199 1473 sine

603 1518 893 1585 prospectu
943 1510 1138 1567 divinae
1180 1511 1576 1581 permissionis,
1621 1495 1809 1567 dicens
1846 1529 1858 1565 :
1895 1511 2036 1565 Ecce
2061 1527 2198 1569 nunc

603 1607 694 1678 qui
722 1605 896 1660 dicitis
940 1617 960 1659 :
998 1602 1173 1659 Hodie
1200 1613 1292 1658 aut
1321 1620 1440 1659 cras
1480 1604 1673 1659 ibimus
1718 1604 1776 1658 in
1822 1603 1973 1660 illam
2021 1602 2201 1659 cirita—

603 1705 728 1764 tcnt,
757 1705 807 1752 et
866 1696 1120 1767 facimus
1166 1694 1376 1767 quidem
1426 1696 1499 1749 ibi
1560 1712 1781 1763 annum,
1837 1706 1886 1751 et
1943 1695 2202 1751 mercabi-

2294 505 2507 547 memus
2540 489 2700 547 valde
2727 505 2797 549 ne
2816 491 2871 546 in
2904 507 3000 549 vos
3025 491 3177 550 furor
3201 493 3298 549 Dei
3328 495 3655 553 concitetur.
3685 496 3896 555 Reuer-

2293 582 2489 640 damur
2505 597 2741 653 namque
2759 584 3153 642 ardentissimae
3179 586 3452 659 religionis
3476 598 3700 656 vestrm,
3724 608 3892 662 quam

2293 671 2648 742 cognovimus
2700 688 2912 744 semper
2959 673 3015 729 in
3066 676 3387 733 assiduitate
3439 680 3788 745 orationum.
3842 683 3893 739 in

2294 760 2518 831 psalmis
2541 770 2597 819 et
2624 762 2839 834 hymnis
2868 772 2924 820 et
2948 765 3178 823 canticis
3202 767 3541 838 spiritalibus
3566 779 3894 829 cantantem

2292 859 2351 909 et
2396 853 2712 924 psallentem
2754 855 2868 910 Deo
2918 855 2975 911 in
3025 857 3191 914 corde
3232 874 3390 930 puro,
3443 860 3499 917 in
3554 865 3894 924 contritione

2293 940 2494 1011 surdis,
2548 944 2604 1001 in
2633 945 3049 1016 eompuuctione
3090 946 3316 1019 placidas
3343 953 3564 1019 mentis.
3596 954 3661 1010 in
3689 955 3895 1013 adlici.

2296 1036 2482 1092 tudine
2525 1036 3022 1097 misericordiarum
3074 1047 3131 1095 et
3169 1041 3413 1099 omnium
3437 1043 3723 1103 bonorum
3762 1056 3895 1106 stre-

2294 1125 2523 1183 nuitate.
2558 1126 2628 1185 Et
2664 1120 2808 1194 ideo,
2863 1135 2925 1187 ut
2987 1128 3192 1189 dictum
3237 1140 3343 1197 est,
3386 1132 3696 1194 timendum
3746 1140 3897 1197 nobis

2295 1220 2529 1286 videtur,
2578 1234 2648 1281 ne
2689 1227 2953 1291 tepescat,
2985 1236 3056 1277 ne
3096 1220 3375 1293 frigescat,
3421 1228 3731 1296 optandum
3774 1246 3894 1287 vero

2297 1318 2357 1367 ut
2391 1311 2663 1371 fervescat
2707 1321 2762 1369 et
2787 1321 3050 1383 augeatur
3103 1318 3499 1384 perseverando
3539 1333 3729 1390 usque
3758 1320 3817 1375 in
3839 1321 3893 1381 ti-

2298 1421 2443 1472 nem,
2473 1414 2533 1462 ut
2557 1406 2702 1463 salus
2739 1406 3067 1475 seinpiterna
3087 1419 3367 1477 sequatur.

2370 1498 2481 1554 Ἧι.
2530 1498 2600 1555 Et
2647 1497 2775 1569 quia
2806 1502 3055 1568 superius
3110 1497 3179 1554 de
3202 1500 3448 1570 legitimo
3489 1510 3544 1557 et
3582 1513 3894 1573 opportuno

2294 1590 2606 1661 juramento
2649 1590 2854 1647 ruentia
2894 1590 3039 1649 facta
3086 1599 3196 1659 est,
3222 1592 3436 1649 videtur
3488 1593 3620 1650 mihi
3657 1611 3793 1653 non
3820 1613 3895 1653 ce-

2300 1685 2520 1741 landum
2545 1684 2879 1741 excellentia:
2904 1693 3119 1751 vestrae,
3161 1686 3308 1757 quod
3332 1686 3500 1763 multa
3529 1691 3893 1749 murmuratio

604 1802 743 1856 mur,
780 1796 831 1844 et
879 1787 1088 1843 lucrum
1137 1787 1391 1857 faciemus
1441 1799 1460 1839 :
1496 1789 1587 1859 qui
1623 1789 1877 1859 ignoratis
1917 1773 2050 1859 quid
2100 1786 2199 1840 erit
2231 1804 2279 1868 Β
2304 1786 2391 1834 εει
2413 1793 2555 1833 nunc
2583 1778 2725 1834 inter
2753 1777 3001 1835 homines
3027 1786 3251 1849 propter
3280 1779 3551 1837 contraria
3583 1790 3639 1839 et
3675 1781 3891 1839 diversa

602 1877 660 1936 in
691 1882 1000 1936 crastinum.
1054 1878 1187 1945 Quis
1230 1879 1369 1933 enim
1399 1886 1474 1934 est
1506 1878 1612 1933 vita
1637 1878 1857 1933 vestra?
1892 1877 2075 1950 Vapor
2122 1885 2199 1930 est
2298 1868 2628 1939 juramenta,
2659 1877 2715 1925 et
2760 1885 2869 1927 non
2907 1869 3022 1927 sola
3071 1872 3451 1938 murmuratio,
3494 1873 3590 1931 sed
3631 1882 3697 1930 et
3732 1876 3893 1931 tristi-

604 1971 677 2026 σά
716 1971 986 2027 modicum
1009 1984 1222 2043 parcns,
1246 1968 1489 2040 deinceps
1514 1968 1965 2025 exterminabitur.
1999 1963 2112 2022 Pro
2137 1983 2198 2023 eo

603 2069 662 2116 ut
708 2059 897 2117 dicatis
934 2079 953 2116 ε
985 2058 1044 2116 Si
1083 2059 1343 2115 Dominus
1380 2057 1623 2125 voluerit,
1671 2068 1741 2125 et,
1784 2058 1843 2115 Si
1888 2060 2195 2126 vixerimus,

603 2150 860 2222 faciemus
885 2151 1003 2217 hoc,
1050 2159 1146 2205 aut
1170 2150 1326 2206 illud.
1363 2151 1430 2207 Et
1454 2159 1643 2207 cavete
1671 2154 1741 2207 ab
1767 2153 2083 2213 hominibus
2105 2153 2198 2223 qui

602 2253 904 2316 sequuntur
944 2245 1194 2316 spiritum
1232 2258 1413 2312 suum,
1464 2246 1589 2315 quia
1650 2261 1757 2302 non
1819 2238 2068 2302 oumidm
2114 2253 2199 2301 est

607 2334 764 2483 “Si:
803 2425 1066 2500 Cognovit
1110 2428 1369 2485 Dominus
1413 2427 1508 2499 qui
1535 2436 1664 2485 sunt
1689 2428 1842 2500 ejus;
1890 2434 1947 2484 et
1969 2427 2201 2499 quicun-

603 2535 711 2592 que
732 2521 853 2592 ejus
879 2536 1088 2589 sumus,
1113 2522 1588 2593 quantulacunque
1630 2522 1878 2579 veritatis
1918 2522 2037 2578 luce
2061 2518 2201 2577 frui-

506 2672 511 2677 η
602 2626 742 2676 mus,
784 2616 841 2667 et
890 2613 1120 2669 veritate
1163 2612 1502 2671 illuminante
1560 2615 1845 2671 sinceriter
1900 2630 1998 2671 vos
2047 2628 2198 2669 ama-

601 2719 745 2768 mus.
803 2703 1037 2761 ﬁdeliter
1107 2714 1343 2762 vestram
1416 2707 1804 2777 sempiternam
1877 2705 2197 2763 felicitatem

600 2802 954 2863 exuptamus;
998 2803 1057 2851 et
1100 2795 1304 2852 idcirco
1351 2804 1504 2852 tanta
1552 2797 1696 2853 mala
1720 2838 1735 2863 ,
1785 2804 1936 2852 tanta
1987 2796 2197 2854 scelera

2305 1963 2405 2030 tia,
2436 1972 2491 2020 et
2520 1964 2788 2020 detractio
2830 1966 3119 2021 adversum
3165 1980 3262 2022 vos
3292 1983 3307 2021 :
3338 1967 3485 2036 quod
3529 1965 3670 2027 mihi
3707 1982 3896 2037 nsque-

2304 2071 2520 2125 quaque
2577 2056 2826 2112 displicet
2879 2072 2895 2111 :
2948 2071 3183 2127 quorum
3232 2058 3596 2115 murmuratio
3635 2059 3717 2115 ad
3771 2058 3894 2114 illud

2303 2147 2577 2217 pertinere
2623 2148 2704 2202 eis
2748 2144 2963 2203 videtur
2994 2147 3141 2217 quod
3182 2147 3377 2205 beatus
3423 2147 3799 2220 Hieronymus
3843 2152 3892 2205 in

2301 2239 2635 2309 expositione
2667 2237 2917 2297 Jeremias
2965 2240 3099 2299 dicit
3142 2240 3198 2295 in
3225 2240 3317 2297 illo
3346 2241 3465 2299 loco
3506 2242 3598 2298 ubi
3626 2246 3893 2314 pmpheta

2298 2331 2377 2386 ait
2405 2346 2420 2386 :
2451 2331 2522 2387 Et
2539 2331 2750 2402 jurabis
2784 2350 2803 2391 :
2839 2332 2962 2389 vicit
3001 2330 3282 2399 Dominus,
3308 2334 3364 2388 in
3392 2335 3609 2391 ueritate
3633 2344 3689 2389 es
3736 2335 3795 2389 in
3808 2337 3893 2405 jn-

2297 2423 2438 2479 dicio
2462 2432 2511 2477 et
2533 2424 2768 2494 justitia.
2793 2423 2884 2481 Ait
2906 2439 3036 2496 ergo
3050 2425 3347 2495 praedictus
3370 2425 3558 2483 doctor
3585 2444 3600 2479 :
3632 2444 3651 2477 ι
3694 2425 3893 2482 Simul-

2298 2530 2408 2585 que
2431 2516 2994 2582 animadvertendum,
3020 2518 3553 2590 quod-jusjurandum
3571 2518 3675 2574 hos
3696 2518 3893 2574 habeat

2300 2609 2553 2676 comites,
2602 2611 2906 2676 veritatem,
2957 2608 3241 2678 judicium,
3284 2618 3447 2681 atque
3483 2611 3783 2683 justitiam.
3835 2612 3886 2668 Si

2299 2704 2408 2761 ista
2455 2703 2757 2771 defuerint;
2790 2718 3155 2776 .nequaquam
3199 2705 3306 2762 erit
3342 2703 3745 2776 juramentum,
3796 2704 3885 2763 sed

2298 2794 2619 2868 periurium.
2663 2816 2686 2852 υ

1152 2936 3809 2969 W

1013 3048 1041 3077 ι
1069 3036 1176 3097 DE
1220 3034 1861 3119 COMPABATIONE
1900 3032 2318 3113 REGIMINIS
2360 3039 2955 3103 ECCLESIASTICI
2988 3041 3091 3103 ET
3130 3038 3480 3104 POLITICI

1104 3180 1193 3243 Et
1227 3181 1298 3244 in
1336 3182 1565 3264 quibus
1596 3181 1892 3248 Ecclesia:
1920 3180 2201 3264 dignitas
2234 3181 2609 3271 prce/uigeat
2638 3185 3050 3267 imperion
3077 3186 3409 3275 majestati.

671 3376 714 3431 l.
762 3375 971 3433 Damno
1029 3372 1456 3432 clementissimo
1518 3382 1575 3434 et
1616 3374 2086 3435 Christianissimo
2135 3395 2200 3436 ac
2227 3385 2271 3451 C
2303 3381 2408 3437 bur
2457 3382 2838 3448 brachiorum;
2892 3382 2945 3437 in
2972 3381 3323 3439 altercatione
3352 3391 3537 3441 autem
3584 3400 3884 3446 sermonm

476 3476 483 3477 ’
600 3483 701 3542 per
723 3469 830 3525 hoc
855 3467 1004 3525 omni
1032 3466 1194 3529 laude
1228 3466 1552 3543 dignissimo
1577 3466 1894 3541 imperatori
1920 3469 2196 3526 Ludovico

601 3561 942 3635 Agobardus.
1538 3604 1543 3609 ι

673 3654 837 3713 lubet
861 3663 1044 3713 vestra
1069 3654 1494 3726 prudentissima
1523 3653 1745 3713 solertia
1776 3662 1966 3711 contra
1992 3656 2020 3695 ιδ
2051 3670 2199 3711 com-

605 3746 876 3813 motiones
932 3745 1092 3816 hujus
1138 3747 1397 3819 temporis
1430 3754 1683 3818 paratum
1724 3761 1845 3803 esse
1909 3755 2199 3819 utrumque

602 3838 873 3919 Ordinem,
933 3837 1226 3897 militarem
1290 3822 1565 3908 videlicet,
1623 3847 1678 3903 et
1728 3839 2193 3909 ecclesiasticum;

602 3932 659 3991 id
683 3940 787 3999 est,
817 3941 874 3989 et
914 3947 1010 3991 eos
1029 3933 1123 4003 qui
1148 3934 1399 3991 saaculari
1426 3934 1652 4001 militiae,
1677 3943 1731 3990 et
1752 3935 1874 3991 illos
1906 3936 1998 4006 qui
2028 3937 2200 3993 sacris

604 4022 922 4078 ministeriis
946 4024 1278 4092 inserviunt;
1307 4034 1363 4081 et
1385 4025 1503 4083 illos
1525 4028 1741 4107 quidem
1781 4028 1848 4084 ad
1877 4030 2197 4084 certandum

604 4107 774 4177 ferro,
807 4112 943 4183 istos
984 4122 1166 4173 autem
1204 4114 1271 4173 ad
1301 4117 1711 4186 disceptandum
1744 4120 1939 4187 verbo;
1964 4129 2025 4173 ut
2051 4121 2200 4175 simi-

604 4203 687 4263 les
716 4198 985 4263 similibus
1002 4207 1273 4264 obsistere
1299 4208 1536 4263 valeant.
1560 4207 1619 4263 in
1650 4224 1756 4279 qua
1780 4225 1836 4264 re
1856 4226 2200 4283 summopere

604 4297 887 4354 sciendum
924 4306 1031 4367 est,
1059 4301 1202 4371 quod
1234 4302 1289 4357 in
1336 4303 1719 4372 congressione
1754 4318 2031 4377 armorum
2075 4306 2196 4381 plus

606 4389 974 4464 exspectanda
1001 4399 1088 4448 est
1103 4390 1318 4463 iustitia
1341 4394 1557 4465 superni
1583 4393 1885 4468 regiminis,
1916 4410 2077 4468 quam
2110 4413 2199 4453 ro-

2296 3473 2419 3545 plus
2447 3475 2812 3548 exspectanda
2859 3483 2944 3533 est
2971 3477 3195 3543 veritas,
3216 3493 3381 3548 quam
3406 3479 3563 3550 copia
3584 3481 3883 3537 verborum.

2299 3565 2530 3638 Propter
2554 3568 2696 3639 quod
2713 3569 2977 3625 orandum
2998 3577 3079 3626 est
3099 3569 3167 3625 ab
3184 3570 3437 3626 omnibus
3462 3578 3577 3627 tota
3599 3571 3886 3629 intentione

2299 3663 2521 3729 mentis,
2547 3672 2609 3719 ut
2645 3663 2737 3719 ille
2764 3662 2832 3719 de
2859 3680 2968 3735 quo
2996 3679 3092 3721 vos
3145 3665 3351 3731 dicitis,
3382 3666 3644 3723 Dominus
3694 3668 3884 3723 illumi-

2301 3756 2445 3809 natio
2474 3771 2591 3811 mea
2622 3765 2668 3811 et
2700 3756 2845 3812 salus
2871 3773 3009 3823 mea,
3042 3759 3169 3829 quia
3216 3758 3543 3815 iiluminatio
3570 3768 3753 3817 vestra
3792 3768 3885 3825 est,

2301 3845 2534 3901 illustret
2569 3846 2761 3902 faciem
2786 3863 2938 3904 suam
2970 3865 3133 3921 super
3158 3864 3287 3916 vos;
3313 3858 3370 3906 et
3397 3850 3527 3920 quia
3550 3850 3698 3907 salus
3720 3861 3886 3907 vestra

2301 3944 2405 4002 est,
2430 3938 2638 3994 salvum
2666 3952 2763 3996 vos
2800 3938 2965 3996 faciat
3009 3941 3065 3997 in
3108 3958 3206 3998 sua
3258 3942 3657 4008 misericordia,
3688 3954 3750 3999 ut
3777 3942 3887 3999 huic

2301 4031 2537 4086 orationi
2561 4042 2925 4103 congruenter
2946 4049 3046 4090 vos
3090 4033 3473 4108 subjungatis:
3501 4034 3735 4091 Domine
3795 4051 3884 4089 non

2300 4120 2619 4189 confundor,
2660 4124 2910 4193 quoniam
2959 4126 3193 4181 invocavi
3219 4137 3286 4182 te.

2374 4214 2437 4269 ll.
2494 4215 2604 4287 Ego
2642 4217 2807 4287 igitur
2836 4219 3084 4276 servulus
3131 4230 3329 4289 vester,
3363 4238 3487 4279 cum
3520 4222 3883 4292 cognovissent

2300 4320 2371 4363 ex
2410 4316 2590 4364 vestro
2628 4325 2786 4365 sacro
2820 4321 3094 4383 princepto
3134 4312 3344 4382 jussum
3376 4315 3510 4369 mihi
3538 4328 3667 4370 esse
3710 4316 3779 4370 ad
3806 4327 3883 4367 vc-

2306 4410 2476 4458 stram
2517 4406 2864 4475 praesentiam
2918 4420 3215 4478 properare
3250 4408 3323 4461 ita
3357 4415 3637 4477 paratum,
3685 4415 3748 4461 ut
3775 4419 3880 4461 cum

1982 4484 2259 4547 BALUZII
2294 4492 2525 4552 ΝΟΤᾸΕ.
2567 4538 2576 4543 .

670 4592 697 4623 ι
718 4578 1022 4665 ’ζιίδει-,ἰειε
1042 4579 1101 4663 in
1124 4576 1609 4665 aliiseditionibus,
1632 4590 1833 4665 prmter
1852 4582 2019 4665 istam
2044 4584 2193 4655 Ago-
2215 4590 2271 4650 D
2294 4591 2427 4646 moti
2445 4591 2735 4665 Lotharius
2760 4592 3068 4664 fratresque
3093 4595 3211 4665 ejus
3235 4608 3385 4648 arma
3401 4594 3664 4665 adversus

600 4649 755 4722 bardi
796 4649 863 4705 ad
898 4650 1232 4707 Ludovicum
1254 4649 1650 4721 imperatorem
1673 4653 1990 4722 epistolam,
2041 4649 2193 4711 com-

598 4721 950 4797 plectebaiur;
958 4722 1124 4777 etiam
1167 4722 1467 4797 epistolam
1490 4721 1737 4794 Gregorii
1756 4723 1836 4797 iV
1871 4726 1940 4780 ad
1985 4727 2195 4797 episco-

600 4806 699 4915 gos
729 4794 876 4863 regni
910 4791 1265 4859 Francorum,
1308 4804 1365 4849 et
1390 4791 1625 4849 Librum'
1646 4791 2040 4867 apologeticuui
2093 4813 2193 4867 pro

641 4861 727 4915 liis
748 4864 989 4915 eiusdem
1018 4863 1293 4915 Ludovici.
1350 4865 1551 4915 Verum
1580 4873 1634 4915 et
1654 4882 1742 4915 res
1772 4868 1884 4915 insa
1910 4876 1964 4915 ut
1988 4869 2191 4915 vetusti

641 4861 727 4935 liis
748 4861 989 4933 ejusdem
1018 4863 1293 4920 Ludovici.
1350 4865 1551 4919 Verum
1580 4873 1634 4919 et
1654 4861 1742 4921 res
1772 4861 1885 4935 ipsa
1910 4876 1964 4922 et
1988 4861 2194 4923 vetusti

603 4933 818 5009 codicis
826 4936 1129 5009 auctoritas
1157 4944 1448 5009 suaserunt
1469 4945 1530 5009 ut
1554 4938 1669 5009 haec
1697 4933 1804 5009 tria
1832 4938 2191 5009 distinguere—

602 5018 743 5058 mus.
797 5002 932 5076 Nam
958 5013 1165 5061 certum
1193 5017 1276 5062 est
1298 5006 1585 5076 epistolam
1607 5008 1673 5061 ad
1696 5002 2026 5063 Ludovicum
2057 5011 2193 5065 scri-

599 5081 746 5143 ptam
775 5074 1054 5133 terminari
1088 5078 1141 5131 in
1162 5077 1249 5131 his
1271 5074 1471 5142 verbis,
1508 5076 1685 5145 Hujus
1715 5079 1791 5132 rei
1821 5078 1965 5133 nisus
1995 5081 2187 5135 merita

602 5154 770 5218 ucstra
795 5147 1215 5218 appropinquare
1235 5148 1401 5218 faciat
1429 5146 1732 5218 apostolicis
1762 5150 1984 5204 meritis.
2050 5150 2187 5207 Tum

599 5216 753 5285 sequi
777 5215 981 5280 debuit,
1031 5215 1128 5273 sed
1164 5215 1271 5274 non
1314 5219 1369 5273 in
1396 5215 1585 5273 eodem
1625 5218 1785 5283 libro,
1837 5220 2064 5285 epistola
2088 5239 2186 5277 seu

599 5285 783 5363 verius
804 5286 1163 5363 fragmentum
1185 5289 1427 5363 epistola:
1447 5289 1694 5363 Gregorii
1720 5290 1787 5345 iV
1810 5285 1887 5345 ad
1907 5293 2190 5363 epismpos

597 5357 768 5431 partis
799 5356 1235 5431 LudovicitquaK
1256 5361 1341 5416 vel
1368 5362 1440 5415 ob
1461 5356 1584 5417 hoc'
1602 5362 1777 5431 ipsum
1807 5362 1862 5416 in
1894 5356 2191 5418 eodem'fa-

594 5428 805 5502 sciculo
828 5429 1039 5501 alligari
1056 5501 1063 5502 ί
1083 5428 1192 5487 non
1216 5431 1426 5498 debuit,
1466 5428 1785 5502 quod'nulla
1820 5431 1965 5487 illius
1986 5435 2189 5489 mentio

595 5507 771 5576 exstet
793 5501 849 5556 in
875 5501 1104 5576 epistola
1128 5503 1198 5576 ad
1216 5501 1568 5576 Ludovicum.
1616 5503 1782 5559 Liber
1806 5504 2021 5576 demum
2042 5520 2188 5576 apo-

594 5568 1271 5650 logeticus_procul__dubi_o
1298 5575 1366 5650 ab
1393 5582 1627 5647 utraque
1652 5574 1906 5650 epistola
1955 5568 2188 5650 disjungi

594 5581 1079 5698 ιοῗιξειιεέιιοειιι
1107 5581 1271 5629 dubio
1298 5581 1366 5629 ab
1393 5582 1627 5647 utraque
1674 5581 1906 5660 epistola
1955 5581 2188 5660 disjungi

594 5641 666 5728 de
688 5650 805 5724 .utt.
907 5657 998 5699 am
1034 5644 1166 5699 nihil
1186 5640 1333 5699 aliud
1360 5654 1444 5728 est
1467 5662 1629 5716 quam
1652 5646 1804 5728 liber
1822 5662 1879 5704 In
1908 5648 2189 5728 publicum

595 5717 848 5790 emissus,
879 5730 945 5769 ac
960 5730 1070 5790 _per
1111 5731 1303 5790 omnes
1324 5717 1523 5790 ubique
1558 5720 1893 5790 provincias,
1914 5717 2187 5790 ‘utpatet,

599 5782 877 5856 vulgatus,
907 5782 991 5842 ad'
1018 5784 1355 5856 probandum
1373 5782 1747 5857 justas-fuisse
1777 5782 1971 5845 causas
1996 5782 2193 5860 quibus

2297 4607 2427 4646 mou
2445 4607 2735 4647 Lotuarms
2760 4607 3068 4664 tratresque
3093 4607 3211 4665 ejus
3235 4608 3385 4648 arma
3401 4607 3664 4649 adversus
3686 4607 3879 4662 pauent

2297 4670 2621 4718 moverunt:
2662 4664 3023 4746 iti‘quOdllOS
3046 4666 3205 4746 hodie
3233 4665 3437 4746 Gallica
3467 4664 3657 4746 lingua
3678 4678 3879 4746 vocare-

2296 4749 2435 4808 mus
2465 4733 2860 4808 unmanifeite.
2897 4737 2985 4801 Et,
3010 4737 3152 4807 quod
3172 4737 3419 4808 jugulum
3451 4733 3759 4808 petit,itres
3795 4733 3880 4808 illa

2296 4802 2700 4861 lucubrationes
2710 4802 2993 4875 disjuuctze
3011 4802 3075 4862 ac
3088 4802 3273 4863 divisé
3293 4816 3418 4862 sunt
3431 4802 3487 4860 iit
3509 4807 3706 4862 codice
3719 4806 3879 4933 Ἐς

2297 4874 2673 4933 inciniuntuue
2719 4893 2924 4933 omnes.
2953 4895 2984 4933 a
3024 4878 3325 4933 maiuscula
3353 4879 3529 4932 littera
3550 4917 3564 4933 .
3622 4888 3689 4932 ut
3864 4882 3879 4927 t

2297 4874 2673 4949 incipiuntque
2719 4874 2924 4933 omnes.
2953 4895 2984 4933 a
3024 4878 3325 4949 majuscula
3353 4879 3529 4932 littera
3550 4917 3564 4941 ,
3622 4888 3689 4932 ut
3723 4874 3880 4949 solent

2296 4946 2454 5000 initia
2485 4947 2779 5020 librorum.
2809 4949 3008 5004 Verum
3023 4946 3147 5020 quia
3171 4949 3502 5019 posteriores
3519 4949 3795 5017 Agobardi
3815 4947 3881 5000 la-

2295 5019 2645 5074 cubrationes
2671 5019 2879 5074 nullum
2909 5019 3121 5075 titulum
3161 5022 3361 5076 habent
3384 5020 3439 5074 in
3480 5020 3658 5073 veteri
3687 5019 3878 5079 codice.

2291 5090 2664 5163 amanuensis,
2694 5091 2759 5144 ad
2783 5090 2941 5163 cujus
2962 5092 3122 5163 [idem
3153 5092 3351 5163 prodiit
3372 5090 3542 5163 editio
3567 5090 3879 5149 Hassonica.

2328 5161 2501 5232 utavit
2520 5162 2637 5216 haec
2660 5162 2915 5232 conjungi
2936 5161 3165 5218 debere;
3185 5163 3476 5226 Caeterum,
3499 5162 3661 5218 istius
3684 5172 3882 5230 quoque

2290 5175 2501 5284 putavit
2521 5175 2637 5216 haec
2660 5175 2915 5232 conjungi
2936 5175 3156 5218 uenere.
3185 5175 3476 5226 ueterum,
3499 5175 3661 5218 istius
3684 5175 3882 5230 quoque

2315 5231 2462 5287 ibelli
2485 5232 2672 5288 titulus
2703 5230 2887 5287 nullus
2911 5234 3107 5288 eratin
3129 5235 3298 5289 veteri
3323 5233 3531 5288 codice.
3592 5233 3789 5302 Itaque
3812 5246 3883 5283 re-

2292 5302 2557 5373 tinuimus
2577 5319 2701 5358 eum
2731 5318 2892 5373 quem
2920 5304 3203 5359 Massonus
3219 5303 3371 5370 fecit,
3386 5317 3495 5358 non
3518 5303 3692 5358 aliam
3718 5311 3880 5373 tamen

2293 5372 2365 5446 ob
2387 5388 2627 5446 causam,
2659 5389 2822 5446 quam
2850 5375 2979 5444 quia
2995 5375 3109 5446 jam
3130 5375 3366 5432 obtinuit
3388 5382 3451 5428 ut
3478 5389 3546 5431 eo
3580 5373 3748 5431 titulo
3780 5372 3882 5427 lau-

2295 5442 2455 5509 detur
2483 5445 2552 5498 ah
2575 5442 2821 5500 eruditis.

2368 5515 2398 5555 ιι
2430 5513 2823 5589 Commotiones
2846 5515 3006 5587 hujus
3034 5519 3307 5589 temporis,
3343 5517 3399 5573 id
3423 5525 3511 5573 εει
3538 5517 3687 5573 bella
3715 5523 3772 5572 et
3790 5513 3883 5589 {li};

2296 5585 2580 5659 sensiones
2600 5600 2722 5656 quae
2745 5586 2804 5659 in
2838 5581 3010 5659 regno
3031 5581 3369 5659 Francorum
3409 5596 3574 5659 erant
3600 5603 3751 5644 anno
3792 5581 3883 5641 835

2297 5655 2719 5784 gpxiiiglvlizionem
2745 5655 3007 5716 [ιιιᾱοῦἰεί
3035 5657 3380 5733 ﬁliorumque
3413 5658 3560 5749 ejus,
3604 5675 3714 5718 ceu
3740 5664 3882 5714 ante:

2337 5741 2552 5784 ιιιωιιε.
3450 5746 3455 5749 ⁷
