4012 6338
571 302 676 359 295

1531 298 1590 355 S.
1626 298 1980 358 AGOBARDI
2015 297 2325 358 EPISCOPI
2362 296 2846 357 LUGDUNENSIS

3739 301 3834 358 296

570 412 894 469 auctoritate
934 411 1020 466 vel
1046 410 1426 468 communione
1466 415 1828 482 suspenderit,
1856 430 1958 470 nec
1996 414 2156 468 aliam
2184 424 2239 485 Α
2261 413 2499 468 humana
2523 412 2806 466 temeritas
2827 413 3010 480 posset
3037 413 3310 478 appetere,
3338 420 3441 462 nec
3468 416 3640 479 portae
3659 424 3834 470 contra

571 507 882 564 manifestet
909 522 1030 562 esse
1051 506 1373 572 Ecclesiam,
1399 507 1506 562 nisi
1534 523 1655 576 quae
1682 508 1737 562 in
1761 507 2164 576 pontiﬁcalibus

571 601 990 674 apostolicarum
1021 600 1233 656 sedium
1278 607 1359 654 est
1413 599 1643 654 solidata
1678 599 1985 664 radicibus;
2037 616 2166 670 quo-

570 699 731 754 modo
757 713 855 753 vos
892 696 961 751 ab
1005 694 1246 751 universi
1276 695 1426 750 orbis
1454 695 1836 750 communione
1879 703 2164 764 separatos

569 806 691 848 esse
716 806 822 847 non
847 790 1094 855 creditis,
1125 789 1171 845 si
1193 789 1301 844 mei
1321 788 1463 843 inter
1489 803 1644 844 sacra
1683 788 1941 860 mysteria
1971 802 2165 842 secun-

569 882 697 938 dum
724 879 1170 936 consuetudinem
1194 879 1433 934 nominis
1471 879 1790 935 memoriam
1821 879 2081 944 reticetis,
2108 880 2161 934 in

568 989 700 1045 quo,
723 973 853 1030 licet
876 974 1120 1046 indigno,
1141 973 1453 1044 apostolicae
1478 975 1623 1030 sedis
1644 989 1740 1044 per
1763 974 2160 1030 successionem

569 1067 918 1137 episcopatus
943 1067 1199 1139 praesenti
1240 1075 1484 1138 tempore
1526 1068 1723 1123 videtis
1747 1068 2045 1123 consistere
2068 1067 2163 1121 ﬁr-

569 1159 842 1215 mitatem.
876 1179 896 1213 ›

636 1249 722 1304 Ill.
772 1250 1126 1307 Beatissimus
1172 1267 1384 1323 quoque
1428 1251 1539 1307 Leo
1588 1267 1726 1322 papa
1763 1251 1832 1306 ad
1875 1253 2161 1308 universos

567 1342 896 1399 Viennensis
944 1343 1239 1414 provincite
1292 1344 1576 1414 episcopos
1606 1345 1693 1399 ‘de
1739 1345 2058 1398 auctoritate
2107 1351 2160 1398 et

565 1435 848 1507 privilegio
877 1435 1189 1505 apostolica:
1217 1435 1364 1491 sedis
1391 1435 1465 1489 ita
1497 1435 1721 1490 scribit:
1758 1454 1777 1486 ι
1811 1435 2016 1490 Divina:
2042 1436 2158 1491 cul-

567 1534 679 1580 tum
719 1526 1028 1596 religionis,
1077 1541 1239 1597 quem
1270 1525 1324 1580 in
1371 1541 1562 1580 omnes
1604 1533 1824 1596 gentes,
1862 1541 2159 1596 omnesque

563 1617 836 1682 nationes,
872 1617 968 1672 Dei
1000 1617 1172 1672 voluit
1204 1616 1375 1688 gratia
1419 1631 1746 1681 coruscare,
1793 1616 1868 1670 ita
1899 1616 2158 1685 Dominus

563 1717 753 1764 noster
783 1708 942 1765 Jesus
963 1709 1213 1764 Christus
1249 1708 1471 1762 humani
1502 1708 1717 1778 generis
1741 1707 1975 1762 salvator
2000 1707 2156 1762 insti-

2264 504 2409 560 illam
2432 503 2592 559 inferi
2614 503 2985 574 praevalerent.
3011 501 3213 556 Verum
3238 501 3378 557 hanc
3395 512 3566 571 petra!
3587 504 3742 562 istius
3762 524 3833 563 sa-

2264 595 2630 650 cratissimam
2664 593 2978 650 ﬁrmitatem
3012 593 3142 658 Deo,
3178 601 3238 647 ut
3269 593 3524 660 diximus,
3551 595 3836 655 aedificante

2263 694 2656 749 constructam,
2673 685 2834 740 nimis
2859 685 3024 756 impia
3043 685 3159 738 vult
3180 687 3601 756 prmsumptione
3626 689 3833 758 violare,

2262 778 2508 848 quisquis
2536 777 2654 846 ejus
2693 785 3018 846 potestatem
3048 785 3220 830 tentat
3248 776 3577 848 infringere,
3625 779 3837 837 favendo

2261 866 2648 937 cupiditatibus
2676 867 2808 932 suis,
2824 876 2879 921 et
2900 867 2952 922 id
2981 867 3125 936 quod
3155 867 3364 938 accepit
3385 883 3416 922 a
3440 870 3720 925 veteribus
3744 888 3835 928 non

2262 960 2556 1030 sequendo.
2597 979 2617 1012 ι
2653 958 2782 1014 Haec
2820 961 3012 1014 beatus
3043 959 3191 1026 Leo;
3233 961 3329 1015 sed
3359 968 3413 1015 et
3441 961 3531 1015 alii
3563 962 3718 1017 multi
3753 966 3836 1019 hu-

2253 1049 2491 1120 jusmodi
2520 1053 2797 1117 docentes,
2829 1061 2890 1106 ut
2918 1051 3060 1106 illius
3089 1051 3300 1107 stabilis
3327 1063 3496 1122 petrae
3521 1057 3836 1126 sempiterna

2260 1145 2522 1210 soliditas,
2551 1160 2714 1215 super
2739 1161 2901 1214 quam
2925 1144 3186 1200 Dominus
3231 1144 3479 1202 Salvator
3515 1161 3704 1204 noster
3731 1168 3837 1222 pro-

2258 1235 2434 1306 priam
2456 1233 2703 1289 fundavit
2726 1235 3046 1301 Ecclesiam,
3078 1251 3110 1290 a
3141 1235 3271 1292 solis
3304 1245 3427 1292 ortu
3465 1254 3640 1310 usque
3674 1243 3741 1296 ad
3762 1259 3836 1298 oc-

2261 1346 2442 1387 casum
2466 1331 2731 1401 primatus
2757 1331 2840 1386 sui
2865 1332 3074 1400 apicem
3107 1348 3486 1388 successorum
3510 1350 3734 1389 suorum
3759 1353 3838 1390 au-

2260 1423 2511 1478 ctoritate
2535 1433 2646 1476 tam
2678 1438 2775 1492 per
2799 1438 2859 1478 se
2882 1439 3042 1492 quam
3074 1435 3099 1462 ι
3127 1439 3226 1493 per
3254 1424 3491 1480 vicarios
3520 1441 3650 1481 suos
3682 1425 3837 1481 ﬁrmi-

2260 1523 2345 1569 ter
2367 1515 2654 1570 obtineret.
2685 1514 2766 1570 Ex
2793 1515 2989 1585 quibus
3031 1515 3222 1571 beatus
3265 1516 3593 1573 Anastasius
3614 1534 3754 1589 papa
3783 1521 3837 1574 ad

2259 1608 2642 1679 imperatorem
2673 1609 2935 1676 scribens,
2978 1610 3136 1665 docet
3177 1612 3319 1680 quod
3344 1627 3445 1682 pro
3483 1611 3708 1668 Christo
3739 1614 3837 1670 fun-

2259 1708 2419 1769 gatur
2449 1700 2738 1769 legatione,
2767 1703 2860 1771 qui
2886 1717 2984 1772 pro
3008 1717 3142 1771 pace
3186 1711 3444 1773 precatur
3468 1703 3769 1770 Ecclesia};
3795 1716 3838 1761 et

562 1799 687 1864 tuit,
713 1807 774 1853 ut
793 1800 998 1854 veritas
1018 1815 1138 1869 quae
1163 1807 1324 1852 antea
1352 1797 1484 1867 legis
1519 1806 1574 1854 et
1598 1799 1986 1869 prophetarum
2012 1815 2153 1868 prze-
2183 1790 2230 1849 B
2259 1795 2434 1864 ipsum
2463 1796 2847 1866 imperatorem
2879 1797 3154 1862 admonet,
3197 1802 3258 1849 ut
3287 1797 3602 1852 constitutis
3632 1807 3835 1868 aposto-

562 1890 722 1945 conio
757 1891 1155 1956 continebatur,
1183 1905 1282 1961 per
1310 1891 1662 1961 apostolicam
1704 1893 1889 1946 tubam
1927 1893 1982 1946 in
2011 1892 2178 1946 salu-'

562 1993 674 2045 tem
701 1986 1077 2041 universitatis
1107 1986 1298 2050 exiret,
1330 1987 1469 2041 sicut
1495 1987 1755 2056 scriptum
1787 1995 1908 2041 est:
1949 1985 2017 2040 In
2039 2003 2153 2040 om-

562 2093 680 2131 nem
705 2087 900 2132 terram
930 2079 1086 2132 exivit
1111 2095 1270 2132 sonus
1295 2095 1495 2143 eorum,
1524 2088 1572 2132 et
1609 2079 1664 2132 in
1687 2078 1818 2146 ﬁnes
1842 2078 1981 2132 orbis
2003 2087 2156 2132 terra:

561 2167 716 2222 verba
759 2186 958 2223 eorum.
992 2168 1099 2224 Sed
1143 2165 1304 2237 hujus
1347 2169 1590 2224 muneris
1633 2178 2036 2225 sacramentum
2082 2169 2156 2223 ita

559 2259 821 2316 Dominus
847 2261 914 2316 ad
941 2263 1182 2317 omnium
1216 2262 1586 2334 apostolorum
1619 2260 1853 2317 olIicium
1881 2261 2157 2331 pertinere

557 2352 752 2418 voluit,
781 2362 842 2406 ut
869 2353 922 2407 in
949 2354 1267 2409 beatissimo
1298 2355 1482 2419 Petro,
1506 2353 1874 2425 apostolorum
1913 2353 2155 2407 omnium

559 2459 796 2511 summo,
820 2445 1190 2516 principaliter
1231 2446 1551 2511 collocaret,
1599 2454 1658 2500 ut
1689 2445 1758 2500 ab
1799 2445 1954 2514 ipso,
2002 2445 2158 2513 quasi

559 2537 794 2606 quodam
832 2539 1030 2607 capite,
1060 2540 1203 2592 dona
1241 2553 1339 2592 sua
1368 2537 1518 2593 velut
1546 2537 1602 2591 in
1630 2552 1828 2608 corpus
1853 2551 2014 2591 omne
2054 2534 2158 2590 dif-

555 2625 842 2694 funderet,
889 2636 950 2684 ut
983 2637 1262 2684 exsortem
1307 2645 1366 2684 se
1409 2629 1654 2700 mysterii
1684 2629 2013 2699 intelligeret
2036 2644 2157 2685 esse

561 2718 752 2786 divini,
792 2720 883 2790 qui
931 2737 1094 2776 ausus
1119 2720 1314 2776 fuisset
1337 2735 1369 2774 a
1396 2719 1544 2775 Petri
1573 2719 1847 2774 soliditate
1879 2720 2152 2775 recedere.

556 2811 714 2866 Hunc
735 2811 883 2866 enim
908 2812 962 2864 in
990 2812 1328 2866 consortium
1362 2811 1653 2865 individua:
1691 2809 1916 2865 unitatis
1945 2826 2157 2866 assum-

556 2908 733 2973 ptum,
766 2901 821 2956 id
851 2903 995 2971 quod
1024 2903 1138 2972 ipse
1164 2910 1303 2968 erat,
1334 2901 1507 2957 voluit
1540 2901 1847 2968 nominari,
1884 2903 2112 2959 dicendo
2139 2921 2151 2956 :

557 2992 640 3047 Tu
660 3011 713 3048 es
737 2993 958 3061 Petrus,
983 3002 1034 3048 et
1071 3010 1226 3065 super
1256 2993 1391 3047 hanc
1432 3003 1634 3064 petram
1660 2993 1935 3063 wdiﬁcabo
1977 2993 2158 3049 Eccle-

554 3085 691 3140 siam
713 3101 918 3151 meam;
952 3091 1013 3140 ut
1033 3085 1223 3141 aeterni
1251 3084 1436 3155 templi
1466 3084 1756 3140 aediﬁcatio
1778 3085 2014 3140 mirabili
2037 3103 2156 3142 mu-

2259 1887 2377 1943 licac
2405 1888 2548 1943 sedis
2571 1888 2926 1958 obtemperet.

2328 1980 2416 2035 IV.
2443 1979 2625 2046 Certe,
2654 1980 3078 2036 clementissime
3104 1980 3319 2036 domine
3339 2022 3354 2047 ,
3402 1981 3448 2038 si
3486 1998 3636 2038 nunc
3663 1984 3695 2024 δ
3725 1982 3839 2038 Gre-

2259 2071 2442 2142 gorius
2470 2086 2609 2141 papa
2645 2071 3093 2127 irrationabiliter
3114 2081 3168 2127 et
3197 2072 3264 2126 ad
3288 2075 3640 2144 pugnandum
3673 2075 3836 2142 venit,

2258 2165 2455 2219 merito
2481 2172 2537 2219 et
2581 2176 2602 2203 c
2642 2174 2915 2236 pugnatus
2943 2174 2997 2221 et
3033 2166 3280 2235 repulsus
3312 2168 3545 2223 recedet.
3580 2167 3637 2223 Si
3674 2180 3839 2226 autem

2257 2265 2358 2330 pro
2384 2259 2567 2329 quiete
2595 2267 2649 2314 et
2677 2275 2811 2329 pace
2848 2260 3031 2330 p0puli
3055 2269 3110 2316 et
3139 2270 3318 2315 vestra
3357 2262 3611 2318 laborare
3641 2264 3837 2327 nititur,

2257 2349 2395 2405 bene
2437 2359 2490 2405 et
2530 2351 2926 2407 rationabiliter
2954 2352 3436 2422 obtemperandum
3483 2362 3569 2408 est
3597 2354 3709 2418 illi,
3750 2371 3840 2409 non

2260 2444 2689 2514 repugnandum.
2731 2443 2789 2497 Si
2817 2444 2959 2498 enim
2998 2445 3142 2512 quod
3167 2454 3348 2498 vestra
3375 2443 3655 2499 voluntate
3680 2455 3736 2499 et
3757 2461 3838 2515 po-

2259 2545 2458 2593 testate
2490 2553 2614 2593 cum
2657 2551 2924 2592 consensu
2969 2537 3137 2590 totius
3182 2536 3393 2606 imperii
3434 2538 3606 2591 vestri
3652 2537 3838 2590 factum

2259 2638 2360 2694 est,
2391 2627 2705 2698 etpost-ead
2732 2628 2787 2682 in
2834 2627 3129 2698 apostolica
3181 2629 3306 2682 sede
3353 2629 3714 2692 roboratum,
3757 2628 3840 2680 hoc

2256 2719 2374 2774 vult
2403 2719 2458 2773 in
2483 2720 2771 2789 pristinum
2801 2718 3058 2774 reducere
3085 2727 3306 2784 statum,
3349 2720 3483 2774 satis
3514 2716 3838 2773 rationabilis

2258 2820 2314 2866 et
2356 2819 2692 2881 Opportunus
2740 2818 2824 2865 est
2869 2811 2986 2880 ejus
3033 2810 3313 2865 adventus.
3363 2809 3499 2878 Quia
3543 2811 3839 2865 nullatenus

2258 2902 2400 2971 quod
2431 2900 2505 2955 ita
2545 2910 2630 2955 est
2661 2902 3016 2958 constitutum
3064 2917 3095 2956 a
3137 2903 3322 2968 vobis,
3366 2902 3576 2957 debetis
3617 2914 3834 2958 mutare.

2258 2994 2369 3051 Nec
2395 2996 2540 3051 enim
2577 2996 2696 3051 sine
2721 2997 2872 3068 gravi
2911 2995 3153 3066 periculo
3195 3005 3250 3051 et
3293 3003 3449 3050 reatu
3490 2996 3691 3051 animae
3737 2996 3836 3051 ﬁeri

2257 3097 2456 3158 potest.

555 3191 688 3233 nere
719 3177 906 3247 gratim
935 3175 1032 3232 Dei
1060 3177 1116 3231 in
1143 3176 1293 3232 Petri
1319 3176 1594 3232 soliditate
1617 3178 1978 3245 consisteret;
2013 3180 2155 3235 hanc
2183 3162 2228 3226 Ο
2332 3181 2396 3236 ν.
2434 3181 2492 3236 In
2520 3180 2605 3236 his
2630 3181 3017 3238 sacratissimis
3041 3180 3232 3237 diebus
3249 3179 3608 3238 Paschalihus
3633 3183 3835 3254 perlatae

553 3268 856 3325 Ecclesiam
881 3284 1035 3325 suam
1066 3268 1328 3324 ﬁrmitate
1354 3271 1748 3338 corroborans,
1781 3283 1843 3325 ut
1870 3270 2018 3326 illam
2050 3287 2154 3328 nec

2261 3281 2389 3327 sunt
2428 3274 2497 3327 ad
2523 3288 2612 3328 me
2641 3272 2837 3329 littera:
2879 3274 3036 3329 istius
3068 3285 3092 3314 ε
3122 3273 3432 3343 apostolici,
3475 3276 3837 3346 praecipientes

1915 3363 2193 3422 BALUZII
2229 3365 2461 3422 NOTJE.

556 3467 770 3548 ppmpler
798 3452 1120 3548 intelligunt,
1167 3454 1311 3524 quod
1335 3470 1399 3508 ca
1427 3454 1540 3509 sola
1571 3453 1867 3524 apostolica
1887 3457 2144 3548 ‘esse'tnin

553 3525 868 3580 Occidente.
948 3525 1134 3594 Neque
1183 3535 1362 3579 tamen
1392 3535 1678 3595 propterea
1724 3526 1993 3580 assentior
2022 3527 2143 3581 illu-

555 3596 823 3655 su'issimo
868 3595 1131 3652 cardinali
1178 3595 1440 3661 Baronio,
1495 3597 1587 3666 qui
1652 3595 2024 3652 Turonensem
2078 3616 2142 3653 ac

556 3667 1010 3737 Burdegalensem
1039 3667 1333 3734 Ecclesias,
1371 3683 1492 3736 qum
1515 3669 1654 3738 apud
1682 3667 2006 3738 Gregorium
2038 3670 2145 3724 Tu-

553 3752 844 3808 ronensem
893 3738 1031 3794 libro
1073 3746 1284 3808 quarto,
1344 3754 1464 3808 cap.
1508 3737 1578 3791 ‘26

555 3805 881 3884 Sautonensi
909 3805 1106 3880 agitur,
1145 3810 1291 3884 quod
1326 3805 1470 3884 anno
1497 3805 1868 3884 56fi_liabitum
1912 3811 2015 3884 est)
2052 3828 2146 3867 vo-

553 3887 750 3952 cantur
771 3881 927 3936 sedes
958 3880 1287 3950 apostolicze,
1335 3881 1406 3952 ob
1434 3881 1536 3952 hoc
1561 3880 1734 3952 dictas
1757 3889 1908 3951 putat
1933 3880 2146 3952 aposto-

551 3949 706 4015 licas,
751 3967 858 4008 non
887 3949 1032 4023 quod
1059 3953 1127 4006 ab
1150 3951 1407 4022 apostolis
1439 3950 1642 4023 fuerint
1672 3949 2014 4019 instituta}
2049 3955 2145 4009 sed

554 4023 700 4096 quod
727 4021 930 4077 eisdem
961 4025 1030 4096 ab
1080 4021 1373 4093 apostolica
1422 4025 1549 4078 sede
1585 4021 1732 4078 Petri
1763 4040 2023 4096 concessa
2049 4041 2148 4096 per

553 4091 1097 4165 palliunt_apostolica
1115 4091 1319 4165 inesset
1352 4096 1665 4149 auctoritas.
1704 4116 1722 4147 ι
1773 4091 2146 4165 Respexit-vi-

554 4161 749 4232 delicet
780 4162 1042 4217 Duronius
1068 4163 1136 4217 ad
1182 4179 1362 4218 mores
1396 4164 1758 4232 posteriorum
1800 4161 2142 4221 saeculorum.

553 4231 691 4304 Nam
724 4241 908 4303 postea
939 4249 1258 4304 persuasum
1282 4231 1556 4302 fuitpallii
1583 4235 1841 4290 honorem
1868 4237 2146 4292 decretum

551 4303 724 4359 fuisse
748 4303 1200 4375 metropolitanis,
1235 4313 1443 4375 propter
1488 4305 1829 4375 apostolicam
1869 4307 2048 4372 vicem,
2090 4308 2147 4364 id

553 4384 664 4448 est,
711 4383 769 4448 ut
797 4390 863 4448 ex
892 4374 1240 4430 confessione
1258 4375 1404 4448 pallii
1443 4374 1810 4448 intelligerent
1833 4379 2145 4448 metropoli-

556 4446 669 4500 tani
693 4446 927 4502 vicarios
950 4462 1009 4501 se
1030 4462 1152 4502 esse
1176 4447 1321 4501 sedis
1347 4446 1674 4514 apostolicae,
1704 4456 1765 4502 ut
1791 4464 1857 4502 ex
1879 4446 2143 4504 Rhabano

1634 3737 1748 3810 (ubi
1795 3737 1862 3795 de
1916 3741 2145 3796 concilio
2196 3749 2217 3763 “

2251 3455 2498 3533 Ge_l_asius
2526 3471 2666 3533 papa
2697 3457 2750 3512 in
2779 3456 3005 3526 epistola
3037 3458 3103 3533 ad
3133 3458 3480 3533 Anastasium
3504 3459 3833 3533 Augustum:

2259 3548 2276 3578 ε
2319 3528 2384 3583 Et
2429 3530 2822 3603 qualiscunque
2854 3529 3330 3603 apostolicmsedis
3367 3528 3626 3595 vicarius,
3681 3533 3836 3603 quod-

2252 3597 2465 3670 cunque
2488 3600 2659 3674 plena:
2690 3597 2812 3653 ﬁdei
2839 3597 3120 3674 catholicae
3143 3601 3331 3656 deesse
3352 3597 3718 3673 comperero;
3752 3618 3834 3674 pro

2253 3686 2377 3744 meo
2403 3671 2623 3744 modulo
2645 3671 3082 3744 suggestionibus
3107 3674 3426 3744 opportunis
3449 3671 3698 3744 supplere
3730 3671 3836 3728 con-

2255 3742 2435 3815 tendo.
2473 3762 2492 3794 ›
2563 3741 2697 3815 Item
2728 3741 3088 3815 Symmachus
3118 3741 3172 3797 in
3201 3741 3564 3815 Apologetico'
3595 3746 3665 3799 ad
3698 3760 3834 3800 eum-

2254 3813 2379 3867 dem
2429 3814 2816 3868 Anastasium:
2879 3831 2896 3863 ‹
2949 3813 3049 3869 Ubi
3101 3823 3152 3868 te
3183 3856 3198 3880 ,
3251 3813 3433 3870 rerum
3487 3817 3834 3870 humanarum

2209 3915 2220 3927 ~
2253 3883 2526 3954 princeps,
2553 3885 2942 3954 qualiscunque
2965 3885 3109 3939 sedis
3134 3886 3444 3955 apostolicae
3462 3887 3703 3942 vicarius
3724 3903 3835 3942 con-

2201 3963 2211 3974 ‘
2254 3957 2442 4029 testari
2475 3971 2607 4010 voce
2641 3970 2748 4010 non
2783 3956 2990 4029 desino,
3021 3964 3146 4029 etc._
3172 3976 3207 4029 r
3265 3957 3517 4028 Episcopi
3558 3957 3612 4010 in
3641 3959 3834 4029 synodo

2255 4026 2514 4102 Romana_
2523 4027 2841 4102 congregati
2874 4027 3157 4102 anno__800
3196 4028 3253 4083 in
3301 4026 3465 4083 causa
3499 4026 3701 4084 Leonis
3750 4045 3834 4102 pa-

2254 4112 2336 4170 pae
2369 4117 2381 4151 :
2433 4118 2456 4170 ε
2494 4097 2603 4170 Nos
2631 4097 2813 4170 sedem
2836 4099 3202 4170 apostolicam,
3265 4115 3385 4169 quae
3408 4110 3492 4154 est
3539 4110 3708 4170 caput
3729 4097 3833 4155 om-

2255 4169 2403 4222 nium
2432 4168 2525 4223 Dei
2556 4168 2946 4232 Ecclesiarum,
2966 4169 3212 4238 judicare
3240 4168 3349 4226 non
3377 4168 3660 4226 audemus.
3709 4171 3832 4225 Nam

2253 4240 2324 4294 ab
2354 4240 2467 4310 ipsa
2513 4255 2611 4294 nos
2666 4254 2856 4310 omnes
2894 4247 2950 4294 et
2979 4241 3182 4296 vicario
3203 4256 3301 4297 suo
3338 4240 3671 4310 iudicamur.
3709 4263 3728 4294 ι
3775 4242 3834 4296 Et

2254 4309 2385 4364 alibi
2403 4309 2623 4380 pluries.
2688 4309 2780 4365 Sic
2805 4319 3068 4365 vocantur
3099 4313 3264 4368 etiam
3288 4309 3478 4368 vicarii
3505 4314 3649 4367 beati
3674 4313 3830 4377 Petri,

2251 4389 2307 4454 et
2333 4381 2521 4454 vicarii
2553 4381 2917 4451 apostolorum
2941 4382 3086 4437 Petri
3125 4393 3181 4438 et
3203 4383 3390 4449 Pauli;
3435 4392 3493 4437 ut
3520 4384 3649 4438 alibi
3674 4384 3831 4454 pluri-

2252 4453 2354 4524 bus
2383 4452 2585 4524 dictum
2615 4459 2697 4507 est
2747 4468 2778 4506 a
2815 4454 2990 4508 nobis.
3047 4454 3187 4522 Quin
3222 4463 3278 4509 et
3312 4453 3617 4524 Cyprianus
3651 4452 3701 4508 in
3733 4456 3834 4524 epi-

553 4517 741 4594 Marca
761 4519 1107 4594 observavit._
1142 4516 1268 4594 “Sed
1300 4511 1783 4594 istudvalerenon
1813 4521 1991 4594 potuit
2018 4529 2147 4594 tem-
2170 4511 2224 4570 D
2251 4523 2391 4578 stola
2439 4523 2506 4577 67
2540 4524 2873 4594 Stephanum
2902 4511 3094 4594 papam
3127 4535 3285 4594 vocat
3309 4511 3573 4579 vicarium
3628 4534 3682 4580 et
3722 4511 3834 4580 suc-

551 4603 686 4659 pore
728 4589 888 4663 istius
920 4589 1112 4659 synodi
1138 4588 1516 4663 Saptpnensis,
1573 4605 1681 4660 quo
1716 4588 1954 4663 nondum
1993 4593 2143 4663 quis-

554 4657 715 4727 quam
767 4657 1144 4730 episcoporum
1195 4657 1628 4722 Gallicanorum“,
1689 4662 1735 4715 si
1771 4657 2144 4718 Arelatensem

554 4730 813 4804 excipias,
869 4730 1208 4804 palliumjab
1241 4731 1493 4804 episcopo
1545 4732 1785 4804 Romano
1839 4742 2141 4804 acceperat.

557 4798 949 4872 Conturbasset
996 4801 1240 4872 profecto
1275 4798 1560 4867 Baronius,
1597 4803 1641 4856 si
1667 4804 1896 4872 probare
1925 4798 2146 4860 coactus

557 4870 752 4926 fuisset
780 4870 1012 4928 missum
1050 4873 1180 4928 illud
1212 4881 1340 4927 ante
1363 4873 1480 4927 haec
1507 4870 1748 4943 tempora
1779 4874 1943 4930 fuisse
1969 4877 2036 4931 ad
2063 4891 2149 4930 ar-

553 4943 929 5017 chiepiscopos
979 4944 1350 5017 Turonensem
1400 4957 1466 4997 ac
1502 4943 1979 5017 Burdegalensem.
2039 4947 2147 5002 Sed

553 5012 860 5088 ideodictae
879 5023 1005 5069 sunt
1034 5015 1360 5088 apostolicae,
1387 5016 1559 5088 _quod
1581 5012 1825 5087 per'illas
1853 5027 2149 5088 tempesta-

553 5091 639 5159 tes
651 5083 908 5159 Ecclesiae
921 5083 1111 5159 omnes
1133 5083 1467 5159 episcopales
1496 5083 1770 5142 dicerentu
1779 5105 1804 5142 r
1815 5083 2143 5159 apostolicae,

550 5153 709 5224 juxta
736 5153 1182 5228 observationem
1211 5153 1547 5223 Tertulliani,
1608 5161 1750 5228 quod
1798 5153 1960 5215 ﬁdem
1991 5153 2146 5215 suam

556 5229 626 5280 ab
644 5226 945 5299 apostolica
975 5227 1066 5281 illa
1099 5228 1272 5299 prima
1299 5230 1423 5284 sede
1452 5226 1790 5299 accepissent
1824 5247 1985 5299 quam
2013 5247 2146 5299 apo-

553 5296 678 5351 stoli
728 5296 1114 5353 fundaverant;
1185 5297 1337 5354 Unde
1384 5316 1506 5355 cum
1555 5296 1706 5355 vides
1737 5296 2014 5356 Ruricium
2047 5296 2149 5358 Le-

556 5367 1244 5441 movicensemcpiscopum
1265 5387 1297 5425 a
1324 5371 1525 5426 Fausto
1557 5372 1777 5426 Reiensi
1800 5373 1903 5427 dici
1936 5383 2150 5441 aposto-

555 5439 659 5494 lica
693 5440 821 5513 sede
849 5439 1247 5513 dign’issimum,
1291 5443 1597 5513 intelligere
1641 5458 1747 5496 non
1772 5445 1938 5499 debes
1956 5439 2149 5500 Roma-

555 5526 702 5586 pam,
728 5512 821 5586 sed
855 5511 1441 5586 Leinovicensem,_cui
1478 5511 1796 5586 dignissime
1828 5517 2150 5585 przesidebat

555 5579 828 5650 Ruricius,
865 5585 985 5658 ideo
1010 5586 1146 5658 sede
1175 5585 1264 5658 illa
1296 5579 1667 5658 dignissimus.
1710 5579 1844 5643 Vide
1863 5602 2027 5658 porro
2056 5603 2150 5642 no-

555 5659 643 5707 tas
672 5664 888 5711 nostras
913 5656 982 5710 ad
1009 5655 1355 5710 Vincentium
1384 5655 1750 5712 Lirinensem.

627 5736 652 5807 ξ
682 5723 789 5808 Ιζεν
808 5727 1033 5808 vicario:
1058 5742 1205 5791 suos,
1232 5725 1405 5808 idest,
1426 5742 1527 5808 per
1539 5727 2145 5808 ltomanospontiﬁces,

557 5795 652 5870 qui
704 5796 1020 5868 frequenter
1077 5805 1342 5852 vocantur
1390 5795 1580 5856 vicarii
1626 5795 1936 5872 apostolicae
1978 5795 2144 5860 sedis.

2249 4610 2521 4667 cessarem
2548 4595 2784 4667 Cornelii
2811 4595 3071 4664 Luciique
3100 4595 3418 4667 pontiﬁcum
3448 4597 3829 4651 Romanorum.

2321 4667 2349 4737 ιγ
2389 4664 2673 4737 Gregorius
2693 4683 2830 4735 papa
2859 4667 3017 4736 hujus
3056 4664 3289 4722 nominis
3339 4676 3566 4736 quartus
3602 4669 3695 4737 qui
3728 4678 3834 4721 tum

2249 4736 2546 4791 inGalliam
2568 4752 2688 4791 cum
2707 4737 2960 4791 Lothario
2977 4747 3217 4809 venerat,
3246 4739 3298 4792 in
3315 4739 3431 4809 ejus
3457 4736 3643 4808 partes
3673 4748 3837 4792 trans—

2250 4823 2468 4877 gressus
2502 4815 2693 4861 contra
2716 4817 2947 4875 patrem,
2979 4809 3059 4862 uti
3088 4808 3524 4864 dicemusinfra.

2325 4891 2345 4918 ε
2392 4878 2668 4947 Pugnatus
2697 4888 2743 4932 et
2764 4879 3001 4949 repulsus
3039 4881 3258 4935 recedet.
3311 4881 3575 4935 Evenisse
3600 4881 3654 4936 id
3697 4878 3836 4950 quod

2249 4950 2597 5006 ominabatur
2625 4950 2727 5004 hoc
2751 4951 2868 5005 loco
2896 4951 3212 5021 Agobardus
3237 4960 3385 5021 patet
3420 4967 3488 5006 ex
3522 4952 3830 5013 Hincmaro,

2251 5021 2435 5092 quisic
2459 5021 2699 5090 loquitur
2721 5022 2773 5092 in
2799 5022 3025 5091 epistola
3054 5022 3114 5076 4-1
3143 5021 3519 5092 adAdrianuni
3545 5023 3590 5077 ll
3604 5025 3831 5092 scripta.

2257 5091 2276 5142 ά
2318 5093 2385 5146 Et
2416 5091 2684 5162 quomodo
2729 5091 3027 5164 Gregorius
3072 5094 3360 5164 subreptus
3407 5110 3533 5148 cum
3582 5091 3835 5148 Loth’ario

2251 5172 2405 5232 patre
2433 5179 2532 5236 suo
2560 5163 2892 5234 repugnante
2917 5165 2972 5218 in
2991 5163 3276 5236 Franciam
3295 5167 3533 5230 venit,et
3560 5181 3664 5235 pax
3689 5172 3832 5236 post-

2251 5249 2340 5308 ea“
2363 5235 2417 5308 in
2450 5234 2680 5289 Francia
2729 5243 2802 5308 ut
2833 5244 2996 5290 antea
3031 5252 3138 5291 non
3171 5235 3289 5300 fuit,
3324 5245 3379 5290 et
3404 5236 3520 5306 ipse
3545 5234 3835 5308 papa'cum

2251 5306 2346 5361 tali
2379 5307 2582 5361 honore
2611 5307 2751 5361 sicut
2774 5307 3049 5375 decuerat,
3096 5315 3153 5362 et
3180 5308 3264 5362 sui
3291 5306 3665 5363 antecessores
3699 5306 3836 5361 fece-

2251 5389 2398 5444 runt,
2427 5376 2655 5432 Romam
2680 5394 2784 5432 non
2819 5379 2995 5433 rediit.
3033 5399 3052 5432 ι

2321 5447 2356 5521 ἀ,
2383 5447 2456 5521 1a
2473 5449 2762 5519 apostolica
2802 5451 2922 5504 sede
2953 5451 3277 5507 roboratam.
3332 5451 3448 5507 Non
3478 5451 3620 5521 quod
3649 5465 3837 5520 appro-

2251 5519 2400 5590 batio
2429 5519 2659 5574 Romani
2689 5522 2964 5590 pontiﬁcis
3007 5535 3155 5579 esset
3198 5519 3542 5588 necessaria;
3589 5519 3690 5577 sed,
3708 5521 3837 5590 quia

2250 5589 2785 5664 Paschalispapaiid
2816 5593 2972 5648 valde
3001 5596 3197 5664 cupiit,
3238 5603 3298 5649 ut
3327 5610 3491 5664 supra
3517 5589 3753 5649 diximus
3785 5591 3838 5644 in

2251 5661 2398 5716 notis
2427 5662 2495 5715 ad
2518 5661 2817 5732 Epistolam
2837 5661 3094 5720 flebilem:

2328 5741 2350 5767 ε
2393 5733 2700 5808 Apostolici,
2751 5735 2806 5790 id
2851 5743 2956 5799 est,
2998 5737 3227 5808 Romani
3255 5738 3550 5808 pontiﬁcis,
3584 5737 3672 5808 qui
3720 5743 3837 5788 tum

2251 5811 2372 5860 erat
2421 5805 2715 5876 Gregorius
2756 5814 3004 5878 quartus.
3053 5807 3186 5864 Nam
3223 5805 3324 5882 per
3357 5824 3453 5866 eas
3488 5805 3842 5879 tempestates
