4012 6338
274 452 382 520 θοι

942 452 1030 519 ne
1067 438 1367 521 COMPAR.
1407 448 1671 531 REGIM.,
1712 460 1854 519 me.

1960 490 1979 505 -
2017 446 2238 519 Erts'r.
2275 450 2612 522 cascotm
2647 462 2753 523 PP.
2794 452 2882 523 tv.

2542 270 2564 298 ι

272 564 560 631 hensionls
601 550 657 629 et
685 568 1099 645 vituperationis
1143 566 1466 631 remaneat?
1498 575 1658 631 Nullo
1700 574 1859 631 modo
1885 572 1941 637 Δ
1961 571 2143 631 luntas
2171 582 2274 631 est.
2310 574 2438 630 Haec
2462 591 2572 631 non
2599 576 2658 632 in
2691 566 2845 632 libris
2880 566 3102 644 nimis,
3126 577 3229 634 sed
3256 578 3319 636 in
3352 580 3556 639 vestn's

270 667 423 722 enim
459 664 578 720 ﬁeri
621 672 830 736 potest,
860 673 920 721 ut
944 664 990 721 si
1027 665 1075 722 is
1102 668 1192 738 qui
1218 667 1397 724 locum
1424 668 1571 724 beati
1604 668 1749 724 Petri
1779 679 1862 725 te-

269 766 389 819 net,
423 757 812 823 exhonoratur,
840 766 866 797 ι
896 756 1013 813 sine
1041 758 1269 815 crimine
1295 760 1577 828 duntaxat,
1605 763 1863 818 cathedra

269 846 395 915 ejus
433 846 696 902 honorata
737 857 1076 917 permaneat.
1123 849 1182 904 in
1213 858 1423 908 tantum
1471 862 1653 909 autem
1694 848 1864 909 hono-

269 940 446 995 randa
486 948 569 995 est
615 939 875 995 cathedra
917 940 1259 1011 pontiﬁcalis,
1302 944 1363 998 et
1408 943 1633 1017 propter
1675 946 1863 1001 cathe-

268 1031 431 1086 dram
457 1031 651 1086 sedens
683 1034 736 1086 in
769 1031 878 1098 illa,
912 1039 973 1087 ut
1004 1034 1169 1089 etiam
1204 1034 1270 1090 de
1298 1034 1501 1106 Caipha
1532 1030 1865 1094 'crudelltate

264 1132 328 1181 et
367 1124 749 1180 incredulitate
783 1123 949 1195 impio
994 1125 1140 1181 dicat
1184 1125 1570 1202 Evangelista:
1614 1129 1728 1185 Hoc
1767 1148 1865 1185 au-

265 1216 383 1267 tem’
418 1233 456 1269 α
490 1214 765 1287 semetipso
814 1233 916 1270 non
962 1215 1128 1273 dixit:
1175 1218 1267 1272 sed
1301 1236 1420 1274 cum
1461 1231 1593 1277 esset
1628 1220 1866 1293 pontifex

263 1304 403 1358 anni
442 1302 605 1370 illius,
640 1292 965 1377 prophetarit
988 1307 1115 1379 quia
1138 1307 1295 1364 Jesus
1318 1306 1610 1367 moriturus
1632 1292 1749 1367 erat
1769 1292 1864 1383 pro

261 1406 442 1467 gente.
476 1396 629 1454 Unde
651 1407 865 1454 constat
892 1400 1056 1455 etiam
1099 1400 1321 1474 impium
1354 1402 1615 1475 Caipham
1638 1415 1865 1478 propter

260 1488 586 1543 cathedram
625 1489 949 1545 honoratum
1002 1506 1123 1549 esse
1172 1495 1476 1568 prophetia.
1526 1497 1634 1554 Vos
1680 1507 1863 1554 autem

260 1576 484 1635 ﬁdelem
526 1588 581 1635 et
618 1576 883 1637 cultorem
910 1574 1129 1653 pietatis
1156 1587 1467 1655 pontiﬁcem
1498 1588 1862 1645 dehonestan-

260 1669 399 1724 dum
456 1668 766 1740 prazdicatis
818 1675 1022 1744 absque
1071 1675 1267 1745 injuria
1317 1679 1497 1734 sedis:
1553 1681 1695 1752 quod
1747 1698 1866 1737 om-

258 1761 401 1817 nino
444 1760 637 1818 falsum
685 1776 787 1821 est.
835 1764 980 1823 Bene
1026 1777 1207 1825 autem
1254 1771 1614 1844 subjungitis,
1660 1791 1865 1832 memo-

260 1869 386 1911 rem
419 1871 506 1912 me
534 1873 654 1914 esse
684 1854 879 1915 debere
906 1861 936 1901 b
957 1858 1313 1933 jurisjurandi
1360 1870 1524 1921 causa
1570 1866 1694 1924 ﬁdei
1733 1868 1863 1927 facti

1969 667 2315 723 conscientiis
2350 665 2553 739 legitis,
2583 669 2709 740 quia
2744 670 2930 724 omnia
2962 668 3151 726 tacitis
3174 679 3397 744 propter
3416 682 3559 729 tem-

1965 759 2206 832 poralem
2268 760 2688 817 retributionem
2710 801 2726 829 ,
2778 774 2846 818 eo
2891 763 3037 833 quod
3083 762 3208 820 sitis
3261 766 3559 823 crumina

1964 852 2132 905 vcnto
2162 849 2398 922 agitatae,
2436 859 2492 905 et
2517 864 2709 909 omnes
2733 850 2882 908 aurae
2903 850 3002 909 vos
3028 852 3272 910 ﬂeetant.
3301 854 3556 925 Pensate,

1964 950 2197 1015 pensate
2230 943 2453 1011 fratres,
2472 938 2645 1015 quam
2671 942 2829 1018 longe
2859 954 2946 1002 est
2978 960 3135 1002 mens
3163 947 3440 1004 vestraab
3467 949 3560 1009 illa

1967 1035 2247 1106 petitione,
2288 1050 2396 1105 qua
2437 1036 2494 1091 in
2533 1036 2995 1094 celebrationibus
3032 1038 3328 1095 missarum
3369 1039 3559 1097 soletis

1967 1128 2151 1183 dicere
2176 1128 2308 1194 Deo,
2349 1141 2460 1183 non
2497 1129 2799 1199 voluntate,
2832 1131 2926 1186 sed
2960 1145 3094 1187 voce
3122 1147 3135 1186 :
3164 1130 3248 1186 Da
3274 1132 3427 1189 nobis’
3458 1150 3561 1205 pro

1968 1236 2149 1275 amore
2184 1230 2274 1275 tuo
2314 1237 2568 1292 prospera
2611 1222 2796 1277 mundi
2832 1220 3116 1294 despidere,
3152 1231 3212 1277 “et
3240 1222 3407 1278 nulla
3440 1222 3558 1293 ejus

1967 1313 2187 1367 adversa
2221 1312 2528 1383 fomitiare.
2566 1312 2701 1367 Nam
2740 1313 2787 1369 si
2827 1326 2895 1367 ex
2931 1314 3095 1369 cerdo
3121 1312 3241 1369 hac
3278 1314 3557 1384 peteretis,

1960 1405 2074 1476 jam
2114 1405 2356 1461 dedisset
2392 1405 2484 1461 ille
2521 1406 2612 1476 qui
2652 1406 2782 1462 dicit
2812 1422 2825 1460 :
2850 1404 3038 1473 Petita,
3068 1415 3118 1461 et
3147 1404 3362 1461 dabitur
3386 1406 3552 1462 vobis.

1956 1497 2174 1554 ‘Deinde
2209 1497 2387 1554 dicitis
2415 1498 2564 1553 illam
2588 1496 2820 1569 primam
2849 1499 3169 1555 divisionem
3185 1498 3363 1571 regni,
3390 1514 3556 1570 quam

1966 1591 2112 1647 inter
2140 1590 2281 1647 ﬁlios
2310 1594 2453 1646 'suos’
2472 1589 2680 1645 fecerat
2707 1591 3027 1663 imperatur,
3057 1602 3203 1647 nunc
3227 1588 3383 1661 juxta
3410 1590 3439 1630 ά
3465 1605 3556 1646 re-

1965 1698 2087 1739 rum
2137 1685 2595 1757 opportunitatem
2642 1696 2763 1741 esse
2810 1692 3096 1753 mutatam,
3142 1684 3290 1755 quod
3335 1684 3559 1740 omnino

1966 1772 2255 1847 dupliciter
2288 1774 2485 1845 falsum
2523 1782 2607 1831 est
2636 1793 2648 1829 :
2677 1790 2787 1830 uno
2814 1776 3044 1846 quidem
3074 1776 3255 1842 modo,
3287 1775 3416 1845 quia
3442 1789 3557 1831 non

1966 1875 2055 1924 est
2107 1868 2516 1939 opportunitas,
2567 1866 2662 1924 sed
2710 1860 3124 1938 impertunitas,
3172 1882 3239 1923 eo
3285 1866 3433 1937 quod
3485 1865 3559 1922 sit

258 1948 605 2019 imperatori.
654 1950 807 2019 Quod
846 1954 890 2009 si
927 1951 1067 2022 feci,
1118 1956 1176 2010 in
1212 1956 1317 2013 hoc
1355 1958 1480 2016 volo
1516 1961 1691 2017 vitare
1737 1977 1865 2034 per-
1891 1940 1941 2004 Β
1968 1975 2134 2016 causa
2158 1958 2221 2015 'et
2250 1959 2404 2032 origo
2440 1960 2875 2015 conturbationis
2909 1967 2969 2015 et
2999 1958 3370 2023 dussentionis,
3407 1970 3562 2014 com-

253 2038 498 2110 jurium,
560 2042 608 2097 si
666 2044 1064 2100 annuntiavero
1122 2047 1173 2101 ei
1232 2049 1416 2104 omnia
1485 2068 1607 2123 qua:
1667 2062 1861 2109 contra

260 2132 535 2188 unitatem
584 2141 640 2188 et
680 2149 871 2205 pacem
915 2135 1175 2194 Ecclesia:
1228 2148 1284 2195 et
1334 2143 1489 2214 regni
1536 2142 1858 2201 committit:

259 2229 415 2299 quod
455 2228 505 2285 si
538 2245 644 2286 non
684 2229 891 2297 fecero,
921 2231 1175 2305 periurus
1209 2249 1324 2302 ero,
1367 2236 1509 2291 sicut
1549 2246 1604 2293 et
1640 2254 1768 2306 vos,
1814 2241 1861 2297 si

259 2332 453 2379 tamen
480 2322 679 2394 juravi.
705 2323 817 2383 Vos
844 2333 1048 2393 tamen,
1078 2327 1204 2398 quia
1230 2328 1421 2398 procul
1448 2329 1611 2385 dubio
1630 2327 1859 2399 jurastis

257 2426 325 2484 et
354 2415 660 2483 returastis,
695 2418 1076 2489 promittentes
1115 2419 1166 2474 ei
1204 2435 1332 2491 erga
1375 2419 1525 2475 illum
1571 2422 1757 2477 omnia
1794 2422 1857 2477 ﬁ-

258 2506 464 2566 deliter
489 2524 583 2565 vos
608 2526 789 2583 agere,
815 2519 870 2566 et
900 2526 1045 2567 nunc
1075 2510 1325 2567 videntes
1352 2511 1503 2567 illum
1534 2529 1695 2586 agere
1725 2530 1859 2570 con-

256 2608 349 2658 tra
372 2602 553 2670 ﬁdem,
581 2611 637 2657 et
660 2598 989 2676 prmeipitari
1016 2602 1071 2658 in
1100 2604 1422 2675 perniciem,
1452 2622 1561 2662 non
1589 2598 1858 2665 revocatis

256 2709 390 2750 eum
432 2702 694 2764 quantum
738 2710 804 2750 ex
841 2695 995 2751 vobis
1035 2706 1151 2762 est,
1205 2707 1227 2735 ο
1275 2696 1481 2768 perjuri
1518 2698 1653 2755 eStis
1685 2718 1697 2754 :
1731 2700 1858 2771 quia

254 2799 366 2858 pro
389 2782 507 2853 ejus
541 2785 714 2841 salute
736 2787 1032 2842 secundum
1070 2788 1231 2843 ﬁdem
1258 2782 1589 2860 promissam
1626 2807 1735 2847 non
1775 2791 1857 2848 la-

256 2875 492 2932 boratis.
528 2875 742 2934 Deinde
773 2876 1091 2951 promittitis
1133 2872 1266 2935 mihi
1304 2882 1671 2938 venerabilem
1712 2900 1861 2941 rece-

257 2966 527 3040 ptionem,
565 2967 613 3024 si
650 2972 841 3025 tamen
862 2962 946 3025 ita
973 2970 1043 3025 ad
1085 2970 1239 3026 illum
1268 2968 1490 3040 venero,
1518 2976 1579 3028 ut
1607 2971 1725 3045 ejus
1763 2974 1857 3031 νό-

1968 2053 2229 2109 motionis
2256 2062 2311 2109 et
2332 2054 2769 2129 depraedationis,
2800 2052 2854 2108 et
2877 2043 3117 2109 omnium
3146 2054 3412 2110 malorum
3434 2066 3558 2123 quae

1966 2145 2305 2218 per‘singula
2342 2145 2522 2202 dicere
2565 2144 2784 2218 longum
2831 2153 2935 2211 est,
2976 2148 3140 2201 "extra
3185 2145 3425 2217 periuria
3474 2146 3558 2200 in-

1966 2249 2194 2291 numera
2237 2241 2293 2291 et
2336 2234 2462 2291 ﬁdei
2517 2250 2581 2292 ac
2626 2236 2781 2307 pacis
2826 2234 3169 2307 expulsiones
3214 2253 3229 2289 :
3270 2234 3377 2290 alio
3423 2247 3554 2289 vero

1967 2329 2147 2395 modo,
2195 2329 2324 2399 quia
2358 2329 2588 2384 necdum
2634 2327 2809 2393 scitis,
2854 2312 3041 2381 utrum
3088 2325 3160 2380 sit
3198 2330 3555 2389 commutata,

1966 2435 2036 2475 an
2070 2434 2168 2490 per
2207 2434 2397 2475 verum
2439 2433 2625 2492 regem
2662 2428 2718 2475 et
2745 2406 3036 2474 Dominum
3069 2424 3291 2473 maneat
3328 2412 3553 2473 illibata.

1962 2511 2072 2567 Ista
2098 2512 2243 2565 enim
2269 2511 2643 2575 commutatio,
2672 2525 2837 2579 quam
2864 2524 2963 2564 vos
2987 2508 3167 2565 dicitis
3184 2507 3342 2579 juxta
3372 2521 3559 2563 rerum

1963 2601 2427 2675 opportunitatem
2467 2600 2691 2667 factam,
2740 2600 2864 2656 inde
2907 2600 3253 2672 cognoscitur
3289 2601 3418 2671 quia
3446 2611 3561 2656 non

1962 2694 2126 2750 fuerit
2158 2708 2255 2766 per
2282 2693 2469 2757 Deum,
2505 2692 2633 2762 quia
2674 2691 2968 2747 multorum
3010 2700 3362 2762 peccatorum
3403 2692 3559 2764 origo

1961 2787 2166 2845 existit.
2209 2785 2343 2840 Illud
2378 2798 2615 2854 namque
2654 2784 2797 2854 quod
2830 2784 3307 2865 per_'tioluntatem
3331 2782 3429 2839 Dei
3464 2783 3557 2850 ﬁt,

1958 2881 2278 2952 plerumque
2308 2893 2475 2933 causa
2505 2885 2590 2933 est
2618 2891 2889 2948 pressura:
2916 2876 2973 2932 e't
2998 2873 3429 2948 persecutionis;
3482 2877 3557 2932 si-

1956 2981 2053 3029 ‘cut
2077 2970 2279 3026 factum
2314 2976 2400 3025 est
2425 2967 2714 3024 adversum
2748 2976 2969 3025 sanctos
3005 2967 3301 3040 apostolos.
3332 2976 3389 3024 et
3414 2983 3564 3024 mar-

1649 3084 1927 3145 BALUZII
1960 3058 2199 3143 Nom.

255 3191 447 3250 gruum
479 3185 536 3231 et
575 3174 891 3250 Lutbarium
938 3176 1317 3250 imperatores,
1361 3179 1749 3250 loquentesque
1787 3180 1853 3236 de

1954 3168 2034 3257 Ita.
2060 3176 2150 3231 Ait
2178 3173 2324 3257 enim
2340 3168 2703 3257 :lvulio‘enint
2724 3171 2878 3257 modo
2900 3172 3025 3257 ﬁeri;
3039 3181 3231 3257 potest,
3243 3180 3307 3257 ut
3325 3173 3375 3257 si
3397 3172 3442 3228 is
3465 3177 3562 3257 qui

260 3247 516 3319 Romano
541 3246 813 3319 pontiﬁce,
864 3242 1213 3318 quem—‘fama
1257 3242 1378 3304 erat
1424 3242 1608 3306 favere
1660 3242 1850 3305 eorum
1874 3255 1923 3319 (ζ
1954 3248 2130 3303 locum
2173 3245 2307 3299 beati
2353 3242 2501 3297 Petri
2537 3250 2695 3319 tenet,
2736 3242 3403 3319 coagmentatum
3443 3242 3558 3317 ejus

259 3318 512 3391 opinioni
548 3319 645 3389 qui
676 3318 982 3391 adorandae
1018 3319 1619 3391 putabanthimagines,
1664 3322 1845 3376 aiunt:

267 3409 292 3441 ι
308 3388 603 3461 Credimus
618 3403 767 3461 sane,
787 3390 913 3460 quia
928 3388 1243 3459 quanquam
1268 3388 1545 3461 aliqua'ex
1566 3400 1735 3461 parte
1756 3408 1851 3448 su-

346 3459 629 3519 rstitiosam
648 3460 758 3519 sibi
780 3459 1233 3519 consuetudinem
1264 3459 1404 3518 forte
1442 3459 1719 3519 vindicare
1758 3478 1853 3519 ve-

290 3533 395 3594 int,
420 3529 712 3589 nullatenus
759 3540 939 3606 tanien
981 3532 1278 3606 ab_eatlem
1326 3528 1452 3606 sede
1493 3531 1660 3606 aliter
1689 3550 1852 3606 quam

265 3608 563 3655 auctoritas
596 3610 650 3655 et
678 3603 971 3676 veritas‘se
999 3601 1164 3676 habet
1189 3642 1203 3668 ,
1234 3604 1495 3676 mandare
1530 3604 1587 3659 in
1614 3601 1852 3676 aliquam

259 3680 477 3744 partem
525 3681 831 3746 praesumet.
880 3672 1170 3746 Verebitur
1211 3674 1474 3744 siquidem
1527 3672 1851 3746 petestatem

258 3751 521 3805 vestram,
542 3744 909 3798 auctoritatem
933 3743 1091 3809 sedis,
1110 3752 1165 3799 et
1190 3743 1497 3801 testimonia
1528 3743 1797 3803 veritatis.
1825 3768 1845 3801 ι

256 3811 781 3886 Auxili_us,qui_sub
813 3811 1072 3869 Formoso
1100 3828 1246 3886 papa
1287 3812 1502 3882 ﬁoruit,
1537 3815 1677 3871 libro
1708 3835 1743 3871 ll
1778 3819 1852 3874 De

255 3884 379 3957 ejus
428 3883 1033 3957 Ordinationibus,cap.
1090 3883 1413 3957 l'8ftAliud
1466 3897 1587 3942 sunt
1632 3888 1851 3957 pontiﬁ-

255 3953 408 4038 cales
434 3955 613 4038 sedes,
632 3954 783 4038 aliud
808 3953 1235 4038 prtesidentes._t
1270 3956 1569 4038 Discrimen
1602 3953 1851 4038 illudag-

255 4026 414 4098 novit
443 4027 607 4082 etiam
632 4025 896 4098 Baronius
919 4027 972 4082 in
996 4042 1155 4098 causa
1185 4026 1479 4082 Marcellini
1520 4043 1687 4098 papae,
1720 4025 1846 4084 dum

256 4094 339 4169 ait
362 4096 570 4169 lapsum
591 4096 740 4169 pejus,
770 4097 1165 4169 quantumlibet
1180 4100 1432 4169 evenisse
1465 4094 1703 4169 putetur,
1733 4099 1851 4154 nul-

256 4166 375 4241 lum
401 4165 991 4241 prgjudiciumaﬁ’erre
1013 4167 1293 4241 catholicae
1317 4165 1566 4241 veritati;
1587 4168 1849 4241 affet-tque

252 4236 442 4293 locum
470 4236 806 4302 Tertulliani,
830 4254 896 4293 ex
921 4238 1057 4294 libro
1084 4241 1149 4294 de
1174 4238 1591 4310 Pncscriptione
1636 4236 1850 4296 haereti-

256 4324 485 4395 corutu,_
518 4310 608 4364 ubi
640 4310 719 4364 sic
765 4311 1025 4395 scriptum
1066 4318 1180 4364 est:
1206 4311 1352 4395 (“Exn
1370 4312 1619 4395 personis
1652 4314 1851 4395 proba-

254 4393 385 4435 mus
415 4378 598 4450 ﬁdem.
631 4396 697 4433 an
725 4393 791 4434 ex
819 4378 921 4434 ﬁde
948 4381 1243 4450 personas?
1272 4402 1289 4433 ι
1312 4378 1441 4449 Quae
1469 4378 1685 4438 Baronii
1714 4385 1850 4439 scri-

256 4450 376 4522 ptio
408 4448 641 4505 absurda
670 4465 911 4519 vanaque
938 4448 1102 4515 esset,
1145 4451 1246 4505 nisi
1292 4448 1567 4508 censtaret
1600 4452 1725 4522 jura
1763 4470 1849 4511 se-

256 4520 411 4575 dium
446 4535 783 4592 permanere,
813 4522 1027 4576 tametsi
1058 4521 1325 4576 interdum
1349 4525 1557 4578 diversa
1596 4520 1703 4579 sint
1737 4539 1848 4581 me-

256 4592 365 4645 rita
394 4592 839 4665 prmsidentimn,
862 4592 912 4645 id
934 4604 1055 4665 est,
1097 4592 1201 4665 nisi
1236 4593 1389 4665 sedes
1427 4595 1849 4665 distingueretur

257 4677 290 4715 a
322 4662 545 4718 sedente
576 4663 629 4717 in
658 4678 742 4717 ea.
778 4663 913 4718 Hinc
933 4662 1237 4728 Ferrerius,
1264 4662 1766 4730 Francorum'regis
1794 4668 1847 4722 in

256 4730 579 4808 Tridentina
603 4735 809 4806 synodo
834 4724 1445 4808 legatus,‘conquerens_
1455 4736 1519 4791 de
1547 4735 1643 4791 Pio
1664 4724 1730 4793 Ν
1754 4753 1851 4808 pa-

254 4802 694 4876 pa,_dignital§ut
725 4802 910 4860 tamen
927 4814 983 4861 et
1003 4802 1381 4862 auctoritatem
1415 4806 1672 4864 Romana:
1707 4802 1851 4864 sedis

254 4873 521 4951 disjuttgit
542 4891 573 4930 a
602 4874 716 4930 Pio.
747 4876 870 4931 Haec
919 4884 1068 4951 sunt
1083 4877 1202 4948 ejus
1236 4878 1426 4932 verba:
1451 4896 1469 4927 ‹
1496 4877 1689 4951 sedem
1725 4895 1853 4951 apo—

255 4945 530 5010 stolicam,
566 4962 834 5001 suuunum
882 4945 1214 5017 pontificem,
1261 4958 1502 5004 sanctam
1551 4945 1850 5005 Romanum

252 5016 583 5090 Ecclesiam,
613 5032 729 5090 pro
744 5016 898 5090 cujus
934 5018 1194 5090 dignitate
1219 5020 1463 5089 augenda
1492 5018 1723 5090 majores
1752 5037 1849 5077 no-

216 5148 221 5157 .
253 5089 362 5142 stri
378 5086 693 5159 sanguinem
705 5086 982 5153 fuderunt,
996 5086 1059 5144 et
1079 5090 1251 5145 adhuc
1272 5086 1432 5145 Hodie
1452 5091 1504 5146 in
1519 5086 1689 5147 Gallia
1706 5092 1846 5147 acri-

254 5166 347 5213 ter
378 5169 666 5234 pugnatur,
692 5170 1404 5234 veneramurhreveremur.
1432 5163 1777 5234 suspicimus,
1795 5171 1852 5219 et

252 5229 518 5285 maximis
562 5238 627 5284 ad
673 5229 868 5287 coelum
915 5230 1164 5286 laudibus
1206 5230 1499 5289 eﬁ‘erimus.
1525 5229 1621 5288 'Pii
1668 5244 1849 5289 autem

251 5299 444 5376 quarti
486 5299 790 5376 imperium
814 5303 1197 5376 detrectatuus,
1224 5318 1560 5376 quazeunque
1591 5304 1700 5360 sint
1736 5303 1851 5374 ejus

246 5368 460 5454 judicia
484 5378 539 5426 et
561 5368 856 5429 Sententias
877 5372 1175 5443 rejicimus,
1196 5368 1501 5445 réspuimus
1531 5383 1586 5432 et
1610 5368 1850 5432 contem-

252 5456 463 5498 nlﬂlllS.
493 5463 512 5496 ι

330 5524 360 5552 ι
393 5511 521 5568 Sine
559 5514 775 5570 crimine
794 5514 1070 5573 duntaxat.
1098 5514 1175 5570 Ita
1198 5515 1418 5573 omnino
1461 5526 1619 5573 vetus
1655 5518 1843 5575 codex.

250 5582 369 5640 Pro
391 5598 501 5654 quo
539 5584 817 5642 Massonus
838 5584 916 5642 sic
947 5587 1152 5643 edidit:
1189 5586 1565 5644 Exhonoratur
1598 5588 1707 5645 sine
1739 5594 1845 5645 crt-

252 5655 421 5719 mitte,
446 5654 837 5731 dum_taxatur,
872 5657 1122 5731 cathedra
1161 5657 1297 5731 ejus,
1340 5670 1445 5714 etc.
1471 5659 1577 5715 Sed
1621 5671 1847 5731 praster-

251 5740 426 5809 quam
454 5729 596 5809 quod
631 5729 853 5809 audacia
885 5727 975 5784 illa
1010 5727 1240 5809 blassoni
1262 5729 1316 5783 in
1340 5744 1399 5785 re
1423 5734 1554 5785 tanti
1586 5727 1845 5809 momenti

251 5796 485 5879 tolerari
534 5814 641 5882 non
668 5808 877 5882 potest,
918 5799 1262 5882 manifestum
1302 5809 1387 5855 est
1422 5818 1639 5882 sensum
1681 5805 1845 5882 etiam

204 5866 443 5947 _ipsuut
477 5866 1051 5947 auctorisrepugnare
1095 5873 1223 5947 huic
1255 5873 1647 5947 emendationi.
1686 5875 1848 5930 Ludit

436 5944 634 6011 auster
651 5938 912 6023 epistola!
921 5941 1221 6008 in‘vocibus
1244 5942 1537 6002 honoratur
1554 5953 1610 6007 et
1624 5946 1847 6004 honora-

1874 4629 1927 4690 D

1955 3320 2215 3374 honorata
2234 3324 2563 3386 permaneat.
2588 3312 2694 3369 Sed
2731 3314 2881 3386 addit
2914 3314 3057 3371 hanc
3089 3313 3406 3380 clausulam,
3436 3312 3560 3385 qum

1952 3399 2040 3449 est
2058 3385 2243 3457 magni
2269 3387 2550 3457 momenti,
2579 3387 2694 3457 sine
2721 3385 2937 3440 crimine
2969 3385 3266 3451 duntaxat;
3295 3400 3360 3441 ac
3390 3386 3436 3441 si
3473 3388 3559 3443 di-

1954 3469 2105 3530 ceret
2139 3456 2481 3530 {Prtt‘sertint
2509 3456 2726 3530 quando
2748 3457 2859 3510 sine
2885 3456 3103 3511 crimine
3133 3466 3207 3530 est
3225 3460 3269 3511 is
3281 3458 3371 3530 qui
3397 3459 3560 3517 exho-

1955 3522 2196 3587 no‘mtu‘r.
2223 3527 2355 3583 Nam
2379 3522 2596 3586 etiamsi
2626 3527 2797 3599 malus
2819 3536 2965 3582 esset
2992 3528 3259 3599 pontifex,
3284 3522 3562 3585 honoran-

1956 3605 2023 3657 da
2055 3611 2237 3655 tamen
2262 3611 2475 3667 semper
2498 3614 2581 3656 eet
2607 3598 2890 3663 cathedra,
2914 3609 2968 3652 et
2987 3608 3209 3725 progter
3234 3600 3555 3658 cathedram

1956 3675 2149 3725 sedens
2171 3672 2222 3725 in
2248 3670 2334 3724 illa
2363 3687 2375 3722 :
2400 3674 2544 3725 auod
2573 3671 2767 3725 nrobat
2796 3671 3045 3725 exetnnlo
3119 3671 3310 3725 aiebat.

1948 3675 2149 3731 sedens
2171 3672 2222 3725 in
2248 3670 2334 3724 illa
2363 3687 2375 3722 :
2400 3674 2544 3742 quod
2573 3671 3045 3742 probatexemplo
3073 3670 3310 3741 Caiphae.

2024 3739 2443 3820 1>._lu_risjurandi
2476 3739 2638 3820 causa
2665 3740 2807 3820 ﬁdei.
2828 3739 3410 3820 Contendebantuergo
3440 3749 3558 3820 cpi.

1954 3814 2103 3884 scopi
2130 3811 2486 3887 Francorum,
2504 3811 2823 3887 Gregorium
2847 3824 3043 3887 papam
3064 3813 3118 3865 in
3144 3812 3316 3887 initiis
3328 3811 3556 3887 ᾦοηιῖίὶ-

1953 3882 2109 3941 catus
2152 3884 2232 3939 sui
2271 3884 2464 3937 fecisse
2503 3882 2787 3952 Ludovico
2821 3882 3165 3948 sponsionem
3196 3882 3351 3952 ﬁdei;
3382 3890 3556 3945 inter.

1953 3956 2131 4031 posito
2154 3954 2317 4008 etiam
2340 3951 2718 4031 jurejurando.
2744 3949 2927 4020 Neque
2954 3967 3083 4031 vero
3129 3953 3181 4007 id
3219 3949 3384 4026 negat
3418 3974 3557 4031 pon—

1953 4020 2105 4089 iil‘ex,
2133 4039 2307 4093 neque
2336 4020 2537 4079 fatetur
2570 4037 2764 4093 verum
2797 4035 2938 4076 esse.
2979 4020 3085 4093 Sed
3130 4036 3229 4079 nos
3277 4020 3557 4089 ostensuri

1953 4091 2291 4174 moxsumus
2332 4093 2486 4174 value
2523 4091 2804 4174 probabile
2833 4105 2954 4174 esse
2982 4092 3041 4174 id_
3063 4092 3266 4174 factum
3288 4113 3319 4153 a
3343 4099 3555 4174 Grego-

1952 4167 2053 4222 rio.
2087 4166 2421 4241 Huneporro
2442 4162 2617 4241 locum
2644 4162 2783 4241 male
2815 4165 2881 4241 de
2907 4162 3554 4241 Agobardojnterprc‘ia-

1952 4240 2158 4310 turgvir
2180 4233 2383 4310 alioqui
2412 4236 2815 4310 eruditissimus
2841 4233 3165 4310 rauciscus
3205 4233 3452 4310 Florens,
3479 4245 3552 4302 ad

1949 4308 2164 4364 titulum
2186 4308 2241 4371 6,
2272 4306 2348 4361 De
2375 4309 2623 4362 electione
2647 4318 2694 4362 et
2726 4306 2873 4360 electi
2914 4317 3186 4376 potestate.

2024 4391 2045 4461 ξ
2078 4379 2293 4461 Perjurt'
2322 4379 2464 4432 estis.
2486 4377 3056 4461 Qui_:l?J_uratnetttttm_
3087 4379 3383 4461 ﬁdelitatis,
3401 4386 3552 4455 quod

1952 4449 2188 4530 episrqpi
2229 4460 2340 4530 tum
2380 4449 2999 4530 prxstahantnprincipi,
3043 4449 3147 4530 hoc
3178 4453 3343 4530 etiam
3385 4449 3553 4530 caput

1953 4518 2432 4591 complectebatur,
2487 4530 2548 4575 ut
2596 4518 2959 4591 intelligerent
3007 4519 3244 4591 episcopi
3300 4538 3361 4579 se
3398 4518 3554 4591 jure-

1946 4590 2183 4663 jurainlo
2204 4590 2495 4647 obstrictos
2514 4606 2631 4647 esse
2645 4608 2713 4663 ne
2739 4590 2871 4663 quid
2882 4590 3142 4663 adversus
3164 4590 3363 4647 Christi
3386 4590 3551 4654 ﬁdem

1954 4660 2071 4718 ﬁeri
2114 4671 2431 4734 paterentur
2467 4679 2515 4734 a7
2536 4660 3082 4734 principeiloamtes
3119 4661 3554 4725 Saresberiensts

1954 4734 2006 4789 in
2029 4731 2254 4809 epistola
2271 4735 2301 4809 Δ1
2313 4733 2413 4809 70;
2437 4753 2456 4784 ε
2480 4731 2731 4809 Nunquid
2756 4733 2901 4787 enim
2918 4731 3125 4809 -ﬁdeles
3153 4733 3417 4809 opinaris,
3452 4740 3550 4809 qui

1949 4803 2207 4877 pecemrdi
2228 4805 2348 4867 .vias
2375 4806 2599 4877 domino
2616 4803 2732 4875 regi
2763 4803 3075 4877 expediunt,
3101 4813 3153 4857 et
3171 4803 3231 4877 in
3238 4817 3304 4861 eo
3316 4803 3548 4867 studiosi

1952 4872 2099 4951 sum,
2124 4885 2182 4930 ut
2208 4884 2561 4948 prosperetur
2582 4876 2649 4951 _in_
2663 4872 2758 4951 his
2777 4890 2897 4951 qua;
2922 4872 3183 4951 adversus
3202 4873 3549 4951 Qtillllllljus-

1952 4949 2125 5002 titiam
2163 4944 2602 5017 pimsutnuntur?
2634 4947 2763 5001 Uter
2802 4944 2898 4998 tibi
2948 4944 3163 5017 videtur
3210 4944 3445 5017 ﬁdelior,
3472 4968 3545 5008 an

1952 5020 2042 5091 qui
2074 5019 2139 5072 ad
2163 5014 2355 5091 nutum
2383 5019 2597 5091 erronei
2624 5017 2894 5091 ministrat
2922 5014 3127 5086 culpas,
3151 5032 3219 5073 an
3248 5022 3339 5090 qui
3367 5014 3545 5091 perni-

1951 5085 2127 5177 diosas
2142 5089 2327 5177 abigit
2362 5088 2711 5177 voluptates‘i
2732 5085 2943 5177 Sentiat
2962 5085 3540 5177 unusquisque-quod

1949 5161 2199 5234 voluerit.
2229 5157 2341 5234 Ego
2370 5157 2644 5234 nunqna‘m
2680 5157 2898 5234 dotnino
2929 5159 3042 5234 regi
3070 5159 3088 5230 (
3104 5157 3198 5234 Sic
3225 5157 3437 5219 omnino
3461 5164 3543 5220 le-

1948 5231 2173 5304 gendum
2190 5249 2205 5294 ;
2225 5227 2328 5286 nfn
2354 5227 2551 5304 autem,
2578 5227 2863 5284 Dominum
2888 5236 2944 5283 et
2969 5227 3245 5304 )amicum
3280 5237 3545 5304 reputabo

1951 5301 2183 5368 ﬁdelem,
2203 5304 2295 5373 qui
2326 5303 2404 5357 sic
2426 5301 2568 5355 illius
2581 5308 2926 5374 99,.tetnperat
2944 5301 3237 5374 voluptati,
3268 5313 3325 5359 ut
3340 5301 3547 5363 salutis

1948 5382 2004 5428 et
2032 5374 2157 5430 vita:
2177 5369 2515 5444 dispendium
2539 5369 2749 5444 aﬁ‘erat.
2769 5371 2883 5444 glﬂt
2904 5369 3149 5429 videnda:
3188 5376 3410 5430 omnino
3441 5375 3543 5431 Ju-

1948 5445 2051 5499 reti
2072 5440 2480 5500 observationes
2500 5443 2567 5497 ad
2591 5441 2749 5512 epist.
2767 5440 2836 5496 55
2865 5440 3043 5499 lvonis
3067 5444 3442 5502 Carnutensis.

2018 5514 2044 5555 δ
2074 5514 2269 5589 Rerum
2294 5512 2761 5589 opportunitatem.
2790 5513 2844 5566 In
2872 5516 3041 5589 veteri
3071 5518 3277 5582 codice,
3300 5517 3541 5589 itemque

1948 5585 2003 5641 in
2030 5587 2265 5662 editione
2282 5583 2546 5662 M‘iSSOlli!
2567 5583 2826 5662 scriptum
2851 5593 2951 5645 est.
2977 5586 3138 5662 juxta
3155 5604 3333 5660 regum
3350 5583 3541 5662 appet-3

1947 5658 2247 5730 (unitatem.
2282 5657 2480 5730 Verum
2530 5657 2671 5711 hunc
2698 5655 2871 5730 locum
2927 5655 3047 5714 esse
3073 5655 3427 5730 depravatum
3454 5658 3539 5720 vel

1948 5744 2140 5785 sensus
2169 5728 2388 5785 evincit.
2419 5719 2697 5799 Praeterea,
2717 5727 2875 5799 paulo
2904 5737 3047 5799 post,
3071 5719 3193 5784 cuiu
3229 5731 3331 5786 ista
3360 5739 3535 5787 retra-

1947 5810 2191 5874 ctantur,
2216 5800 2291 5855 ait
2330 5799 2622 5872 Gregorius
2643 5818 2653 5852 :
2674 5798 2786 5853 Ista
2819 5798 2956 5852 enim
2986 5803 3353 5874 commutatio,
3375 5818 3538 5874 quam

1945 5890 2035 5927 vos
2089 5872 2264 5928 dicitis
2296 5871 2457 5944 juxta
2499 5887 2672 5944 rerum
2720 5871 3157 5944 opportunitatem
3180 5871 3400 5944 factum,
3425 5880 3541 5941 etc.

1944 5944 2132 6021 Itaque
2163 5939 2341 6005 visum
2370 5951 2454 6001 est
2475 5939 2759 6001 emendari
2788 5940 3009 5999 debere.
