4012 6338
536 442 650 504 803

1523 437 1582 493 S.
1618 433 1970 492 AGOBARDI
2006 431 2315 490 EPISCOPl
2351 430 2837 513 LUGDUNENSlS

3699 435 3801 495 ΞΜ

538 566 717 630 gres,
744 550 840 623 qui
864 559 972 607 non
998 554 1223 619 propter
1247 543 1394 600 aliud
1428 545 1574 615 passi
1604 553 1750 612 sunt,
1774 544 1881 601 nisi
1907 549 2129 613 propter
2154 544 2209 606 Α
2231 555 2350 613 ram
2402 539 2693 630 separandi
2737 554 2769 593 a
2808 552 3035 630 corpore
3079 551 3177 595 vos
3226 537 3400 610 ipsos,
3445 547 3625 599 tamen
3667 544 3806 605 siem

543 645 916 706 deiensionem
943 648 1002 703 et
1020 638 1497 696 conﬁrmationem
1518 636 1841 713 evangelicae
1852 635 2127 692 veritatis.

532 740 721 799 causa
757 744 939 793 autem
976 740 1324 811 peccatorum
1362 738 1419 788 et
1444 730 1714 788 scelerum
1742 746 1866 788 esse
1902 744 2010 787 non
2036 744 2132 801 po-

542 835 666 899 tuit,
699 832 847 889 sicut:
861 839 1047 887 vestra
1076 827 1273 885 divisio
1295 835 1398 891 est,
1424 842 1588 897 quam
1624 826 1807 885 dicitis
1833 824 2005 881 fuisse
2034 838 2132 895 op-

540 934 853 999 portunam.
900 921 1392 993 Deindeyquando
1431 920 1624 993 grandi
1668 918 1963 991 supercilio
1995 917 2133 974 dici-

545 1020 617 1075 tis
636 1061 652 1085 ,
682 1020 809 1089 quia
844 1018 907 1074 si~
932 1024 1248 1073 reverenter
1274 1014 1684 1071 venerimusmd
1723 1014 2128 1084 imperatorem,

541 1126 642 1182 per
664 1111 839 1181 ipsum
866 1120 1254 1176 cognoscemus
1280 1122 1497 1169 omnem
1521 1105 1599 1160 rei
1623 1104 1933 1168 veritatem,
1958 1116 2131 1172 quare

542 1208 850 1271 opportune
888 1206 946 1253 et
988 1197 1195 1253 utiliter
1234 1198 1553 1253 mutata'sit
1593 1195 1826 1252 divisio:
1852 1194 1958 1248 hoc
1986 1192 2134 1263 loqui

543 1292 688 1363 cogit
714 1306 811 1346 vos
840 1288 1151 1359 magnitudo
1177 1287 1463 1357 superbia,
1491 1286 1827 1341 aestimantes
1852 1282 1999 1355 solos
2035 1296 2133 1336 vos

542 1399 702 1456 posse
749 1386 928 1436 rerum
970 1390 1559 1450 cognoscerewoausas.
1609 1378 1750 1433 Vere
1795 1378 1919 1432 dico
1954 1376 2127 1440 vobis,

546 1475 674 1545 quia
712 1478 823 1531 non
852 1471 1026 1527 solum
1055 1470 1278 1536 stultus,
1308 1470 1400 1526 sed
1430 1478 1487 1525 et
1526 1467 1714 1525 infelix
1750 1478 1854 1534 est,
1899 1468 1992 1540 qui
2023 1482 2132 1524 non

545 1565 801 1636 intelligit
819 1570 1052 1635 Quantos
1076 1570 1135 1619 et
1157 1560 1347 1633 quales
1373 1559 1584 1617 fructus
1611 1560 1875 1623 malorum
1908 1557 2134 1630 protulit

543 1666 730 1715 vestra
778 1654 1176 1723 commutatio,
1220 1662 1276 1709 et
1315 1654 1383 1709 de
1427 1652 1583 1723 cujus
1618 1652 1875 1709 thesauro
1909 1651 2131 1725 maligni

544 1749 725 1804 cordis
758 1747 1023 1819 processit
1050 1756 1107 1802 et
1126 1761 1227 1817 pro
1254 1761 1360 1815 qua
1388 1759 1447 1800 re
1475 1760 1572 1799 vos
1616 1744 1930 1799 laudatores
1957 1754 2014 1798 et
2039 1742 2134 1798 de-

544 1836 790 1896 fenSores
824 1840 957 1896 estis
992 1837 1155 1907 hujus
1196 1837 1570 1908 malignitatis.
1612 1834 1818 1891 Deinde
1847 1832 2130 1905 subiungi-

2231 646 2449 703 semper
2474 629 2599 697 fuit,
2629 638 2735 699 est,
2759 637 2816 685 et
2845 629 2980 697 erit;
3013 638 3073 689 ut
3100 640 3436 702 unguentum
3464 630 3594 699 illud
3620 633 3803 709 (Aug,

2231 732 2414 779 contra
2437 721 2538 776 (in.
2567 719 2753 789 Petil,,
2775 738 2826 778 c.
2853 719 3005 793 104),
3044 718 3282 803 Spiritus
3308 723 3562 783 videlicet
3593 736 3805 786 sanctus

2233 811 2348 885 (qui
2380 812 2675 877 descendit.
2709 827 2741 868 a
2773 813 2955 885 capite
2978 806 3181 869 Christi
3224 812 3280 870 in
3309 812 3555 884 barbam,
3580 833 3702 888 quae
3731 830 3806 877 est

2233 898 2603 978 apostolorum
2632 905 2863 972 chorus;
2894 915 2951 962 et
2977 905 3044 983 de
3078 906 3184 962 hac
3210 894 3378 971 barba
3419 909 3477 964 in
3517 925 3615 967 ora
3653 914 3805 968 vesti-

2231 997 2426 1066 menti,
2453 1014 2575 1071 quae
2618 1006 2703 1054 est
2745 998 3001 1069 capitium
3041 998 3258 1063 tunicae,
3305 997 3564 1056 Ecclesiae
3605 1002 3806 1059 scilicet

2232 1087 2459 1157 Christi,
2484 1089 2627 1159 quod
2656 1089 2804 1161 capit
2833 1078 3016 1161 caput,
3055 1096 3116 1143 ut
3151 1080 3417 1146 inhabitet
3442 1090 3695 1148 Christus
3723 1110 3808 1163 per

2232 1177 2396 1234 ﬁdem
2432 1179 2487 1234 in
2528 1179 2690 1235 corde
2721 1177 2909 1249 ejus),
2952 1179 3009 1237 in
3045 1176 3299 1255 omnibus
3333 1176 3535 1251 ubique
3573 1179 3808 1238 ﬁdelibus

2232 1280 2412 1329 servet
2448 1273 2715 1331 unitatem
2756 1271 2991 1344 Spiritus
3022 1272 3077 1329 in
3115 1272 3329 1329 vinculo
3365 1273 3538 1345 pacis.
3579 1274 3706 1333 Rrec
3738 1277 3807 1332 id-

2232 1364 2382 1420 circo
2411 1364 2663 1429 dicimus,
2693 1373 2753 1418 ut
2777 1363 3041 1420 noveritis
3086 1380 3199 1421 non
3237 1381 3336 1422 vos
3384 1380 3547 1438 posse
3580 1366 3807 1423 dividere

2236 1464 2259 1493 ο
2290 1454 2591 1512 Ecclesiam
2634 1453 2974 1511 Gallicanam
3013 1444 3069 1511 et
3107 1454 3490 1513 Germanicam
3516 1459 3587 1515 ab
3617 1460 3808 1515 unitate

2232 1545 2435 1627 tunicae;
2464 1561 2586 1616 qua:
2615 1543 2859 1614 subjacet
2887 1534 3105 1629 capitio,
3138 1546 3547 1625 sublimioribus
3572 1548 3809 1629 videlicet

2234 1622 2495 1697 membris
2543 1640 2836 1710 Ecclesiae,
2886 1642 2981 1713 qui
3009 1622 3391 1712 'proximiore's
3438 1653 3572 1700 sunt
3604 1622 3805 1713 barbae,

2235 1731 2496 1803 apostolis
2529 1732 2769 1796 scilicet,
2817 1746 2882 1787 ac
2925 1747 3027 1803 per
3070 1733 3174 1789 hoc
3216 1733 3532 1804 apostolicis
3576 1736 3805 1801 sedibus,

2234 1824 2375 1880 sicut
2411 1824 2582 1879 barba
2612 1839 2720 1878 non
2752 1830 2932 1894 potest
2968 1824 3225 1879 essenisi
3275 1825 3331 1879 in
3366 1825 3567 1895 capite.
3620 1824 3806 1882 Deinde

545 1931 638 1996 tis,
664 1932 790 2002 quia
828 1931 934 1987 nisi
971 1929 1268 1987 secundum
1296 1928 1626 1984 voluntatem
1650 1938 1884 1984 vestram
1906 1940 2128 1993 venero,

2234 1914 2435 1981 di'citis,
2471 1929 2587 1969 rem
2624 1912 2910 1970 ridiculam
2945 1913 3377 1981 subinferentes,
3416 1927 3464 1971 et
3486 1917 3632 1989 quod
3652 1919 3807 1989 potius

544 2038 651 2079 non
692 2022 866 2078 habeo
898 2021 1174 2077 Ecclesias
1218 2028 1427 2075 vestras
1466 2027 1892 2084 consentaneas,
1939 2017 2035 2072 sed
2076 2017 2133 2072 in

544 2109 1105 2167 tantum'contrarias
1152 2115 1211 2162 ut
1253 2108 1390 2163 nihil
1437 2108 1568 2181 mihi
1594 2120 1619 2148 ιι
1659 2106 1714 2162 in
1760 2107 1956 2163 vestris
1980 2120 2135 2175 paro-

545 2202 686 2258 chiis
714 2216 874 2273 agere
900 2199 983 2255 vel
1023 2199 1310 2269 disponere
1346 2198 1529 2264 liceat,
1569 2214 1671 2255 nec
1708 2198 2016 2267 quempiam
2048 2212 2136 2251 ex-

545 2292 953 2349 communicare
995 2280 1595 2348 vobis'obsistentibus.
1651 2291 1791 2347 Vere
1829 2305 2016 2347 verum
2051 2298 2137 2345 est

546 2383 696 2454 quod
742 2383 959 2437 Veritas
987 2382 1119 2436 dicit
1156 2380 1375 2436 :Malus
1411 2382 1566 2456 homo
1604 2381 1668 2436 de
1709 2381 1849 2436 malo
1890 2382 2134 2436 thesauro

544 2473 719 2528 cordis
752 2473 837 2535 sui
870 2472 1070 2544 profert
1102 2471 1265 2526 mala.
1314 2470 1495 2538 Quare
1534 2471 1664 2526 mihi
1703 2472 1964 2547 contrarii
2009 2487 2134 2527 cum

545 2563 804 2623 Ecclesiis
838 2564 1034 2619 vestris
1067 2578 1190 2618 esse
1213 2562 1422 2619 debetis
1450 2562 1479 2602 δ
1504 2562 1562 2617 in
1591 2562 1865 2633 legatione
1897 2562 2048 2632 pacis
2081 2570 2139 2619 et

541 2658 792 2722 unitatis,
834 2657 979 2726 quod
1006 2655 1209 2711 Christi
1254 2654 1454 2710 donum
1501 2661 1557 2708 et
1603 2654 1968 2709 ministerium
2019 2654 2137 2708 est?

541 2746 928 2820 An'ignoratis
967 2746 1281 2818 angelorum
1324 2752 1490 2800 cantu
1527 2745 1853 2814 promissam
1887 2759 2008 2800 esse
2046 2759 2139 2815 pa-

542 2854 662 2896 cem
702 2840 755 2894 in
792 2847 942 2893 terra
980 2837 1289 2893 hominibus
1325 2835 1484 2891 bonae
1522 2834 1840 2915 voluntatis,
1870 2852 1970 2907 per
1992 2836 2138 2905 Apo-

510 2928 745 2986 .stolum
816 2918 1478 2997 autemgtribulationem
1559 2933 1617 2979 et
1689 2927 1998 2996 angustiam
2079 2926 2136 2982 in

542 3035 765 3076 omnem
803 3019 1039 3072 animam
1067 3015 1305 3071 hominis
1333 3015 1613 3085 operantis
1641 3015 1879 3070 malum?
1914 3016 2016 3071 Hic
2040 3033 2136 3088 ap-

510 3119 699 3185 .paret
745 3110 889 3181 quod
949 3116 1213 3180 congruat
1269 3108 1425 3185 vobis
1474 3108 1606 3183 illud
1660 3108 1809 3185 quod
1854 3104 2136 3183 Scriptura

542 3182 675 3261 dicit
705 3220 719 3258 :
748 3196 912 3273 Arma
946 3212 994 3283 et
1026 3199 1209 3275 gladii~
1229 3200 1284 3255 in
1309 3182 1395 3254 viri
1422 3182 1673 3270 perversi.
1716 3182 1829 3257 ¹νος
1860 3182 2134 3258 conamini

2233 2015 2402 2060 tacere
2421 2005 2589 2076 'quam
2622 2005 2796 2059 dicere
2827 2001 3151 2071 maluimus;
3186 2004 3235 2059 si
3265 2015 3439 2060 autem
3466 2023 3573 2061 non
3593 2008 3804 2079 egeritis,

2233 2115 2506 2154 assensum
2548 2097 2766 2153 consilio
2819 2107 2995 2152 nostra
3047 2114 3153 2154 non
3192 2098 3523 2168 praebueritis
3548 2138 3567 2162 ,
3612 2098 3806 2154 honoris

2234 2189 2386 2245 uestri
2431 2187 2666 2260 periculo
2708 2188 3077 2259 subjacebitis;
3121 2190 3168 2245 si
3210 2190 3394 2261 potius
3437 2190 3726 2258 maluistis,
3762 2193 3807 2249 id

2236 2288 2351 2347 est,
2384 2279 2557 2352 magis
2588 2279 2834 2335 voluistis
2870 2290 3054 2337 tacere
3082 2297 3245 2353 quam
3271 2281 3481 2349 dicere,
3516 2300 3691 2355 quare
3715 2301 3806 2341 non

2239 2370 2520 2426 tacuistis?
2558 2369 3013 2427 Consuetudoest
3041 2371 3097 2427 in
3122 2371 3277 2429 vobis
3306 2382 3363 2429 ut
3390 2374 3445 2430 id
3470 2376 3621 2447 quod
3651 2377 3806 2433 minus

2236 2470 2336 2527 est,
2361 2462 2545 2517 vincat
2564 2462 2713 2532 quod
2733 2459 2907 2530 majus
2932 2471 3035 2518 est.
3064 2460 3234 2532 Major
3254 2452 3507 2521 voluntas
3532 2467 3743 2523 exstitit
3759 2466 3805 2523 in

2235 2554 2391 2609 vobis
2431 2562 2641 2618 tacere,
2682 2552 2859 2607 minor
2885 2562 3066 2609 autem
3089 2553 3303 2622 dicere;
3340 2564 3395 2610 et
3434 2563 3621 2612 tamen
3652 2558 3805 2613 minor

2236 2644 2369 2698 vicit
2395 2640 2675 2710 majorem.
2724 2639 3063 2699 Credeuduni
3093 2650 3179 2725 est
3210 2644 3452 2708 omnino,
3481 2647 3734 2716 quoniam
3758 2646 3804 2702 in

2238 2735 2631 2793 discordiarum
2661 2736 2997 2793 amatoribus
3023 2738 3223 2793 victrix
3251 2746 3336 2795 est
3367 2737 3659 2812 cupiditas,
3686 2739 3804 2796 victa

2237 2831 2593 2887 continentia.
2642 2830 2779 2886 Illud
2824 2847 2952 2887 vero
2994 2833 3136 2902 quod
3185 2833 3381 2889 minari
3410 2849 3508 2889 vos
3546 2836 3804 2908 cognosci-

2236 2940 2358 2981 mus
2399 2924 2426 2965 ἀ
2473 2924 2778 2996 periculum
2826 2928 3066 2998 gradus,
3116 2926 3242 2998 quis
3285 2927 3563 2997 explicare
3630 2927 3805 3000 poterit

2237 3024 2501 3089 quantum
2545 3015 2617 3071 sit
2658 3015 2979 3082 absurdum,
3030 3021 3402 3086 quantumque
3437 3017 3804 3072 inconveniens

2236 3115 2292 3161 et
2318 3105 2574 3171 stultum;
2616 3121 2740 3161 cum
2776 3113 2957 3160 vestra
2992 3107 3344 3162 comminatio
3379 3122 3486 3162 non
3511 3108 3588 3163 sit
3614 3116 3807 3181 propter

2237 3199 2467 3264 crimen,
2502 3209 2526 3237 ο
2550 3196 2909 3254 homicidium
2939 3196 3167 3266 scilicet,
3195 3199 3565 3271 sacrilegium,
3598 3209 3687 3256 aut
3711 3200 3804 3255 fur-

540 3298 811 3352 obsistere
836 3274 1284 3366 perversitatihus
1306 3295 1508 3349 vestris
1536 3295 1717 3361 nobis,
1742 3295 1835 3363 qui
1862 3295 2133 3366 legatione
2161 3274 2207 3339 C
2240 3288 2486 3356 tum.'vel
2510 3288 2715 3359 aliquid
2749 3287 3096 3369 huiusmodi;
3134 3290 3229 3346 ‘sed
3254 3289 3359 3347 nisi
3388 3290 3463 3345 ita
3491 3292 3801 3356 venerimus.

540 3388 822 3461 fungimur
851 3389 1017 3459 pacis.
1066 3386 1205 3443 Nam
1234 3388 1543 3458 quicunque
1578 3387 1722 3440 inter
1765 3402 1864 3444 vos
1889 3388 2131 3443 membra
2237 3386 2382 3441 sicut
2420 3386 2529 3453 ipsi
2562 3384 2731 3439 vultis
2766 3403 2781 3438 :
2820 3384 2912 3439 cui
2952 3376 3036 3455 rei
3082 3384 3139 3455 in
3171 3393 3492 3458 argumento
3537 3385 3804 3457 adjungitis

540 3477 745 3535 Christi
775 3489 922 3543 sunt,
951 3495 1058 3535 non
1084 3482 1207 3533 eum
1239 3477 1466 3548 potestis
1499 3475 1817 3533 abscindere
1846 3494 1878 3533 a
1904 3493 2132 3550 corpore
2230 3476 2605 3547 juramentum
2633 3493 2648 3541 ;
2714 3483 2769 3530 et
2820 3489 2927 3530 non
2985 3475 3349 3545 recordamini
3399 3477 3801 3541 erubescentes,

512 3570 761 3641 'capitis,
793 3571 938 3641 quod
974 3576 1058 3625 est
1088 3567 1356 3625 Christus.
1388 3566 1527 3623 Nam
1565 3568 1672 3625 etsi
1696 3583 1795 3625 vos
1823 3568 1967 3626 datis
2003 3586 2132 3641 ope-
2238 3570 2365 3643 quia
2400 3570 2441 3649 .f,‘
2470 3569 2673 3649 perjuri
2732 3566 3035 3642 pejera‘tum
3077 3569 3378 3641 degradare
3422 3586 3536 3629 non
3579 3579 3799 3644 possunt,

1930 3685 2207 3747 BALUle
2246 3685 2491 3749 NOT’IE'.‘
2516 3690 2526 3738 ἐ

612 3796 641 3827 ι
668 3788 736 3838 In
759 3783 943 3838 vestris
968 3780 1252 3851 parochiis,
1276 3779 1333 3851 id
1360 3787 1481 3846 est,
1520 3777 1867 3851 digecesibus,
1896 3779 1976 3834 uti
2012 3781 2125 3851 plu-

537 3855 689 3913 ribus
718 3853 952 3911 diximus
972 3850 1035 3913 in
1061 3853 1204 3907 notis
1230 3852 1298 3907 ad
1317 3850 1526 3920 Lupum
1562 3850 1981 3907 Ferrariensem.
1999 3850 2127 3907 Por-

538 3942 629 3992 ro,
661 3924 783 3995 quis
812 3939 919 3978 non
968 3923 1061 3995 hic
1110 3923 1338 3995 miretur
1377 3923 1696 3995 libertatem
1747 3922 2126 3995 episcoporum

536 3988 939 4055 Gallicanorum
966 3988 1211 4074 Bomano'
1240 3991 1480 4074 pontilici
1511 3988 1876 4074 minitantium
1899 3988 2125 4074 impedi-

538 4075 693 4121 turos
715 4082 771 4123 se
798 4079 865 4123 ne
906 4065 1035 4131 quid
1064 4072 1193 4133 agat
1242 4062 1299 4118 in
1351 4063 1465 4127 suis
1514 4063 1860 4133 dioecesibus.
1881 4062 1926 4119 si
1966 4062 2024 4118 se
2054 4064 2122 4119 ab

537 4150 729 4197 eorum
756 4132 1135 4189 communione
1161 4133 1482 4188 subtrahat?
1505 4132 1610 4187 Sed
1636 4141 1691 4187 et
1713 4133 1842 4188 illud
1857 4134 2011 4188 valzle
2025 4150 2124 4189 no-

541 4214 657 4262 tato
674 4200 904 4275 'dignum
919 4213 1023 4268 est,
1040 4202 1185 4275 quod
1203 4204 1367 4258 etiam
1382 4201 1569 4275 dicere
1580 4202 1816 4275 palaniel
1834 4213 2022 4273 aperte
2036 4222 2132 4260 au-

536 4278 585 4332 si
608 4272 834 4341 sunt,'et
856 4275 1072 4343 quidem
1110 4273 1350 4343 Romano
1389 4272 1628 4343 pontiﬁci
1666 4272 1919 4329 scribent:
1941 4290 1988 4338 s,
2023 4290 2128 4330 non

510 4364 515 4369 ‘
536 4347 865 4403 toleraturos
878 4342 970 4408 'se,
992 4346 1036 4416 si
1051 4342 1498 4416 papaGregoi-ius
1512 4343 1742 4416 aliquem
1760 4345 1991 4416 principi
2007 4347 2130 4400 sub-

532 4418 736 4489 jectum
762 4426 855 4472 aut
880 4415 1088 4477 lideIBm
1107 4414 1257 4489 velit
1291 4414 1782 4489 escoiiinupicare.
1830 4414 1951 4482 Qui
1976 4416 2127 4489 locus

534 4483 682 4544 utilis
706 4502 828 4549 esse
856 4494 1032 4557 potest
1054 4484 1522 4557 addel'enclendam
1555 4483 1789 4540 Galliam
1804 4501 1836 4541 a
1857 4488 2125 4542 sententia

533 4559 833 4623 interdicti,
857 4554 903 4612 si
927 4571 1051 4612 eam
1073 4554 1202 4611 ferri
1225 4558 1580 4627 contingeret.

607 4631 636 4671 ιι
679 4629 741 4684 In
779 4628 1037 4699 legatione
1077 4628 1241 4698 pacis.
1277 4627 1368 4683 Sic
1406 4627 1565 4699 enim,
1588 4627 1769 4683 aiebat
1809 4627 2121 4699 Gregorius,

534 4716 631 4757 acu
662 4714 789 4754 vera
823 4698 919 4753 seu
948 4698 1080 4753 falsa
1109 4706 1416 4766 promeret,
1448 4698 1664 4752 venisse
1690 4714 1747 4753 se
1785 4699 1839 4752 in
1871 4698 2122 4765 Galliam,

534 4780 599 4825 ut
623 4767 968 4825 concordiam
999 4767 1326 4823 Ludovicum
1366 4769 1509 4822 inter
1546 4777 1602 4823 et
1644 4767 1784 4825 ﬁlios
1822 4780 2120 4828 revocaret.

535 4837 739 4913 _Verum
770 4839 1259 4913 istudgpersuaderi
1302 4852 1410 4913 non
1445 4839 1622 4913 potuit
1652 4839 1919 4913 episcopis
1952 4842 2125 4913 partis

534 4909 819 4982 Ludovici,
848 4907 1193 4982 qui‘omnino
1213 4908 1478 4978 putabant
1507 4907 1915 4979 Gregorium—iu
1943 4907 2125 4982 partes

534 4978 772 5039 ﬁliorum
808 4978 1068 5039 transisse
1103 4988 1292 5060 contra
1321 4988 1541 5060 patrem
1577 4997 1591 5033 :
1624 4978 1769 5052 quod
1802 4990 1858 5037 et
1896 4978 2126 5053 sequens

533 5066 751 5123 quoque
777 5060 911 5123 setas
938 5066 1125 5123 verum
1150 5057 1378 5123 raw"-

610 5132 632 5162 ο
665 5117 822 5195 Eccl,
866 5118 1056 5195 Gallic.
1097 5117 1562 5176 ret—Germanicam.
1604 5121 1903 5195 Utramque
1940 5123 2127 5180 Eccle-

534 5193 672 5265 siam
701 5188 979 5262 coniungit
1006 5193 1075 5248 ob
1109 5206 1230 5247 eam
1265 5206 1483 5247 causam
1506 5232 1521 5256 ,
1551 5195 1692 5262 quod
1732 5188 1853 5249 cum
1898 5209 2123 5265 regnum

534 5262 870 5337 Francorum
900 5277 967 5317 ex
1001 5272 1230 5337 utraque
1258 5270 1417 5337 gente
1453 5273 1762 5337 constaret,
1789 5262 2003 5334 quoties
2032 5281 2123 5337 sy-

534 5334 711 5391 nodus
745 5334 1191 5406 congregabatur,
1237 5333 1304 5406 ad
1339 5347 1467 5406 eam,
1510 5336 1745 5405 episcopi
1792 5333 1858 5389 ex
1898 5333 2126 5406 utraque

535 5414 694 5476 gente
716 5401 1131 5476 conveniebant.
1156 5401 1307 5476 Quod
1329 5401 1631 5474 contigerat
1651 5401 1709 5459 in
1736 5406 1942 5476 synodo
1958 5421 1999 5476 pc
2018 5401 2124 5476 qua

535 5472 700 5529 inissa
739 5482 823 5546 est
871 5472 1096 5546 epistola
1135 5472 1510 5546 episcoporum
1553 5476 1726 5546 partis
1764 5472 2126 5531 Ludovici'ad

532 5558 727 5616 papam
754 5542 1100 5616 Gregorium,
1129 5542 1280 5613 cujus
1306 5542 1409 5601 ista
1438 5542 1782 5616 respbnsoria
1808 5554 1910 5601 est.

606 5612 977 5687 apPericulum
1006 5617 1201 5687 gradus
1222 5658 1237 5684 ,
1278 5618 1329 5672 id
1359 5625 1443 5672 est
1461 5658 1477 5681 ,
1506 5612 1896 5687 depositioncni
1935 5634 2000 5675 ac
2028 5619 2123 5673 de-

526 5680 824 5755 jectionem
862 5700 893 5742 c
916 5680 1170 5743 'Ro'mana
1214 5680 1491 5742 cathedra.
1524 5680 1689 5741 Recte
1729 5704 1858 5745 vero
1898 5691 2125 5744 miratur

506 5753 1017 5829 .Gregorius._hanc
1065 5760 1439 5829 episcoporum
1495 5757 1895 5817 Gallicanorum:
1952 5762 2123 5816 conli-

516 5826 808 5899 ,dentiam,
849 5826 1371 5900 Romano'pontitici
1415 5828 1784 5887 minitantium
1833 5833 2125 5905 depositio-

532 5911 679 5957 nem.

2307 3791 2331 3822 ο
2374 3763 2601 3851 Propter
2644 3763 3006 3851 homicidium.
3055 3776 3303 3851 Respicit
3338 3780 3408 3835 ad
3445 3795 3706 3837 canonem
3743 3780 3799 3836 es

2232 3848 2585 3923 apostolicum
2603 3866 2617 3915 ;
2638 3849 2890 3923 inquo,
2928 3858 2990 3904 ut
3017 3848 3239 3923 quidem
3272 3850 3476 3923 citatur
3502 3868 3534 3907 a
3560 3851 3800 3923 Gregorio

2282 3922 2565 3993 uronensi,
2605 3921 2685 3976 sic
2719 3920 2919 3993 legitur
2957 3937 2971 3975 :
3018 3920 3384 3993 (Eplscopus
3415 3922 3470 3976 in
3508 3920 3798 3985 homicidio,

2233 3992 2497 4074 adulterio
2535 3989 3316 4074 ριιρρῄυίσίο-(ἰερι-ειιθῂειιεί-
3338 4007 3372 4074 a_
3401 3995 3703 4074 sacerdotio
3736 3994 3800 4047 di-

2233 4064 2483 4119 vellatur.
2532 4061 2704 4139 inbcd
2739 4060 3233 4139 apudﬂpionysium
3275 4064 3560 4139 Esiguuin
3584 4065 3800 4139 aliosque

2236 4144 2447 4190 veteres
2475 4131 2795 4189 collectores
2821 4131 2956 4187 nihil
2986 4131 3073 4188 de“
3092 4131 3401 4189 homicidio:
3445 4134 3601 4191 Unde
3642 4131 3798 4189 Mai-ca

2235 4214 2456 4261 coactus
2489 4211 2572 4258 est
2605 4203 2886 4274 suspicari
2912 4214 3229 4274 corruptum
3270 4204 3438 4261 fuisse
3477 4207 3623 4261 hunc
3661 4220 3800 4260 cano-

2234 4292 2357 4331 nem
2388 4276 2455 4329 ad
2482 4268 2836 4346 premendum
2862 4268 3249 4329 Praetextatum
3276 4277 3590 4346 episc0pum
3623 4275 3799 4331 Rotbo-

2233 4363 2287 4401 m
2325 4361 2565 4417 gensem,
2588 4345 2681 4413 qui
2707 4352 2765 4399 s‘e
2789 4344 3053 4417 designati
3075 4344 3353 4417 homicidii
3386 4361 3535 4401 reum
3562 4361 3702 4413 esse,
3722 4360 3800 4417 spe

2233 4414 2404 4472 venue
2432 4415 2709 4487 professus
2735 4422 2819 4470 est
2845 4414 2898 4487 in
2923 4414 3126 4487 synodo
3154 4414 3469 4472 Parisiensi.
3496 4417 3563 4471 Et
3590 4418 3700 4472 tleri
3726 4414 3800 4486 po-

2233 4495 2335 4542 test
2364 4484 2559 4545 ut'haec
2581 4484 3075 4557 quoqueclausula,
3100 4489 3243 4555 quod
3268 4487 3577 4557 aequissima
3600 4484 3801 4557 sequen-

2151 4574 2205 4637 D
2233 4559 2375 4639 tibus
2406 4555 2737 4639 temporibus
2766 4556 2879 4611 visa
2909 4555 3102 4622 fuerit,
3137 4555 3513 4639 recepta-dein
3551 4555 3801 4639 νυιερέίι

2231 4628 2283 4682 in
2310 4629 2465 4683 novis
2491 4626 3114 4698 editionibus‘canonium
3152 4628 3567 4698 apostolicorum
3594 4670 3608 4695 ,
3639 4626 3801 4683 addito

2227 4699 2391 4770 etim:
2431 4696 2648 4770 nomine
2672 4696 2974 4770 sacrilegii.
3008 4695 3144 4770 Nam
3185 4695 3326 4770 hanc
3366 4714 3579 4770 quoque
3608 4699 3801 4770 clausu-

2227 4768 2332 4824 lam
2360 4769 2613 4823 habuisse
2634 4766 2852 4821 videtur
2876 4766 3173 4839 Gregorius
3197 4768 3249 4823 in
3278 4766 3606 4826 suo'cod'ice.
3632 4768 3801 4839 Itaque

2264 4840 2669 4911 ravitererrant
2694 4838 3031 4911 correctores
3052 4838 3303 4905 Romani,
3321 4841 3412 4911 qui
3433 4839 3725 4895 clausulam
3745 4838 3802 4911 de

2225 4855 2461 4964 graviter
2480 4855 2669 4892 errant
2694 4855 3031 4894 correcwres
3054 4855 3303 4905 numam,
3321 4857 3412 4911 qui
3433 4855 3725 4895 Clausulam
3745 4855 3801 4893 oc

2263 4909 2519 4982 omicidio
2547 4909 2801 4982 primum
2828 4906 3090 4978 adjectam
3129 4919 3323 4982 putant
3355 4912 3424 4966 ab
3462 4911 3725 4982 episcopis
3753 4907 3801 4961 in

2226 4980 2431 5050 synodo
2469 4977 2806 5033 Tribnriensi
2838 4977 3193 5051 _congregatis
3231 4997 3375 5037 anno
3418 4977 3543 5047 895,
3586 4977 3801 5048 eamque

2224 5048 2395 5124 fuisse
2433 5063 2652 5105 causam
2690 5064 2788 5104 cur
2825 5048 3144 5124 Gratianus,
3188 5052 3279 5124 qui
3306 5062 3545 5124 postea,
3571 5061 3798 5124 tempora

2223 5121 2389 5184 vixit.
2422 5134 2541 5202 eam
2572 5130 2784 5246 ﬂuoque
2818 5120 3117 5177 clausulam
3157 5118 3427 5179 addiderit
3458 5122 3584 5180 huic
3623 5118 3798 5179 canoni

2224 5192 2541 5246 apostolico.
2611 5199 2696 5246 ist.
2726 5191 2814 5246 8l.
2851 5208 2969 5246 can.
3010 5190 3300 5246 Presbuter.

2224 5192 2541 5264 apostolico,
2571 5190 2696 5264 dist.
2726 5191 2814 5256 8l,
2851 5208 2972 5264 cap.
3010 5190 3300 5264 Presbyter.

2303 5261 2324 5301 ΐ
2365 5260 2582 5344 Perjuri
2612 5260 3237 5344 pejoratumfiuoeapud
3258 5278 3446 5344 omnes
3469 5263 3668 5344 ubique
3687 5276 3777 5344 gen

2227 5343 2307 5390 tes
2342 5331 2595 5406 recepto,
2612 5331 2861 5406 episcopi
2888 5334 2979 5404 qui
3020 5331 3178 5406 tidem
3208 5333 3439 5406 principi
3462 5331 3785 5406 jurejurandt

2226 5402 2773 5476 obligatamviolant.
2794 5402 3093 5476 deponendi
3118 5402 3261 5476 sunt.
3287 5402 3420 5461 Nam
3446 5402 3726 5476 episcopus
3740 5402 3795 5476 in

2225 5470 2465 5547 periurio
2507 5470 2913 5547 deprehensus,
2941 5474 3135 5547 deponi
3164 5474 3386 5547 ju‘betur
3422 5470 3495 5532 in'
3510 5470 3712 5547 canone
3733 5470 3797 5547 _25

2227 5543 2541 5624 apostolico:
2567 5543 3185 5624 Brudcntissniine'enim
3216 5544 3626 5624 iustissimoque
3663 5543 3798 5624 vide-

2227 5612 2354 5672 runt
2380 5612 2541 5684 prisci
2566 5615 2642 5669 illi
2676 5614 2853 5685 legum
2881 5612 3308 5672 Christianarum
3338 5612 3663 5682 conditores,
3703 5632 3720 5667 ι
3751 5612 3797 5666 in

2226 5688 2552 5759 episcopos,
2581 5686 2674 5757 qui
2709 5701 2864 5759 suum
2906 5689 3232 5759 transgressi
3268 5699 3393 5744 sunt
3426 5688 3794 5759 iuramentum,

2228 5756 2380 5812 tanto
2406 5756 2625 5829 gravius
2653 5772 2772 5812 esse
2794 5756 3194 5824 vindicandum,
3225 5756 3439 5829 quanto
3458 5758 3641 5829 majori
3672 5768 3797 5827 prte-

2226 5827 2741 5901 mincnlAdignitate,
2768 5836 2822 5882 et
2845 5843 3032 5901 eorum
3058 5826 3308 5901 exemplo
3336 5826 3550 5901 facilius
3566 5826 3660 5883 alii
3680 5826 3796 5901 pos-

2227 5908 2355 5960 suot
2390 5897 2459 5956 ad
2499 5892 2696 5957 similia
2728 5892 3054 5974 provocari;
3092 5921 3113 5959 ι
3148 5892 3423 5971 αι’γθὼὶε
3456 5892 3796 5965 υῐωιιτύτ’

3948 3014 3951 3163 Ψ

3946 3168 3949 3301 λ

3945 3310 3947 3439 (

3943 3448 3945 3577 ί

3940 3776 3941 3853 ι

3932 4328 3933 4407 ι
