4012 6338
504 375 598 430 δη

1481 370 1537 424 8.
1577 365 1926 425 AGOBARDI
1963 365 2272 424 EPISCOPI
2304 362 2787 423 LUGDUNENSIS

3653 366 3782 424 τηε

507 488 883 547 remissionem
905 484 1045 541 bene
1093 489 1215 540 acta
1265 483 1714 548 dissolverentur,
1750 497 1851 552 per
1896 496 2089 536 carna-
2115 481 2167 542 Α
2191 477 2435 543 visitabo,
2465 477 2593 530 dicit
2616 476 2872 530 Dominus
2891 475 2917 529 .9
2942 474 3008 529 Et
3038 473 3206 529 inulta
3246 476 3547 532 remanebit
3581 478 3785 549 despe-

507 581 640 635 lium
683 579 1049 636 blandimenta
1097 584 1152 631 et
1191 575 1509 645 cupidorum
1559 575 1817 629 scelestos
1857 566 2087 636 favores,

509 679 672 742 atque
714 650 1423 731 indecoras'adulalioiies',
1460 665 1671 719 ’iterum
1714 661 1928 727 mulier,
1971 669 2091 714 tan-

509 752 1234 832 quam'l‘egitima'domina,
1264 768 1291 797 ι
1328 768 1581 811 revocata
1605 760 1690 811 est
1722 754 1778 809 in
1806 752 2089 823 palatium,

508 861 563 907 et
584 851 807 923 praelata
837 844 1081 905 consiliis
1108 857 1162 903 et
1195 844 1555 914 consiliariis;
1594 838 1749 914 cujus
1789 842 2092 914 instigatio-

510 948 669 1005 nibus
694 934 1018 1001 mutata'est
1054 942 1209 997 méns'
1237 942 1485 1006 reetoris,
1516 946 1570 996 et
1600 940 1763 1009 coepit
1791 938 1941 994 duris
1974 953 2107 1013 cor-‘

511 1039 672 1093 nibus
696 1035 963 1105 ventilare
989 1033 1152 1100 filios,
1183 1042 1237 1088 et
1267 1024 1592 1088 conturbare
1616 1030 1859 1101 populos.
1895 1028 2093 1099 Sicque

509 1128 715 1186 factum
744 1124 832 1185 est
854 1114 1159 1182 inauditum
1186 1120 1730 1185 anteamortaliltus,
1754 1106 1815 1174 ut
1842 1135 1951 1175 non
1979 1127 2091 1174 tam

510 1219 783 1292 persecuti
826 1207 1041 1292 injust'e‘
1074 1203 1425 1272 sustinerent
1450 1200 1882 1283 persecutiones,
1926 1224 2093 1280 quam

508 1317 891 1381 persecutores
934 1306 1089 1363 inviti
1135 1312 1192 1361 et
1235 1303 1413 1361 coacti
1466 1308 1824 1366 exercerent,
1876 1308 1932 1354 et
1985 1313 2095 1354 non

412 1433 416 1438 -
510 1404 686 1460 solum
730 1407 1073 1465 exercerent,
1119 1395 1214 1453 sed
1249 1404 1307 1452 et
1346 1394 1697 1457 sustinerent,
1741 1391 1868 1446 dum
1888 1389 2095 1444 violen-

412 1476 422 1524 έ
510 1494 723 1549 tissime
766 1491 821 1545 in
856 1489 1071 1546 diversa
1110 1496 1164 1542 et
1191 1484 1468 1541 contraria
1510 1481 1820 1552 juramenta
1858 1478 2095 1549 compel-

512 1586 719 1640 luntur.
1354 1632 1358 1641 ,

580 1674 666 1729 Ill.
720 1672 1002 1728 Attendite
1047 1679 1104 1728 et
1149 1669 1329 1725 videte
1372 1668 1417 1723 si
1466 1667 1673 1723 factum
1722 1674 1807 1721 est
1840 1640 2096 1734 unquam

509 1763 1125 1836 hujnsmodixl‘uratum
1160 1766 1245 1843 est
1272 1775 1403 1832 ergo
1432 1758 1747 1831 imperatori
1789 1756 2011 1822 seniori,
2042 1765 2097 1811 et

2192 566 2299 621 ctio
2323 565 2442 630 Dei,
2489 573 2543 620 et
2585 565 2809 635 pollutio
2856 566 3090 620 nominis
3134 564 3285 634 ejus?
3329 569 3470 622 sicut
3510 569 3782 640 scriptum

2191 662 2275 710 est
2306 672 2319 707 :
2352 653 2478 708 Non
2514 654 2802 725 pejerabis,
2843 670 2935 709 nec
2975 652 3177 726 pollues
3216 672 3404 712 nomen
3432 657 3649 731 Ι)όωὶῃὶ
3678 660 3783 715 Dei

2193 748 2291 802 tui.
2335 747 2476 803 Ecce
2512 746 2801 817 patefactis
2846 748 3058 819 abyssis
3103 748 3484 817 stultitiamm,
3528 750 3598 805 ad
3643 752 3783 822 quid

2190 847 2511 911 perventum
2536 840 2655 895 est?
2686 839 2821 895 Cum
2850 840 2996 895 enim
3038 841 3295 897 deberent
3325 843 3597 898 exercitus
3630 844 3783 899 mitti

2193 932 2454 987 adversus
2484 940 2702 987 exteras
2726 939 2933 1002 gentes,
2965 939 3019 985 et
3045 932 3163 1002 ipse
3191 932 3488 1002 imperator
3515 933 3785 989 adversus

2180 1022 2453 1106 'barbaras
2488 1023 2734 1077 nationes
2773 1022 3055 1089 dimicare,
3084 1031 3147 1078 ut
3185 1038 3280 1079 eas
3305 1022 3430 1079 fidei
3467 1023 3786 1096 subjugaret

2176 1108 2263 1170 ’ad
2287 1112 2620 1171 dilatahdum
2644 1115 2937 1170 terminum
2966 1114 3121 1191 regni
3138 1114 3383 1170 ﬁdelium
3407 1114 3520 1186 (Sic
3544 1130 3788 1193 namque

2193 1206 2314 1261 orat
2348 1203 2936 1263 universalis‘Ecclesia
2970 1209 3025 1263 in
3062 1207 3392 1263 solemnibus
3445 1205 3547 1262 illis
3580 1208 3791 1263 oratio-

2195 1298 2372 1364 nibus,
2388 1297 2577 1354 diebus
2588 1296 2864 1355 Passionis
2879 1298 3193 1364 Dominicae,
3206 1314 3307 1369 pro
3326 1298 3755 1368 imperatoribus
3771 1316 3785 1355 :

2198 1386 2265 1443 Ut
2280 1388 2423 1444 Deus
2443 1388 2557 1443 illis
2575 1388 2835 1459 subjectus
2864 1389 3025 1459 faciat
3048 1388 3299 1443 barbaras
3320 1387 3615 1459 nationes);
3646 1403 3791 1443 nunc

2196 1498 2228 1538 e
2254 1482 2534 1538 contrario
2573 1492 2735 1537 omne
2778 1492 3002 1552 regnum
3036 1484 3163 1538 cum‘
3201 1481 3643 1536 extremitatibus
3678 1481 3791 1536 suis

2197 1569 2550 1644 conglobatur
2575 1571 2631 1625 in
2652 1587 2831 1633 unum,
2850 1571 2903 1627 in
2925 1570 3103 1627 medio
3128 1571 3232 1639 sui,
3261 1570 3475 1637 diversa
3500 1568 3690 1627 tamen
3717 1571 3793 1625 in-

2197 1663 2458 1729 tentione,
2491 1663 2620 1718 dum
2653 1663 2746 1719 alii
2772 1670 3036 1732 parantur
3058 1662 3129 1718 ad
3150 1662 3410 1719 intestina
3440 1662 3660 1718 viscera
3690 1661 3795 1717 dis-

2200 1755 2527 1826 rumpenda,
2566 1753 2657 1808 alii
2693 1754 2761 1809 ad
2798 1753 3119 1824 pacandam,
3156 1755 3203 1809 si
3241 1753 3359 1809 ﬁeri
3410 1762 3613 1825 potest,
3656 1754 3795 1823 inju-

511 1860 703 1915 eodem
743 1856 973 1928 iubente
1020 1856 1183 1913 iidem
1206 1848 1341 1924 "ipsi
1396 1852 1720 1924 iuraverunt
1781 1849 2095 1920 imperatori
2121 1856 2171 1914 Β
2199 1848 2492 1905 stissimam
2516 1847 2875 1907 discordiam:
2902 1847 2995 1918 qui
3022 1861 3212 1902 omnes
3237 1845 3329 1918 pia
3349 1856 3530 1903 mente
3556 1861 3793 1918 perpen-

503 1949 745 2020 juniori;
780 1934 838 2008 et
872 1950 1069 2006 iterum
1102 1948 1220 2018 ipso
1255 1944 1523 2010 faciente,
1564 1942 1733 2013 aliqui
1761 1957 1827 1998 ex
1856 1942 1991 2012 ipsis
2011 1940 2100 2012 ju—
2203 1941 2333 1996 dere
2379 1940 2681 1996 debuerant
2708 1938 2852 2010 quod
2885 1938 3086 1995 dicitur
3129 1938 3184 1993 in
3224 1938 3497 2009 praedictis
3527 1940 3796 1994 orationi-

510 2049 773 2098 raverunt
793 2042 820 2083 ιι
840 2041 975 2113 regi
1004 2038 1182 2105 fratri,
1213 2044 1268 2093 et
1300 2036 1369 2091 ad
1389 2043 1724 2107 postremum
1747 2049 1887 2104 pene
1912 2048 2104 2090 omnes
2202 2032 2334 2096 bus,
2379 2031 2471 2086 ubi
2502 2031 2758 2087 sacerdos
2790 2030 3065 2095 admonet,
3097 2031 3284 2087 dicens
3311 2048 3325 2084 :
3369 2030 3593 2087 Oremus
3622 2043 3675 2086 et
3702 2049 3795 2103 pro

509 2126 775 2202 compulsi
829 2134 959 2186 Sunt
997 2128 1183 2199 jurare
1228 2136 1251 2167 ο
1287 2120 1483 2198 puero.'
1539 2124 1608 2179 Et
1647 2138 1716 2179 ne
1764 2122 1838 2178 ibi
1884 2123 2102 2193 quidem
2203 2121 2654 2179 Christianissimo
2692 2124 3007 2194 imperatore
3024 2131 3296 2189 nostro,ut
3312 2123 3516 2179 Deuset
3531 2123 3795 2179 Dominus

508 2210 807 2295 remansit..
868 2206 979 2278 sed
1025 2219 1183 2292 quasi
1230 2217 1365 2275 nihil
1410 2218 1607 2274 horum
1663 2215 1875 2284 fuisset,
1929 2216 2105 2273 adhuc
2208 2226 2381 2269 noster
2398 2214 2634 2270 subditas
2656 2212 2735 2269 illi
2761 2213 2924 2284 faciat
2947 2230 3121 2269 omnes
3155 2214 3408 2270 barbaras
3440 2215 3796 2281 nationes,“

509 2319 699 2368 exorta
752 2318 882 2367 sunt
953 2308 1287 2377 iuramenta.
1353 2306 1614 2379 Nunquid
1672 2323 1831 2377 super
1870 2305 1951 2361 his
1997 2323 2104 2361 non
2178 2315 2445 2371 .nostram
2469 2315 2774 2378 perpetuam
2795 2321 2999 2375 pacem.
3026 2306 3230 2363 Domus
3257 2321 3388 2379 ergo
3415 2306 3533 2374 Dei,
3562 2323 3695 2379 qua:
3716 2316 3797 2364 est

1872 2416 2146 2476 BALUZII
2182 2416 2413 2474 NOTE.

583 2534 611 2564 ι
638 2521 899 2578 Revocata
920 2528 996 2576 est
1025 2521 1082 2574 in
1102 2518 1382 2590 palatium,
1405 2534 1548 2575 anno
1569 2519 1691 2590 8571,
1717 2518 1962 2590 ut_tra_dit
1984 2533 2100 2590 rau-

512 2602 635 2650 ctor
659 2594 794 2648 Vita:
826 2587 1112 2656 Ludovici,
1133 2598 1189 2646 et
1217 2598 1408 2646 auctor
1458 2589 1746 2646 Annalium
1775 2587 1832 2645 8.
1870 2588 2098 2643 Bertini.

512 2664 906 2736 Equissimnm
934 2676 1067 2736 sane
1085 2669 1300 2736 eratut
1326 2659 1565 2736 Juditha,
1599 2678 1617 2712 ι
1648 2675 1768 2729 quae
1801 2658 2003 2736 injuste
2036 2673 2105 2714 ac

511 2731 635 2791 sine
654 2734 772 2803 lege
795 2743 850 2789 et
876 2731 1082 2803 judicio
1103 2732 1163 2789 ei.
1179 2732 1357 2789 ablata
1384 2731 1582 2795 fuerat,
1604 2751 1624 2803 ρ
1650 2731 1897 2785 uttradit
1912 2739 2104 2803 auctor

511 2799 825 2863 eontmdem
856 2799 1166 2865 Annalium,
1191 2803 1464 2859 Ludovico
1484 2802 1884 2859 restitueretur.
1916 2799 2103 2869 Itaque

510 2876 661 2931 misit
706 2874 801 2944 qui
859 2888 981 2944 eam
1016 2888 1104 2944 ex
1153 2872 1442 2943 Aquitania
1489 2873 1831 2944 reducerent.
1874 2889 1894 2921 ί
1927 2869 2101 2944 Quam

509 2954 695 3001 tamen
726 2940 979 3014 conjugis
1008 2940 1234 3001 bonore'
1251 2958 1360 2998 non
1388 2951 1474 2997 est
1501 2942 1773 3012 dignatus,
1807 2940 1985 3010 inquit
2006 2955 2104 3001 au-

509 3025 632 3072 ctor
666 3011 803 3073 Y-taa
831 3014 971 3073 eius.
1000 3013 1178 3071 donec
1204 3028 1263 3070 se
1293 3012 1449 3073 legali
1482 3012 1799 3073 praescripto
1830 3012 1993 3067 modo
2031 3010 2103 3067 ab

508 3028 632 3072 ctor:
672 3028 803 3073 vitae
831 3029 971 3085 ejus,
1000 3028 1178 3071 donec
1204 3028 1263 3070 se
1295 3028 1449 3083 Iegau
1482 3028 1799 3083 praescripto
1830 3028 1993 3067 mooo
2031 3028 2101 3067 an

508 3085 740 3164 objectis
776 3083 1483 3164 ptirgar'et:_s_Congrega_ta
1528 3098 1661 3164 ergo
1710 3084 1915 3164 synodo
1958 3081 2101 3152 apud

511 3153 904 3228 Noviomagum
932 3155 1003 3228 ad
1035 3153 1285 3211 Vahalqu
1306 3153 1557 3228 ﬂuvium,
1588 3153 1845 3228 iussione
1867 3154 2102 3228 impera-

2204 2531 2420 2588 quoque
2444 2516 2731 2588 Theganus
2753 2518 3079 2580 observavit,
3102 2533 3225 2574 cum
3255 2518 3331 2572 ait
3354 2516 3797 2588 reginam_Aquis

2206 2586 2275 2660 ab
2302 2586 2628 2660 imperatore
2662 2588 2956 2660 honorifice
2978 2595 3306 2660 susceptam,
3336 2586 3561 2660 jubente
3585 2586 3799 2660 Grego-

2205 2659 2288 2714 rio
2338 2658 2583 2715 Romano
2628 2659 2915 2730 pontifice,
2968 2676 3091 2715 cum
3135 2658 3362 2730 aliorum
3415 2658 3796 2730 episcoporum

2200 2729 2352 2800 justo
2387 2730 2612 2802 judicio.
2630 2728 2662 2783 ἰ
2691 2731 2847 2795 Tum,
2871 2745 2941 2787 ne
2962 2734 3085 2802 quis
3111 2745 3179 2785 ex
3206 2744 3284 2802 eo_
3301 2728 3446 2802 facto
3461 2728 3796 2802 prejudica-

2206 2799 2322 2854 tum
2347 2799 2562 2871 putaret
2597 2801 2651 2856 in
2692 2802 2944 2858 omnibus
2967 2799 3563 2859 causis-ecclesiasticis
3594 2801 3798 2869 princi-

2246 2886 2335 2925 um
2380 2872 2745 2927 necessariam
2799 2886 2921 2928 esse
2971 2872 3419 2929 interventionem
3455 2871 3798 2927 auctoritatis

2257 2941 2437 2996 omani
2486 2942 2789 3014 pontificis.
2819 2944 2955 3014 haec
2996 2942 3291 3014 prudenter
3336 2942 3487 2998 crudi

2209 2956 2437 2996 nomant
2486 2956 2790 3025 ponuucis.
2840 2956 2955 2998 prec
2996 2956 3291 3025 prudenter
3336 2956 3660 3066 eruanchIe
3702 2958 3796 3023 pro

2209 3025 2387 3083 more
2411 3026 2510 3083 suo
2557 3012 2739 3067 subdit
2777 3013 2918 3068 idem
2972 3014 3408 3083 archiepiscopus
3447 3030 3460 3066 :
3504 3030 3525 3062 ι
3609 3027 3795 3068 omam

2278 3027 2361 3065 ire
2411 3027 2510 3065 suo
2557 3027 2739 3067 suntut
2777 3027 2918 3068 mem
2972 3027 3408 3083 archiepiscopus
3447 3030 3460 3066 :
3504 3030 3525 3062 ι
3565 3027 3795 3068 nomam

2278 3080 2477 3164 utilicis
2503 3082 2794 3164 auctoritas
2820 3082 3068 3164 adjuncta
3092 3081 3396 3164 estjudicio
3414 3083 3795 3164 episcoporum

2254 3152 2471 3217 rancize,
2504 3152 2620 3208 solo
2661 3153 3025 3224 Augustorum
3055 3154 3274 3224 intuitu,
3303 3152 3540 3224 quorum,
3554 3152 3798 3224 dignitas

512 3228 667 3303 toris,
698 3235 754 3283 et
779 3222 1074 3303 apostolica
1109 3226 1448 3289 auctoritate,
1695 3224 1938 3303 Octobri,
1975 3238 2100 3278 cum
2129 3241 2173 3303 ρ
2207 3238 2425 3303 causam
2453 3224 2612 3303 istam
2632 3224 2904 3303 majorem
2932 3223 3216 3303 eilicieliat.
3246 3222 3322 3279 De
3348 3222 3655 3303 majoribus
3696 3240 3795 3303 an:

512 3299 693 3354 nullus
736 3294 998 3353 adversus
1025 3311 1146 3351 eam
1187 3304 1472 3352 accusator
1505 3297 1787 3358 existeret,
1815 3295 2011 3364 illaque
2040 3308 2101 3351 se
2136 3294 2173 3303 “
2207 3302 2314 3347 tem
2341 3295 2523 3350 causis
2552 3294 2734 3349 sedem
2779 3294 3123 3364 apostolicam
3173 3294 3563 3349 consulendum
3609 3297 3798 3351 docuit

506 3368 860 3439 jurejurando
914 3362 1193 3439 purgasset
1220 3368 1517 3439 secundum
1548 3367 1719 3437 legem
1746 3362 2099 3439 Francorum,

507 3437 806 3508 judicatum
833 3444 917 3491 est
944 3442 1009 3491 a‘)
1039 3438 1308 3507 episcopis
1337 3452 1456 3491 eam
1490 3439 1640 3493 reddi
1670 3437 1870 3492 marito
1902 3437 2103 3508 debere

517 3508 662 3562 Ytllli.
690 3505 1313 3578 legitimamconjugém.
1352 3508 1555 3564 Auctor
1580 3507 1868 3562 Annalium
1895 3505 1953 3561 8.
1980 3505 2104 3561 Ber-

516 3578 614 3633 τιιηὶ
640 3580 706 3631 ad
732 3593 935 3648 annum
958 3577 1055 3632 831
1086 3577 1152 3631 τι
1175 3577 1255 3632 Ad
1279 3580 1421 3648 quod
1439 3578 1694 3647 placitum
1717 3580 1913 3633 domna
1937 3578 2105 3646 impe-

520 3650 713 3714 ratrix,
738 3647 881 3702 sicut
896 3644 1110 3715 jussum
1143 3644 1343 3712 fuerat,
1369 3644 1613 3712 veniens,
1639 3660 1693 3704 et
1724 3649 1778 3704 in
1813 3644 2105 3716 conspectu

519 3718 703 3776 domui
746 3718 1090 3788 imperatoris
1135 3733 1201 3775 ac
1263 3718 1498 3775 ﬁliorum
1544 3719 1675 3788 .ejus
1726 3720 2007 3788 assistens,
2041 3718 2107 3773 de

516 3790 732 3845 cunctis
760 3787 1222 3857 se’objicientibus
1262 3790 1555 3860 purificare
1580 3787 1717 3846 velle
1754 3789 1951 3860 aiebat.
1968 3787 2108 3843 Per-

516 3870 909 3931 cunctatusque
937 3869 1023 3915 est
1044 3859 1294 3930 populus,
1316 3862 1362 3918 si
1383 3860 1641 3931 quislibet
1667 3861 1721 3915 in
1743 3876 1863 3917 eam
1887 3859 2107 3930 aliquod

514 3932 721 3987 crimen
750 3930 985 3999 oltjicere
1010 3932 1191 3985 vellet.
1218 3930 1462 3999 Cumque
1482 3931 1660 3987 nullus
1689 3932 1938 3987 inventus
1963 3937 2109 3986 esset

518 4003 608 4070 qui
641 4001 820 4072 quor'li
861 4010 916 4056 et
945 4000 1021 4059 illi
1061 4001 1261 4059 malum
1299 4000 1547 4068 inferret,
1592 4002 1897 4072 puriﬁcavit
1941 4016 1999 4056 se
2023 4016 2109 4056 se-

520 4069 755 4142 cundum
778 4069 1040 4138 judicium
1067 4071 1398 4129 Francorum
1422 4075 1487 4132 de
1513 4069 1763 4127 omnibus
1785 4072 1981 4142 quibus
2009 4088 2107 4128 ac-

520 4150 707 4197 cusata
731 4139 925 4194 fuerat.
952 4163 969 4193 ι
985 4143 1188 4197 Auctor
1202 4144 1488 4199 Annalium
1507 4139 1819 4197 Metensiuni
1839 4160 1852 4194 :
1876 4162 1893 4191 ε
1915 4141 2108 4197 Postea

520 4211 692 4267 tenuit
723 4211 1014 4280 imperator
1044 4211 1299 4279 placitum
1348 4229 1502 4267 suum
1548 4227 1735 4266 mense
1768 4212 2023 4266 Octobrio
2053 4213 2107 4266 in

514 4281 645 4336 villa
676 4280 958 4353 Niumaga.
988 4280 1045 4335 ln
1070 4297 1135 4337 eo
1151 4284 1259 4343 lem
1281 4298 1412 4353 ergo
1440 4282 1660 4352 placito,
1688 4297 1789 4353 per
1812 4282 2109 4336 auctorita-

518 4360 625 4408 tem
655 4344 1057 4434 apostolicam,
1099 4361 1173 4418 et.
1198 4369 1291 4434 per
1327 4344 1660 4434 coursensum
1687 4344 2106 4434 episcoporum,

518 4423 919 4480 consideratam
941 4430 996 4476 et
1022 4422 1282 4479 canonice
1308 4422 1588 4479 definitum
1617 4431 1703 4477 est
1730 4431 1789 4477 ut
1816 4423 2110 4493 imperator

518 4510 675 4576 suam
696 4494 964 4576 reciperet
986 4493 1293 4576 conjugem.
1326 4514 1344 4545 ι
1378 4494 1561 4576 lnfra_:
1597 4514 1621 4576 ε
1640 4493 1869 4548 Peracto
1893 4508 2108 4576 quoque

563 4626 861 4717 :q'uasgrani
892 4626 1177 4717 ‘j‘talatium
1219 4626 1299 4717 ad
1332 4635 1681 4717 liiemandutu
1704 4626 1979 4717 pervenit;
2014 4635 2105 4689 ubi

516 4704 755 4761 et'sua'i'u
803 4704 1087 4776 conjugem
1122 4706 1447 4776 praedictam
1484 4704 1671 4761 Iudith
1704 4706 2105 4776 impet‘atricem

519 4777 742 4846 recepit,
786 4785 948 4845 atque
980 4775 1115 4830 eam
1138 4775 1369 4846 pristino
1398 4776 1589 4831 honori
1620 4775 1883 4846 restituit..
1908 4795 1925 4827 ι
1961 4775 2104 4830 The-

518 4845 691 4917 ganus
737 4847 909 4917 capite
955 4846 1023 4904 57
1053 4865 1067 4901 :
1101 4864 1119 4897 ι
1144 4845 1280 4902 inde
1331 4847 1481 4901 venit
1510 4845 1774 4917 dominus
1814 4846 2108 4916 imperator

519 4916 691 4985 Aquis
718 4918 782 4987 ad
804 4916 993 4973 sedem
1034 4932 1221 4983 suam;
1269 4926 1323 4972 et
1359 4916 1667 4986 supradicta
1716 4918 1915 4987 conjux
1964 4917 2113 4987 venit

520 4987 594 5042 ibi
611 4986 825 5058 obviam
849 4989 897 5055 ei
916 5006 927 5039 :
946 5005 1109 5058 quam
1136 4985 1436 5043 honoriﬁce
1456 4987 1712 5055 suscepit,
1728 4985 1954 5055 jubente
1976 4985 2110 5043 Gre-

519 5057 700 5138 gorio.
722 5055 1247 5138 Romanopantilige
1280 5075 1411 5138 cum.
1439 5057 1681 5138 aliorum
1733 5058 2111 5138 episcoporum

509 5125 664 5201 justo
680 5125 902 5201 judicio.
936 5149 957 5201 γι
992 5125 1145 5184 Hunc
1164 5129 1415 5201 j‘hegani
1439 5125 2114 5201 locumlaudatillustris-

520 5197 694 5271 simus
710 5199 1144 5271 arcliiepisc0pus
1164 5198 1234 5252 Pa
1244 5197 1485 5271 risiensis
1503 5199 1554 5252 in
1582 5198 1718 5254 libro
1738 5200 1896 5254 tertio
1918 5200 2113 5255 Marcae

521 5266 848 5340 Hispaniae,
896 5266 965 5325 ut
1015 5266 1263 5325 ostendat
1309 5269 1583 5325 Juditham
1621 5271 1817 5325 marito
1847 5271 2113 5326 redditam

520 5334 691 5395 fuisse
713 5340 919 5412 judicio
962 5340 1346 5412 ecclesiastico,
1399 5357 1505 5397 non
1534 5350 1841 5412 autemet;
1894 5341 2115 5409 decreto

523 5411 826 5484 conventus
877 5412 1099 5484 publici.
1146 5411 1450 5484 Ilmc_sunt
1486 5411 1614 5482 .ejus
1656 5411 1819 5484 verba
1851 5429 1865 5465 :
1905 5430 1923 5464 t
1956 5412 2113 5468 Enim

523 5496 658 5553 vero
685 5481 809 5550 quia
836 5480 956 5537 vélo
993 5482 1243 5553 imposito
1268 5480 1491 5551 detrusa
1508 5480 1696 5553 fuerat
1742 5482 1798 5537 in
1840 5491 2116 5553 monaste-

524 5544 1331 5636 rium'pmniteatiie'poblicac
1607 5564 1729 5636 post
1771 5552 1979 5636 crimen
2018 5570 2117 5636 per

523 5634 865 5696 sacramenta
896 5625 1143 5689 dilutum,
1193 5640 1417 5696 necesse
1436 5634 1565 5696 erat.
1589 5624 1649 5678 ut
1674 5624 2116 5696 pmziitcntitein-

524 5691 693 5749 dictio
730 5694 922 5767 injusta
952 5696 1367 5767 rescinderetur.
1392 5691 1653 5763 ld,aute,m
1675 5691 1806 5749 'ﬁcri
1834 5691 2116 5767 conpote-

528 5772 622 5838 rat
652 5766 974 5838 auctaritatc
1018 5766 1182 5837 regia,
1216 5784 1281 5822 ex
1309 5767 1536 5838 decreto
1555 5775 1867 5838 conventus
1889 5766 2111 5838 putlici,

526 5836 624 5892 sed
654 5836 858 5908 judicio
888 5849 943 5897 et
978 5835 1247 5911 potestate
1283 5836 1671 5893 ecclesiastica.
1721 5835 2112 5903 Quod'factum

516 4565 717 4691 glacito
758 4565 811 4619 iu
857 4564 1483 4648 Niumaga,'_imperator
1534 4564 1658 4619 inde
1713 4578 1981 4645 reversus,
2039 4565 2105 4620 ad
2132 4594 2185 4653 Ι)

567 4635 861 4691 ctiasarani
913 4636 1173 4691 ualattum
1219 4637 1286 4689 ad
1332 4635 1681 4691 liiemandum
1705 4643 1979 4691 pervenit:
2014 4635 2105 4689 ubi

2203 3364 2332 3418 olim
2384 3364 2730 3421 Innocentius
2787 3366 3012 3435 primus.
3067 3365 3144 3418 Ex
3192 3365 3795 3435 eadetnpcrsonarum

2206 3434 2467 3505 dignitate
2492 3433 2815 3505 profectum}
2846 3445 2904 3489 ut
2938 3436 3005 3490 de
3033 3435 3264 3505 divortio
3288 3433 3723 3505 Lothariiregis
3747 3445 3801 3490 et

2206 3504 2560 3576 Theutpergae
2574 3517 2753 3560 actum
2770 3506 2935 3562 fuerit
2951 3521 3135 3561 coram
3149 3504 3419 3561 Nicolaol.
3433 3505 3587 3560 Adeo
3602 3504 3663 3563 ut
3683 3521 3801 3575 qum

2207 3575 2546 3632 liodie’ﬁunt
2593 3578 2647 3630 in
2702 3578 2881 3633 causis
2911 3589 3098 3647 regum
3124 3575 3509 3632 ecclesiasticis
3534 3576 3617 3647 ad.
3653 3592 3801 3632 sum-

2209 3662 2354 3717 mum
2382 3648 2690 3717 pontiﬁcem
2724 3646 3039 3709 relationes,
3071 3660 3178 3702 non
3211 3654 3436 3702 careant
3462 3646 3577 3702 suis
3606 3660 3798 3701 exem-

2207 3716 2310 3785 plis
2344 3716 2515 3787 {quae
2563 3718 2867 3774 crebriores
2916 3717 3093 3782 factae,
3142 3725 3428 3787 postquam
3478 3716 3796 3785 pontiﬁcum

2209 3786 2487 3857 rescriptis
2508 3804 2540 3842 a
2560 3789 2938 3859 jnrisdictione
2959 3786 3234 3859 ordinaria
3260 3786 3543 3859 principes
3557 3786 3797 3857 exempti

2210 3867 2335 3929 sunt
2364 3876 2378 3912 :
2409 3857 2606 3928 quibus
2635 3870 2816 3915 tamen
2838 3858 3157 3929 privilegiis,
3184 3859 3229 3913 si
3260 3874 3349 3917 res
3377 3858 3450 3929 ita
3466 3857 3638 3929 ferat,
3666 3859 3797 3927 quin

2209 3928 2275 4000 ad
2307 3936 2518 3999 tempus
2546 3931 2858 3985 renuntiare
2888 3928 3113 4000 possint,
3137 3936 3194 3985 et
3213 3929 3351 3986 ratio
3368 3928 3517 3998 juris
3529 3936 3591 3984 et
3610 3943 3772 3984 exem

2176 3998 2297 4071 -pla
2331 3998 2577 4081 dubitare
2602 4016 2715 4081 pou
2758 3998 2962 4081 sinunt.
3013 3999 3153 4081 Olim
3208 4013 3422 4081 quoque
3460 4005 3799 4081 perpetuum

2209 4070 2318 4124 non
2339 4079 2459 4125 erat
2497 4078 2559 4126 ut
2599 4070 2656 4125 in
2692 4071 2877 4131 causis
2916 4070 3170 4126 omnibus
3193 4070 3574 4127 ecclesiasticis
3598 4070 3777 4140 princt

2208 4153 2336 4209 pum
2378 4150 2787 4210 exspectaretur
2828 4141 3127 4196 auctoritas
3171 4142 3367 4196 summi
3402 4141 3694 4211 pontiﬁcis,
3745 4148 3797 4195 ut

2209 4220 2360 4280 patet
2387 4226 2453 4265 ex
2483 4212 2799 4280 ptenitentia
2836 4212 3053 4281 publica
3080 4227 3176 4281 per
3204 4211 3313 4267 vim
3348 4212 3549 4267 indicta
3584 4211 3655 4265 ab
3705 4211 3778 4266 ali

2211 4288 2345 4353 quot
2388 4282 2658 4353 episcopis
2706 4283 2981 4338 Ludovico
3036 4282 3134 4338 Pio
3175 4282 3519 4353 imperatori;
3559 4297 3686 4351 quae
3734 4283 3804 4337 ab

2210 4351 2477 4421 episcopis
2506 4351 2627 4408 aliis
2656 4354 2828 4409 soluta
2850 4361 2954 4418 est,
2986 4370 3093 4409 non
3118 4351 3365 4410 consulto
3391 4352 3633 4411 Romano
3660 4368 3805 4421 pono

2212 4423 2381 4495 tilice,
2416 4423 2681 4495 restitutis
2722 4424 2951 4495 principi
2981 4425 3148 4479 armis
3174 4433 3224 4480 et
3256 4439 3457 4495 corona
3476 4432 3534 4481 et
3555 4424 3807 4479 vestibus

2211 4494 2397 4565 regiis,
2427 4494 2622 4565 quibus
2651 4492 2738 4550 ob'
2759 4492 3399 4565 ptenitentiamprivatus
3429 4492 3602 4549 fuerat
3631 4511 3644 4546 :
3684 4508 3809 4565 quge

2212 4564 2485 4637 restitutio
2532 4564 2850 4621 confirmata
2874 4574 2960 4637 est
2992 4581 3022 4620 a
3048 4564 3255 4637 synodo
3287 4566 3524 4635 plenariu
3549 4582 3637 4637 an.
3669 4564 3803 4625 835.

2212 4643 2273 4690 ut
2301 4636 2458 4689 docet
2493 4644 2683 4693 auctor
2711 4638 2845 4693 Viue
2870 4635 3150 4700 Ludovici,
3178 4636 3500 4700 Nithardus,
3527 4646 3580 4691 et
3606 4635 3805 4689 Anna-

2211 4706 2290 4760 les
2342 4705 2657 4761 Bertiniani.
2695 4727 2712 4760 ι
2744 4707 3018 4762 Hactenus
3057 4707 3255 4761 Mar-ca.
3304 4706 3362 4761 in
3409 4709 3596 4762 eadem
3633 4720 3809 4775 porro

2212 4776 2627 4847 Noviomagensi
2644 4780 2872 4847 synodo,
2888 4776 3043 4846 cujus
3057 4778 3380 4833 auctoritate
3399 4778 3577 4835 ludit!)
3601 4778 3808 4832 marito

2212 4847 2420 4902 reddita
2445 4856 2549 4919 est,
2573 4846 2727 4919 Jesée
2756 4847 3137 4905 Ambianensis
3166 4848 3467 4919 episc0pus,
3496 4858 3554 4903 ut
3586 4847 3806 4916 Timga-

2212 4933 2316 4972 nus
2365 4918 2561 4989 tradit,
2605 4937 2623 4969 ί
2649 4918 2799 4989 justo
2842 4919 3048 4989 judicio
3093 4918 3809 4989 epiSooporumidepositus

2214 4997 2317 5044 est.
2357 5009 2375 5040 ι
2406 4988 2577 5055 Quam
2636 4988 2789 5045 lesse
2835 4988 3226 5059 depositionem
3277 4990 3344 5044 ab
3395 4990 3612 5046 Euboue
3656 4989 3806 5044 Rbe-

2214 5061 2389 5115 mensi
2420 5061 2828 5130 archiepiscopo
2851 5071 3135 5130 peractam,
3156 5059 3323 5115 fuisse
3348 5061 3505 5118 docet
3540 5059 3809 5115 Flodoar-

2215 5131 2316 5187 dus
2339 5130 2433 5186 lib.
2467 5147 2507 5185 ιι
2533 5129 2671 5186 Hist.
2726 5129 2882 5187 Rom.
2927 5147 3047 5201 cap.
3080 5129 3170 5197 20,
3205 5130 3365 5200 idque
3392 5149 3413 5182 ι
3443 5146 3541 5201 pro
3568 5130 3806 5186 inﬁdeli-

2214 5210 2325 5257 tate
2358 5202 2723 5273 imperatoris.
2755 5222 2775 5257 ι

2288 5273 2314 5312 b
2354 5272 2487 5343 Regi
2496 5274 2687 5397 lpatri,
2715 5273 2768 5329 id
2796 5281 2900 5339 est,
2923 5272 3200 5329 Ludovico
3220 5274 3334 5345 regi
3356 5272 3682 5339 Germaniae,
3707 5272 3807 5343 qui

2288 5344 2461 5397 itharii
2518 5352 2663 5397 ratcr
2695 5353 2833 5397 erat.
2930 5390 2935 5397 .
3469 5380 3477 5397 ε
3580 5382 3587 5393 ,

2215 5342 2461 5403 Lotharii
2496 5342 2663 5401 frater
2695 5353 2833 5401 erat.
2930 5390 2935 5397 .
3287 5342 3306 5345 ⁷
3469 5380 3477 5403 τ
3580 5382 3587 5393 ς

2291 5424 2311 5452 c
2354 5412 2551 5488 Puero,
2582 5415 2775 5474 Carolo
2821 5424 3185 5488 cognomento
3200 5415 3393 5488 Calvo;
3412 5415 3505 5488 qui
3532 5423 3657 5488 tum
3670 5420 3810 5488 erat

2221 5484 2716 5563 admodum__puer,
2760 5495 2819 5541 ut
2863 5484 3011 5558 patet
3049 5504 3126 5563 ex_
3170 5484 3597 5563 Vita‘Ludovici
3622 5484 3705 5539 Pii
3732 5484 3807 5539 ad
3844 5516 3857 5563 τ

2218 5569 2417 5627 annum
2466 5555 2613 5617 855.:
2649 5575 2668 5607 ί
2700 5555 2880 5627 Ipsum
2929 5574 3057 5614 veno
3102 5557 3393 5614 Lotbarins
3422 5559 3633 5615 adsua
3674 5570 3808 5609 cum
3844 5555 3855 5587 ί

2217 5624 2413 5680 Carolo
2437 5624 2738 5697 admodum
2754 5643 2924 5697 puero
2956 5628 3194 5685 deduxit.
3229 5648 3250 5682 ι
3278 5628 3654 5687 Natus-mutem
3681 5635 3806 5697 erat

2215 5696 2522 5827 ἰιῦιᾶιὲνῗὲξ,
2552 5714 2740 5756 mense
2760 5696 2952 5765 iunio,
2984 5709 3044 5758 ut
3073 5700 3241 5759 tradit
3274 5699 3423 5757 idem
3450 5707 3643 5757 auctor
3665 5696 3808 5756 Vim
