4012 6338
177 405 365 464 315³

1269 401 1476 460 LIBER
1514 401 1653 461 PRO
1690 400 1891 460 FlLllS
1929 400 2254 463 LUDOVlCl
2290 402 2397 461 Pl].

3343 408 3452 467 3M
3520 463 3528 477 ,

175 520 433 580 Ecclesia
461 519 556 575 dei
586 517 727 583 vivi,
758 516 1006 575 columna
1048 525 1105 573 et
1130 517 1530 577 ﬁrmamentum
1570 522 1767 576 verita-
1791 519 1846 581 A
1868 517 2142 586 dicuntur,
2201 520 2349 577 ludat
2382 520 2682 592 pueriliter,
2736 507 3107 593 spectantibus
3130 525 3312 583 .etiam
3355 529 3457 586 ali-

176 616 285 679 tis,
350 622 475 669 orat
526 621 585 669 ut
630 612 1098 670 Christianissimo
1173 615 1487 685 imperatori
1551 616 1771 671 barbari

174 706 565 777 subiiciantur,
604 719 715 760 non
756 712 819 759 ut
862 700 1090 775 subjecti
1128 707 1518 762 conturbentur
1558 714 1613 761 et
1646 706 1772 762 bar-

169 801 517 858 barizentur.
552 798 737 869 Neque
765 800 911 855 enim
939 798 1393 856 Christianissimi
1426 801 1770 872 imperatoris

169 900 259 949 est
288 891 563 960 sul-jectos
596 891 891 947 exturbare
924 899 979 947 et
1015 892 1199 947 unitos
1222 892 1488 949 dividere.

243 983 336 1038 ιν.
378 981 424 1038 ο
460 981 690 1037 Domine
717 981 864 1037 Deus
892 982 1018 1038 cteli
1045 998 1108 1039 ac
1136 990 1318 1049 terrae,
1348 999 1448 1039 cur
1469 983 1767 1055 permisisti

168 1055 555 1129 fidelissimum
585 1081 641 1128 et
673 1072 1199 1131 Christianissimum
1229 1089 1445 1131 servum
1482 1083 1635 1131 tuum
1664 1076 1765 1130 im-

162 1170 485 1233 peratorem
499 1154 743 1217 nostrum
764 1163 818 1218 in
848 1171 1050 1219 tantam
1078 1165 1336 1220 devenire
1361 1165 1760 1236 negligentiam,

167 1265 198 1294 ι
226 1262 295 1308 ut
355 1244 549 1309 videre
576 1246 722 1310 'nolit
765 1257 963 1326 quibus
1026 1257 1184 1313 malis
1244 1258 1608 1315 circumdatus
1661 1260 1766 1315 sit?

165 1344 359 1417 Diligit
385 1338 532 1401 enim
557 1346 910 1414 odientes'se,
939 1354 998 1403 et
1024 1348 1141 1403 odit
1166 1348 1458 1419 diligentes
1488 1365 1566 1405 se.
1623 1349 1765 1417 Quid

164 1438 212 1495 si
246 1432 449 1494 verum
479 1430 737 1508 est-quod
757 1438 1023 1510 plerique,
1055 1440 1148 1510 qui
1176 1439 1427 1495 subtilius
1464 1440 1763 1514 intelligere

162 1520 784 1597 vide:rtur‘,'allirmant;
824 1530 969 1601 quod
1004 1530 1217 1586 scilicet
1243 1532 1353 1587 sint
1391 1531 1555 1602 aliqui
1594 1534 1649 1587 in
1685 1534 1763 1588 la-

161 1628 284 1675 tere
310 1618 452 1688 ejus,
489 1620 583 1691 qui
623 1619 898 1675 inhianter
931 1628 1252 1689 exspectant
1283 1621 1665 1678 exterminium
1700 1622 1762 1677 li-

160 1710 364 1766 liorum
386 1711 542 1781 ejus?
569 1710 723 1779 Quod
752 1710 797 1766 si
821 1709 1077 1775 viderint,
1109 1710 1364 1766 collatum
1392 1712 1594 1769 habent
1621 1714 1762 1771 inter

160 1815 222 1854 se
246 1808 315 1854 ut
353 1798 409 1855 in
444 1800 831 1869 imperatorem
881 1799 1100 1855 mittant
1141 1816 1385 1869 manum,
1424 1811 1480 1857 et
1506 1804 1534 1843 ι)
1558 1804 1761 1875 disper-

159 1893 307 1947 tiant
353 1890 458 1947 sibi
504 1906 755 1964 regnum.
797 1890 913 1946 Hoc
944 1899 1129 1946 utrum
1173 1902 1360 1947 verum
1389 1892 1482 1959 sit,
1528 1894 1630 1963 ipsi
1661 1909 1758 1950 no-

157 1991 313 2039 runt.
348 1982 501 2038 Multi
540 1990 723 2037 tamen
758 1989 904 2048 sunt,
957 1983 1048 2053 qui
1088 1998 1197 2051 non
1225 1985 1508 2056 ambigunt
1543 1985 1663 2042 illos
1688 1987 1757 2043 de

156 2073 367 2144 quibus
394 2074 615 2138 dicitur,
659 2073 734 2128 ita
764 2074 1081 2130 incumbere
1122 2089 1323 2147 regno,
1372 2085 1629 2148 tanquam
1664 2094 1757 2149 pa-

158 2164 285 2219 rieti
320 2164 585 2220 inclinato
625 2173 682 2219 et
722 2165 972 2221 maceria:
1010 2166 1273 2237 impulsae.
1318 2168 1471 2226 Unde
1509 2178 1752 2238 constat,

156 2256 288 2325 quia
320 2255 607 2309 nisi-Deus
646 2257 992 2321 subvenerit,
1032 2267 1128 2313 aut
1165 2261 1369 2316 exteris
1412 2261 1630 2319 dabitur
1662 2279 1751 2321 re-

157 2362 351 2418 gnum,
382 2354 480 2415 aut
510 2347 566 2401 in
599 2347 798 2409 multos
826 2354 1088 2418 tyrannos
1111 2348 1497 2419 dispertietur;
1521 2355 1664 2423 quod
1693 2355 1750 2410 in

157 2439 265 2493 hoc
292 2437 630 2493 assimilatur
669 2456 683 2492 :
717 2439 973 2510 quoniam
1011 2441 1330 2510 imperator,
1358 2446 1449 2513 qui
1491 2447 1750 2506 adversus

154 2528 521 2583 barbarorum
568 2543 724 2599 reges
755 2528 897 2584 bella
929 2527 1078 2598 justa
1117 2531 1408 2601 disponere
1455 2535 1748 2605 debuerat,

156 2623 425 2677 adversus
470 2621 758 2677 dilectores
799 2621 883 2678 sui
922 2621 1067 2679 ﬁlios
1095 2622 1292 2692 injusta
1318 2641 1480 2697 agere
1502 2638 1676 2700 parat.

235 2713 300 2768 ν.
342 2715 544 2771 Dicunt
572 2714 742 2773 etiam
770 2714 937 2786 aliqui
967 2717 1112 2788 quod
1140 2728 1162 2757 α
1195 2719 1414 2777 domina
1441 2724 1627 2792 palatii
1666 2742 1752 2783 se-

155 2806 540 2873 nierieratra
565 2806 658 2863 illa
675 2821 796 2878 quae
817 2808 884 2867 de
903 2804 1021 2878 ejus
1051 2808 1283 2867 occultis
1305 2820 1363 2868 et
1388 2828 1495 2870 non
1522 2817 1749 2877 occultis

1873 611 2069 681 quibus
2104 613 2170 669 de
2210 615 2399 670 ordine
2435 616 2778 682 sacerdotali,
2820 625 2875 672 et
2913 616 2940 658 ἀ
2974 619 3247 692 plerisque
3287 616 3457 680 collu-

1872 703 2143 771 dentibus,
2191 706 2282 777 qui
2323 705 2643 779 (secundum
2694 707 2926 764 formam
2969 726 3131 781 quam
3160 706 3450 783 Apostolus

1871 794 2063 850 scribit
2102 797 2170 852 de
2214 797 2477 870 eligendis
2520 799 2808 870 episcopis,
2856 801 3083 856 dicens:
3110 801 3309 858 Domus
3337 820 3451 859 siue

1870 885 1996 941 bene
2020 890 2379 959 prapositunt,
2407 888 2548 958 ﬁlios
2575 889 2846 945 habentem
2879 891 3115 946 subditos
3147 909 3267 947 cum
3304 894 3450 949 omni

1867 977 2139 1043 castitate;
2174 980 2308 1050 quia
2347 980 2394 1034 si
2437 980 2554 1051 quis
2596 981 2783 1036 domus
2827 998 2940 1037 sua:
2984 1000 3207 1053 prwesse
3266 985 3448 1050 nescit,

1865 1068 2126 1139 quomodo
2157 1067 2413 1125 Ecclesia:
2444 1070 2543 1125 Dei
2583 1070 2911 1142 diligentiam
2948 1072 3219 1145 habebit?)
3258 1074 3454 1145 praedi-

1864 1176 1992 1216 care
2027 1162 2326 1217 debuerant
2355 1162 2585 1218 dominre
2627 1162 2875 1219 ludenti:
2921 1162 2981 1219 Si
3008 1179 3116 1234 qua
3144 1165 3327 1235 regina
3365 1181 3451 1220 se-

1864 1250 2151 1320 metipsam
2191 1266 2385 1323 regere
2405 1267 2515 1307 non
2563 1253 2738 1319 novit,
2773 1255 3042 1324 quomodo
3071 1254 3141 1311 de
3166 1256 3451 1311 honestate

1862 1344 2047 1414 palatii
2092 1360 2276 1400 curam
2322 1346 2581 1402 habebit?
2630 1354 2726 1403 aut
2766 1348 3037 1417 quomodo
3084 1348 3449 1420 gubernacula

1863 1437 2017 1508 regni
2064 1437 2353 1509 diligenter
2403 1440 2664 1494 exercet?
2698 1439 2978 1497 Reducere
3021 1456 3238 1512 quoque
3282 1440 3333 1495 ei
3379 1439 3450 1496 ad

1862 1528 2181 1583 memoriam
2231 1531 2549 1596 debuerant,
2602 1531 2747 1601 quod
2791 1532 3115 1601 supradicta:
3162 1531 3446 1588 sententia:

1860 1629 2223 1691 congruenter
2257 1621 2429 1693 aptari
2463 1629 2662 1693 potest,
2690 1629 2949 1692 quantum
2984 1630 3165 1677 tamen
3192 1622 3260 1677 ad
3287 1629 3443 1677 exte-

1859 1709 2059 1765 riorem
2109 1724 2325 1767 sensum
2375 1712 2633 1782 pertinet,
2677 1713 2823 1782 quod
2871 1713 2927 1767 in
2970 1712 3079 1767 alio
3121 1712 3240 1781 loco
3283 1726 3437 1768 sacra

1861 1800 2142 1873 Scriptura
2171 1803 2301 1858 dicit
2330 1822 2343 1856 :
2379 1803 2578 1859 Mulier
2601 1803 2823 1875 diligens
2852 1820 3047 1859 corona
3070 1813 3144 1859 est
3171 1805 3279 1859 viro
3307 1820 3439 1869 suo;

1783 1876 1834 1938 Β
1859 1902 1910 1949 et
1929 1894 2151 1964 putredo
2198 1896 2254 1949 in
2282 1895 2483 1950 ossibus
2521 1896 2637 1965 ejus
2661 1912 2780 1965 qua
2820 1895 3126 1964 confusione
3148 1911 3228 1949 res
3252 1894 3442 1965 dignas

1858 1989 2012 2058 gerit.
2046 1988 2115 2042 Et
2140 1988 2337 2043 iterum
2371 2005 2386 2043 :
2436 1987 2591 2043 Tecta
2636 1988 2988 2059 perstillantia
3023 1990 3081 2043 in
3114 1988 3200 2043 die
3230 1988 3446 2059 frigoris

1857 2076 2157 2149 e't'litigiosa
2185 2077 2377 2133 mulier
2402 2088 2796 2150 comparantur.
2824 2077 2929 2144 Qui
2952 2078 3132 2141 retinet
3155 2094 3270 2132 eam
3292 2077 3445 2153 quasi

1857 2171 1948 2242 qui
1995 2180 2201 2226 ventum
2245 2179 2436 2235 teneat,
2486 2180 2534 2225 et
2583 2169 2759 2227 oleum
2786 2170 3012 2231 dextera:
3053 2186 3164 2225 sua:
3210 2177 3439 2225 evacuet.
3472 2214 3482 2229 ι

1859 2264 1967 2321 Sed
1991 2264 2131 2321 forte
2157 2264 2398 2320 dicturus
2420 2271 2503 2320 est
2528 2263 2724 2333 aliquis
2750 2282 2763 2316 :
2790 2262 2916 2318 llaec
2940 2277 3048 2317 non
3074 2269 3159 2317 est
3183 2260 3442 2331 litigiosa,

1851 2357 1948 2414 sed
1983 2368 2007 2397 ο
2036 2356 2244 2423 suavis,
2278 2365 2332 2411 et
2360 2355 2581 2411 blanda.
2633 2354 2843 2423 Quibus
2871 2353 3053 2409 verbis
3106 2352 3440 2423 responden-

1858 2452 1986 2507 dum
2016 2457 2117 2516 est,
2151 2464 2259 2505 non
2295 2457 2379 2504 est
2415 2448 2591 2519 majus
2621 2448 2883 2520 litigium,
2922 2462 3085 2519 quam
3118 2445 3245 2501 boni
3272 2443 3444 2515 patris

1854 2541 2027 2598 bonos
2086 2540 2226 2596 ﬁlios
2272 2540 2518 2605 irritare,
2573 2541 2929 2603 exacerbare,
2975 2539 3336 2601 exhonorare,
3383 2544 3444 2591 et

1853 2634 2067 2705 penitus
2106 2648 2137 2687 a
2164 2641 2318 2705 patre
2359 2631 2596 2687 alienare
2630 2630 2768 2687 velle
2798 2648 2811 2684 :
2840 2645 2963 2701 quae
2998 2630 3125 2700 quia
3165 2629 3184 2667 ί
3218 2636 3439 2700 propter

1856 2727 2026 2784 solam
2056 2714 2514 2798 pulchritudinem
2542 2740 2572 2779 a
2601 2723 2719 2779 viro
2745 2720 3042 2779 inofliciose
3066 2720 3216 2793 diligi
3244 2720 3436 2786 fertur,

1857 2818 2236 2875 inculcandum
2300 2817 2521 2888 utrique
2569 2815 2751 2872 fuerat
2805 2815 2945 2885 quod
3003 2813 3203 2870 iterum
3249 2812 3439 2868 eadem

1564 2908 1838 2971 BALUZII
1871 2911 2104 2971 NOTAE.

227 3003 255 3031 ι
299 2989 368 3045 Ut
398 2990 574 3069 videre
612 2989 743 3069 nolit
774 2991 918 3069 quibt
950 2992 1124 3069 atatis.
1157 2992 1282 3069 Htec
1325 3002 1438 3052 tum
1474 3013 1529 3053 m
1559 2999 1751 3069 vulgus

145 3061 388 3137 jactatat
412 3061 621 3116 Auctor
644 3060 1063 3137 Yitas’budovici
1093 3082 1107 3119 :
1138 3083 1156 3115 ‹
1189 3064 1358 3123 Porro
1379 3076 1586 3137 patrem
1613 3060 1749 3128 adeo

150 3130 481 3201 quibusdam
505 3130 789 3202 praestigiis
816 3132 1045 3193 elusum.
1078 3142 1137 3189 ut
1164 3137 1276 3191 haec
1302 3130 1406 3191 non
1435 3139 1593 3195 modo
1632 3158 1742 3199 non

149 3202 454 3274 vindicare,
485 3202 578 3274 sed
602 3218 703 3257 nec
722 3204 1002 3259 advertere
1027 3215 1227 3274 posset.
1261 3227 1278 3258 ι

226 3272 255 3311 b
286 3271 609 3349 Dispertiant
633 3274 733 3349 sibi
765 3276 998 3349 regnant.
1024 3271 1123 3349 Sic
1147 3276 1345 3349 Capito
1366 3277 1742 3349 Cossutianus,

144 3341 239 3395 vir
265 3340 454 3416 animo
477 3342 544 3394 ad
573 3340 769 3416 ﬂagitia
816 3340 1104 3416 praecipiti,
1144 3340 1270 3401 dum
1304 3348 1569 3405 Neronem
1597 3340 1745 3409 excil

145 3419 313 3494 taret
348 3411 415 3464 ad
444 3411 665 3494 mortem
698 3411 1127 3494 Thraseml'hzec
1164 3418 1304 3494 inter
1353 3419 1471 3494 alia
1498 3422 1572 3475 ait
1601 3425 1743 3494 apud

145 3481 412 3559 Tacitum
443 3482 492 3535 in
516 3481 647 3537 libro
675 3484 1078 3559 xvrtAnnaliukm
1109 3504 1122 3541 :
1149 3506 1166 3537 ι
1193 3488 1262 3544 Ut
1285 3490 1566 3559 imperium
1590 3481 1743 3550 ever-

144 3560 297 3613 tant,
315 3551 624 3629 _libertatem
657 3554 967 3629 praefemnt.
1011 3556 1065 3629 Si
1111 3551 1491 3629 perverterint,
1522 3562 1743 3619 liberta-

141 3631 263 3704 tem
311 3622 484 3705 ipsam
530 3622 927 3705 aggrediemur.
959 3622 1296 3705 [Pro-prium
1332 3622 1487 3705 isane'
1519 3634 1741 3691 humani

144 3692 352 3775 ingenii
382 3701 486 3757 est,
519 3692 655 3775 vitia
700 3698 892 3751 sectari
912 3698 1022 3775 sub
1050 3692 1267 3775 nomine
1294 3700 1575 3775 virtutum,
1606 3721 1739 3760 con-

142 3762 382 3842 siliaque
427 3765 569 3818 mala
616 3775 799 3842 tegere
844 3768 945 3822 sub
973 3770 1151 3839 specie
1187 3769 1333 3842 boni.
1381 3772 1447 3827 Et
1472 3762 1572 3842 qui
1599 3775 1740 3831 bella

142 3834 333 3912 civilia
360 3843 604 3912 movent,
639 3834 837 3912 heram
880 3834 1094 3912 semper
1116 3840 1390 3910 publicum
1416 3834 1737 3912 praetexunt.

143 3901 446 3981 Sallustius
466 3904 523 3960 in
548 3905 781 3981 Catilina
813 3925 826 3962 :
864 3927 883 3958 ι
919 3901 1181 3979 Namque,
1209 3913 1286 3966 uti
1329 3901 1516 3981 paucis
1549 3931 1737 3972 verum

142 3975 453 4053 absolvam,
472 3990 583 4053 per
609 3977 701 4053 illa
733 3986 978 4053 tempora
1006 3975 1314 4053 quicunque
1329 3975 1737 4053 rempublicam

140 4046 447 4126 agitavere,
472 4046 717 4103 honestis
738 4046 1066 4116 nominibus,
1090 4052 1201 4115 alii,
1227 4046 1387 4126 sicuti
1406 4046 1531 4121 jura
1554 4057 1737 4126 populi

139 4114 523 4189 defenderent,
556 4133 705 4187 pars,
743 4135 851 4189 quo
895 4114 1115 4177 senatus
1150 4114 1446 4179 auctoritas
1485 4114 1738 4184 maxuma

137 4184 539 4269 foret,tbonum
557 4184 838 4269 publicum
879 4191 1216 4259 simulantes,
1246 4209 1345 4264 pro
1382 4210 1478 4250 sua
1507 4197 1736 4268 quisque

136 4264 389 4326 potentia
419 4265 682 4313 certabat.
720 4280 738 4314 ι

185 4338 240 4409 ηε
284 4327 515 4409 Domina
542 4328 726 4409 palatii
771 4332 1013 4409 senioris,
1056 4333 1108 4389 id
1135 4342 1239 4409 est,
1269 4335 1452 4407 palatii
1475 4336 1733 4394 Ludovici

134 4396 261 4475 Pii,_
299 4399 395 4475 qui
444 4396 609 4470 paulo
655 4408 778 4475 ante
826 4396 1008 4459 dictus
1038 4413 1129 4475 rest
1177 4396 1470 4475 imperator
1515 4409 1728 4475 senior;

135 4468 459 4548 Letharjus'
482 4485 640 4548 vero,
673 4472 1011 4548 imperator”
1027 4474 1231 4544 junior.
1254 4468 1404 4548 'Nam
1444 4468 1731 4548 postquam

132 4539 464 4615 Lotharium
482 4539 785 4599 Ludovicus
806 4539 1345 4615 imperii'consortem
1369 4539 1516 4611 fecit,
1539 4539 1732 4604 lrinin-

132 4609 692 4690 gat-diquomigustze
714 4609 959 4690 sociavit,
992 4617 1160 4671 divisa
1187 4626 1272 4671 est
1308 4609 1512 4690 familia
1536 4634 1729 4690 regna-

135 4681 282 4743 trix;
309 4681 719 4756 Ludovicnsquc
742 4685 876 4740 citra
897 4686 1059 4756 Alpes
1081 4703 1386 4753 remanens,
1413 4681 1728 4744 LozhaFium

132 4764 335 4829 regere
369 4748 577 4829 Italiam
608 4748 788 4829 jussit.
817 4748 1183 4829 Hinc-duplex
1209 4748 1418 4824 domus,
1447 4760 1561 4814 sive
1584 4760 1730 4829 pala-

134 4823 279 4893 tium
308 4823 619 4893 :palatium’
654 4826 855 4891 senius,
895 4823 1086 4883 domus
1121 4826 1373 4883 Ludovici
1406 4848 1418 4882 :
1452 4823 1595 4885 aliud
1618 4830 1726 4885 Lo-

130 4891 306 4968 t_hari_i
332 4891 543 4968 domus.
569 4893 749 4968 Judith
772 4912 922 4968 ergo,
946 4913 1065 4967 qua:
1086 4897 1342 4954 Ludovici
1371 4898 1563 4968 conjux
1586 4910 1723 4965 erat,

129 4963 361 5035 domina
400 4964 501 5019 fuit
525 4965 709 5035 palatii
741 4963 993 5023 senioris.

206 5032 235 5072 ἀ
281 5031 574 5112 Plerisque
607 5036 1275 5112 coliudentibustuDamnat
1315 5040 1595 5110 episcopos
1632 5041 1726 5112 qui

126 5104 516 5182 cum‘iuditiia
560 5107 817 5182 ludebant
860 5109 1156 5179 pueriliter,
1188 5104 1441 5182 itemque
1485 5104 1578 5166 eos
1632 5104 1723 5182 qui

167 5174 368 5250 oet-ilia
414 5174 505 5250 illa
542 5174 946 5249 .oblectamcuta
1002 5174 1432 5250 spectabantfac
1478 5174 1724 5237 fortassis

188 5246 451 5322 udabant.
481 5246 627 5322 Istud
657 5250 829 5322 ipsum
858 5246 1456 5322 etiam'iupresbyteris
1478 5253 1576 5307 hac
1609 5252 1723 5321 ipsa

123 5325 299 5391 aetate
348 5319 628 5373 damnavit
672 5321 912 5375 Romana
962 5321 1197 5391 synodus
1242 5319 1340 5375 sub
1393 5319 1639 5391 Eugenio
1679 5322 1724 5378 ll

124 5388 587 5463 celebratatqtne
602 5391 680 5445 sic
702 5392 929 5446 sancivit
950 5388 1069 5463 capt
1098 5391 1158 5445 ll
1191 5409 1204 5443 :
1240 5411 1257 5442 ι
1290 5388 1554 5463 Sacerdos
1577 5393 1723 5448 enim

122 5448 325 5531 sedule
350 5448 532 5514 divitia
560 5461 715 5516 debet
741 5448 1073 5531 perscrutari
1100 5470 1153 5516 et
1175 5463 1465 5516 admonere
1487 5462 1720 5531 eloquia,

123 5540 190 5603 ut
242 5530 556 5603 inveniatur
600 5530 787 5587 beatus
836 5538 903 5587 de
947 5546 1054 5603 quo
1091 5531 1373 5603 Psalmista
1410 5534 1487 5587 ait
1515 5552 1543 5587 ε·
1568 5530 1635 5589 Et
1664 5536 1722 5589 in

120 5599 242 5683 lege
276 5600 393 5671 ejus
422 5601 759 5683 meditabitur
780 5603 865 5683 die
886 5620 948 5657 ac
964 5599 1142 5683 nocte.
1170 5602 1530 5683 Quamobrem
1566 5603 1719 5660 ludos

120 5673 349 5741 aliquos
389 5682 571 5727 curam
602 5686 660 5726 se
688 5673 805 5729 ﬁeri
845 5689 950 5727 non
979 5674 1293 5727 delectt-tur.
1329 5674 1722 5743 Transgressor

162 5744 333 5814 uippc
361 5744 634 5807 inventus,
660 5745 1023 5799 admonitione
1050 5745 1285 5815 episcnpi
1315 5744 1539 5799 ulterius
1561 5760 1721 5816 agere

118 5760 369 5867 gesinat.
402 5812 497 5867 Sin
529 5825 730 5867 autem.
760 5816 1018 5867 canonice
1038 5815 1326 5867 iudicetur.
1364 5837 1382 5867 ›
1472 5824 1479 5833 ⁸

162 5812 369 5884 esinat.
402 5812 497 5867 Sin
529 5825 730 5880 autem,
760 5816 1018 5870 canonice
1033 5812 1326 5884 iudicetur.
1364 5837 1382 5867 ›
1472 5824 1479 5833 ⁸

210 5896 236 5924 ο
277 5883 467 5938 Suavis
515 5894 561 5938 et
612 5885 824 5941 blanda.
880 5883 1203 5949 Hinc’nate't
1245 5884 1428 5943 Iudith
1461 5884 1721 5945 feminam

1770 3226 1815 3290 ο
1846 3212 1963 3290 haec
2010 3212 2328 3290 Agohardus
2371 3226 2799 3290 commemorare
2844 3226 2909 3290 au

1754 4585 1808 4647 D

1848 3003 2015 3059 fuisse
2062 2999 2286 3071 insignis
2333 2998 2608 3054 comitatis
2654 3004 2710 3071 et
2751 2995 3112 3071 urbanitatis;
3156 3010 3265 3052 non
3306 3009 3439 3071 vero

1847 3074 2086 3129 ferocem
2112 3067 2193 3126 ac'
2222 3071 2534 3140 superbam,
2570 3078 2630 3123 ut
2665 3067 2880 3140 feminis
2935 3069 3269 3140 contingere
3297 3067 3436 3140 solet

1848 3160 1970 3216 qua:
2016 3145 2073 3216 in
2119 3137 2384 3216 summam
2414 3140 2688 3195 fortunam
2730 3139 3052 3216 evebunturt
3087 3137 3191 3193 Sed
3222 3138 3436 3216 videtur

2949 3210 3143 3263 endam
3180 3208 3246 3263 ad
3294 3208 3432 3261 invi-

1847 3226 1963 3271 nzec
2010 3226 2328 3285 Agonaraus
2371 3226 2799 3266 commemorare
2844 3226 3143 3332 augendam
3180 3226 3246 3263 au
3294 3226 3432 3261 anl-

1847 3286 2014 3346 diam,
2044 3300 2109 3339 ac
2130 3283 2173 3337 si
2201 3283 2327 3337 hinc
2356 3281 2531 3352 colligi
2561 3289 2744 3352 posset
2771 3279 2952 3352 Juditi
2989 3294 3119 3352 esset
3133 3278 3432 3352 adulteram

1847 3371 1911 3411 ac
1951 3354 2315 3411 meretricem.
2357 3348 2577 3423 Nam'et'
2616 3352 2758 3423 apud
2799 3348 3067 3423 Senecam
3107 3349 3201 3405 lib.
3226 3366 3265 3413 l,
3292 3348 3435 3423 Con-

1844 3434 1985 3482 trov.
2017 3426 2073 3491 2,
2108 3424 2302 3480 Junius
2347 3422 2522 3479 Gallio
2576 3420 2866 3491 de‘pnella
2912 3423 3166 3491 quadam,
3214 3436 3335 3491 quae
3376 3420 3431 3475 in

1845 3495 2146 3569 prostibqu
2169 3494 2366 3569 fuerat,
2395 3495 2476 3549 sic
2498 3495 2575 3569 ait
2599 3512 2617 3569 _:
2657 3512 2674 3545 ι
2706 3491 2907 3569 Siquis
2929 3491 3148 3569 dubitat
3166 3506 3241 3569 an_
3259 3506 3432 3569 mere-

1844 3561 1951 3624 irix
1980 3575 2146 3633 esset,
2170 3566 2353 3621 audiat
2376 3579 2539 3636 quam
2562 3563 2758 3621 blanda
2784 3561 2872 3618 sit.
2905 3582 2923 3615 ι
2950 3561 3087 3619 Hinc
3114 3562 3241 3618 illud
3268 3561 3429 3617 Juve-

1844 3639 1984 3695 nalis
2019 3658 2031 3693 :

1966 3751 2075 3803 Vox
2100 3749 2277 3801 blanda
2301 3753 2353 3802 et
2374 3758 2588 3812 nequam
2606 3748 2787 3810 digitos
2804 3745 2971 3797 habet.

1919 3842 1937 3881 ί
1981 3839 2411 3924 ξνρρςενηςοιαηι
2462 3838 2923 3924 pulchritudinem.
2962 3835 3234 3924 ‘Formosa
3295 3852 3426 3924 ergo

1840 3921 1959 3967 erat
1979 3907 2183 3966 Iudith.
2207 3907 2494 3979 Theganus
2510 3913 2686 3977 capite
2706 3907 2775 3962 26
2790 3908 2940 3979 detea
2962 3907 3187 3979 loquens
3208 3924 3222 3959 :
3254 3925 3273 3955 ε
3298 3907 3428 3961 Erat

1840 3984 1983 4036 enim
2034 3981 2257 4052 pulchra
2298 3977 2523 4052 valde.)
2557 3979 2793 4052 Annales
2828 3977 3093 4052 blcteuses
3122 3977 3189 4052 ad
3225 3992 3427 4052 annum

1838 4052 1944 4108 829
1972 4048 2348 4117 :t'lmperator
2374 4048 2678 4105 Ludovicus
2706 4048 2938 4117 habebat
2967 4049 3255 4117 quamdam
3286 4048 3426 4117 regi-

1838 4138 1965 4194 nam
1998 4116 2281 4194 pulchram
2330 4120 2491 4194 nimis
2536 4118 2752 4174 nomine
2798 4116 3001 4194 ludith,
3042 4125 3113 4194 et:
3146 4116 3422 4194 sapientiai

1837 4189 2060 4248 ﬂoribus
2089 4192 2292 4263 optime
2331 4192 2670 4263 instructam,
2720 4189 2977 4245 sociatam
3014 4189 3199 4263 sibiin
3226 4190 3417 4263 conju-

1836 4265 1944 4337 gio.
1969 4285 1985 4316 ι
2006 4263 2093 4337 _E_x
2117 4260 2224 4333 quo
2246 4263 2464 4318 interim
2486 4262 2603 4337 loco
2625 4268 2915 4337 pateteant
2942 4276 2972 4313 a
2999 4261 3195 4337 marito
3218 4260 3419 4337 wltam

1836 4330 1943 4391 non
1996 4330 2163 4389 fuisse
2215 4343 2437 4404 propter
2483 4330 2653 4404 solam
2706 4331 3183 4404 pulchritudinem,
3240 4330 3420 4404 ut__ait

1834 4404 2173 4476 Agobardus,
2217 4399 2335 4476 sedi
2359 4404 2525 4476 etiam
2560 4402 2628 4456 ob
2655 4399 2943 4476 prmclaras
2966 4402 3200 4476 virtutes
3221 4399 3416 4476 quibus

1834 4471 2027 4531 or'nata
2056 4483 2194 4529 erat.
2232 4473 2340 4529 Sed
2384 4474 2626 4528 aculeata
2659 4471 2764 4527 illa
2801 4473 3023 4542 scriptio
3066 4471 3418 4542 condonanda

1835 4554 1918 4601 est
1943 4544 2121 4601 studio
2155 4546 2409 4613 partium.
2444 4543 2586 4598 Sane
2617 4559 2866 4614 magnam
2897 4541 2959 4597 ac
2986 4542 3308 4614 peculiarem
3340 4541 3418 4595 fe-

1834 4617 2099 4671 minarum
2124 4612 2348 4685 gloriam
2394 4630 2511 4670 esse
2556 4612 3009 4683 pulchritudinem
3051 4612 3188 4685 apud
3224 4627 3414 4666 omnes

1831 4683 2243 4758 ubiquegcntes
2268 4686 2322 4739 in
2352 4686 2601 4758 confesso
2627 4693 2727 4740 est.
2758 4685 2941 4758 itaque
2970 4698 3127 4758 nemo
3155 4683 3414 4758 hactenus

1830 4752 2313 4828 [uit'quiTormam
2351 4757 2611 4828 corporis
2625 4752 2962 4828 accusaverit
2990 4754 3057 4828 in
3072 4752 3406 4828 mulieritus.

1830 4822 2093 4883 Prteclare
2115 4822 2477 4882 'l‘ertullianus
2504 4827 2556 4880 in
2584 4826 2721 4881 libro
2741 4823 2977 4880 secundo
2998 4823 3064 4879 de
3093 4824 3240 4878 cultu
3264 4822 3415 4878 leuti-

1830 4914 2020 4952 narum
2048 4919 2061 4951 :
2095 4916 2112 4949 ι
2132 4897 2264 4951 Nam
2288 4898 2387 4952 etsi
2412 4898 2746 4951 accusandus
2767 4896 2929 4950 decor
2954 4902 3184 4961 nonest,
3214 4895 3409 4964 inquit,

1828 4977 1889 5022 ut
1916 4967 2146 5023 felicitas
2187 4970 2452 5038 corporis,
2490 4975 2551 5022 ut
2577 4968 2772 5022 divinae
2795 4964 3033 5038 plasticae
3059 4965 3320 5029 accessio,
3351 4974 3414 5020 ut

1828 5039 2023 5094 anima:
2047 5039 2224 5108 aliqua
2251 5037 2418 5094 vestis
2440 5039 2611 5102 bona;
2652 5037 2918 5091 timendus
2950 5043 3034 5089 est
3076 5043 3252 5091 tamen
3281 5051 3412 5107 pro-

1826 5117 1947 5179 pter
1976 5108 2227 5176 injuriam
2257 5118 2311 5163 et
2335 5108 2641 5163 violentiam
2660 5114 3017 5179 sectatorum,
3050 5121 3211 5176 quam
3241 5108 3406 5162 etiam

1828 5177 1983 5249 pater
2005 5180 2127 5233 ﬁdei
2155 5178 2422 5234 Abraham
2448 5180 2500 5232 in
2517 5178 2702 5249 uxoris
2721 5191 2832 5232 sua:
2858 5177 3038 5249 specie
3058 5179 3354 5248 pertimuit.
3383 5197 3402 5229 ι

1829 5247 2164 5321 Yenditanzla
2196 5265 2323 5321 ergo
2349 5266 2450 5321 non
2474 5257 2559 5303 est
2586 5247 2771 5321 forma,
2802 5254 2861 5321 u_t
2889 5247 3199 5321 paulo'ante
3225 5249 3409 5321 docuit

1827 5320 1965 5375 idem
2002 5318 2364 5376 Tertulliauus
2399 5319 2484 5374 his
2511 5318 2689 5373 verbis
2714 5335 2727 5371 :
2770 5337 2789 5370 ‹
2820 5318 3006 5373 Primo
3035 5320 3179 5388 quod
3203 5333 3311 5374 non
3341 5319 3409 5373 de

1824 5391 2033 5463 integra
2058 5390 2558 5463 conscientiatvenit
2583 5390 2817 5463 studium
2845 5389 3091 5463 placendi
3119 5404 3218 5463 per
3246 5390 3407 5444 deco-

1825 5459 1964 5533 rem,
1993 5478 2155 5533 quem
2178 5460 2497 5533 naturaliter
2519 5459 2858 5533 invitatorem
2888 5459 3132 5515 libidinis
3144 5461 3400 5515 scimus.»

1822 5531 1901 5587 Ac
1936 5529 2118 5589 nescio
2140 5546 2246 5601 quo
2269 5529 2391 5601 fato
2407 5544 2620 5600 semper
2643 5530 2842 5586 factum
2861 5540 2965 5593 est,
3000 5538 3059 5585 ut
3076 5547 3144 5586 ex
3166 5545 3231 5585 eo
3260 5532 3405 5601 quod

1824 5603 2022 5658 femina
2055 5598 2319 5673 quaepiam
2367 5598 2604 5673 formosa
2637 5602 2748 5657 visa
2803 5610 2908 5668 est,
2953 5602 3006 5655 in
3042 5598 3404 5673 suspiciouem

1820 5674 2030 5727 venerit
2050 5670 2251 5741 vulgati
2268 5670 2529 5740 corporis.
2560 5671 2710 5728 Unde
2730 5674 3096 5743 interrogatus
3118 5670 3153 5726 ἑ
3170 5672 3404 5741 quodam

1821 5745 1945 5798 Bias
1992 5743 2283 5798 deberetne
2335 5757 2558 5797 uxorem
2612 5745 2829 5806 ducere,
2880 5759 2948 5798 an
3002 5744 3164 5797 vitam
3205 5744 3406 5797 ducere

1821 5815 2092 5879 caelibem,
2125 5813 2403 5883 respondit
2446 5832 2458 5868 :
2490 5814 2597 5869 Aut
2629 5816 2917 5884 pulchram
2946 5814 3259 5884 duces,.aut
3304 5813 3404 5866 de-

1774 5908 1783 5917 ι
1822 5884 2071 5941 formem.
2104 5884 2163 5941 Si
2197 5881 2498 5958 pulchram,
2532 5881 2754 5943 habebis
2779 5898 3137 5941 communem.
3163 5881 3260 5939 Sin
3285 5890 3400 5941 tura
