  <div class='ocr_page' id='page_1' title='image "/cluster/home/n/w/nwhite01/storage/ocr_20150623/104/hvd.32044015466824/163.png"; bbox 0 0 4012 6338; ppageno 0'>
   <div class='ocr_carea' id='block_1_1' title="bbox 492 424 601 492">
    <p class='ocr_par' dir='ltr' id='par_1_1' title="bbox 492 424 601 492">
     <span class='ocr_line' id='line_1_1' title="bbox 492 424 601 492; baseline -0.028 0"><span class='ocrx_word' id='word_1_1' title='bbox 492 424 601 492; x_wconf 70' lang='grc'><strong>31⁸5</strong></span> 
     </span>
    </p>
   </div>
   <div class='ocr_carea' id='block_1_2' title="bbox 1465 387 2772 465">
    <p class='ocr_par' dir='ltr' id='par_1_2' title="bbox 1465 387 2772 465">
     <span class='ocr_line' id='line_1_2' title="bbox 1465 387 2772 465; baseline -0.014 1"><span class='ocrx_word' id='word_1_2' title='bbox 1465 407 1523 465; x_wconf 92' lang='lat' dir='ltr'><strong>s.</strong></span> <span class='ocrx_word' id='word_1_3' title='bbox 1558 389 1911 464; x_wconf 64' lang='lat' dir='ltr'><strong>accusant</strong></span> <span class='ocrx_word' id='word_1_4' title='bbox 1940 392 2249 456; x_wconf 71' lang='lat' dir='ltr'><strong>EPISCOPI</strong></span> <span class='ocrx_word' id='word_1_5' title='bbox 2284 387 2772 452; x_wconf 67' lang='lat' dir='ltr'><strong>mammam</strong></span> 
     </span>
    </p>
   </div>
   <div class='ocr_carea' id='block_1_3' title="bbox 2233 297 2277 308">
    <p class='ocr_par' dir='ltr' id='par_1_3' title="bbox 2233 297 2277 308">
     <span class='ocr_line' id='line_1_3' title="bbox 2233 297 2277 308; baseline 0 0"><span class='ocrx_word' id='word_1_6' title='bbox 2233 297 2277 308; x_wconf 63' lang='grc' dir='ltr'><strong>’,ι</strong></span> 
     </span>
    </p>
   </div>
   <div class='ocr_carea' id='block_1_4' title="bbox 3649 346 3813 451">
    <p class='ocr_par' dir='ltr' id='par_1_4' title="bbox 3649 346 3813 451">
     <span class='ocr_line' id='line_1_4' title="bbox 3649 346 3813 451; baseline 0.024 -4"><span class='ocrx_word' id='word_1_7' title='bbox 3649 346 3813 451; x_wconf 51' lang='grc' dir='ltr'><strong>ιη’</strong></span> 
     </span>
    </p>
   </div>
   <div class='ocr_carea' id='block_1_5' title="bbox 496 502 3781 620">
    <p class='ocr_par' dir='ltr' id='par_1_5' title="bbox 496 502 3781 620">
     <span class='ocr_line' id='line_1_5' title="bbox 496 502 3781 620; baseline -0.017 -15"><span class='ocrx_word' id='word_1_8' title='bbox 496 546 780 620; x_wconf 71' lang='lat' dir='ltr'><strong>Scriptura</strong></span> <span class='ocrx_word' id='word_1_9' title='bbox 827 524 998 596; x_wconf 89' lang='lat' dir='ltr'><strong>dicit:</strong></span> <span class='ocrx_word' id='word_1_10' title='bbox 1024 526 1224 589; x_wconf 74' lang='lat' dir='ltr'><strong>Fallax</strong></span> <span class='ocrx_word' id='word_1_11' title='bbox 1250 526 1442 603; x_wconf 84' lang='lat' dir='ltr'><strong>gratia,</strong></span> <span class='ocrx_word' id='word_1_12' title='bbox 1469 533 1517 581; x_wconf 85' lang='lat' dir='ltr'><strong>et</strong></span> <span class='ocrx_word' id='word_1_13' title='bbox 1564 536 1698 580; x_wconf 77' lang='lat' dir='ltr'><strong>uana</strong></span> <span class='ocrx_word' id='word_1_14' title='bbox 1736 531 1812 575; x_wconf 87' lang='lat' dir='ltr'><strong>est</strong></span> <span class='ocrx_word' id='word_1_15' title='bbox 1841 518 2074 591; x_wconf 81' lang='lat' dir='ltr'><strong>pulchri—</strong></span> <span class='ocrx_word' id='word_1_16' title='bbox 2099 519 2153 582; x_wconf 82' lang='grc' dir='ltr'><strong>Α</strong></span> <span class='ocrx_word' id='word_1_17' title='bbox 2175 518 2357 620; x_wconf 68' lang='lat' dir='ltr'><strong>plores</strong></span> <span class='ocrx_word' id='word_1_18' title='bbox 2397 509 2646 565; x_wconf 71' lang='lat' dir='ltr'><strong>veritatis</strong></span> <span class='ocrx_word' id='word_1_19' title='bbox 2683 515 2742 562; x_wconf 90' lang='lat' dir='ltr'><strong>et</strong></span> <span class='ocrx_word' id='word_1_20' title='bbox 2786 504 2958 609; x_wconf 73' lang='lat' dir='ltr'><strong>pacis,</strong></span> <span class='ocrx_word' id='word_1_21' title='bbox 2981 502 3168 576; x_wconf 77' lang='lat' dir='ltr'><strong>lingua</strong></span> <span class='ocrx_word' id='word_1_22' title='bbox 3202 508 3262 560; x_wconf 86' lang='lat' dir='ltr'><strong>et</strong></span> <span class='ocrx_word' id='word_1_23' title='bbox 3299 514 3503 569; x_wconf 73' lang='lat' dir='ltr'><strong>manu;</strong></span> <span class='ocrx_word' id='word_1_24' title='bbox 3526 507 3618 560; x_wconf 41' lang='lat' dir='ltr'><strong>&#39;nt</strong></span> <span class='ocrx_word' id='word_1_25' title='bbox 3670 508 3781 561; x_wconf 63' lang='lat' dir='ltr'><strong>an</strong></span> 
     </span>
    </p>
   </div>
   <div class='ocr_carea' id='block_1_6' title="bbox 492 614 1892 700">
    <p class='ocr_par' dir='ltr' id='par_1_6' title="bbox 492 614 1892 700">
     <span class='ocr_line' id='line_1_6' title="bbox 492 614 1892 700; baseline -0.023 -2"><span class='ocrx_word' id='word_1_26' title='bbox 492 614 649 700; x_wconf 52' lang='lat' dir='ltr'><strong>tudo:</strong></span> <span class='ocrx_word' id='word_1_27' title='bbox 677 622 871 692; x_wconf 75' lang='lat' dir='ltr'><strong>Mulier</strong></span> <span class='ocrx_word' id='word_1_28' title='bbox 896 632 1083 685; x_wconf 86' lang='lat' dir='ltr'><strong>timens</strong></span> <span class='ocrx_word' id='word_1_29' title='bbox 1111 624 1394 681; x_wconf 87' lang='lat' dir='ltr'><strong>Dominum</strong></span> <span class='ocrx_word' id='word_1_30' title='bbox 1423 619 1536 691; x_wconf 80' lang='lat' dir='ltr'><strong>ipsa</strong></span> <span class='ocrx_word' id='word_1_31' title='bbox 1568 614 1892 671; x_wconf 75' lang='lat' dir='ltr'><strong>laudabitur.</strong></span> 
     </span>
    </p>
   </div>
   <div class='ocr_carea' id='block_1_7' title="bbox 572 764 2080 868">
    <p class='ocr_par' dir='ltr' id='par_1_7' title="bbox 572 764 2080 868">
     <span class='ocr_line' id='line_1_7' title="bbox 572 764 2080 868; baseline -0.017 -13"><span class='ocrx_word' id='word_1_32' title='bbox 572 796 659 856; x_wconf 81' lang='lat' dir='ltr'><strong>Vl.</strong></span> <span class='ocrx_word' id='word_1_33' title='bbox 695 793 852 851; x_wconf 81' lang='lat' dir='ltr'><strong>Nunc</strong></span> <span class='ocrx_word' id='word_1_34' title='bbox 875 764 1041 863; x_wconf 88' lang='lat' dir='ltr'><strong>igitur</strong></span> <span class='ocrx_word' id='word_1_35' title='bbox 1059 798 1253 844; x_wconf 90' lang='lat' dir='ltr'><strong>omnes</strong></span> <span class='ocrx_word' id='word_1_36' title='bbox 1272 784 1523 868; x_wconf 75' lang='lat' dir='ltr'><strong>timentes</strong></span> <span class='ocrx_word' id='word_1_37' title='bbox 1537 787 1594 834; x_wconf 89' lang='lat' dir='ltr'><strong>et</strong></span> <span class='ocrx_word' id='word_1_38' title='bbox 1620 783 1865 833; x_wconf 79' lang='lat' dir='ltr'><strong>amantes</strong></span> <span class='ocrx_word' id='word_1_39' title='bbox 1884 774 2080 840; x_wconf 87' lang='lat' dir='ltr'><strong>Deum,</strong></span> 
     </span>
    </p>
   </div>
   <div class='ocr_carea' id='block_1_8' title="bbox 504 864 2082 964">
    <p class='ocr_par' dir='ltr' id='par_1_8' title="bbox 504 864 2082 964">
     <span class='ocr_line' id='line_1_8' title="bbox 504 864 2082 964; baseline -0.018 -15"><span class='ocrx_word' id='word_1_40' title='bbox 504 904 684 964; x_wconf 90' lang='lat' dir='ltr'><strong>regem</strong></span> <span class='ocrx_word' id='word_1_41' title='bbox 723 898 938 958; x_wconf 87' lang='lat' dir='ltr'><strong>quoque</strong></span> <span class='ocrx_word' id='word_1_42' title='bbox 978 889 1036 937; x_wconf 86' lang='lat' dir='ltr'><strong>et</strong></span> <span class='ocrx_word' id='word_1_43' title='bbox 1074 891 1320 951; x_wconf 88' lang='lat' dir='ltr'><strong>regnum,</strong></span> <span class='ocrx_word' id='word_1_44' title='bbox 1354 864 1546 944; x_wconf 81' lang='lat' dir='ltr'><strong>pacata</strong></span> <span class='ocrx_word' id='word_1_45' title='bbox 1592 868 1886 931; x_wconf 71' lang='lat' dir='ltr'><strong>societate,</strong></span> <span class='ocrx_word' id='word_1_46' title='bbox 1919 864 2082 921; x_wconf 80' lang='lat' dir='ltr'><strong>rebus</strong></span> 
     </span>
    </p>
   </div>
   <div class='ocr_carea' id='block_1_9' title="bbox 508 957 2084 1039">
    <p class='ocr_par' dir='ltr' id='par_1_9' title="bbox 508 957 2084 1039">
     <span class='ocr_line' id='line_1_9' title="bbox 508 957 2084 1039; baseline -0.018 -2"><span class='ocrx_word' id='word_1_47' title='bbox 508 957 697 1039; x_wconf 73' lang='lat' dir='ltr'><strong>mundi</strong></span> <span class='ocrx_word' id='word_1_48' title='bbox 724 957 964 1037; x_wconf 86' lang='lat' dir='ltr'><strong>utentes,</strong></span> <span class='ocrx_word' id='word_1_49' title='bbox 992 971 1156 1024; x_wconf 84' lang='lat' dir='ltr'><strong>rebus</strong></span> <span class='ocrx_word' id='word_1_50' title='bbox 1185 965 1383 1022; x_wconf 84' lang='lat' dir='ltr'><strong>divinis</strong></span> <span class='ocrx_word' id='word_1_51' title='bbox 1425 960 1686 1023; x_wconf 81' lang='lat' dir='ltr'><strong>fruentes,</strong></span> <span class='ocrx_word' id='word_1_52' title='bbox 1725 957 1871 1013; x_wconf 90' lang='lat' dir='ltr'><strong>omni</strong></span> <span class='ocrx_word' id='word_1_53' title='bbox 1915 969 2084 1012; x_wconf 83' lang='lat' dir='ltr'><strong>cona-</strong></span> 
     </span>
    </p>
   </div>
   <div class='ocr_carea' id='block_1_10' title="bbox 442 1047 2135 1136">
    <p class='ocr_par' dir='ltr' id='par_1_10' title="bbox 442 1047 2135 1136">
     <span class='ocr_line' id='line_1_10' title="bbox 442 1047 2135 1136; baseline -0.017 -6"><span class='ocrx_word' id='word_1_54' title='bbox 442 1122 449 1135; x_wconf 75' lang='grc'><em>,</em></span> <span class='ocrx_word' id='word_1_55' title='bbox 506 1073 654 1128; x_wconf 86' lang='lat' dir='ltr'><strong>mine</strong></span> <span class='ocrx_word' id='word_1_56' title='bbox 679 1069 810 1124; x_wconf 88' lang='lat' dir='ltr'><strong>dare</strong></span> <span class='ocrx_word' id='word_1_57' title='bbox 839 1072 1061 1136; x_wconf 77' lang='lat' dir='ltr'><strong>operam</strong></span> <span class='ocrx_word' id='word_1_58' title='bbox 1088 1059 1288 1114; x_wconf 85' lang='lat' dir='ltr'><strong>debent</strong></span> <span class='ocrx_word' id='word_1_59' title='bbox 1312 1064 1372 1111; x_wconf 87' lang='lat' dir='ltr'><strong>ut</strong></span> <span class='ocrx_word' id='word_1_60' title='bbox 1394 1054 1734 1125; x_wconf 82' lang='lat' dir='ltr'><strong>exprimatur</strong></span> <span class='ocrx_word' id='word_1_61' title='bbox 1762 1049 1959 1105; x_wconf 82' lang='lat' dir='ltr'><strong>vulnus</strong></span> <span class='ocrx_word' id='word_1_62' title='bbox 1988 1047 2087 1103; x_wconf 90' lang='lat' dir='ltr'><strong>ini-</strong></span> <span class='ocrx_word' id='word_1_63' title='bbox 2132 1108 2135 1109; x_wconf 16' lang='grc' dir='ltr'><em>γ</em></span> 
     </span>
    </p>
   </div>
   <div class='ocr_carea' id='block_1_11' title="bbox 2178 597 3132 669">
    <p class='ocr_par' dir='ltr' id='par_1_11' title="bbox 2178 597 3132 669">
     <span class='ocr_line' id='line_1_11' title="bbox 2178 597 3132 669; baseline -0.012 -9"><span class='ocrx_word' id='word_1_64' title='bbox 2178 605 2553 666; x_wconf 83' lang='lat' dir='ltr'><strong>cohibeantur,</strong></span> <span class='ocrx_word' id='word_1_65' title='bbox 2572 606 2666 656; x_wconf 90' lang='lat' dir='ltr'><strong>aut</strong></span> <span class='ocrx_word' id='word_1_66' title='bbox 2685 597 3132 669; x_wconf 82' lang='lat' dir='ltr'><strong>comprimantur.</strong></span> 
     </span>
    </p>
   </div>
   <div class='ocr_carea' id='block_1_12' title="bbox 2250 683 3783 758">
    <p class='ocr_par' dir='ltr' id='par_1_12' title="bbox 2250 683 3783 758">
     <span class='ocr_line' id='line_1_12' title="bbox 2250 683 3783 758; baseline -0.008 -8"><span class='ocrx_word' id='word_1_67' title='bbox 2250 694 2383 751; x_wconf 74' lang='lat' dir='ltr'><strong>Vill.</strong></span> <span class='ocrx_word' id='word_1_68' title='bbox 2426 690 2731 749; x_wconf 84' lang='lat' dir='ltr'><strong>Commotio</strong></span> <span class='ocrx_word' id='word_1_69' title='bbox 2778 688 2963 758; x_wconf 83' lang='lat' dir='ltr'><strong>itaque</strong></span> <span class='ocrx_word' id='word_1_70' title='bbox 3001 685 3162 756; x_wconf 79' lang='lat' dir='ltr'><strong>hujus</strong></span> <span class='ocrx_word' id='word_1_71' title='bbox 3194 683 3455 755; x_wconf 86' lang='lat' dir='ltr'><strong>temporis</strong></span> <span class='ocrx_word' id='word_1_72' title='bbox 3482 691 3540 740; x_wconf 84' lang='lat' dir='ltr'><strong>et</strong></span> <span class='ocrx_word' id='word_1_73' title='bbox 3565 683 3783 741; x_wconf 79' lang='lat' dir='ltr'><strong>harum</strong></span> 
     </span>
    </p>
   </div>
   <div class='ocr_carea' id='block_1_13' title="bbox 2181 775 3791 860">
    <p class='ocr_par' dir='ltr' id='par_1_13' title="bbox 2181 775 3791 860">
     <span class='ocr_line' id='line_1_13' title="bbox 2181 775 3791 860; baseline -0.01 -16"><span class='ocrx_word' id='word_1_74' title='bbox 2181 788 2482 860; x_wconf 83' lang='lat' dir='ltr'><strong>regionum,</strong></span> <span class='ocrx_word' id='word_1_75' title='bbox 2507 799 2631 855; x_wconf 66' lang='lat' dir='ltr'><strong>quae</strong></span> <span class='ocrx_word' id='word_1_76' title='bbox 2675 782 2815 837; x_wconf 87' lang='lat' dir='ltr'><strong>mira</strong></span> <span class='ocrx_word' id='word_1_77' title='bbox 2861 776 3252 848; x_wconf 83' lang='lat' dir='ltr'><strong>omnipotentis</strong></span> <span class='ocrx_word' id='word_1_78' title='bbox 3288 775 3386 831; x_wconf 86' lang='lat' dir='ltr'><strong>Dei</strong></span> <span class='ocrx_word' id='word_1_79' title='bbox 3411 776 3696 831; x_wconf 80' lang='lat' dir='ltr'><strong>suavitate</strong></span> <span class='ocrx_word' id='word_1_80' title='bbox 3727 782 3791 829; x_wconf 87' lang='lat' dir='ltr'><strong>et</strong></span> 
     </span>
    </p>
   </div>
   <div class='ocr_carea' id='block_1_14' title="bbox 2182 867 3789 936">
    <p class='ocr_par' dir='ltr' id='par_1_14' title="bbox 2182 867 3789 936">
     <span class='ocr_line' id='line_1_14' title="bbox 2182 867 3789 936; baseline -0.011 0"><span class='ocrx_word' id='word_1_81' title='bbox 2182 878 2466 936; x_wconf 86' lang='lat' dir='ltr'><strong>dulcedine</strong></span> <span class='ocrx_word' id='word_1_82' title='bbox 2513 875 2632 931; x_wconf 88' lang='lat' dir='ltr'><strong>sine</strong></span> <span class='ocrx_word' id='word_1_83' title='bbox 2679 870 2933 928; x_wconf 83' lang='lat' dir='ltr'><strong>conﬂictu</strong></span> <span class='ocrx_word' id='word_1_84' title='bbox 2975 884 3254 925; x_wconf 88' lang='lat' dir='ltr'><strong>armorum</strong></span> <span class='ocrx_word' id='word_1_85' title='bbox 3297 867 3485 924; x_wconf 86' lang='lat' dir='ltr'><strong>sedata</strong></span> <span class='ocrx_word' id='word_1_86' title='bbox 3523 874 3630 932; x_wconf 72' lang='lat' dir='ltr'><strong>est,</strong></span> <span class='ocrx_word' id='word_1_87' title='bbox 3667 881 3789 922; x_wconf 89' lang='lat' dir='ltr'><strong>non</strong></span> 
     </span>
    </p>
   </div>
   <div class='ocr_carea' id='block_1_15' title="bbox 2183 958 3788 1045">
    <p class='ocr_par' dir='ltr' id='par_1_15' title="bbox 2183 958 3788 1045">
     <span class='ocr_line' id='line_1_15' title="bbox 2183 958 3788 1045; baseline -0.01 -16"><span class='ocrx_word' id='word_1_88' title='bbox 2183 960 2424 1045; x_wconf 83' lang='lat' dir='ltr'><strong>segniter</strong></span> <span class='ocrx_word' id='word_1_89' title='bbox 2446 967 2799 1025; x_wconf 84' lang='lat' dir='ltr'><strong>memoranda</strong></span> <span class='ocrx_word' id='word_1_90' title='bbox 2830 972 2943 1029; x_wconf 87' lang='lat' dir='ltr'><strong>est;</strong></span> <span class='ocrx_word' id='word_1_91' title='bbox 2995 963 3090 1020; x_wconf 88' lang='lat' dir='ltr'><strong>sed</strong></span> <span class='ocrx_word' id='word_1_92' title='bbox 3131 962 3294 1018; x_wconf 82' lang='lat' dir='ltr'><strong>debet</strong></span> <span class='ocrx_word' id='word_1_93' title='bbox 3319 960 3485 1016; x_wconf 81' lang='lat' dir='ltr'><strong>corda</strong></span> <span class='ocrx_word' id='word_1_94' title='bbox 3528 958 3788 1016; x_wconf 79' lang='lat' dir='ltr'><strong>ﬁdelium</strong></span> 
     </span>
    </p>
   </div>
   <div class='ocr_carea' id='block_1_16' title="bbox 2184 1050 3793 1129">
    <p class='ocr_par' dir='ltr' id='par_1_16' title="bbox 2184 1050 3793 1129">
     <span class='ocr_line' id='line_1_16' title="bbox 2184 1050 3793 1129; baseline -0.009 -10"><span class='ocrx_word' id='word_1_95' title='bbox 2184 1063 2241 1120; x_wconf 90' lang='lat' dir='ltr'><strong>in</strong></span> <span class='ocrx_word' id='word_1_96' title='bbox 2270 1060 2523 1117; x_wconf 79' lang='lat' dir='ltr'><strong>laudibus</strong></span> <span class='ocrx_word' id='word_1_97' title='bbox 2546 1059 2644 1114; x_wconf 86' lang='lat' dir='ltr'><strong>Dei</strong></span> <span class='ocrx_word' id='word_1_98' title='bbox 2670 1066 2725 1114; x_wconf 89' lang='lat' dir='ltr'><strong>et</strong></span> <span class='ocrx_word' id='word_1_99' title='bbox 2751 1057 3055 1129; x_wconf 73' lang='lat' dir='ltr'><strong>gratiarum</strong></span> <span class='ocrx_word' id='word_1_100' title='bbox 3097 1053 3313 1117; x_wconf 77' lang='lat' dir='ltr'><strong>actione</strong></span> <span class='ocrx_word' id='word_1_101' title='bbox 3352 1050 3606 1108; x_wconf 72' lang='lat' dir='ltr'><strong>alacﬁter</strong></span> <span class='ocrx_word' id='word_1_102' title='bbox 3656 1065 3793 1106; x_wconf 83' lang='lat' dir='ltr'><strong>suc-</strong></span> 
     </span>
    </p>
   </div>
   <div class='ocr_carea' id='block_1_17' title="bbox 441 1141 2087 1235">
    <p class='ocr_par' dir='ltr' id='par_1_17' title="bbox 441 1141 2087 1235">
     <span class='ocr_line' id='line_1_17' title="bbox 441 1141 2087 1235; baseline -0.015 -18"><span class='ocrx_word' id='word_1_103' title='bbox 441 1186 447 1203; x_wconf 81' lang='lat'><em>=</em></span> <span class='ocrx_word' id='word_1_104' title='bbox 507 1159 747 1235; x_wconf 85' lang='lat' dir='ltr'><strong>quitatis,</strong></span> <span class='ocrx_word' id='word_1_105' title='bbox 775 1163 832 1212; x_wconf 90' lang='lat' dir='ltr'><strong>et</strong></span> <span class='ocrx_word' id='word_1_106' title='bbox 852 1154 1154 1211; x_wconf 79' lang='lat' dir='ltr'><strong>obtineatur</strong></span> <span class='ocrx_word' id='word_1_107' title='bbox 1178 1147 1402 1204; x_wconf 79' lang='lat' dir='ltr'><strong>cicatrix</strong></span> <span class='ocrx_word' id='word_1_108' title='bbox 1429 1142 1701 1205; x_wconf 80' lang='lat' dir='ltr'><strong>sanitatis,</strong></span> <span class='ocrx_word' id='word_1_109' title='bbox 1726 1141 1930 1210; x_wconf 80' lang='lat' dir='ltr'><strong>absque</strong></span> <span class='ocrx_word' id='word_1_110' title='bbox 1961 1153 2087 1194; x_wconf 81' lang='lat' dir='ltr'><strong>san-</strong></span> 
     </span>
    </p>
   </div>
   <div class='ocr_carea' id='block_1_18' title="bbox 511 1229 2089 1326">
    <p class='ocr_par' dir='ltr' id='par_1_18' title="bbox 511 1229 2089 1326">
     <span class='ocr_line' id='line_1_18' title="bbox 511 1229 2089 1326; baseline -0.015 -20"><span class='ocrx_word' id='word_1_111' title='bbox 511 1229 685 1326; x_wconf 67' lang='lat' dir='ltr'><strong>guinis</strong></span> <span class='ocrx_word' id='word_1_112' title='bbox 710 1246 995 1309; x_wconf 78' lang='lat' dir='ltr'><strong>effusione,</strong></span> <span class='ocrx_word' id='word_1_113' title='bbox 1019 1243 1222 1310; x_wconf 81' lang='lat' dir='ltr'><strong>absque</strong></span> <span class='ocrx_word' id='word_1_114' title='bbox 1241 1246 1424 1308; x_wconf 80' lang='lat' dir='ltr'><strong>strage</strong></span> <span class='ocrx_word' id='word_1_115' title='bbox 1442 1230 1859 1294; x_wconf 85' lang='lat' dir='ltr'><strong>interfectionis,</strong></span> <span class='ocrx_word' id='word_1_116' title='bbox 1884 1229 2089 1298; x_wconf 88' lang='lat' dir='ltr'><strong>absque</strong></span> 
     </span>
    </p>
   </div>
   <div class='ocr_carea' id='block_1_19' title="bbox 508 1318 2090 1404">
    <p class='ocr_par' dir='ltr' id='par_1_19' title="bbox 508 1318 2090 1404">
     <span class='ocr_line' id='line_1_19' title="bbox 508 1318 2090 1404; baseline -0.014 -7"><span class='ocrx_word' id='word_1_117' title='bbox 508 1318 871 1397; x_wconf 68' lang='lat' dir='ltr'><strong>amaritudine</strong></span> <span class='ocrx_word' id='word_1_118' title='bbox 900 1333 1202 1404; x_wconf 76' lang='lat' dir='ltr'><strong>iurgiorum</strong></span> <span class='ocrx_word' id='word_1_119' title='bbox 1220 1371 1235 1393; x_wconf 92' lang='lat'><strong>,</strong></span> <span class='ocrx_word' id='word_1_120' title='bbox 1260 1329 1464 1397; x_wconf 88' lang='lat' dir='ltr'><strong>absque</strong></span> <span class='ocrx_word' id='word_1_121' title='bbox 1507 1322 1813 1379; x_wconf 85' lang='lat' dir='ltr'><strong>turbulenta</strong></span> <span class='ocrx_word' id='word_1_122' title='bbox 1841 1328 1896 1376; x_wconf 85' lang='lat' dir='ltr'><strong>et</strong></span> <span class='ocrx_word' id='word_1_123' title='bbox 1925 1318 2090 1375; x_wconf 79' lang='lat' dir='ltr'><strong>fetida</strong></span> 
     </span>
    </p>
   </div>
   <div class='ocr_carea' id='block_1_20' title="bbox 509 1411 2092 1495">
    <p class='ocr_par' dir='ltr' id='par_1_20' title="bbox 509 1411 2092 1495">
     <span class='ocr_line' id='line_1_20' title="bbox 509 1411 2092 1495; baseline -0.015 -8"><span class='ocrx_word' id='word_1_124' title='bbox 509 1429 897 1487; x_wconf 71' lang='lat' dir='ltr'><strong>commixtione</strong></span> <span class='ocrx_word' id='word_1_125' title='bbox 928 1424 1213 1495; x_wconf 79' lang='lat' dir='ltr'><strong>spirituum</strong></span> <span class='ocrx_word' id='word_1_126' title='bbox 1240 1418 1659 1476; x_wconf 89' lang='lat' dir='ltr'><strong>immundorum.</strong></span> <span class='ocrx_word' id='word_1_127' title='bbox 1682 1413 1757 1471; x_wconf 86' lang='lat' dir='ltr'><strong>Ut</strong></span> <span class='ocrx_word' id='word_1_128' title='bbox 1791 1426 1917 1468; x_wconf 79' lang='lat' dir='ltr'><strong>vere</strong></span> <span class='ocrx_word' id='word_1_129' title='bbox 1943 1411 2092 1466; x_wconf 84' lang='lat' dir='ltr'><strong>dica-</strong></span> 
     </span>
    </p>
   </div>
   <div class='ocr_carea' id='block_1_21' title="bbox 509 1505 2092 1585">
    <p class='ocr_par' dir='ltr' id='par_1_21' title="bbox 509 1505 2092 1585">
     <span class='ocr_line' id='line_1_21' title="bbox 509 1505 2092 1585; baseline -0.015 -4"><span class='ocrx_word' id='word_1_130' title='bbox 509 1533 598 1581; x_wconf 91' lang='lat' dir='ltr'><strong>tur</strong></span> <span class='ocrx_word' id='word_1_131' title='bbox 621 1525 687 1580; x_wconf 91' lang='lat' dir='ltr'><strong>de</strong></span> <span class='ocrx_word' id='word_1_132' title='bbox 713 1520 961 1578; x_wconf 79' lang='lat' dir='ltr'><strong>Ecclesia</strong></span> <span class='ocrx_word' id='word_1_133' title='bbox 995 1516 1156 1585; x_wconf 88' lang='lat' dir='ltr'><strong>hujus</strong></span> <span class='ocrx_word' id='word_1_134' title='bbox 1183 1514 1333 1585; x_wconf 90' lang='lat' dir='ltr'><strong>regni</strong></span> <span class='ocrx_word' id='word_1_135' title='bbox 1364 1530 1378 1564; x_wconf 92' lang='lat'><strong>:</strong></span> <span class='ocrx_word' id='word_1_136' title='bbox 1415 1509 1545 1565; x_wconf 64' lang='lat' dir='ltr'><strong>Haec</strong></span> <span class='ocrx_word' id='word_1_137' title='bbox 1567 1517 1641 1563; x_wconf 86' lang='lat' dir='ltr'><strong>est</strong></span> <span class='ocrx_word' id='word_1_138' title='bbox 1694 1507 1881 1561; x_wconf 86' lang='lat' dir='ltr'><strong>domus</strong></span> <span class='ocrx_word' id='word_1_139' title='bbox 1901 1505 2021 1570; x_wconf 85' lang='lat' dir='ltr'><strong>Dei,</strong></span> <span class='ocrx_word' id='word_1_140' title='bbox 2042 1512 2092 1559; x_wconf 89' lang='lat' dir='ltr'><strong>et</strong></span> 
     </span>
    </p>
   </div>
   <div class='ocr_carea' id='block_1_22' title="bbox 2185 1143 3805 1221">
    <p class='ocr_par' dir='ltr' id='par_1_22' title="bbox 2185 1143 3805 1221">
     <span class='ocr_line' id='line_1_22' title="bbox 2185 1143 3805 1221; baseline -0.01 -8"><span class='ocrx_word' id='word_1_141' title='bbox 2185 1156 2437 1221; x_wconf 82' lang='lat' dir='ltr'><strong>cendere,</strong></span> <span class='ocrx_word' id='word_1_142' title='bbox 2461 1158 2523 1209; x_wconf 85' lang='lat' dir='ltr'><strong>et</strong></span> <span class='ocrx_word' id='word_1_143' title='bbox 2541 1153 2610 1208; x_wconf 89' lang='lat' dir='ltr'><strong>ad</strong></span> <span class='ocrx_word' id='word_1_144' title='bbox 2642 1150 2927 1208; x_wconf 83' lang='lat' dir='ltr'><strong>solertiam</strong></span> <span class='ocrx_word' id='word_1_145' title='bbox 2968 1146 3197 1204; x_wconf 60' lang='lat' dir='ltr'><strong>cautelae</strong></span> <span class='ocrx_word' id='word_1_146' title='bbox 3243 1143 3476 1201; x_wconf 87' lang='lat' dir='ltr'><strong>sollicita</strong></span> <span class='ocrx_word' id='word_1_147' title='bbox 3518 1143 3768 1198; x_wconf 83' lang='lat' dir='ltr'><strong>reddere</strong></span> <span class='ocrx_word' id='word_1_148' title='bbox 3798 1179 3805 1189; x_wconf 86' lang='lat'><strong>.</strong></span> 
     </span>
    </p>
   </div>
   <div class='ocr_carea' id='block_1_23' title="bbox 2188 1233 3798 1319">
    <p class='ocr_par' dir='ltr' id='par_1_23' title="bbox 2188 1233 3798 1319">
     <span class='ocr_line' id='line_1_23' title="bbox 2188 1233 3798 1319; baseline -0.009 -16"><span class='ocrx_word' id='word_1_149' title='bbox 2188 1246 2320 1315; x_wconf 66' lang='lat' dir='ltr'><strong>Quae</strong></span> <span class='ocrx_word' id='word_1_150' title='bbox 2356 1243 2651 1319; x_wconf 78' lang='lat' dir='ltr'><strong>commotio</strong></span> <span class='ocrx_word' id='word_1_151' title='bbox 2694 1250 2751 1297; x_wconf 91' lang='lat' dir='ltr'><strong>et</strong></span> <span class='ocrx_word' id='word_1_152' title='bbox 2801 1238 3149 1296; x_wconf 80' lang='lat' dir='ltr'><strong>conturbatio</strong></span> <span class='ocrx_word' id='word_1_153' title='bbox 3187 1235 3348 1309; x_wconf 85' lang='lat' dir='ltr'><strong>quale</strong></span> <span class='ocrx_word' id='word_1_154' title='bbox 3391 1234 3651 1291; x_wconf 76' lang='lat' dir='ltr'><strong>habuerit</strong></span> <span class='ocrx_word' id='word_1_155' title='bbox 3696 1233 3798 1288; x_wconf 85' lang='lat' dir='ltr'><strong>ini-</strong></span> 
     </span>
    </p>
   </div>
   <div class='ocr_carea' id='block_1_24' title="bbox 2189 1327 3797 1407">
    <p class='ocr_par' dir='ltr' id='par_1_24' title="bbox 2189 1327 3797 1407">
     <span class='ocr_line' id='line_1_24' title="bbox 2189 1327 3797 1407; baseline -0.009 -11"><span class='ocrx_word' id='word_1_156' title='bbox 2189 1341 2346 1403; x_wconf 88' lang='lat' dir='ltr'><strong>tium,</strong></span> <span class='ocrx_word' id='word_1_157' title='bbox 2382 1338 2469 1394; x_wconf 90' lang='lat' dir='ltr'><strong>vel</strong></span> <span class='ocrx_word' id='word_1_158' title='bbox 2521 1337 2813 1407; x_wconf 85' lang='lat' dir='ltr'><strong>originem,</strong></span> <span class='ocrx_word' id='word_1_159' title='bbox 2844 1348 2952 1390; x_wconf 91' lang='lat' dir='ltr'><strong>non</strong></span> <span class='ocrx_word' id='word_1_160' title='bbox 3005 1337 3091 1388; x_wconf 86' lang='lat' dir='ltr'><strong>est</strong></span> <span class='ocrx_word' id='word_1_161' title='bbox 3142 1330 3365 1401; x_wconf 77' lang='lat' dir='ltr'><strong>penitus</strong></span> <span class='ocrx_word' id='word_1_162' title='bbox 3413 1327 3797 1385; x_wconf 84' lang='lat' dir='ltr'><strong>reticendum.</strong></span> 
     </span>
    </p>
   </div>
   <div class='ocr_carea' id='block_1_25' title="bbox 2189 1418 3807 1501">
    <p class='ocr_par' dir='ltr' id='par_1_25' title="bbox 2189 1418 3807 1501">
     <span class='ocr_line' id='line_1_25' title="bbox 2189 1418 3807 1501; baseline -0.009 -15"><span class='ocrx_word' id='word_1_163' title='bbox 2189 1429 2360 1501; x_wconf 87' lang='lat' dir='ltr'><strong>igitur</strong></span> <span class='ocrx_word' id='word_1_164' title='bbox 2390 1442 2515 1484; x_wconf 89' lang='lat' dir='ltr'><strong>cum</strong></span> <span class='ocrx_word' id='word_1_165' title='bbox 2559 1422 3058 1482; x_wconf 85' lang='lat' dir='ltr'><strong>Christianissimus</strong></span> <span class='ocrx_word' id='word_1_166' title='bbox 3084 1429 3140 1477; x_wconf 90' lang='lat' dir='ltr'><strong>et</strong></span> <span class='ocrx_word' id='word_1_167' title='bbox 3168 1420 3447 1490; x_wconf 81' lang='lat' dir='ltr'><strong>piissimus</strong></span> <span class='ocrx_word' id='word_1_168' title='bbox 3482 1418 3807 1489; x_wconf 79' lang='lat' dir='ltr'><strong>imperator</strong></span> 
     </span>
    </p>
   </div>
   <div class='ocr_carea' id='block_1_26' title="bbox 2192 1509 3810 1582">
    <p class='ocr_par' dir='ltr' id='par_1_26' title="bbox 2192 1509 3810 1582">
     <span class='ocr_line' id='line_1_26' title="bbox 2192 1509 3810 1582; baseline -0.007 -6"><span class='ocrx_word' id='word_1_169' title='bbox 2192 1522 2421 1577; x_wconf 90' lang='lat' dir='ltr'><strong>domnus</strong></span> <span class='ocrx_word' id='word_1_170' title='bbox 2444 1516 2752 1574; x_wconf 87' lang='lat' dir='ltr'><strong>Ludovicus</strong></span> <span class='ocrx_word' id='word_1_171' title='bbox 2784 1514 2814 1554; x_wconf 69' lang='grc' dir='ltr'>δ</span> <span class='ocrx_word' id='word_1_172' title='bbox 2846 1516 3003 1578; x_wconf 62' lang='lat' dir='ltr'><strong>bona)</strong></span> <span class='ocrx_word' id='word_1_173' title='bbox 3028 1509 3273 1582; x_wconf 82' lang='lat' dir='ltr'><strong>conjugis</strong></span> <span class='ocrx_word' id='word_1_174' title='bbox 3303 1510 3410 1567; x_wconf 86' lang='lat' dir='ltr'><strong>ﬁde</strong></span> <span class='ocrx_word' id='word_1_175' title='bbox 3436 1519 3492 1566; x_wconf 82' lang='lat' dir='ltr'><strong>et</strong></span> <span class='ocrx_word' id='word_1_176' title='bbox 3536 1510 3810 1567; x_wconf 75' lang='lat' dir='ltr'><strong>moribus</strong></span> 
     </span>
    </p>
   </div>
   <div class='ocr_carea' id='block_1_27' title="bbox 508 1599 3811 1690">
    <p class='ocr_par' dir='ltr' id='par_1_27' title="bbox 508 1599 3811 1690">
     <span class='ocr_line' id='line_1_27' title="bbox 508 1599 3811 1690; baseline -0.01 -18"><span class='ocrx_word' id='word_1_177' title='bbox 508 1628 660 1690; x_wconf 80' lang='lat' dir='ltr'><strong>porta</strong></span> <span class='ocrx_word' id='word_1_178' title='bbox 688 1613 821 1670; x_wconf 69' lang='lat' dir='ltr'><strong>caeli.</strong></span> <span class='ocrx_word' id='word_1_179' title='bbox 851 1613 1026 1667; x_wconf 71' lang='lat' dir='ltr'><strong>Poma</strong></span> <span class='ocrx_word' id='word_1_180' title='bbox 1051 1617 1227 1663; x_wconf 81' lang='lat' dir='ltr'><strong>autem</strong></span> <span class='ocrx_word' id='word_1_181' title='bbox 1267 1604 1424 1675; x_wconf 85' lang='lat' dir='ltr'><strong>inferi</strong></span> <span class='ocrx_word' id='word_1_182' title='bbox 1454 1620 1557 1658; x_wconf 86' lang='lat' dir='ltr'><strong>non</strong></span> <span class='ocrx_word' id='word_1_183' title='bbox 1592 1599 1948 1674; x_wconf 69' lang='lat' dir='ltr'><strong>prmualebunt</strong></span> <span class='ocrx_word' id='word_1_184' title='bbox 1997 1599 2094 1653; x_wconf 87' lang='lat' dir='ltr'><strong>ad-</strong></span> <span class='ocrx_word' id='word_1_185' title='bbox 2194 1612 2296 1668; x_wconf 71' lang='lat' dir='ltr'><strong>sibi</strong></span> <span class='ocrx_word' id='word_1_186' title='bbox 2326 1609 2677 1682; x_wconf 52' lang='lat' dir='ltr'><strong>congruentis</strong></span> <span class='ocrx_word' id='word_1_187' title='bbox 2701 1605 3037 1662; x_wconf 72' lang='grc' dir='ltr'><strong>οοηεοηίυω</strong></span> <span class='ocrx_word' id='word_1_188' title='bbox 3088 1603 3379 1666; x_wconf 38' lang='lat' dir='ltr'><strong>amisisse;</strong></span> <span class='ocrx_word' id='word_1_189' title='bbox 3410 1616 3631 1660; x_wconf 63' lang='lat' dir='ltr'><strong>necesse</strong></span> <span class='ocrx_word' id='word_1_190' title='bbox 3698 1599 3811 1656; x_wconf 60' lang='grc' dir='ltr'><strong>ταδί</strong></span> 
     </span>
    </p>
   </div>
   <div class='ocr_carea' id='block_1_28' title="bbox 508 1692 3810 1770">
    <p class='ocr_par' dir='ltr' id='par_1_28' title="bbox 508 1692 3810 1770">
     <span class='ocr_line' id='line_1_28' title="bbox 508 1692 3810 1770; baseline -0.005 -5"><span class='ocrx_word' id='word_1_191' title='bbox 508 1726 687 1765; x_wconf 83' lang='lat' dir='ltr'><strong>versus</strong></span> <span class='ocrx_word' id='word_1_192' title='bbox 709 1723 844 1763; x_wconf 90' lang='lat' dir='ltr'><strong>eam.</strong></span> <span class='ocrx_word' id='word_1_193' title='bbox 873 1705 941 1760; x_wconf 88' lang='lat' dir='ltr'><strong>Et</strong></span> <span class='ocrx_word' id='word_1_194' title='bbox 967 1703 1163 1758; x_wconf 85' lang='lat' dir='ltr'><strong>iterum</strong></span> <span class='ocrx_word' id='word_1_195' title='bbox 1206 1718 1219 1753; x_wconf 89' lang='lat'>:</span> <span class='ocrx_word' id='word_1_196' title='bbox 1259 1698 1516 1753; x_wconf 75' lang='lat' dir='ltr'><strong>Dominus</strong></span> <span class='ocrx_word' id='word_1_197' title='bbox 1539 1696 1678 1750; x_wconf 88' lang='lat' dir='ltr'><strong>Deus</strong></span> <span class='ocrx_word' id='word_1_198' title='bbox 1703 1705 1825 1749; x_wconf 87' lang='lat' dir='ltr'><strong>tuus</strong></span> <span class='ocrx_word' id='word_1_199' title='bbox 1845 1694 1902 1748; x_wconf 85' lang='lat' dir='ltr'><strong>in</strong></span> <span class='ocrx_word' id='word_1_200' title='bbox 1923 1692 2094 1747; x_wconf 86' lang='lat' dir='ltr'><strong>medio</strong></span> <span class='ocrx_word' id='word_1_201' title='bbox 2194 1713 2261 1759; x_wconf 82' lang='grc' dir='ltr'><strong>ιιι·</strong></span> <span class='ocrx_word' id='word_1_202' title='bbox 2285 1705 2448 1759; x_wconf 69' lang='lat' dir='ltr'><strong>aliam</strong></span> <span class='ocrx_word' id='word_1_203' title='bbox 2469 1701 2572 1758; x_wconf 73' lang='lat' dir='ltr'><strong>sibi</strong></span> <span class='ocrx_word' id='word_1_204' title='bbox 2588 1700 2881 1770; x_wconf 80' lang='lat' dir='ltr'><strong>acciperet,</strong></span> <span class='ocrx_word' id='word_1_205' title='bbox 2899 1712 3023 1767; x_wconf 71' lang='lat' dir='ltr'><strong>qua:</strong></span> <span class='ocrx_word' id='word_1_206' title='bbox 3045 1697 3097 1751; x_wconf 90' lang='lat' dir='ltr'><strong>ei</strong></span> <span class='ocrx_word' id='word_1_207' title='bbox 3122 1702 3307 1767; x_wconf 80' lang='lat' dir='ltr'><strong>posset</strong></span> <span class='ocrx_word' id='word_1_208' title='bbox 3329 1710 3450 1751; x_wconf 77' lang='lat' dir='ltr'><strong>esse</strong></span> <span class='ocrx_word' id='word_1_209' title='bbox 3473 1693 3730 1764; x_wconf 75' lang='lat' dir='ltr'><strong>adiutrix</strong></span> <span class='ocrx_word' id='word_1_210' title='bbox 3754 1695 3810 1750; x_wconf 86' lang='lat' dir='ltr'><strong>in</strong></span> 
     </span>
    </p>
   </div>
   <div class='ocr_carea' id='block_1_29' title="bbox 511 1783 3809 1871">
    <p class='ocr_par' dir='ltr' id='par_1_29' title="bbox 511 1783 3809 1871">
     <span class='ocr_line' id='line_1_29' title="bbox 511 1783 3809 1871; baseline -0.008 -14"><span class='ocrx_word' id='word_1_211' title='bbox 511 1798 589 1857; x_wconf 87' lang='lat' dir='ltr'><strong>tui</strong></span> <span class='ocrx_word' id='word_1_212' title='bbox 627 1800 801 1871; x_wconf 87' lang='lat' dir='ltr'><strong>fortis,</strong></span> <span class='ocrx_word' id='word_1_213' title='bbox 827 1798 937 1869; x_wconf 83' lang='lat' dir='ltr'><strong>ipse</strong></span> <span class='ocrx_word' id='word_1_214' title='bbox 962 1792 1206 1850; x_wconf 82' lang='lat' dir='ltr'><strong>salvabit.</strong></span> <span class='ocrx_word' id='word_1_215' title='bbox 1238 1787 1495 1845; x_wconf 79' lang='lat' dir='ltr'><strong>Gaudebit</strong></span> <span class='ocrx_word' id='word_1_216' title='bbox 1519 1803 1676 1858; x_wconf 83' lang='lat' dir='ltr'><strong>super</strong></span> <span class='ocrx_word' id='word_1_217' title='bbox 1710 1795 1758 1841; x_wconf 89' lang='lat' dir='ltr'><strong>te</strong></span> <span class='ocrx_word' id='word_1_218' title='bbox 1794 1785 1851 1839; x_wconf 90' lang='lat' dir='ltr'><strong>in</strong></span> <span class='ocrx_word' id='word_1_219' title='bbox 1887 1783 2091 1847; x_wconf 66' lang='lat' dir='ltr'><strong>la&#39;titia,</strong></span> <span class='ocrx_word' id='word_1_220' title='bbox 2197 1797 2459 1869; x_wconf 47' lang='lat' dir='ltr'><strong>regimine</strong></span> <span class='ocrx_word' id='word_1_221' title='bbox 2504 1802 2558 1850; x_wconf 67' lang='grc' dir='ltr'><strong>θα</strong></span> <span class='ocrx_word' id='word_1_222' title='bbox 2605 1792 2996 1865; x_wconf 59' lang='lat' dir='ltr'><strong>gubernatione</strong></span> <span class='ocrx_word' id='word_1_223' title='bbox 3020 1789 3234 1860; x_wconf 55' lang='lat' dir='ltr'><strong>{palatii</strong></span> <span class='ocrx_word' id='word_1_224' title='bbox 3261 1797 3319 1844; x_wconf 71' lang='grc' dir='ltr'><strong>ει</strong></span> <span class='ocrx_word' id='word_1_225' title='bbox 3346 1789 3518 1860; x_wconf 65' lang='lat' dir='ltr'><strong>mgni,</strong></span> <span class='ocrx_word' id='word_1_226' title='bbox 3552 1787 3669 1844; x_wconf 66' lang='lat' dir='ltr'><strong>sed</strong></span> <span class='ocrx_word' id='word_1_227' title='bbox 3706 1802 3809 1845; x_wconf 71' lang='lat' dir='ltr'><strong>oc-</strong></span> 
     </span>
    </p>
   </div>
   <div class='ocr_carea' id='block_1_30' title="bbox 511 1873 3812 1956">
    <p class='ocr_par' dir='ltr' id='par_1_30' title="bbox 511 1873 3812 1956">
     <span class='ocr_line' id='line_1_30' title="bbox 511 1873 3812 1956; baseline -0.008 -8"><span class='ocrx_word' id='word_1_228' title='bbox 511 1891 681 1949; x_wconf 84' lang='lat' dir='ltr'><strong>silebit</strong></span> <span class='ocrx_word' id='word_1_229' title='bbox 708 1890 762 1945; x_wconf 86' lang='lat' dir='ltr'><strong>in</strong></span> <span class='ocrx_word' id='word_1_230' title='bbox 782 1887 1060 1944; x_wconf 80' lang='lat' dir='ltr'><strong>dilectione</strong></span> <span class='ocrx_word' id='word_1_231' title='bbox 1080 1892 1191 1945; x_wconf 81' lang='lat' dir='ltr'><strong>tua,</strong></span> <span class='ocrx_word' id='word_1_232' title='bbox 1210 1891 1259 1935; x_wconf 91' lang='lat' dir='ltr'><strong>et</strong></span> <span class='ocrx_word' id='word_1_233' title='bbox 1282 1878 1565 1934; x_wconf 71' lang='lat' dir='ltr'><strong>exsultabit</strong></span> <span class='ocrx_word' id='word_1_234' title='bbox 1587 1894 1745 1948; x_wconf 83' lang='lat' dir='ltr'><strong>super</strong></span> <span class='ocrx_word' id='word_1_235' title='bbox 1770 1885 1817 1930; x_wconf 88' lang='lat' dir='ltr'><strong>te</strong></span> <span class='ocrx_word' id='word_1_236' title='bbox 1838 1876 1895 1929; x_wconf 85' lang='lat' dir='ltr'><strong>in</strong></span> <span class='ocrx_word' id='word_1_237' title='bbox 1919 1873 2093 1928; x_wconf 86' lang='lat' dir='ltr'><strong>laude.</strong></span> <span class='ocrx_word' id='word_1_238' title='bbox 2125 1887 2347 1946; x_wconf 65' lang='lat' dir='ltr'><strong>Bcqu</strong></span> <span class='ocrx_word' id='word_1_239' title='bbox 2370 1887 2467 1944; x_wconf 67' lang='lat' dir='ltr'><strong>Dei</strong></span> <span class='ocrx_word' id='word_1_240' title='bbox 2495 1883 2701 1956; x_wconf 59' lang='lat' dir='ltr'><strong>judicio</strong></span> <span class='ocrx_word' id='word_1_241' title='bbox 2750 1884 2876 1940; x_wconf 57' lang='lat' dir='ltr'><strong>tatis</strong></span> <span class='ocrx_word' id='word_1_242' title='bbox 2931 1891 3212 1954; x_wconf 52' lang='lat' dir='ltr'><strong>assumpta</strong></span> <span class='ocrx_word' id='word_1_243' title='bbox 3263 1890 3367 1947; x_wconf 55' lang='grc' dir='ltr'><strong>θοι,</strong></span> <span class='ocrx_word' id='word_1_244' title='bbox 3394 1896 3513 1952; x_wconf 51' lang='lat' dir='ltr'><strong>qua</strong></span> <span class='ocrx_word' id='word_1_245' title='bbox 3559 1880 3709 1936; x_wconf 58' lang='lat' dir='ltr'><strong>licet</strong></span> <span class='ocrx_word' id='word_1_246' title='bbox 3755 1880 3812 1937; x_wconf 65' lang='grc' dir='ltr'><strong>ί,</strong></span> 
     </span>
    </p>
   </div>
   <div class='ocr_carea' id='block_1_31' title="bbox 516 1967 3814 2055">
    <p class='ocr_par' dir='ltr' id='par_1_31' title="bbox 516 1967 3814 2055">
     <span class='ocr_line' id='line_1_31' title="bbox 516 1967 3814 2055; baseline -0.008 0"><span class='ocrx_word' id='word_1_247' title='bbox 516 1983 723 2055; x_wconf 61' lang='lat' dir='ltr'><strong>NW“:</strong></span> <span class='ocrx_word' id='word_1_248' title='bbox 744 1980 835 2053; x_wconf 72' lang='grc' dir='ltr'><strong>φιί</strong></span> <span class='ocrx_word' id='word_1_249' title='bbox 863 1997 895 2033; x_wconf 81' lang='grc' dir='ltr'><em>α</em></span> <span class='ocrx_word' id='word_1_250' title='bbox 922 1977 1033 2048; x_wconf 68' lang='grc' dir='ltr'><strong>ίθθε</strong></span> <span class='ocrx_word' id='word_1_251' title='bbox 1054 1979 1397 2034; x_wconf 54' lang='lat' dir='ltr'><strong>“usuram,</strong></span> <span class='ocrx_word' id='word_1_252' title='bbox 1428 1968 1771 2040; x_wconf 59' lang='lat'><strong>“&#39;&quot;9’99000’</strong></span> <span class='ocrx_word' id='word_1_253' title='bbox 1811 1967 1936 2039; x_wconf 59' lang='lat' dir='ltr'><strong>quia</strong></span> <span class='ocrx_word' id='word_1_254' title='bbox 1966 1981 2032 2020; x_wconf 65' lang='grc' dir='ltr'><strong>επ</strong></span> <span class='ocrx_word' id='word_1_255' title='bbox 2051 1974 2100 2020; x_wconf 69' lang='grc' dir='ltr'><strong>τε</strong></span> <span class='ocrx_word' id='word_1_256' title='bbox 2200 1981 2393 2053; x_wconf 89' lang='lat' dir='ltr'><strong>primis</strong></span> <span class='ocrx_word' id='word_1_257' title='bbox 2417 1979 2576 2033; x_wconf 81' lang='lat' dir='ltr'><strong>annis</strong></span> <span class='ocrx_word' id='word_1_258' title='bbox 2599 1976 2705 2031; x_wconf 83' lang='lat' dir='ltr'><strong>viri</strong></span> <span class='ocrx_word' id='word_1_259' title='bbox 2730 1984 2788 2031; x_wconf 89' lang='lat' dir='ltr'><strong>et</strong></span> <span class='ocrx_word' id='word_1_260' title='bbox 2820 1975 3024 2031; x_wconf 86' lang='lat' dir='ltr'><strong>domini</strong></span> <span class='ocrx_word' id='word_1_261' title='bbox 3059 1974 3143 2030; x_wconf 85' lang='lat' dir='ltr'><strong>sui</strong></span> <span class='ocrx_word' id='word_1_262' title='bbox 3170 1975 3373 2029; x_wconf 79' lang='lat' dir='ltr'><strong>virtute</strong></span> <span class='ocrx_word' id='word_1_263' title='bbox 3416 1981 3472 2029; x_wconf 89' lang='lat' dir='ltr'><strong>et</strong></span> <span class='ocrx_word' id='word_1_264' title='bbox 3519 1980 3814 2044; x_wconf 67' lang='lat' dir='ltr'><strong>potéstzte</strong></span> 
     </span>
    </p>
   </div>
   <div class='ocr_carea' id='block_1_32' title="bbox 513 2062 3815 2144">
    <p class='ocr_par' dir='ltr' id='par_1_32' title="bbox 513 2062 3815 2144">
     <span class='ocr_line' id='line_1_32' title="bbox 513 2062 3815 2144; baseline -0.008 -11"><span class='ocrx_word' id='word_1_265' title='bbox 513 2085 698 2139; x_wconf 84' lang='lat' dir='ltr'><strong>erant;</strong></span> <span class='ocrx_word' id='word_1_266' title='bbox 746 2084 806 2129; x_wconf 83' lang='lat' dir='ltr'><strong>ut</strong></span> <span class='ocrx_word' id='word_1_267' title='bbox 844 2090 950 2129; x_wconf 89' lang='lat' dir='ltr'><strong>non</strong></span> <span class='ocrx_word' id='word_1_268' title='bbox 990 2069 1133 2125; x_wconf 90' lang='lat' dir='ltr'><strong>ultra</strong></span> <span class='ocrx_word' id='word_1_269' title='bbox 1186 2066 1379 2122; x_wconf 79' lang='lat' dir='ltr'><strong>habeas</strong></span> <span class='ocrx_word' id='word_1_270' title='bbox 1408 2080 1565 2136; x_wconf 82' lang='lat' dir='ltr'><strong>super</strong></span> <span class='ocrx_word' id='word_1_271' title='bbox 1586 2065 1661 2118; x_wconf 81' lang='lat' dir='ltr'><strong>eis</strong></span> <span class='ocrx_word' id='word_1_272' title='bbox 1698 2062 2034 2133; x_wconf 84' lang='lat' dir='ltr'><strong>approbrium</strong></span> <span class='ocrx_word' id='word_1_273' title='bbox 2081 2074 2100 2113; x_wconf 89' lang='lat'><strong><em>:</em></strong></span> <span class='ocrx_word' id='word_1_274' title='bbox 2200 2086 2408 2144; x_wconf 61' lang='lat' dir='ltr'><strong>pressa,</strong></span> <span class='ocrx_word' id='word_1_275' title='bbox 2440 2068 2657 2125; x_wconf 64' lang='lat' dir='ltr'><strong>subdita</strong></span> <span class='ocrx_word' id='word_1_276' title='bbox 2694 2066 2881 2132; x_wconf 66' lang='lat' dir='ltr'><strong>fuerit,</strong></span> <span class='ocrx_word' id='word_1_277' title='bbox 2909 2072 3094 2121; x_wconf 61' lang='lat' dir='ltr'><strong>tamen</strong></span> <span class='ocrx_word' id='word_1_278' title='bbox 3137 2065 3193 2120; x_wconf 73' lang='lat' dir='ltr'><strong>in</strong></span> <span class='ocrx_word' id='word_1_279' title='bbox 3234 2078 3493 2136; x_wconf 65' lang='lat' dir='ltr'><strong>processu</strong></span> <span class='ocrx_word' id='word_1_280' title='bbox 3532 2065 3815 2133; x_wconf 61' lang='lat' dir='ltr'><strong>mm</strong></span> 
     </span>
    </p>
   </div>
   <div class='ocr_carea' id='block_1_33' title="bbox 515 2154 2120 2232">
    <p class='ocr_par' dir='ltr' id='par_1_33' title="bbox 515 2154 2105 2232">
     <span class='ocr_line' id='line_1_33' title="bbox 515 2154 2105 2232; baseline -0.012 -9"><span class='ocrx_word' id='word_1_281' title='bbox 515 2175 577 2224; x_wconf 85' lang='lat' dir='ltr'><strong>et</strong></span> <span class='ocrx_word' id='word_1_282' title='bbox 596 2179 623 2208; x_wconf 79' lang='grc' dir='ltr'>ι</span> <span class='ocrx_word' id='word_1_283' title='bbox 653 2164 798 2221; x_wconf 83' lang='lat' dir='ltr'><strong>dicat</strong></span> <span class='ocrx_word' id='word_1_284' title='bbox 833 2162 1003 2221; x_wconf 85' lang='lat' dir='ltr'><strong>omnis</strong></span> <span class='ocrx_word' id='word_1_285' title='bbox 1041 2157 1267 2232; x_wconf 82' lang='lat' dir='ltr'><strong>populus</strong></span> <span class='ocrx_word' id='word_1_286' title='bbox 1303 2173 1322 2214; x_wconf 91' lang='lat'><strong><em>:</em></strong></span> <span class='ocrx_word' id='word_1_287' title='bbox 1349 2155 1545 2224; x_wconf 80' lang='lat' dir='ltr'><strong>Amen,</strong></span> <span class='ocrx_word' id='word_1_288' title='bbox 1567 2171 1754 2220; x_wconf 84' lang='lat' dir='ltr'><strong>amen,</strong></span> <span class='ocrx_word' id='word_1_289' title='bbox 1776 2162 1825 2208; x_wconf 87' lang='lat' dir='ltr'><strong>et</strong></span> <span class='ocrx_word' id='word_1_290' title='bbox 1852 2154 2105 2225; x_wconf 79' lang='lat' dir='ltr'><strong>hymnum</strong></span> 
     </span>
    </p>
   </div>
   <div class='ocr_carea' id='block_1_34' title="bbox 2227 2154 3817 2232">
    <p class='ocr_par' dir='ltr' id='par_1_34' title="bbox 2227 2158 3817 2232">
     <span class='ocr_line' id='line_1_34' title="bbox 2227 2158 3817 2232; baseline -0.006 -11"><span class='ocrx_word' id='word_1_291' title='bbox 2227 2166 2329 2222; x_wconf 88' lang='lat' dir='ltr'><strong>alis</strong></span> <span class='ocrx_word' id='word_1_292' title='bbox 2356 2165 2571 2220; x_wconf 87' lang='lat' dir='ltr'><strong>inventa</strong></span> <span class='ocrx_word' id='word_1_293' title='bbox 2595 2173 2702 2227; x_wconf 88' lang='lat' dir='ltr'><strong>est,</strong></span> <span class='ocrx_word' id='word_1_294' title='bbox 2737 2176 2857 2232; x_wconf 67' lang='lat' dir='ltr'><strong>quae</strong></span> <span class='ocrx_word' id='word_1_295' title='bbox 2877 2158 3482 2231; x_wconf 58' lang='lat' dir='ltr'><strong>magnorum&#39;iinctuum</strong></span> <span class='ocrx_word' id='word_1_296' title='bbox 3504 2158 3817 2213; x_wconf 83' lang='lat' dir='ltr'><strong>commotio</strong></span> 
     </span>
    </p>
   </div>
   <div class='ocr_carea' id='block_1_35' title="bbox 520 2256 653 2314">
    <p class='ocr_par' dir='ltr' id='par_1_35' title="bbox 520 2256 653 2314">
     <span class='ocr_line' id='line_1_35' title="bbox 520 2256 653 2314; baseline -0.015 0"><span class='ocrx_word' id='word_1_297' title='bbox 520 2256 653 2314; x_wconf 74' lang='lat' dir='ltr'><strong>Deo.</strong></span> 
     </span>
    </p>
   </div>
   <div class='ocr_carea' id='block_1_36' title="bbox 593 2392 2107 2479">
    <p class='ocr_par' dir='ltr' id='par_1_36' title="bbox 593 2392 2107 2479">
     <span class='ocr_line' id='line_1_36' title="bbox 593 2392 2107 2479; baseline -0.008 -19"><span class='ocrx_word' id='word_1_298' title='bbox 593 2403 705 2460; x_wconf 65' lang='grc' dir='ltr'><strong>γυ.</strong></span> <span class='ocrx_word' id='word_1_299' title='bbox 738 2402 895 2460; x_wconf 87' lang='lat' dir='ltr'><strong>Sicut</strong></span> <span class='ocrx_word' id='word_1_300' title='bbox 921 2400 1135 2479; x_wconf 22' lang='lat' dir='ltr'><strong>veritas.</strong></span> <span class='ocrx_word' id='word_1_301' title='bbox 1167 2415 1278 2456; x_wconf 89' lang='lat' dir='ltr'><strong>non</strong></span> <span class='ocrx_word' id='word_1_302' title='bbox 1310 2406 1397 2454; x_wconf 90' lang='lat' dir='ltr'><strong>est</strong></span> <span class='ocrx_word' id='word_1_303' title='bbox 1446 2404 1655 2452; x_wconf 90' lang='lat' dir='ltr'><strong>tantum</strong></span> <span class='ocrx_word' id='word_1_304' title='bbox 1694 2395 1751 2450; x_wconf 92' lang='lat' dir='ltr'><strong>in</strong></span> <span class='ocrx_word' id='word_1_305' title='bbox 1800 2393 1981 2461; x_wconf 89' lang='lat' dir='ltr'><strong>dictis,</strong></span> <span class='ocrx_word' id='word_1_306' title='bbox 2010 2392 2107 2449; x_wconf 88' lang='lat' dir='ltr'><strong>sed</strong></span> 
     </span>
    </p>
   </div>
   <div class='ocr_carea' id='block_1_37' title="bbox 521 2489 2103 2573">
    <p class='ocr_par' dir='ltr' id='par_1_37' title="bbox 521 2489 2103 2573">
     <span class='ocr_line' id='line_1_37' title="bbox 521 2489 2103 2573; baseline -0.009 -18"><span class='ocrx_word' id='word_1_307' title='bbox 521 2497 655 2555; x_wconf 90' lang='lat' dir='ltr'><strong>etin</strong></span> <span class='ocrx_word' id='word_1_308' title='bbox 682 2494 860 2562; x_wconf 75' lang='lat' dir='ltr'><strong>factis,</strong></span> <span class='ocrx_word' id='word_1_309' title='bbox 888 2494 992 2568; x_wconf 89' lang='lat' dir='ltr'><strong>(sic</strong></span> <span class='ocrx_word' id='word_1_310' title='bbox 1011 2496 1157 2573; x_wconf 81' lang='lat' dir='ltr'><strong>enim</strong></span> <span class='ocrx_word' id='word_1_311' title='bbox 1178 2492 1469 2565; x_wconf 80' lang='lat' dir='ltr'><strong>Apostolus</strong></span> <span class='ocrx_word' id='word_1_312' title='bbox 1494 2491 1850 2552; x_wconf 81' lang='lat' dir='ltr'><strong>demonstrat,</strong></span> <span class='ocrx_word' id='word_1_313' title='bbox 1878 2489 2064 2545; x_wconf 89' lang='lat' dir='ltr'><strong>dicens</strong></span> <span class='ocrx_word' id='word_1_314' title='bbox 2090 2505 2103 2541; x_wconf 88' lang='lat'><strong>:</strong></span> 
     </span>
    </p>
   </div>
   <div class='ocr_carea' id='block_1_38' title="bbox 531 2578 2109 2659">
    <p class='ocr_par' dir='ltr' id='par_1_38' title="bbox 531 2578 2109 2659">
     <span class='ocr_line' id='line_1_38' title="bbox 531 2578 2109 2659; baseline -0.008 -14"><span class='ocrx_word' id='word_1_315' title='bbox 531 2589 813 2647; x_wconf 79' lang='lat' dir='ltr'><strong>Veritatem</strong></span> <span class='ocrx_word' id='word_1_316' title='bbox 861 2589 1109 2659; x_wconf 75' lang='lat' dir='ltr'><strong>facientes</strong></span> <span class='ocrx_word' id='word_1_317' title='bbox 1157 2587 1212 2641; x_wconf 89' lang='lat' dir='ltr'><strong>in</strong></span> <span class='ocrx_word' id='word_1_318' title='bbox 1262 2586 1544 2650; x_wconf 83' lang='lat' dir='ltr'><strong>charitate,</strong></span> <span class='ocrx_word' id='word_1_319' title='bbox 1578 2581 1874 2637; x_wconf 80' lang='lat' dir='ltr'><strong>crescamus</strong></span> <span class='ocrx_word' id='word_1_320' title='bbox 1916 2581 1971 2635; x_wconf 90' lang='lat' dir='ltr'><strong>in</strong></span> <span class='ocrx_word' id='word_1_321' title='bbox 2017 2578 2109 2634; x_wconf 85' lang='lat' dir='ltr'><strong>illo</strong></span> 
     </span>
    </p>
   </div>
   <div class='ocr_carea' id='block_1_39' title="bbox 522 2672 2111 2757">
    <p class='ocr_par' dir='ltr' id='par_1_39' title="bbox 522 2672 2111 2757">
     <span class='ocr_line' id='line_1_39' title="bbox 522 2672 2111 2757; baseline -0.01 -16"><span class='ocrx_word' id='word_1_322' title='bbox 522 2701 615 2757; x_wconf 85' lang='lat' dir='ltr'><strong>per</strong></span> <span class='ocrx_word' id='word_1_323' title='bbox 647 2683 843 2749; x_wconf 81' lang='lat' dir='ltr'><strong>omnia,</strong></span> <span class='ocrx_word' id='word_1_324' title='bbox 881 2682 971 2754; x_wconf 82' lang='lat' dir='ltr'><strong>qui</strong></span> <span class='ocrx_word' id='word_1_325' title='bbox 998 2689 1075 2736; x_wconf 86' lang='lat' dir='ltr'><strong>est</strong></span> <span class='ocrx_word' id='word_1_326' title='bbox 1105 2689 1261 2750; x_wconf 85' lang='lat' dir='ltr'><strong>caput</strong></span> <span class='ocrx_word' id='word_1_327' title='bbox 1309 2677 1574 2733; x_wconf 80' lang='lat' dir='ltr'><strong>Christus.</strong></span> <span class='ocrx_word' id='word_1_328' title='bbox 1610 2675 1678 2731; x_wconf 86' lang='lat' dir='ltr'><strong>Et</strong></span> <span class='ocrx_word' id='word_1_329' title='bbox 1712 2674 1851 2729; x_wconf 85' lang='lat' dir='ltr'><strong>alius</strong></span> <span class='ocrx_word' id='word_1_330' title='bbox 1876 2672 2111 2742; x_wconf 88' lang='lat' dir='ltr'><strong>Aposto-</strong></span> 
     </span>
    </p>
   </div>
   <div class='ocr_carea' id='block_1_40' title="bbox 523 2759 2113 2841">
    <p class='ocr_par' dir='ltr' id='par_1_40' title="bbox 523 2759 2113 2841">
     <span class='ocr_line' id='line_1_40' title="bbox 523 2759 2113 2841; baseline -0.01 -12"><span class='ocrx_word' id='word_1_331' title='bbox 523 2775 651 2835; x_wconf 72' lang='lat' dir='ltr'><strong>lus:</strong></span> <span class='ocrx_word' id='word_1_332' title='bbox 694 2772 912 2839; x_wconf 80' lang='lat' dir='ltr'><strong>Filioli,</strong></span> <span class='ocrx_word' id='word_1_333' title='bbox 944 2788 1050 2827; x_wconf 87' lang='lat' dir='ltr'><strong>non</strong></span> <span class='ocrx_word' id='word_1_334' title='bbox 1094 2770 1377 2841; x_wconf 79' lang='lat' dir='ltr'><strong>diligamus</strong></span> <span class='ocrx_word' id='word_1_335' title='bbox 1424 2765 1603 2831; x_wconf 84' lang='lat' dir='ltr'><strong>verbo,</strong></span> <span class='ocrx_word' id='word_1_336' title='bbox 1652 2781 1744 2823; x_wconf 83' lang='lat' dir='ltr'><strong>uec</strong></span> <span class='ocrx_word' id='word_1_337' title='bbox 1783 2759 2113 2833; x_wconf 84' lang='lat' dir='ltr'><strong>lingua,sed</strong></span> 
     </span>
    </p>
   </div>
   <div class='ocr_carea' id='block_1_41' title="bbox 525 2854 2114 2938">
    <p class='ocr_par' dir='ltr' id='par_1_41' title="bbox 525 2854 2114 2938">
     <span class='ocr_line' id='line_1_41' title="bbox 525 2854 2114 2938; baseline -0.011 -16"><span class='ocrx_word' id='word_1_338' title='bbox 525 2882 678 2938; x_wconf 85' lang='lat' dir='ltr'><strong>opere</strong></span> <span class='ocrx_word' id='word_1_339' title='bbox 709 2874 757 2919; x_wconf 89' lang='lat' dir='ltr'><strong>et</strong></span> <span class='ocrx_word' id='word_1_340' title='bbox 785 2866 1018 2919; x_wconf 81' lang='lat' dir='ltr'><strong>veritate.</strong></span> <span class='ocrx_word' id='word_1_341' title='bbox 1053 2864 1121 2915; x_wconf 86' lang='lat' dir='ltr'><strong>Et</strong></span> <span class='ocrx_word' id='word_1_342' title='bbox 1155 2864 1355 2915; x_wconf 84' lang='lat' dir='ltr'><strong>iterum</strong></span> <span class='ocrx_word' id='word_1_343' title='bbox 1398 2877 1411 2912; x_wconf 90' lang='lat'><strong>:</strong></span> <span class='ocrx_word' id='word_1_344' title='bbox 1453 2858 1511 2912; x_wconf 88' lang='lat' dir='ltr'><strong>Si</strong></span> <span class='ocrx_word' id='word_1_345' title='bbox 1538 2857 1828 2911; x_wconf 71' lang='lat' dir='ltr'><strong>dixerimus</strong></span> <span class='ocrx_word' id='word_1_346' title='bbox 1866 2854 2114 2925; x_wconf 86' lang='lat' dir='ltr'><strong>quoniam</strong></span> 
     </span>
    </p>
   </div>
   <div class='ocr_carea' id='block_1_42' title="bbox 527 2946 2115 3020">
    <p class='ocr_par' dir='ltr' id='par_1_42' title="bbox 527 2946 2115 3020">
     <span class='ocr_line' id='line_1_42' title="bbox 527 2946 2115 3020; baseline -0.011 -3"><span class='ocrx_word' id='word_1_347' title='bbox 527 2961 828 3017; x_wconf 82' lang='lat' dir='ltr'><strong>societatem</strong></span> <span class='ocrx_word' id='word_1_348' title='bbox 850 2957 1100 3012; x_wconf 81' lang='lat' dir='ltr'><strong>habemus</strong></span> <span class='ocrx_word' id='word_1_349' title='bbox 1123 2973 1242 3011; x_wconf 88' lang='lat' dir='ltr'><strong>cum</strong></span> <span class='ocrx_word' id='word_1_350' title='bbox 1264 2972 1349 3020; x_wconf 86' lang='lat' dir='ltr'><strong>eo,</strong></span> <span class='ocrx_word' id='word_1_351' title='bbox 1371 2962 1419 3008; x_wconf 87' lang='lat' dir='ltr'><strong>et</strong></span> <span class='ocrx_word' id='word_1_352' title='bbox 1441 2950 1738 3007; x_wconf 87' lang='lat' dir='ltr'><strong>intenebris</strong></span> <span class='ocrx_word' id='word_1_353' title='bbox 1761 2946 2115 3012; x_wconf 85' lang='lat' dir='ltr'><strong>ambulamus,</strong></span> 
     </span>
    </p>
   </div>
   <div class='ocr_carea' id='block_1_43' title="bbox 531 3039 2120 3116">
    <p class='ocr_par' dir='ltr' id='par_1_43' title="bbox 531 3039 2120 3116">
     <span class='ocr_line' id='line_1_43' title="bbox 531 3039 2120 3116; baseline -0.009 -9"><span class='ocrx_word' id='word_1_354' title='bbox 531 3049 833 3114; x_wconf 75' lang='lat' dir='ltr'><strong>mentimur,</strong></span> <span class='ocrx_word' id='word_1_355' title='bbox 886 3055 934 3103; x_wconf 89' lang='lat' dir='ltr'><strong>et</strong></span> <span class='ocrx_word' id='word_1_356' title='bbox 982 3062 1088 3101; x_wconf 91' lang='lat' dir='ltr'><strong>non</strong></span> <span class='ocrx_word' id='word_1_357' title='bbox 1132 3045 1357 3116; x_wconf 75' lang='lat' dir='ltr'><strong>facimus</strong></span> <span class='ocrx_word' id='word_1_358' title='bbox 1402 3039 1720 3105; x_wconf 65' lang='lat' dir='ltr'><strong>ueritateml,</strong></span> <span class='ocrx_word' id='word_1_359' title='bbox 1782 3039 1858 3093; x_wconf 87' lang='lat' dir='ltr'><strong>ita</strong></span> <span class='ocrx_word' id='word_1_360' title='bbox 1906 3051 2120 3108; x_wconf 88' lang='lat' dir='ltr'><strong>quoque</strong></span> 
     </span>
    </p>
   </div>
   <div class='ocr_carea' id='block_1_44' title="bbox 532 3126 2131 3196">
    <p class='ocr_par' dir='ltr' id='par_1_44' title="bbox 532 3126 2131 3196">
     <span class='ocr_line' id='line_1_44' title="bbox 532 3126 2131 3196; baseline -0.011 0"><span class='ocrx_word' id='word_1_361' title='bbox 532 3139 873 3196; x_wconf 88' lang='lat' dir='ltr'><strong>mendacium</strong></span> <span class='ocrx_word' id='word_1_362' title='bbox 909 3153 1017 3193; x_wconf 92' lang='lat' dir='ltr'><strong>non</strong></span> <span class='ocrx_word' id='word_1_363' title='bbox 1049 3146 1131 3192; x_wconf 89' lang='lat' dir='ltr'><strong>est</strong></span> <span class='ocrx_word' id='word_1_364' title='bbox 1159 3132 1536 3191; x_wconf 84' lang='lat' dir='ltr'><strong>tantummodo</strong></span> <span class='ocrx_word' id='word_1_365' title='bbox 1568 3130 1877 3193; x_wconf 87' lang='lat' dir='ltr'><strong>verborum,</strong></span> <span class='ocrx_word' id='word_1_366' title='bbox 1923 3126 2017 3182; x_wconf 90' lang='lat' dir='ltr'><strong>sed</strong></span> <span class='ocrx_word' id='word_1_367' title='bbox 2065 3131 2131 3179; x_wconf 79' lang='lat' dir='ltr'><strong>et</strong></span> 
     </span>
    </p>
   </div>
   <div class='ocr_carea' id='block_1_45' title="bbox 2205 2252 3817 2325">
    <p class='ocr_par' dir='ltr' id='par_1_45' title="bbox 2205 2252 3817 2325">
     <span class='ocr_line' id='line_1_45' title="bbox 2205 2252 3817 2325; baseline -0.005 -13"><span class='ocrx_word' id='word_1_368' title='bbox 2205 2265 2261 2312; x_wconf 93' lang='lat' dir='ltr'><strong>et</strong></span> <span class='ocrx_word' id='word_1_369' title='bbox 2288 2252 2720 2311; x_wconf 81' lang='lat' dir='ltr'><strong>conturbationis</strong></span> <span class='ocrx_word' id='word_1_370' title='bbox 2746 2252 2931 2325; x_wconf 89' lang='lat' dir='ltr'><strong>largus</strong></span> <span class='ocrx_word' id='word_1_371' title='bbox 2953 2253 3245 2308; x_wconf 88' lang='lat' dir='ltr'><strong>thesaurus</strong></span> <span class='ocrx_word' id='word_1_372' title='bbox 3279 2266 3400 2307; x_wconf 89' lang='lat' dir='ltr'><strong>esse</strong></span> <span class='ocrx_word' id='word_1_373' title='bbox 3419 2256 3633 2323; x_wconf 87' lang='lat' dir='ltr'><strong>posset;</strong></span> <span class='ocrx_word' id='word_1_374' title='bbox 3680 2265 3817 2321; x_wconf 65' lang='lat' dir='ltr'><strong>qua</strong></span> 
     </span>
    </p>
   </div>
   <div class='ocr_carea' id='block_1_46' title="bbox 2207 2344 3820 2417">
    <p class='ocr_par' dir='ltr' id='par_1_46' title="bbox 2207 2344 3820 2417">
     <span class='ocr_line' id='line_1_46' title="bbox 2207 2344 3820 2417; baseline -0.004 -12"><span class='ocrx_word' id='word_1_375' title='bbox 2207 2360 2314 2405; x_wconf 89' lang='lat' dir='ltr'><strong>non</strong></span> <span class='ocrx_word' id='word_1_376' title='bbox 2365 2348 2540 2404; x_wconf 87' lang='lat' dir='ltr'><strong>solum</strong></span> <span class='ocrx_word' id='word_1_377' title='bbox 2584 2346 2806 2417; x_wconf 85' lang='lat' dir='ltr'><strong>plebes,</strong></span> <span class='ocrx_word' id='word_1_378' title='bbox 2838 2344 2903 2402; x_wconf 81' lang='lat' dir='ltr'><strong>ac</strong></span> <span class='ocrx_word' id='word_1_379' title='bbox 2934 2346 3327 2416; x_wconf 66' lang='lat' dir='ltr'><strong>populos,~sive</strong></span> <span class='ocrx_word' id='word_1_380' title='bbox 3371 2344 3669 2415; x_wconf 86' lang='lat' dir='ltr'><strong>principes,</strong></span> <span class='ocrx_word' id='word_1_381' title='bbox 3723 2357 3820 2399; x_wconf 82' lang='lat' dir='ltr'><strong>ve-</strong></span> 
     </span>
    </p>
   </div>
   <div class='ocr_carea' id='block_1_47' title="bbox 2209 2436 3819 2509">
    <p class='ocr_par' dir='ltr' id='par_1_47' title="bbox 2209 2436 3819 2509">
     <span class='ocr_line' id='line_1_47' title="bbox 2209 2436 3819 2509; baseline -0.004 -12"><span class='ocrx_word' id='word_1_382' title='bbox 2209 2454 2331 2497; x_wconf 88' lang='lat' dir='ltr'><strong>rum</strong></span> <span class='ocrx_word' id='word_1_383' title='bbox 2377 2440 2540 2495; x_wconf 86' lang='lat' dir='ltr'><strong>etiam</strong></span> <span class='ocrx_word' id='word_1_384' title='bbox 2585 2438 3019 2509; x_wconf 87' lang='lat' dir='ltr'><strong>elegantissimos</strong></span> <span class='ocrx_word' id='word_1_385' title='bbox 3056 2436 3198 2492; x_wconf 78' lang='lat' dir='ltr'><strong>ﬁlios</strong></span> <span class='ocrx_word' id='word_1_386' title='bbox 3243 2436 3610 2507; x_wconf 86' lang='lat' dir='ltr'><strong>imperatoris,</strong></span> <span class='ocrx_word' id='word_1_387' title='bbox 3631 2436 3819 2491; x_wconf 74' lang='lat' dir='ltr'><strong>etiam</strong></span> 
     </span>
    </p>
   </div>
   <div class='ocr_carea' id='block_1_48' title="bbox 2210 2522 3819 2604">
    <p class='ocr_par' dir='ltr' id='par_1_48' title="bbox 2210 2522 3819 2604">
     <span class='ocr_line' id='line_1_48' title="bbox 2210 2522 3819 2604; baseline -0.002 -17"><span class='ocrx_word' id='word_1_388' title='bbox 2210 2531 2547 2604; x_wconf 84' lang='lat' dir='ltr'><strong>conjugatos,</strong></span> <span class='ocrx_word' id='word_1_389' title='bbox 2577 2539 2637 2587; x_wconf 23' lang='lat' dir='ltr'><strong>et:</strong></span> <span class='ocrx_word' id='word_1_390' title='bbox 2659 2542 2682 2571; x_wconf 71' lang='grc' dir='ltr'><em>ε</em></span> <span class='ocrx_word' id='word_1_391' title='bbox 2724 2522 3090 2601; x_wconf 81' lang='lat' dir='ltr'><strong>gubernacula</strong></span> <span class='ocrx_word' id='word_1_392' title='bbox 3129 2544 3415 2603; x_wconf 83' lang='lat' dir='ltr'><strong>regnorum</strong></span> <span class='ocrx_word' id='word_1_393' title='bbox 3440 2530 3819 2601; x_wconf 81' lang='lat' dir='ltr'><strong>possidentes,</strong></span> 
     </span>
    </p>
   </div>
   <div class='ocr_carea' id='block_1_49' title="bbox 2212 2624 3821 2696">
    <p class='ocr_par' dir='ltr' id='par_1_49' title="bbox 2212 2624 3821 2696">
     <span class='ocr_line' id='line_1_49' title="bbox 2212 2624 3821 2696; baseline 0.001 -17"><span class='ocrx_word' id='word_1_394' title='bbox 2212 2624 2503 2696; x_wconf 77' lang='lat' dir='ltr'><strong>afﬂigeret,</strong></span> <span class='ocrx_word' id='word_1_395' title='bbox 2530 2625 2915 2689; x_wconf 86' lang='lat' dir='ltr'><strong>contristaret,</strong></span> <span class='ocrx_word' id='word_1_396' title='bbox 2955 2632 3011 2678; x_wconf 89' lang='lat' dir='ltr'><strong>et</strong></span> <span class='ocrx_word' id='word_1_397' title='bbox 3045 2624 3420 2689; x_wconf 82' lang='lat' dir='ltr'><strong>conturbaret,</strong></span> <span class='ocrx_word' id='word_1_398' title='bbox 3448 2633 3503 2677; x_wconf 87' lang='lat' dir='ltr'><strong>et</strong></span> <span class='ocrx_word' id='word_1_399' title='bbox 3541 2636 3683 2694; x_wconf 82' lang='lat' dir='ltr'><strong>pene</strong></span> <span class='ocrx_word' id='word_1_400' title='bbox 3739 2632 3821 2680; x_wconf 79' lang='lat' dir='ltr'><strong>at-</strong></span> 
     </span>
    </p>
   </div>
   <div class='ocr_carea' id='block_1_50' title="bbox 2215 2712 3817 2787">
    <p class='ocr_par' dir='ltr' id='par_1_50' title="bbox 2215 2712 3817 2787">
     <span class='ocr_line' id='line_1_50' title="bbox 2215 2712 3817 2787; baseline 0 -16"><span class='ocrx_word' id='word_1_401' title='bbox 2215 2725 2419 2772; x_wconf 78' lang='lat' dir='ltr'><strong>tereret</strong></span> <span class='ocrx_word' id='word_1_402' title='bbox 2444 2724 2500 2771; x_wconf 89' lang='lat' dir='ltr'><strong>et</strong></span> <span class='ocrx_word' id='word_1_403' title='bbox 2528 2715 2940 2770; x_wconf 77' lang='lat' dir='ltr'><strong>exterminaret.</strong></span> <span class='ocrx_word' id='word_1_404' title='bbox 2987 2712 3233 2787; x_wconf 80' lang='lat' dir='ltr'><strong>Cumque</strong></span> <span class='ocrx_word' id='word_1_405' title='bbox 3258 2714 3457 2770; x_wconf 61' lang='lat' dir='ltr'><strong>nibus</strong></span> <span class='ocrx_word' id='word_1_406' title='bbox 3494 2714 3817 2771; x_wconf 86' lang='lat' dir='ltr'><strong>incremen-</strong></span> 
     </span>
    </p>
   </div>
   <div class='ocr_carea' id='block_1_51' title="bbox 2216 2806 3820 2877">
    <p class='ocr_par' dir='ltr' id='par_1_51' title="bbox 2216 2806 3820 2877">
     <span class='ocr_line' id='line_1_51' title="bbox 2216 2806 3820 2877; baseline -0.001 -13"><span class='ocrx_word' id='word_1_407' title='bbox 2216 2810 2287 2865; x_wconf 88' lang='lat' dir='ltr'><strong>tis</strong></span> <span class='ocrx_word' id='word_1_408' title='bbox 2306 2808 2555 2864; x_wconf 77' lang='lat' dir='ltr'><strong>viderent</strong></span> <span class='ocrx_word' id='word_1_409' title='bbox 2577 2809 2632 2862; x_wconf 92' lang='lat' dir='ltr'><strong>hi</strong></span> <span class='ocrx_word' id='word_1_410' title='bbox 2663 2806 2863 2877; x_wconf 87' lang='lat' dir='ltr'><strong>quibus</strong></span> <span class='ocrx_word' id='word_1_411' title='bbox 2890 2821 3037 2863; x_wconf 69' lang='lat' dir='ltr'><strong>cura:</strong></span> <span class='ocrx_word' id='word_1_412' title='bbox 3054 2810 3178 2862; x_wconf 85' lang='lat' dir='ltr'><strong>erat</strong></span> <span class='ocrx_word' id='word_1_413' title='bbox 3200 2808 3269 2863; x_wconf 80' lang='lat' dir='ltr'><strong>de</strong></span> <span class='ocrx_word' id='word_1_414' title='bbox 3310 2812 3455 2862; x_wconf 81' lang='lat' dir='ltr'><strong>statu</strong></span> <span class='ocrx_word' id='word_1_415' title='bbox 3498 2814 3551 2861; x_wconf 88' lang='lat' dir='ltr'><strong>et</strong></span> <span class='ocrx_word' id='word_1_416' title='bbox 3599 2806 3820 2863; x_wconf 84' lang='lat' dir='ltr'><strong>honore</strong></span> 
     </span>
    </p>
   </div>
   <div class='ocr_carea' id='block_1_52' title="bbox 2218 2898 3820 2971">
    <p class='ocr_par' dir='ltr' id='par_1_52' title="bbox 2218 2898 3820 2971">
     <span class='ocr_line' id='line_1_52' title="bbox 2218 2898 3820 2971; baseline -0.001 -16"><span class='ocrx_word' id='word_1_417' title='bbox 2218 2900 2392 2971; x_wconf 76' lang='lat' dir='ltr'><strong>regni,</strong></span> <span class='ocrx_word' id='word_1_418' title='bbox 2417 2915 2482 2955; x_wconf 88' lang='lat' dir='ltr'><strong>ac</strong></span> <span class='ocrx_word' id='word_1_419' title='bbox 2517 2900 2907 2970; x_wconf 86' lang='lat' dir='ltr'><strong>tranquillitate</strong></span> <span class='ocrx_word' id='word_1_420' title='bbox 2931 2899 3102 2970; x_wconf 88' lang='lat' dir='ltr'><strong>pacis,</strong></span> <span class='ocrx_word' id='word_1_421' title='bbox 3125 2907 3183 2954; x_wconf 92' lang='lat' dir='ltr'><strong>et</strong></span> <span class='ocrx_word' id='word_1_422' title='bbox 3212 2898 3395 2970; x_wconf 89' lang='lat' dir='ltr'><strong>quiete</strong></span> <span class='ocrx_word' id='word_1_423' title='bbox 3421 2898 3628 2969; x_wconf 89' lang='lat' dir='ltr'><strong>populi,</strong></span> <span class='ocrx_word' id='word_1_424' title='bbox 3645 2898 3820 2954; x_wconf 83' lang='lat' dir='ltr'><strong>deho-</strong></span> 
     </span>
    </p>
   </div>
   <div class='ocr_carea' id='block_1_53' title="bbox 2219 2989 3819 3062">
    <p class='ocr_par' dir='ltr' id='par_1_53' title="bbox 2219 2989 3819 3062">
     <span class='ocr_line' id='line_1_53' title="bbox 2219 2989 3819 3062; baseline -0.003 -14"><span class='ocrx_word' id='word_1_425' title='bbox 2219 2993 2424 3048; x_wconf 85' lang='lat' dir='ltr'><strong>nestari</strong></span> <span class='ocrx_word' id='word_1_426' title='bbox 2453 2992 2736 3062; x_wconf 87' lang='lat' dir='ltr'><strong>palatium,</strong></span> <span class='ocrx_word' id='word_1_427' title='bbox 2763 2991 3046 3047; x_wconf 86' lang='lat' dir='ltr'><strong>obscurari</strong></span> <span class='ocrx_word' id='word_1_428' title='bbox 3090 2989 3398 3046; x_wconf 71' lang='lat' dir='ltr'><strong>claritatem</strong></span> <span class='ocrx_word' id='word_1_429' title='bbox 3438 2990 3624 3059; x_wconf 88' lang='lat' dir='ltr'><strong>regni,</strong></span> <span class='ocrx_word' id='word_1_430' title='bbox 3651 2996 3714 3043; x_wconf 85' lang='lat' dir='ltr'><strong>et</strong></span> <span class='ocrx_word' id='word_1_431' title='bbox 3755 2990 3819 3044; x_wconf 81' lang='lat' dir='ltr'><strong>ad</strong></span> 
     </span>
    </p>
   </div>
   <div class='ocr_carea' id='block_1_54' title="bbox 2220 3080 3817 3154">
    <p class='ocr_par' dir='ltr' id='par_1_54' title="bbox 2220 3080 3817 3154">
     <span class='ocr_line' id='line_1_54' title="bbox 2220 3080 3817 3154; baseline -0.003 -16"><span class='ocrx_word' id='word_1_432' title='bbox 2220 3082 2570 3154; x_wconf 87' lang='lat' dir='ltr'><strong>ignominiam</strong></span> <span class='ocrx_word' id='word_1_433' title='bbox 2616 3082 2807 3138; x_wconf 80' lang='lat' dir='ltr'><strong>deduci</strong></span> <span class='ocrx_word' id='word_1_434' title='bbox 2862 3097 3060 3137; x_wconf 88' lang='lat' dir='ltr'><strong>nomen</strong></span> <span class='ocrx_word' id='word_1_435' title='bbox 3103 3080 3474 3153; x_wconf 86' lang='lat' dir='ltr'><strong>regnantium,</strong></span> <span class='ocrx_word' id='word_1_436' title='bbox 3523 3087 3817 3151; x_wconf 71' lang='lat' dir='ltr'><strong>cmperunt</strong></span> 
     </span>
    </p>
   </div>
   <div class='ocr_carea' id='block_1_55' title="bbox 2222 3172 3823 3246">
    <p class='ocr_par' dir='ltr' id='par_1_55' title="bbox 2222 3172 3823 3246">
     <span class='ocr_line' id='line_1_55' title="bbox 2222 3172 3823 3246; baseline -0.003 -15"><span class='ocrx_word' id='word_1_437' title='bbox 2222 3176 2398 3246; x_wconf 87' lang='lat' dir='ltr'><strong>queri,</strong></span> <span class='ocrx_word' id='word_1_438' title='bbox 2427 3184 2484 3231; x_wconf 90' lang='lat' dir='ltr'><strong>et</strong></span> <span class='ocrx_word' id='word_1_439' title='bbox 2519 3189 2882 3238; x_wconf 87' lang='lat' dir='ltr'><strong>murmurare,</strong></span> <span class='ocrx_word' id='word_1_440' title='bbox 2919 3189 2985 3230; x_wconf 88' lang='lat' dir='ltr'><strong>ac</strong></span> <span class='ocrx_word' id='word_1_441' title='bbox 3010 3172 3214 3239; x_wconf 88' lang='lat' dir='ltr'><strong>dolere,</strong></span> <span class='ocrx_word' id='word_1_442' title='bbox 3247 3179 3303 3228; x_wconf 90' lang='lat' dir='ltr'><strong>et</strong></span> <span class='ocrx_word' id='word_1_443' title='bbox 3332 3172 3640 3245; x_wconf 84' lang='lat' dir='ltr'><strong>deplorare.</strong></span> <span class='ocrx_word' id='word_1_444' title='bbox 3667 3172 3823 3228; x_wconf 88' lang='lat' dir='ltr'><strong>inter</strong></span> 
     </span>
    </p>
   </div>
   <div class='ocr_carea' id='block_1_56' title="bbox 537 3219 3822 3337">
    <p class='ocr_par' dir='ltr' id='par_1_56' title="bbox 537 3219 3822 3337">
     <span class='ocr_line' id='line_1_56' title="bbox 537 3219 3813 3325; baseline -0.019 -26"><span class='ocrx_word' id='word_1_445' title='bbox 537 3231 836 3297; x_wconf 58' lang='lat' dir='ltr'><strong>factorum;</strong></span> <span class='ocrx_word' id='word_1_446' title='bbox 887 3230 1029 3286; x_wconf 79' lang='lat' dir='ltr'><strong>sicut</strong></span> <span class='ocrx_word' id='word_1_447' title='bbox 1077 3230 1133 3287; x_wconf 83' lang='lat' dir='ltr'><strong>in</strong></span> <span class='ocrx_word' id='word_1_448' title='bbox 1174 3225 1495 3299; x_wconf 83' lang='lat' dir='ltr'><strong>Apocalypsi</strong></span> <span class='ocrx_word' id='word_1_449' title='bbox 1550 3222 1790 3295; x_wconf 89' lang='lat' dir='ltr'><strong>loquitur</strong></span> <span class='ocrx_word' id='word_1_450' title='bbox 1836 3219 2113 3282; x_wconf 89' lang='lat' dir='ltr'><strong>Dominus,</strong></span> <span class='ocrx_word' id='word_1_451' title='bbox 2147 3245 2193 3308; x_wconf 66' lang='grc' dir='ltr'>Ο</span> <span class='ocrx_word' id='word_1_452' title='bbox 2223 3219 2398 3325; x_wconf 44' lang='lat' dir='ltr'><strong>Em&quot;</strong></span> <span class='ocrx_word' id='word_1_453' title='bbox 2429 3219 2484 3231; x_wconf 78' lang='grc' dir='ltr'><strong>ν’</strong></span> <span class='ocrx_word' id='word_1_454' title='bbox 2506 3219 2892 3278; x_wconf 45' lang='grc' dir='ltr'><strong>·········ν’.</strong></span> <span class='ocrx_word' id='word_1_455' title='bbox 2919 3219 2985 3277; x_wconf 60' lang='grc' dir='ltr'><strong>τ*</strong></span> <span class='ocrx_word' id='word_1_456' title='bbox 3013 3219 3214 3276; x_wconf 56' lang='grc' dir='ltr'><strong>*ν-ζ--τ</strong></span> <span class='ocrx_word' id='word_1_457' title='bbox 3249 3219 3303 3228; x_wconf 70' lang='grc' dir='ltr'><strong>ν-</strong></span> <span class='ocrx_word' id='word_1_458' title='bbox 3334 3219 3640 3245; x_wconf 64' lang='grc' dir='ltr'><strong>*νιν-ν’·--ν-</strong></span> <span class='ocrx_word' id='word_1_459' title='bbox 3668 3219 3813 3228; x_wconf 66' lang='grc' dir='ltr'><strong>-----υ</strong></span> 
     </span>
     <span class='ocr_line' id='line_1_57' title="bbox 557 3264 3822 3337; baseline -0.005 -5"><span class='ocrx_word' id='word_1_460' title='bbox 557 3322 590 3337; x_wconf 86' lang='grc'><strong>,.</strong></span> <span class='ocrx_word' id='word_1_461' title='bbox 644 3336 647 3337; x_wconf 25' lang='grc' dir='ltr'><em>ν</em></span> <span class='ocrx_word' id='word_1_462' title='bbox 816 3320 854 3337; x_wconf 81' lang='grc'><strong>,,</strong></span> <span class='ocrx_word' id='word_1_463' title='bbox 959 3322 972 3334; x_wconf 83' lang='grc'>.</span> <span class='ocrx_word' id='word_1_464' title='bbox 1016 3330 1026 3337; x_wconf 84' lang='lat'>_</span> <span class='ocrx_word' id='word_1_465' title='bbox 1426 3316 1590 3337; x_wconf 41' lang='grc' dir='ltr'><strong>,μμ</strong></span> <span class='ocrx_word' id='word_1_466' title='bbox 1624 3312 1840 3337; x_wconf 41' lang='grc' dir='ltr'><strong>,μη-,Μ</strong></span> <span class='ocrx_word' id='word_1_467' title='bbox 1870 3311 1994 3337; x_wconf 46' lang='lat' dir='ltr'><strong>nu,“</strong></span> <span class='ocrx_word' id='word_1_468' title='bbox 2046 3311 2089 3337; x_wconf 49' lang='grc' dir='ltr'><strong>Δ,</strong></span> <span class='ocrx_word' id='word_1_469' title='bbox 2263 3284 2343 3324; x_wconf 68' lang='lat' dir='ltr'><strong>aac</strong></span> <span class='ocrx_word' id='word_1_470' title='bbox 2366 3276 2628 3325; x_wconf 78' lang='lat' dir='ltr'><strong>concitati</strong></span> <span class='ocrx_word' id='word_1_471' title='bbox 2658 3273 2783 3322; x_wconf 89' lang='lat' dir='ltr'><strong>sunt</strong></span> <span class='ocrx_word' id='word_1_472' title='bbox 2814 3273 3039 3337; x_wconf 79' lang='lat' dir='ltr'><strong>spiritus</strong></span> <span class='ocrx_word' id='word_1_473' title='bbox 3063 3279 3304 3319; x_wconf 79' lang='lat' dir='ltr'><strong>virorum</strong></span> <span class='ocrx_word' id='word_1_474' title='bbox 3328 3264 3749 3328; x_wconf 76' lang='lat' dir='ltr'><strong>honoratorum,</strong></span> <span class='ocrx_word' id='word_1_475' title='bbox 3771 3272 3822 3318; x_wconf 87' lang='lat' dir='ltr'><strong>et</strong></span> 
     </span>
    </p>
   </div>
   <div class='ocr_carea' id='block_1_57' title="bbox 540 3311 2122 3389">
    <p class='ocr_par' dir='ltr' id='par_1_57' title="bbox 540 3311 2122 3389">
     <span class='ocr_line' id='line_1_58' title="bbox 540 3311 2122 3389; baseline -0.008 -11"><span class='ocrx_word' id='word_1_476' title='bbox 540 3322 727 3378; x_wconf 87' lang='lat' dir='ltr'><strong>dicens</strong></span> <span class='ocrx_word' id='word_1_477' title='bbox 755 3339 768 3376; x_wconf 93' lang='lat'><strong>:</strong></span> <span class='ocrx_word' id='word_1_478' title='bbox 803 3320 927 3376; x_wconf 85' lang='lat' dir='ltr'><strong>Non</strong></span> <span class='ocrx_word' id='word_1_479' title='bbox 951 3318 1171 3374; x_wconf 81' lang='lat' dir='ltr'><strong>intrabit</strong></span> <span class='ocrx_word' id='word_1_480' title='bbox 1198 3319 1256 3372; x_wconf 89' lang='lat' dir='ltr'><strong>in</strong></span> <span class='ocrx_word' id='word_1_481' title='bbox 1281 3333 1396 3371; x_wconf 90' lang='lat' dir='ltr'><strong>eam</strong></span> <span class='ocrx_word' id='word_1_482' title='bbox 1425 3316 1594 3389; x_wconf 87' lang='lat' dir='ltr'><strong>(haud</strong></span> <span class='ocrx_word' id='word_1_483' title='bbox 1620 3312 1846 3370; x_wconf 88' lang='lat' dir='ltr'><strong>dubium</strong></span> <span class='ocrx_word' id='word_1_484' title='bbox 1867 3311 1999 3383; x_wconf 85' lang='lat' dir='ltr'><strong>quin</strong></span> <span class='ocrx_word' id='word_1_485' title='bbox 2045 3311 2122 3365; x_wconf 83' lang='lat' dir='ltr'><strong>ci-</strong></span> 
     </span>
    </p>
   </div>
   <div class='ocr_carea' id='block_1_58' title="bbox 492 3404 2125 3487">
    <p class='ocr_par' dir='ltr' id='par_1_58' title="bbox 492 3404 2125 3487">
     <span class='ocr_line' id='line_1_59' title="bbox 492 3404 2125 3487; baseline -0.007 -16"><span class='ocrx_word' id='word_1_486' title='bbox 492 3484 499 3487; x_wconf 29' lang='grc' dir='ltr'><em>ι</em></span> <span class='ocrx_word' id='word_1_487' title='bbox 537 3414 762 3471; x_wconf 84' lang='lat' dir='ltr'><strong>vitatem</strong></span> <span class='ocrx_word' id='word_1_488' title='bbox 809 3410 1120 3483; x_wconf 63' lang='lat' dir='ltr'><strong>caelestem)</strong></span> <span class='ocrx_word' id='word_1_489' title='bbox 1148 3410 1350 3482; x_wconf 84' lang='lat' dir='ltr'><strong>aliquid</strong></span> <span class='ocrx_word' id='word_1_490' title='bbox 1379 3409 1799 3480; x_wconf 85' lang='lat' dir='ltr'><strong>coinquinatum,</strong></span> <span class='ocrx_word' id='word_1_491' title='bbox 1826 3413 1875 3460; x_wconf 91' lang='lat' dir='ltr'><strong>et</strong></span> <span class='ocrx_word' id='word_1_492' title='bbox 1924 3404 2125 3474; x_wconf 71' lang='lat' dir='ltr'><strong>faciens</strong></span> 
     </span>
    </p>
   </div>
   <div class='ocr_carea' id='block_1_59' title="bbox 536 3493 2126 3573">
    <p class='ocr_par' dir='ltr' id='par_1_59' title="bbox 536 3493 2126 3573">
     <span class='ocr_line' id='line_1_60' title="bbox 536 3493 2126 3573; baseline -0.009 -10"><span class='ocrx_word' id='word_1_493' title='bbox 536 3505 977 3563; x_wconf 85' lang='lat' dir='ltr'><strong>abominatiouem</strong></span> <span class='ocrx_word' id='word_1_494' title='bbox 998 3512 1047 3560; x_wconf 88' lang='lat' dir='ltr'><strong>et</strong></span> <span class='ocrx_word' id='word_1_495' title='bbox 1075 3503 1429 3558; x_wconf 85' lang='lat' dir='ltr'><strong>mendacium.</strong></span> <span class='ocrx_word' id='word_1_496' title='bbox 1458 3500 1524 3555; x_wconf 84' lang='lat' dir='ltr'><strong>Et</strong></span> <span class='ocrx_word' id='word_1_497' title='bbox 1553 3496 1713 3573; x_wconf 87' lang='lat' dir='ltr'><strong>paulo</strong></span> <span class='ocrx_word' id='word_1_498' title='bbox 1738 3506 1861 3569; x_wconf 89' lang='lat' dir='ltr'><strong>post</strong></span> <span class='ocrx_word' id='word_1_499' title='bbox 1894 3515 1906 3550; x_wconf 87' lang='lat'><strong>:</strong></span> <span class='ocrx_word' id='word_1_500' title='bbox 1940 3493 2126 3550; x_wconf 86' lang='lat' dir='ltr'><strong>Omnis</strong></span> 
     </span>
    </p>
   </div>
   <div class='ocr_carea' id='block_1_60' title="bbox 535 3589 2128 3673">
    <p class='ocr_par' dir='ltr' id='par_1_60' title="bbox 535 3589 2128 3673">
     <span class='ocr_line' id='line_1_61' title="bbox 535 3589 2128 3673; baseline -0.009 -18"><span class='ocrx_word' id='word_1_501' title='bbox 535 3601 626 3673; x_wconf 87' lang='lat' dir='ltr'><strong>qui</strong></span> <span class='ocrx_word' id='word_1_502' title='bbox 668 3608 809 3654; x_wconf 91' lang='lat' dir='ltr'><strong>amat</strong></span> <span class='ocrx_word' id='word_1_503' title='bbox 837 3608 885 3654; x_wconf 88' lang='lat' dir='ltr'><strong>et</strong></span> <span class='ocrx_word' id='word_1_504' title='bbox 916 3598 1042 3668; x_wconf 85' lang='lat' dir='ltr'><strong>facit</strong></span> <span class='ocrx_word' id='word_1_505' title='bbox 1072 3597 1426 3652; x_wconf 88' lang='lat' dir='ltr'><strong>mendacium.</strong></span> <span class='ocrx_word' id='word_1_506' title='bbox 1476 3594 1544 3648; x_wconf 88' lang='lat' dir='ltr'><strong>Et</strong></span> <span class='ocrx_word' id='word_1_507' title='bbox 1578 3592 1839 3647; x_wconf 88' lang='lat' dir='ltr'><strong>Dominus</strong></span> <span class='ocrx_word' id='word_1_508' title='bbox 1867 3590 1920 3645; x_wconf 91' lang='lat' dir='ltr'><strong>in</strong></span> <span class='ocrx_word' id='word_1_509' title='bbox 1950 3589 2128 3643; x_wconf 85' lang='lat' dir='ltr'><strong>Evan-</strong></span> 
     </span>
    </p>
   </div>
   <div class='ocr_carea' id='block_1_61' title="bbox 538 3679 2126 3764">
    <p class='ocr_par' dir='ltr' id='par_1_61' title="bbox 538 3679 2126 3764">
     <span class='ocr_line' id='line_1_62' title="bbox 538 3679 2126 3764; baseline -0.011 -16"><span class='ocrx_word' id='word_1_510' title='bbox 538 3691 677 3764; x_wconf 88' lang='lat' dir='ltr'><strong>gelio</strong></span> <span class='ocrx_word' id='word_1_511' title='bbox 707 3692 771 3746; x_wconf 93' lang='lat' dir='ltr'><strong>de</strong></span> <span class='ocrx_word' id='word_1_512' title='bbox 796 3691 1080 3746; x_wconf 89' lang='lat' dir='ltr'><strong>inventore</strong></span> <span class='ocrx_word' id='word_1_513' title='bbox 1099 3688 1343 3744; x_wconf 89' lang='lat' dir='ltr'><strong>omnium</strong></span> <span class='ocrx_word' id='word_1_514' title='bbox 1376 3685 1644 3741; x_wconf 86' lang='lat' dir='ltr'><strong>malorum</strong></span> <span class='ocrx_word' id='word_1_515' title='bbox 1675 3684 1752 3749; x_wconf 81' lang='lat' dir='ltr'><strong>ait</strong></span> <span class='ocrx_word' id='word_1_516' title='bbox 1779 3700 1790 3735; x_wconf 93' lang='lat'><strong>:</strong></span> <span class='ocrx_word' id='word_1_517' title='bbox 1829 3679 1929 3734; x_wconf 86' lang='lat' dir='ltr'><strong>Ille</strong></span> <span class='ocrx_word' id='word_1_518' title='bbox 1954 3679 2126 3733; x_wconf 86' lang='lat' dir='ltr'><strong>homi-</strong></span> 
     </span>
    </p>
   </div>
   <div class='ocr_carea' id='block_1_62' title="bbox 538 3770 2129 3847">
    <p class='ocr_par' dir='ltr' id='par_1_62' title="bbox 538 3770 2129 3847">
     <span class='ocr_line' id='line_1_63' title="bbox 538 3770 2129 3847; baseline -0.009 -6"><span class='ocrx_word' id='word_1_519' title='bbox 538 3785 659 3841; x_wconf 88' lang='lat' dir='ltr'><strong>cida</strong></span> <span class='ocrx_word' id='word_1_520' title='bbox 692 3793 804 3839; x_wconf 88' lang='lat' dir='ltr'><strong>erat</strong></span> <span class='ocrx_word' id='word_1_521' title='bbox 828 3783 893 3838; x_wconf 90' lang='lat' dir='ltr'><strong>ab</strong></span> <span class='ocrx_word' id='word_1_522' title='bbox 920 3782 1095 3847; x_wconf 85' lang='lat' dir='ltr'><strong>initio,</strong></span> <span class='ocrx_word' id='word_1_523' title='bbox 1123 3790 1170 3836; x_wconf 89' lang='lat' dir='ltr'><strong>et</strong></span> <span class='ocrx_word' id='word_1_524' title='bbox 1200 3782 1256 3835; x_wconf 91' lang='lat' dir='ltr'><strong>in</strong></span> <span class='ocrx_word' id='word_1_525' title='bbox 1285 3776 1499 3836; x_wconf 79' lang='lat' dir='ltr'><strong>veritate</strong></span> <span class='ocrx_word' id='word_1_526' title='bbox 1528 3794 1633 3832; x_wconf 87' lang='lat' dir='ltr'><strong>non</strong></span> <span class='ocrx_word' id='word_1_527' title='bbox 1675 3775 1837 3831; x_wconf 84' lang='lat' dir='ltr'><strong>stetit.</strong></span> <span class='ocrx_word' id='word_1_528' title='bbox 1889 3770 1946 3828; x_wconf 93' lang='lat' dir='ltr'><strong>Si</strong></span> <span class='ocrx_word' id='word_1_529' title='bbox 2000 3786 2129 3844; x_wconf 88' lang='lat' dir='ltr'><strong>ergo</strong></span> 
     </span>
    </p>
   </div>
   <div class='ocr_carea' id='block_1_63' title="bbox 540 3862 2130 3944">
    <p class='ocr_par' dir='ltr' id='par_1_63' title="bbox 540 3862 2130 3944">
     <span class='ocr_line' id='line_1_64' title="bbox 540 3862 2130 3944; baseline -0.011 -13"><span class='ocrx_word' id='word_1_530' title='bbox 540 3875 635 3931; x_wconf 87' lang='lat' dir='ltr'><strong>illa</strong></span> <span class='ocrx_word' id='word_1_531' title='bbox 661 3875 867 3933; x_wconf 81' lang='lat' dir='ltr'><strong>veritas</strong></span> <span class='ocrx_word' id='word_1_532' title='bbox 900 3874 991 3943; x_wconf 84' lang='lat' dir='ltr'><strong>(de</strong></span> <span class='ocrx_word' id='word_1_533' title='bbox 1020 3888 1127 3944; x_wconf 86' lang='lat' dir='ltr'><strong>qua</strong></span> <span class='ocrx_word' id='word_1_534' title='bbox 1155 3880 1213 3928; x_wconf 91' lang='lat' dir='ltr'><strong>et</strong></span> <span class='ocrx_word' id='word_1_535' title='bbox 1250 3871 1308 3927; x_wconf 91' lang='lat' dir='ltr'><strong>in</strong></span> <span class='ocrx_word' id='word_1_536' title='bbox 1347 3870 1579 3926; x_wconf 85' lang='lat' dir='ltr'><strong>Psalmis</strong></span> <span class='ocrx_word' id='word_1_537' title='bbox 1603 3875 1889 3924; x_wconf 84' lang='lat' dir='ltr'><strong>cantamus</strong></span> <span class='ocrx_word' id='word_1_538' title='bbox 1915 3882 1929 3918; x_wconf 88' lang='lat'><strong>:</strong></span> <span class='ocrx_word' id='word_1_539' title='bbox 1957 3862 2130 3934; x_wconf 85' lang='lat' dir='ltr'><strong>Prope</strong></span> 
     </span>
    </p>
   </div>
   <div class='ocr_carea' id='block_1_64' title="bbox 540 3954 2128 4032">
    <p class='ocr_par' dir='ltr' id='par_1_64' title="bbox 540 3954 2128 4032">
     <span class='ocr_line' id='line_1_65' title="bbox 540 3954 2128 4032; baseline -0.009 -11"><span class='ocrx_word' id='word_1_540' title='bbox 540 3976 670 4032; x_wconf 87' lang='lat' dir='ltr'><strong>esto,</strong></span> <span class='ocrx_word' id='word_1_541' title='bbox 712 3966 965 4030; x_wconf 86' lang='lat' dir='ltr'><strong>Domine,</strong></span> <span class='ocrx_word' id='word_1_542' title='bbox 1015 3973 1067 4019; x_wconf 85' lang='lat' dir='ltr'><strong>et</strong></span> <span class='ocrx_word' id='word_1_543' title='bbox 1099 3964 1277 4019; x_wconf 73' lang='lat' dir='ltr'><strong>omnes</strong></span> <span class='ocrx_word' id='word_1_544' title='bbox 1327 3963 1423 4018; x_wconf 71' lang='lat' dir='ltr'><strong>via</strong></span> <span class='ocrx_word' id='word_1_545' title='bbox 1472 3971 1577 4016; x_wconf 76' lang='lat' dir='ltr'><strong>tua:</strong></span> <span class='ocrx_word' id='word_1_546' title='bbox 1623 3958 1836 4029; x_wconf 76' lang='lat' dir='ltr'><strong>ueritas)</strong></span> <span class='ocrx_word' id='word_1_547' title='bbox 1885 3954 2128 4011; x_wconf 88' lang='lat' dir='ltr'><strong>omnium</strong></span> 
     </span>
    </p>
   </div>
   <div class='ocr_carea' id='block_1_65' title="bbox 543 4047 2132 4128">
    <p class='ocr_par' dir='ltr' id='par_1_65' title="bbox 543 4047 2132 4128">
     <span class='ocr_line' id='line_1_66' title="bbox 543 4047 2132 4128; baseline -0.009 -14"><span class='ocrx_word' id='word_1_548' title='bbox 543 4058 826 4115; x_wconf 88' lang='lat' dir='ltr'><strong>hominum</strong></span> <span class='ocrx_word' id='word_1_549' title='bbox 875 4065 1087 4112; x_wconf 86' lang='lat' dir='ltr'><strong>mentes</strong></span> <span class='ocrx_word' id='word_1_550' title='bbox 1116 4057 1437 4128; x_wconf 88' lang='lat' dir='ltr'><strong>possideret,</strong></span> <span class='ocrx_word' id='word_1_551' title='bbox 1477 4056 1641 4109; x_wconf 85' lang='lat' dir='ltr'><strong>etiam</strong></span> <span class='ocrx_word' id='word_1_552' title='bbox 1680 4052 1796 4108; x_wconf 89' lang='lat' dir='ltr'><strong>sine</strong></span> <span class='ocrx_word' id='word_1_553' title='bbox 1830 4047 2132 4105; x_wconf 88' lang='lat' dir='ltr'><strong>rectoribus</strong></span> 
     </span>
    </p>
   </div>
   <div class='ocr_carea' id='block_1_66' title="bbox 544 4144 2132 4220">
    <p class='ocr_par' dir='ltr' id='par_1_66' title="bbox 544 4144 2132 4220">
     <span class='ocr_line' id='line_1_67' title="bbox 544 4144 2132 4220; baseline -0.008 -15"><span class='ocrx_word' id='word_1_554' title='bbox 544 4155 601 4206; x_wconf 89' lang='lat' dir='ltr'><strong>et</strong></span> <span class='ocrx_word' id='word_1_555' title='bbox 635 4146 975 4220; x_wconf 84' lang='lat' dir='ltr'><strong>principibus</strong></span> <span class='ocrx_word' id='word_1_556' title='bbox 1003 4162 1093 4201; x_wconf 88' lang='lat' dir='ltr'><strong>res</strong></span> <span class='ocrx_word' id='word_1_557' title='bbox 1118 4147 1303 4202; x_wconf 88' lang='lat' dir='ltr'><strong>mundi</strong></span> <span class='ocrx_word' id='word_1_558' title='bbox 1326 4145 1585 4202; x_wconf 88' lang='lat' dir='ltr'><strong>concordi</strong></span> <span class='ocrx_word' id='word_1_559' title='bbox 1625 4144 1884 4200; x_wconf 87' lang='lat' dir='ltr'><strong>societate</strong></span> <span class='ocrx_word' id='word_1_560' title='bbox 1922 4148 2132 4210; x_wconf 82' lang='lat' dir='ltr'><strong>pacatae</strong></span> 
     </span>
    </p>
   </div>
   <div class='ocr_carea' id='block_1_67' title="bbox 544 4232 2135 4306">
    <p class='ocr_par' dir='ltr' id='par_1_67' title="bbox 544 4232 2135 4306">
     <span class='ocr_line' id='line_1_68' title="bbox 544 4232 2135 4306; baseline -0.008 -10"><span class='ocrx_word' id='word_1_561' title='bbox 544 4243 851 4296; x_wconf 80' lang='lat' dir='ltr'><strong>manerent.</strong></span> <span class='ocrx_word' id='word_1_562' title='bbox 882 4235 1036 4291; x_wconf 85' lang='lat' dir='ltr'><strong>Nunc</strong></span> <span class='ocrx_word' id='word_1_563' title='bbox 1070 4244 1252 4291; x_wconf 82' lang='lat' dir='ltr'><strong>autem</strong></span> <span class='ocrx_word' id='word_1_564' title='bbox 1279 4236 1408 4306; x_wconf 86' lang='lat' dir='ltr'><strong>quia</strong></span> <span class='ocrx_word' id='word_1_565' title='bbox 1436 4235 1526 4290; x_wconf 86' lang='lat' dir='ltr'><strong>ille</strong></span> <span class='ocrx_word' id='word_1_566' title='bbox 1554 4234 1647 4303; x_wconf 90' lang='lat' dir='ltr'><strong>qui</strong></span> <span class='ocrx_word' id='word_1_567' title='bbox 1676 4234 1732 4288; x_wconf 91' lang='lat' dir='ltr'><strong>in</strong></span> <span class='ocrx_word' id='word_1_568' title='bbox 1773 4232 1999 4287; x_wconf 84' lang='lat' dir='ltr'><strong>veritate</strong></span> <span class='ocrx_word' id='word_1_569' title='bbox 2024 4244 2135 4284; x_wconf 89' lang='lat' dir='ltr'><strong>non</strong></span> 
     </span>
    </p>
   </div>
   <div class='ocr_carea' id='block_1_68' title="bbox 544 4320 2136 4399">
    <p class='ocr_par' dir='ltr' id='par_1_68' title="bbox 544 4320 2136 4399">
     <span class='ocr_line' id='line_1_69' title="bbox 544 4320 2136 4399; baseline -0.008 -13"><span class='ocrx_word' id='word_1_570' title='bbox 544 4330 721 4396; x_wconf 87' lang='lat' dir='ltr'><strong>stetit,</strong></span> <span class='ocrx_word' id='word_1_571' title='bbox 742 4334 934 4385; x_wconf 89' lang='lat' dir='ltr'><strong>contra</strong></span> <span class='ocrx_word' id='word_1_572' title='bbox 970 4326 1259 4383; x_wconf 87' lang='lat' dir='ltr'><strong>veritatem</strong></span> <span class='ocrx_word' id='word_1_573' title='bbox 1298 4341 1460 4399; x_wconf 87' lang='lat' dir='ltr'><strong>agere</strong></span> <span class='ocrx_word' id='word_1_574' title='bbox 1502 4339 1779 4395; x_wconf 89' lang='lat' dir='ltr'><strong>nunquam</strong></span> <span class='ocrx_word' id='word_1_575' title='bbox 1816 4320 2051 4386; x_wconf 90' lang='lat' dir='ltr'><strong>desistit,</strong></span> <span class='ocrx_word' id='word_1_576' title='bbox 2079 4328 2136 4374; x_wconf 91' lang='lat' dir='ltr'><strong>et</strong></span> 
     </span>
    </p>
   </div>
   <div class='ocr_carea' id='block_1_69' title="bbox 547 4409 2134 4477">
    <p class='ocr_par' dir='ltr' id='par_1_69' title="bbox 547 4409 2134 4477">
     <span class='ocr_line' id='line_1_70' title="bbox 547 4409 2134 4477; baseline -0.008 0"><span class='ocrx_word' id='word_1_577' title='bbox 547 4418 940 4477; x_wconf 89' lang='lat' dir='ltr'><strong>dormientibus</strong></span> <span class='ocrx_word' id='word_1_578' title='bbox 963 4417 1273 4475; x_wconf 86' lang='lat' dir='ltr'><strong>hominibus</strong></span> <span class='ocrx_word' id='word_1_579' title='bbox 1297 4417 1675 4476; x_wconf 84' lang='lat' dir='ltr'><strong>scandaiorum</strong></span> <span class='ocrx_word' id='word_1_580' title='bbox 1718 4412 1927 4469; x_wconf 86' lang='lat' dir='ltr'><strong>zizania</strong></span> <span class='ocrx_word' id='word_1_581' title='bbox 1977 4409 2134 4466; x_wconf 88' lang='lat' dir='ltr'><strong>semi-</strong></span> 
     </span>
    </p>
   </div>
   <div class='ocr_carea' id='block_1_70' title="bbox 547 4517 2130 4593">
    <p class='ocr_par' dir='ltr' id='par_1_70' title="bbox 547 4517 2130 4593">
     <span class='ocr_line' id='line_1_71' title="bbox 547 4517 2130 4593; baseline -0.004 -14"><span class='ocrx_word' id='word_1_582' title='bbox 547 4538 681 4579; x_wconf 88' lang='lat' dir='ltr'><strong>nare</strong></span> <span class='ocrx_word' id='word_1_583' title='bbox 721 4536 829 4577; x_wconf 93' lang='lat' dir='ltr'><strong>non</strong></span> <span class='ocrx_word' id='word_1_584' title='bbox 874 4529 1076 4587; x_wconf 87' lang='lat' dir='ltr'><strong>cessat,</strong></span> <span class='ocrx_word' id='word_1_585' title='bbox 1106 4528 1232 4593; x_wconf 88' lang='lat' dir='ltr'><strong>apta</strong></span> <span class='ocrx_word' id='word_1_586' title='bbox 1277 4521 1380 4577; x_wconf 89' lang='lat' dir='ltr'><strong>sibi</strong></span> <span class='ocrx_word' id='word_1_587' title='bbox 1434 4521 1598 4576; x_wconf 84' lang='lat' dir='ltr'><strong>corda</strong></span> <span class='ocrx_word' id='word_1_588' title='bbox 1635 4520 1768 4575; x_wconf 87' lang='lat' dir='ltr'><strong>satis</strong></span> <span class='ocrx_word' id='word_1_589' title='bbox 1817 4517 2130 4583; x_wconf 86' lang='lat' dir='ltr'><strong>inveniens,</strong></span> 
     </span>
    </p>
   </div>
   <div class='ocr_carea' id='block_1_71' title="bbox 548 4620 2133 4697">
    <p class='ocr_par' dir='ltr' id='par_1_71' title="bbox 548 4620 2133 4697">
     <span class='ocr_line' id='line_1_72' title="bbox 548 4620 2133 4697; baseline -0.004 -16"><span class='ocrx_word' id='word_1_590' title='bbox 548 4641 669 4697; x_wconf 74' lang='lat' dir='ltr'><strong>quae</strong></span> <span class='ocrx_word' id='word_1_591' title='bbox 696 4625 916 4681; x_wconf 80' lang='lat' dir='ltr'><strong>foveant</strong></span> <span class='ocrx_word' id='word_1_592' title='bbox 942 4632 999 4681; x_wconf 90' lang='lat' dir='ltr'><strong>et</strong></span> <span class='ocrx_word' id='word_1_593' title='bbox 1035 4625 1278 4681; x_wconf 86' lang='lat' dir='ltr'><strong>nutriant</strong></span> <span class='ocrx_word' id='word_1_594' title='bbox 1306 4625 1515 4681; x_wconf 90' lang='lat' dir='ltr'><strong>semina</strong></span> <span class='ocrx_word' id='word_1_595' title='bbox 1539 4624 1691 4697; x_wconf 82' lang='lat' dir='ltr'><strong>ejus;</strong></span> <span class='ocrx_word' id='word_1_596' title='bbox 1722 4620 1995 4680; x_wconf 85' lang='lat' dir='ltr'><strong>redundat</strong></span> <span class='ocrx_word' id='word_1_597' title='bbox 2016 4636 2133 4676; x_wconf 84' lang='lat' dir='ltr'><strong>ma-</strong></span> 
     </span>
    </p>
   </div>
   <div class='ocr_carea' id='block_1_72' title="bbox 551 4725 2133 4800">
    <p class='ocr_par' dir='ltr' id='par_1_72' title="bbox 551 4725 2133 4800">
     <span class='ocr_line' id='line_1_73' title="bbox 551 4725 2133 4800; baseline -0.002 -18"><span class='ocrx_word' id='word_1_598' title='bbox 551 4728 664 4784; x_wconf 90' lang='lat' dir='ltr'><strong>lum</strong></span> <span class='ocrx_word' id='word_1_599' title='bbox 686 4730 1086 4795; x_wconf 87' lang='lat' dir='ltr'><strong>commotionis,</strong></span> <span class='ocrx_word' id='word_1_600' title='bbox 1119 4730 1264 4800; x_wconf 89' lang='lat' dir='ltr'><strong>quod</strong></span> <span class='ocrx_word' id='word_1_601' title='bbox 1317 4730 1556 4800; x_wconf 88' lang='lat' dir='ltr'><strong>quietem</strong></span> <span class='ocrx_word' id='word_1_602' title='bbox 1611 4728 1763 4800; x_wconf 88' lang='lat' dir='ltr'><strong>pacis</strong></span> <span class='ocrx_word' id='word_1_603' title='bbox 1808 4736 1865 4785; x_wconf 85' lang='lat' dir='ltr'><strong>et</strong></span> <span class='ocrx_word' id='word_1_604' title='bbox 1906 4725 2133 4781; x_wconf 86' lang='lat' dir='ltr'><strong>unitatis</strong></span> 
     </span>
    </p>
   </div>
   <div class='ocr_carea' id='block_1_73' title="bbox 552 4828 2137 4902">
    <p class='ocr_par' dir='ltr' id='par_1_73' title="bbox 552 4828 2137 4902">
     <span class='ocr_line' id='line_1_74' title="bbox 552 4828 2137 4902; baseline -0.001 -19"><span class='ocrx_word' id='word_1_605' title='bbox 552 4829 742 4885; x_wconf 87' lang='lat' dir='ltr'><strong>insano</strong></span> <span class='ocrx_word' id='word_1_606' title='bbox 767 4830 951 4887; x_wconf 81' lang='lat' dir='ltr'><strong>furore</strong></span> <span class='ocrx_word' id='word_1_607' title='bbox 979 4831 1288 4887; x_wconf 87' lang='lat' dir='ltr'><strong>conturbet.</strong></span> <span class='ocrx_word' id='word_1_608' title='bbox 1326 4830 1556 4902; x_wconf 87' lang='lat' dir='ltr'><strong>Propter</strong></span> <span class='ocrx_word' id='word_1_609' title='bbox 1600 4830 1746 4902; x_wconf 91' lang='lat' dir='ltr'><strong>quod</strong></span> <span class='ocrx_word' id='word_1_610' title='bbox 1786 4829 2016 4886; x_wconf 89' lang='lat' dir='ltr'><strong>sollicite</strong></span> <span class='ocrx_word' id='word_1_611' title='bbox 2057 4828 2137 4882; x_wconf 84' lang='lat' dir='ltr'><strong>vi-</strong></span> 
     </span>
    </p>
   </div>
   <div class='ocr_carea' id='block_1_74' title="bbox 552 4931 2138 5007">
    <p class='ocr_par' dir='ltr' id='par_1_74' title="bbox 552 4931 2138 5007">
     <span class='ocr_line' id='line_1_75' title="bbox 552 4931 2138 5007; baseline 0.001 -22"><span class='ocrx_word' id='word_1_612' title='bbox 552 4931 825 5001; x_wconf 82' lang='lat' dir='ltr'><strong>gilandum</strong></span> <span class='ocrx_word' id='word_1_613' title='bbox 876 4941 963 4991; x_wconf 87' lang='lat' dir='ltr'><strong>est</strong></span> <span class='ocrx_word' id='word_1_614' title='bbox 1001 4941 1056 4990; x_wconf 91' lang='lat' dir='ltr'><strong>et</strong></span> <span class='ocrx_word' id='word_1_615' title='bbox 1097 4933 1366 5007; x_wconf 79' lang='lat' dir='ltr'><strong>sagaciter</strong></span> <span class='ocrx_word' id='word_1_616' title='bbox 1399 4933 1667 5005; x_wconf 86' lang='lat' dir='ltr'><strong>agendum</strong></span> <span class='ocrx_word' id='word_1_617' title='bbox 1711 4939 1899 4989; x_wconf 87' lang='lat' dir='ltr'><strong>contra</strong></span> <span class='ocrx_word' id='word_1_618' title='bbox 1950 4947 2138 4988; x_wconf 86' lang='lat' dir='ltr'><strong>corru-</strong></span> 
     </span>
    </p>
   </div>
   <div class='ocr_carea' id='block_1_75' title="bbox 2228 3354 3823 3432">
    <p class='ocr_par' dir='ltr' id='par_1_75' title="bbox 2228 3354 3823 3432">
     <span class='ocr_line' id='line_1_76' title="bbox 2228 3354 3823 3432; baseline -0.004 -16"><span class='ocrx_word' id='word_1_619' title='bbox 2228 3362 2463 3420; x_wconf 82' lang='lat' dir='ltr'><strong>ﬁliorum</strong></span> <span class='ocrx_word' id='word_1_620' title='bbox 2509 3360 2688 3432; x_wconf 87' lang='lat' dir='ltr'><strong>regis;</strong></span> <span class='ocrx_word' id='word_1_621' title='bbox 2757 3366 2813 3413; x_wconf 91' lang='lat' dir='ltr'><strong>et</strong></span> <span class='ocrx_word' id='word_1_622' title='bbox 2869 3364 3147 3413; x_wconf 87' lang='lat' dir='ltr'><strong>crescente</strong></span> <span class='ocrx_word' id='word_1_623' title='bbox 3199 3354 3466 3422; x_wconf 88' lang='lat' dir='ltr'><strong>colludio,</strong></span> <span class='ocrx_word' id='word_1_624' title='bbox 3525 3355 3823 3410; x_wconf 83' lang='lat' dir='ltr'><strong>accedente</strong></span> 
     </span>
    </p>
   </div>
   <div class='ocr_carea' id='block_1_76' title="bbox 2227 3446 3827 3520">
    <p class='ocr_par' dir='ltr' id='par_1_76' title="bbox 2227 3446 3827 3520">
     <span class='ocr_line' id='line_1_77' title="bbox 2227 3446 3827 3520; baseline -0.008 -7"><span class='ocrx_word' id='word_1_625' title='bbox 2227 3459 2393 3513; x_wconf 76' lang='lat' dir='ltr'><strong>etiam</strong></span> <span class='ocrx_word' id='word_1_626' title='bbox 2421 3455 2671 3520; x_wconf 84' lang='lat' dir='ltr'><strong>consilio,</strong></span> <span class='ocrx_word' id='word_1_627' title='bbox 2700 3459 3070 3508; x_wconf 87' lang='lat' dir='ltr'><strong>convenerunt</strong></span> <span class='ocrx_word' id='word_1_628' title='bbox 3096 3446 3294 3520; x_wconf 85' lang='lat' dir='ltr'><strong>singuli</strong></span> <span class='ocrx_word' id='word_1_629' title='bbox 3333 3449 3399 3504; x_wconf 87' lang='lat' dir='ltr'><strong>de</strong></span> <span class='ocrx_word' id='word_1_630' title='bbox 3440 3448 3561 3503; x_wconf 91' lang='lat' dir='ltr'><strong>loco</strong></span> <span class='ocrx_word' id='word_1_631' title='bbox 3606 3464 3731 3514; x_wconf 90' lang='lat' dir='ltr'><strong>suo,</strong></span> <span class='ocrx_word' id='word_1_632' title='bbox 3772 3456 3827 3502; x_wconf 86' lang='lat' dir='ltr'><strong>et</strong></span> 
     </span>
    </p>
   </div>
   <div class='ocr_carea' id='block_1_77' title="bbox 2228 3538 3827 3617">
    <p class='ocr_par' dir='ltr' id='par_1_77' title="bbox 2228 3538 3827 3617">
     <span class='ocr_line' id='line_1_78' title="bbox 2228 3538 3827 3617; baseline -0.006 -13"><span class='ocrx_word' id='word_1_633' title='bbox 2228 3547 2500 3617; x_wconf 83' lang='lat' dir='ltr'><strong>conjuncti</strong></span> <span class='ocrx_word' id='word_1_634' title='bbox 2529 3546 2598 3601; x_wconf 88' lang='lat' dir='ltr'><strong>ad</strong></span> <span class='ocrx_word' id='word_1_635' title='bbox 2640 3543 2924 3616; x_wconf 84' lang='lat' dir='ltr'><strong>palatium,</strong></span> <span class='ocrx_word' id='word_1_636' title='bbox 2957 3540 3333 3613; x_wconf 78' lang='lat' dir='ltr'><strong>eiiugaverunt</strong></span> <span class='ocrx_word' id='word_1_637' title='bbox 3374 3538 3665 3595; x_wconf 84' lang='lat' dir='ltr'><strong>ministros</strong></span> <span class='ocrx_word' id='word_1_638' title='bbox 3705 3554 3827 3595; x_wconf 56' lang='lat' dir='ltr'><strong>see.</strong></span> 
     </span>
    </p>
   </div>
   <div class='ocr_carea' id='block_1_78' title="bbox 2230 3632 3825 3710">
    <p class='ocr_par' dir='ltr' id='par_1_78' title="bbox 2230 3632 3825 3710">
     <span class='ocr_line' id='line_1_79' title="bbox 2230 3632 3825 3710; baseline -0.006 -14"><span class='ocrx_word' id='word_1_639' title='bbox 2230 3641 2387 3709; x_wconf 89' lang='lat' dir='ltr'><strong>leris;</strong></span> <span class='ocrx_word' id='word_1_640' title='bbox 2417 3648 2474 3694; x_wconf 91' lang='lat' dir='ltr'><strong>et</strong></span> <span class='ocrx_word' id='word_1_641' title='bbox 2503 3638 2769 3710; x_wconf 82' lang='lat' dir='ltr'><strong>reginam,</strong></span> <span class='ocrx_word' id='word_1_642' title='bbox 2796 3651 2917 3708; x_wconf 79' lang='lat' dir='ltr'><strong>quae</strong></span> <span class='ocrx_word' id='word_1_643' title='bbox 2942 3634 3107 3690; x_wconf 89' lang='lat' dir='ltr'><strong>totius</strong></span> <span class='ocrx_word' id='word_1_644' title='bbox 3137 3633 3266 3688; x_wconf 89' lang='lat' dir='ltr'><strong>mali</strong></span> <span class='ocrx_word' id='word_1_645' title='bbox 3290 3647 3451 3688; x_wconf 85' lang='lat' dir='ltr'><strong>causa</strong></span> <span class='ocrx_word' id='word_1_646' title='bbox 3475 3641 3616 3699; x_wconf 87' lang='lat' dir='ltr'><strong>erat,</strong></span> <span class='ocrx_word' id='word_1_647' title='bbox 3641 3632 3825 3688; x_wconf 75' lang='lat' dir='ltr'><strong>exclu-</strong></span> 
     </span>
    </p>
   </div>
   <div class='ocr_carea' id='block_1_79' title="bbox 2231 3725 3824 3798">
    <p class='ocr_par' dir='ltr' id='par_1_79' title="bbox 2231 3725 3824 3798">
     <span class='ocr_line' id='line_1_80' title="bbox 2231 3725 3824 3798; baseline -0.007 -7"><span class='ocrx_word' id='word_1_648' title='bbox 2231 3726 2417 3793; x_wconf 88' lang='lat' dir='ltr'><strong>serunt</strong></span> <span class='ocrx_word' id='word_1_649' title='bbox 2457 3733 2524 3788; x_wconf 86' lang='lat' dir='ltr'><strong>de</strong></span> <span class='ocrx_word' id='word_1_650' title='bbox 2554 3732 2716 3787; x_wconf 86' lang='lat' dir='ltr'><strong>domo</strong></span> <span class='ocrx_word' id='word_1_651' title='bbox 2757 3739 2813 3786; x_wconf 90' lang='lat' dir='ltr'><strong>et</strong></span> <span class='ocrx_word' id='word_1_652' title='bbox 2856 3729 3064 3784; x_wconf 88' lang='lat' dir='ltr'><strong>honore</strong></span> <span class='ocrx_word' id='word_1_653' title='bbox 3104 3726 3277 3798; x_wconf 88' lang='lat' dir='ltr'><strong>regni,</strong></span> <span class='ocrx_word' id='word_1_654' title='bbox 3302 3732 3363 3789; x_wconf 68' lang='lat' dir='ltr'><strong>,et</strong></span> <span class='ocrx_word' id='word_1_655' title='bbox 3416 3725 3824 3783; x_wconf 87' lang='lat' dir='ltr'><strong>constituerunt</strong></span> 
     </span>
    </p>
   </div>
   <div class='ocr_carea' id='block_1_80' title="bbox 2230 3816 3829 3889">
    <p class='ocr_par' dir='ltr' id='par_1_80' title="bbox 2230 3816 3829 3889">
     <span class='ocr_line' id='line_1_81' title="bbox 2230 3816 3829 3889; baseline -0.006 -6"><span class='ocrx_word' id='word_1_656' title='bbox 2230 3828 2256 3868; x_wconf 75' lang='grc' dir='ltr'><em>ά</em></span> <span class='ocrx_word' id='word_1_657' title='bbox 2286 3829 2343 3882; x_wconf 91' lang='lat' dir='ltr'><strong>in</strong></span> <span class='ocrx_word' id='word_1_658' title='bbox 2372 3825 2736 3881; x_wconf 89' lang='lat' dir='ltr'><strong>retrusionem</strong></span> <span class='ocrx_word' id='word_1_659' title='bbox 2763 3822 2973 3887; x_wconf 76' lang='lat' dir='ltr'><strong>exsilii;</strong></span> <span class='ocrx_word' id='word_1_660' title='bbox 3004 3836 3069 3876; x_wconf 88' lang='lat' dir='ltr'><strong>ac</strong></span> <span class='ocrx_word' id='word_1_661' title='bbox 3089 3820 3341 3889; x_wconf 88' lang='lat' dir='ltr'><strong>deinceps</strong></span> <span class='ocrx_word' id='word_1_662' title='bbox 3368 3819 3524 3888; x_wconf 86' lang='lat' dir='ltr'><strong>quasi</strong></span> <span class='ocrx_word' id='word_1_663' title='bbox 3542 3816 3661 3887; x_wconf 81' lang='lat' dir='ltr'><strong>jam</strong></span> <span class='ocrx_word' id='word_1_664' title='bbox 3693 3817 3829 3874; x_wconf 85' lang='lat' dir='ltr'><strong>libe-</strong></span> 
     </span>
    </p>
   </div>
   <div class='ocr_carea' id='block_1_81' title="bbox 2233 3909 3828 3989">
    <p class='ocr_par' dir='ltr' id='par_1_81' title="bbox 2233 3909 3828 3989">
     <span class='ocr_line' id='line_1_82' title="bbox 2233 3909 3828 3989; baseline -0.009 -13"><span class='ocrx_word' id='word_1_665' title='bbox 2233 3928 2410 3976; x_wconf 89' lang='lat' dir='ltr'><strong>ratum</strong></span> <span class='ocrx_word' id='word_1_666' title='bbox 2439 3919 2642 3974; x_wconf 86' lang='lat' dir='ltr'><strong>bonum</strong></span> <span class='ocrx_word' id='word_1_667' title='bbox 2670 3924 2882 3989; x_wconf 86' lang='lat' dir='ltr'><strong>patrem</strong></span> <span class='ocrx_word' id='word_1_668' title='bbox 2934 3915 2999 3970; x_wconf 90' lang='lat' dir='ltr'><strong>de</strong></span> <span class='ocrx_word' id='word_1_669' title='bbox 3052 3912 3245 3984; x_wconf 90' lang='lat' dir='ltr'><strong>laqueo</strong></span> <span class='ocrx_word' id='word_1_670' title='bbox 3298 3911 3487 3974; x_wconf 74' lang='lat' dir='ltr'><strong>ruinae,</strong></span> <span class='ocrx_word' id='word_1_671' title='bbox 3516 3909 3828 3982; x_wconf 84' lang='lat' dir='ltr'><strong>gaudebant</strong></span> 
     </span>
    </p>
   </div>
   <div class='ocr_carea' id='block_1_82' title="bbox 2233 3997 3827 4082">
    <p class='ocr_par' dir='ltr' id='par_1_82' title="bbox 2233 3997 3827 4082">
     <span class='ocr_line' id='line_1_83' title="bbox 2233 3997 3827 4082; baseline -0.011 -15"><span class='ocrx_word' id='word_1_672' title='bbox 2233 4027 2291 4067; x_wconf 92' lang='lat' dir='ltr'><strong>se</strong></span> <span class='ocrx_word' id='word_1_673' title='bbox 2320 4010 2572 4082; x_wconf 81' lang='lat' dir='ltr'><strong>implesse</strong></span> <span class='ocrx_word' id='word_1_674' title='bbox 2595 4008 2739 4080; x_wconf 89' lang='lat' dir='ltr'><strong>quod</strong></span> <span class='ocrx_word' id='word_1_675' title='bbox 2762 4004 3083 4074; x_wconf 84' lang='lat' dir='ltr'><strong>inscriptum</strong></span> <span class='ocrx_word' id='word_1_676' title='bbox 3114 4010 3233 4056; x_wconf 86' lang='lat' dir='ltr'><strong>est:</strong></span> <span class='ocrx_word' id='word_1_677' title='bbox 3268 3999 3420 4070; x_wconf 86' lang='lat' dir='ltr'><strong>Ejice</strong></span> <span class='ocrx_word' id='word_1_678' title='bbox 3440 3997 3759 4063; x_wconf 84' lang='lat' dir='ltr'><strong>derisorem,</strong></span> <span class='ocrx_word' id='word_1_679' title='bbox 3779 4006 3827 4050; x_wconf 82' lang='lat' dir='ltr'><strong>et</strong></span> 
     </span>
    </p>
   </div>
   <div class='ocr_carea' id='block_1_83' title="bbox 2232 4096 3823 4171">
    <p class='ocr_par' dir='ltr' id='par_1_83' title="bbox 2232 4096 3823 4171">
     <span class='ocr_line' id='line_1_84' title="bbox 2232 4096 3823 4171; baseline -0.009 -12"><span class='ocrx_word' id='word_1_680' title='bbox 2232 4103 2393 4159; x_wconf 76' lang='lat' dir='ltr'><strong>exibit</strong></span> <span class='ocrx_word' id='word_1_681' title='bbox 2417 4118 2536 4157; x_wconf 89' lang='lat' dir='ltr'><strong>cum</strong></span> <span class='ocrx_word' id='word_1_682' title='bbox 2565 4117 2625 4155; x_wconf 90' lang='lat' dir='ltr'><strong>eo</strong></span> <span class='ocrx_word' id='word_1_683' title='bbox 2654 4099 2921 4171; x_wconf 83' lang='lat' dir='ltr'><strong>jurgium,</strong></span> <span class='ocrx_word' id='word_1_684' title='bbox 2942 4096 3317 4166; x_wconf 84' lang='lat' dir='ltr'><strong>cessabuntque</strong></span> <span class='ocrx_word' id='word_1_685' title='bbox 3348 4109 3526 4148; x_wconf 75' lang='lat' dir='ltr'><strong>causa:</strong></span> <span class='ocrx_word' id='word_1_686' title='bbox 3557 4102 3606 4147; x_wconf 89' lang='lat' dir='ltr'><strong>et</strong></span> <span class='ocrx_word' id='word_1_687' title='bbox 3636 4103 3823 4148; x_wconf 76' lang='lat' dir='ltr'><strong>contu-</strong></span> 
     </span>
    </p>
   </div>
   <div class='ocr_carea' id='block_1_84' title="bbox 2235 4184 3827 4260">
    <p class='ocr_par' dir='ltr' id='par_1_84' title="bbox 2235 4184 3827 4260">
     <span class='ocr_line' id='line_1_85' title="bbox 2235 4184 3827 4260; baseline -0.006 -10"><span class='ocrx_word' id='word_1_688' title='bbox 2235 4195 2424 4250; x_wconf 69' lang='lat' dir='ltr'><strong>inelite.</strong></span> <span class='ocrx_word' id='word_1_689' title='bbox 2476 4193 2591 4248; x_wconf 89' lang='lat' dir='ltr'><strong>Hoc</strong></span> <span class='ocrx_word' id='word_1_690' title='bbox 2649 4201 2758 4247; x_wconf 87' lang='lat' dir='ltr'><strong>tam</strong></span> <span class='ocrx_word' id='word_1_691' title='bbox 2802 4187 3281 4260; x_wconf 83' lang='lat' dir='ltr'><strong>irrepreheusibile</strong></span> <span class='ocrx_word' id='word_1_692' title='bbox 3324 4184 3528 4243; x_wconf 82' lang='lat' dir='ltr'><strong>factum</strong></span> <span class='ocrx_word' id='word_1_693' title='bbox 3572 4194 3630 4241; x_wconf 87' lang='lat' dir='ltr'><strong>et</strong></span> <span class='ocrx_word' id='word_1_694' title='bbox 3683 4186 3827 4242; x_wconf 87' lang='lat' dir='ltr'><strong>omni</strong></span> 
     </span>
    </p>
   </div>
   <div class='ocr_carea' id='block_1_85' title="bbox 2233 4278 3825 4358">
    <p class='ocr_par' dir='ltr' id='par_1_85' title="bbox 2233 4278 3825 4358">
     <span class='ocr_line' id='line_1_86' title="bbox 2233 4278 3825 4358; baseline -0.007 -16"><span class='ocrx_word' id='word_1_695' title='bbox 2233 4288 2391 4344; x_wconf 89' lang='lat' dir='ltr'><strong>laude</strong></span> <span class='ocrx_word' id='word_1_696' title='bbox 2421 4286 2795 4358; x_wconf 90' lang='lat' dir='ltr'><strong>dignissimum</strong></span> <span class='ocrx_word' id='word_1_697' title='bbox 2818 4298 2941 4338; x_wconf 91' lang='lat' dir='ltr'><strong>cum</strong></span> <span class='ocrx_word' id='word_1_698' title='bbox 2969 4280 3327 4352; x_wconf 87' lang='lat' dir='ltr'><strong>complessent</strong></span> <span class='ocrx_word' id='word_1_699' title='bbox 3364 4278 3458 4334; x_wconf 85' lang='lat' dir='ltr'><strong>lilii</strong></span> <span class='ocrx_word' id='word_1_700' title='bbox 3478 4319 3493 4346; x_wconf 97' lang='lat'><strong>,</strong></span> <span class='ocrx_word' id='word_1_701' title='bbox 3540 4278 3825 4335; x_wconf 86' lang='lat' dir='ltr'><strong>redierunt</strong></span> 
     </span>
    </p>
   </div>
   <div class='ocr_carea' id='block_1_86' title="bbox 2235 4375 3607 4451">
    <p class='ocr_par' dir='ltr' id='par_1_86' title="bbox 2235 4375 3607 4451">
     <span class='ocr_line' id='line_1_87' title="bbox 2235 4375 3607 4451; baseline -0.007 -12"><span class='ocrx_word' id='word_1_702' title='bbox 2235 4383 2303 4438; x_wconf 88' lang='lat' dir='ltr'><strong>ad</strong></span> <span class='ocrx_word' id='word_1_703' title='bbox 2332 4398 2455 4449; x_wconf 89' lang='lat' dir='ltr'><strong>sua,</strong></span> <span class='ocrx_word' id='word_1_704' title='bbox 2484 4381 2737 4437; x_wconf 85' lang='lat' dir='ltr'><strong>restituto</strong></span> <span class='ocrx_word' id='word_1_705' title='bbox 2760 4387 2916 4450; x_wconf 87' lang='lat' dir='ltr'><strong>patre</strong></span> <span class='ocrx_word' id='word_1_706' title='bbox 2943 4377 3138 4434; x_wconf 87' lang='lat' dir='ltr'><strong>honori</strong></span> <span class='ocrx_word' id='word_1_707' title='bbox 3169 4383 3227 4431; x_wconf 90' lang='lat' dir='ltr'><strong>et</strong></span> <span class='ocrx_word' id='word_1_708' title='bbox 3255 4375 3443 4447; x_wconf 66' lang='lat' dir='ltr'><strong>gloriae</strong></span> <span class='ocrx_word' id='word_1_709' title='bbox 3472 4389 3607 4451; x_wconf 64' lang='lat' dir='ltr'><strong>suae.</strong></span> 
     </span>
    </p>
   </div>
   <div class='ocr_carea' id='block_1_87' title="bbox 2306 4466 3873 4545">
    <p class='ocr_par' dir='ltr' id='par_1_87' title="bbox 2306 4466 3873 4545">
     <span class='ocr_line' id='line_1_88' title="bbox 2306 4466 3873 4545; baseline -0.007 -15"><span class='ocrx_word' id='word_1_710' title='bbox 2306 4475 2397 4530; x_wconf 85' lang='lat' dir='ltr'><strong>lX.</strong></span> <span class='ocrx_word' id='word_1_711' title='bbox 2432 4475 2529 4531; x_wconf 86' lang='lat' dir='ltr'><strong>His</strong></span> <span class='ocrx_word' id='word_1_712' title='bbox 2560 4474 2633 4529; x_wconf 89' lang='lat' dir='ltr'><strong>ita</strong></span> <span class='ocrx_word' id='word_1_713' title='bbox 2675 4471 2986 4535; x_wconf 88' lang='lat' dir='ltr'><strong>transactis,</strong></span> <span class='ocrx_word' id='word_1_714' title='bbox 3012 4468 3268 4524; x_wconf 87' lang='lat' dir='ltr'><strong>inimicus</strong></span> <span class='ocrx_word' id='word_1_715' title='bbox 3319 4466 3498 4522; x_wconf 88' lang='lat' dir='ltr'><strong>omnis</strong></span> <span class='ocrx_word' id='word_1_716' title='bbox 3549 4466 3703 4533; x_wconf 90' lang='lat' dir='ltr'><strong>boni,</strong></span> <span class='ocrx_word' id='word_1_717' title='bbox 3736 4480 3827 4520; x_wconf 86' lang='lat' dir='ltr'><strong>au—</strong></span> <span class='ocrx_word' id='word_1_718' title='bbox 3868 4538 3873 4545; x_wconf 21' lang='grc' dir='ltr'>ι</span> 
     </span>
    </p>
   </div>
   <div class='ocr_carea' id='block_1_88' title="bbox 2155 4558 3827 4664">
    <p class='ocr_par' dir='ltr' id='par_1_88' title="bbox 2155 4558 3827 4664">
     <span class='ocr_line' id='line_1_89' title="bbox 2155 4558 3827 4664; baseline -0.01 -37"><span class='ocrx_word' id='word_1_719' title='bbox 2155 4602 2211 4664; x_wconf 79' lang='lat' dir='ltr'><strong>D</strong></span> <span class='ocrx_word' id='word_1_720' title='bbox 2234 4577 2461 4639; x_wconf 87' lang='lat' dir='ltr'><strong>ctorque</strong></span> <span class='ocrx_word' id='word_1_721' title='bbox 2486 4566 2665 4623; x_wconf 88' lang='lat' dir='ltr'><strong>omnis</strong></span> <span class='ocrx_word' id='word_1_722' title='bbox 2695 4563 2854 4630; x_wconf 87' lang='lat' dir='ltr'><strong>mali,</strong></span> <span class='ocrx_word' id='word_1_723' title='bbox 2880 4562 2974 4635; x_wconf 92' lang='lat' dir='ltr'><strong>qui</strong></span> <span class='ocrx_word' id='word_1_724' title='bbox 3003 4576 3113 4616; x_wconf 89' lang='lat' dir='ltr'><strong>non</strong></span> <span class='ocrx_word' id='word_1_725' title='bbox 3146 4558 3445 4630; x_wconf 86' lang='lat' dir='ltr'><strong>reliquerat</strong></span> <span class='ocrx_word' id='word_1_726' title='bbox 3487 4558 3657 4614; x_wconf 87' lang='lat' dir='ltr'><strong>corda</strong></span> <span class='ocrx_word' id='word_1_727' title='bbox 3709 4572 3827 4629; x_wconf 86' lang='lat' dir='ltr'><strong>pos-</strong></span> 
     </span>
    </p>
   </div>
   <div class='ocr_carea' id='block_1_89' title="bbox 2237 4645 3831 4728">
    <p class='ocr_par' dir='ltr' id='par_1_89' title="bbox 2237 4645 3831 4728">
     <span class='ocr_line' id='line_1_90' title="bbox 2237 4645 3831 4728; baseline -0.01 -12"><span class='ocrx_word' id='word_1_728' title='bbox 2237 4673 2386 4716; x_wconf 86' lang='lat' dir='ltr'><strong>sessa</strong></span> <span class='ocrx_word' id='word_1_729' title='bbox 2412 4698 2429 4724; x_wconf 87' lang='lat'><strong>,</strong></span> <span class='ocrx_word' id='word_1_730' title='bbox 2473 4655 2671 4728; x_wconf 84' lang='lat' dir='ltr'><strong>sategit</strong></span> <span class='ocrx_word' id='word_1_731' title='bbox 2727 4655 3034 4710; x_wconf 87' lang='lat' dir='ltr'><strong>instaurare</strong></span> <span class='ocrx_word' id='word_1_732' title='bbox 3086 4657 3142 4704; x_wconf 91' lang='lat' dir='ltr'><strong>et</strong></span> <span class='ocrx_word' id='word_1_733' title='bbox 3203 4648 3578 4720; x_wconf 85' lang='lat' dir='ltr'><strong>redintegrare</strong></span> <span class='ocrx_word' id='word_1_734' title='bbox 3627 4645 3831 4701; x_wconf 83' lang='lat' dir='ltr'><strong>malum</strong></span> 
     </span>
    </p>
   </div>
   <div class='ocr_carea' id='block_1_90' title="bbox 2241 4739 3829 4820">
    <p class='ocr_par' dir='ltr' id='par_1_90' title="bbox 2241 4739 3829 4820">
     <span class='ocr_line' id='line_1_91' title="bbox 2241 4739 3829 4820; baseline -0.008 -13"><span class='ocrx_word' id='word_1_735' title='bbox 2241 4766 2430 4816; x_wconf 86' lang='lat' dir='ltr'><strong>suum;</strong></span> <span class='ocrx_word' id='word_1_736' title='bbox 2464 4756 2521 4803; x_wconf 90' lang='lat' dir='ltr'><strong>et</strong></span> <span class='ocrx_word' id='word_1_737' title='bbox 2551 4748 2736 4820; x_wconf 89' lang='lat' dir='ltr'><strong>regina</strong></span> <span class='ocrx_word' id='word_1_738' title='bbox 2767 4751 2909 4819; x_wconf 71' lang='lat' dir='ltr'><strong>(qua:</strong></span> <span class='ocrx_word' id='word_1_739' title='bbox 2938 4750 3149 4799; x_wconf 89' lang='lat' dir='ltr'><strong>mutato</strong></span> <span class='ocrx_word' id='word_1_740' title='bbox 3183 4741 3373 4799; x_wconf 87' lang='lat' dir='ltr'><strong>habitu</strong></span> <span class='ocrx_word' id='word_1_741' title='bbox 3414 4739 3585 4811; x_wconf 89' lang='lat' dir='ltr'><strong>regali</strong></span> <span class='ocrx_word' id='word_1_742' title='bbox 3606 4740 3829 4811; x_wconf 74' lang='lat' dir='ltr'><strong>putaba-</strong></span> 
     </span>
    </p>
   </div>
   <div class='ocr_carea' id='block_1_91' title="bbox 2243 4831 3832 4911">
    <p class='ocr_par' dir='ltr' id='par_1_91' title="bbox 2243 4831 3832 4911">
     <span class='ocr_line' id='line_1_92' title="bbox 2243 4831 3832 4911; baseline -0.007 -14"><span class='ocrx_word' id='word_1_743' title='bbox 2243 4850 2334 4897; x_wconf 91' lang='lat' dir='ltr'><strong>tur</strong></span> <span class='ocrx_word' id='word_1_744' title='bbox 2356 4840 2657 4911; x_wconf 87' lang='lat' dir='ltr'><strong>perdurare</strong></span> <span class='ocrx_word' id='word_1_745' title='bbox 2705 4837 2760 4892; x_wconf 90' lang='lat' dir='ltr'><strong>in</strong></span> <span class='ocrx_word' id='word_1_746' title='bbox 2814 4836 3001 4892; x_wconf 87' lang='lat' dir='ltr'><strong>habitu</strong></span> <span class='ocrx_word' id='word_1_747' title='bbox 3054 4831 3477 4898; x_wconf 86' lang='lat' dir='ltr'><strong>sanctimoniali,</strong></span> <span class='ocrx_word' id='word_1_748' title='bbox 3509 4833 3656 4887; x_wconf 89' lang='lat' dir='ltr'><strong>sicut</strong></span> <span class='ocrx_word' id='word_1_749' title='bbox 3703 4831 3832 4887; x_wconf 84' lang='lat' dir='ltr'><strong>ordo</strong></span> 
     </span>
    </p>
   </div>
   <div class='ocr_carea' id='block_1_92' title="bbox 2242 4924 3832 5004">
    <p class='ocr_par' dir='ltr' id='par_1_92' title="bbox 2242 4924 3832 5004">
     <span class='ocr_line' id='line_1_93' title="bbox 2242 4924 3832 5004; baseline -0.008 -16"><span class='ocrx_word' id='word_1_750' title='bbox 2242 4932 2498 5004; x_wconf 77' lang='lat' dir='ltr'><strong>poscebat</strong></span> <span class='ocrx_word' id='word_1_751' title='bbox 2527 4937 2583 4985; x_wconf 91' lang='lat' dir='ltr'><strong>et</strong></span> <span class='ocrx_word' id='word_1_752' title='bbox 2612 4941 2635 4970; x_wconf 70' lang='grc' dir='ltr'>ε</span> <span class='ocrx_word' id='word_1_753' title='bbox 2664 4928 2931 4984; x_wconf 89' lang='lat' dir='ltr'><strong>rcctitudo</strong></span> <span class='ocrx_word' id='word_1_754' title='bbox 2959 4925 3151 4999; x_wconf 75' lang='lat' dir='ltr'><strong>iudicii</strong></span> <span class='ocrx_word' id='word_1_755' title='bbox 3190 4924 3440 4997; x_wconf 82' lang='lat' dir='ltr'><strong>docebat)</strong></span> <span class='ocrx_word' id='word_1_756' title='bbox 3480 4924 3711 4981; x_wconf 86' lang='lat' dir='ltr'><strong>reducta</strong></span> <span class='ocrx_word' id='word_1_757' title='bbox 3752 4931 3832 4978; x_wconf 83' lang='lat' dir='ltr'><strong>est</strong></span> 
     </span>
    </p>
   </div>
   <div class='ocr_carea' id='block_1_93' title="bbox 1950 5044 2492 5104">
    <p class='ocr_par' dir='ltr' id='par_1_93' title="bbox 1950 5044 2492 5104">
     <span class='ocr_line' id='line_1_94' title="bbox 1950 5044 2492 5104; baseline 0.002 -3"><span class='ocrx_word' id='word_1_758' title='bbox 1950 5044 2226 5104; x_wconf 85' lang='lat' dir='ltr'><strong>BALUZII</strong></span> <span class='ocrx_word' id='word_1_759' title='bbox 2259 5045 2466 5104; x_wconf 69' lang='lat' dir='ltr'><strong>NOTAE</strong></span> <span class='ocrx_word' id='word_1_760' title='bbox 2479 5087 2492 5102; x_wconf 94' lang='lat'><strong>.</strong></span> 
     </span>
    </p>
   </div>
   <div class='ocr_carea' id='block_1_94' title="bbox 551 5138 2137 5214">
    <p class='ocr_par' dir='ltr' id='par_1_94' title="bbox 551 5138 2137 5214">
     <span class='ocr_line' id='line_1_95' title="bbox 551 5138 2137 5214; baseline 0 -19"><span class='ocrx_word' id='word_1_761' title='bbox 551 5154 719 5214; x_wconf 88' lang='lat' dir='ltr'><strong>pem,_</strong></span> <span class='ocrx_word' id='word_1_762' title='bbox 738 5138 961 5214; x_wconf 68' lang='lat' dir='ltr'><strong>habebis</strong></span> <span class='ocrx_word' id='word_1_763' title='bbox 991 5154 1229 5214; x_wconf 69' lang='lat' dir='ltr'><strong>pinnam.</strong></span> <span class='ocrx_word' id='word_1_764' title='bbox 1273 5139 1428 5209; x_wconf 76' lang='lat' dir='ltr'><strong>apud</strong></span> <span class='ocrx_word' id='word_1_765' title='bbox 1456 5139 1655 5214; x_wconf 69' lang='lat' dir='ltr'><strong>Aulum</strong></span> <span class='ocrx_word' id='word_1_766' title='bbox 1684 5139 1930 5214; x_wconf 78' lang='lat' dir='ltr'><strong>Gellium</strong></span> <span class='ocrx_word' id='word_1_767' title='bbox 1951 5138 2046 5214; x_wconf 80' lang='lat' dir='ltr'><strong>lib.</strong></span> <span class='ocrx_word' id='word_1_768' title='bbox 2083 5156 2137 5205; x_wconf 66' lang='grc' dir='ltr'><strong>ι’,</strong></span> 
     </span>
    </p>
   </div>
   <div class='ocr_carea' id='block_1_95' title="bbox 553 5208 2140 5337">
    <p class='ocr_par' dir='ltr' id='par_1_95' title="bbox 553 5208 2140 5337">
     <span class='ocr_line' id='line_1_96' title="bbox 553 5208 2140 5281; baseline -0.001 -14"><span class='ocrx_word' id='word_1_769' title='bbox 553 5208 673 5281; x_wconf 76' lang='lat' dir='ltr'><strong>cap.</strong></span> <span class='ocrx_word' id='word_1_770' title='bbox 702 5211 762 5265; x_wconf 83' lang='lat' dir='ltr'><strong>ii</strong></span> <span class='ocrx_word' id='word_1_771' title='bbox 798 5208 1045 5265; x_wconf 84' lang='lat' dir='ltr'><strong>Noctium</strong></span> <span class='ocrx_word' id='word_1_772' title='bbox 1091 5208 1415 5267; x_wconf 84' lang='lat' dir='ltr'><strong>Atticarum.</strong></span> <span class='ocrx_word' id='word_1_773' title='bbox 1445 5209 1764 5279; x_wconf 83' lang='lat' dir='ltr'><strong>Quanquam</strong></span> <span class='ocrx_word' id='word_1_774' title='bbox 1792 5210 1934 5267; x_wconf 90' lang='lat' dir='ltr'><strong>istud</strong></span> <span class='ocrx_word' id='word_1_775' title='bbox 1961 5211 2140 5280; x_wconf 87' lang='lat' dir='ltr'><strong>ipsum</strong></span> 
     </span>
     <span class='ocr_line' id='line_1_97' title="bbox 555 5280 2138 5337; baseline -0.001 0"><span class='ocrx_word' id='word_1_776' title='bbox 555 5282 622 5337; x_wconf 89' lang='lat' dir='ltr'><strong>de</strong></span> <span class='ocrx_word' id='word_1_777' title='bbox 668 5280 834 5335; x_wconf 90' lang='lat' dir='ltr'><strong>Bione</strong></span> <span class='ocrx_word' id='word_1_778' title='bbox 866 5280 1041 5337; x_wconf 75' lang='lat' dir='ltr'><strong>denae</strong></span> <span class='ocrx_word' id='word_1_779' title='bbox 1085 5280 1407 5337; x_wconf 84' lang='lat' dir='ltr'><strong>Antisthene</strong></span> <span class='ocrx_word' id='word_1_780' title='bbox 1443 5290 1631 5337; x_wconf 88' lang='lat' dir='ltr'><strong>narrat</strong></span> <span class='ocrx_word' id='word_1_781' title='bbox 1674 5281 1727 5335; x_wconf 90' lang='lat' dir='ltr'><strong>in</strong></span> <span class='ocrx_word' id='word_1_782' title='bbox 1775 5296 1962 5337; x_wconf 89' lang='lat' dir='ltr'><strong>eorum</strong></span> <span class='ocrx_word' id='word_1_783' title='bbox 2014 5280 2138 5336; x_wconf 82' lang='lat' dir='ltr'><strong>Vita</strong></span> 
     </span>
    </p>
   </div>
   <div class='ocr_carea' id='block_1_96' title="bbox 554 5288 2140 5479">
    <p class='ocr_par' dir='ltr' id='par_1_96' title="bbox 554 5288 2140 5479">
     <span class='ocr_line' id='line_1_98' title="bbox 555 5288 2138 5349; baseline -0.001 -12"><span class='ocrx_word' id='word_1_784' title='bbox 555 5288 622 5337; x_wconf 88' lang='lat' dir='ltr'><strong>de</strong></span> <span class='ocrx_word' id='word_1_785' title='bbox 668 5288 834 5335; x_wconf 82' lang='lat' dir='ltr'><strong>Bione</strong></span> <span class='ocrx_word' id='word_1_786' title='bbox 866 5288 1041 5349; x_wconf 82' lang='lat' dir='ltr'><strong>deque</strong></span> <span class='ocrx_word' id='word_1_787' title='bbox 1085 5288 1407 5337; x_wconf 83' lang='lat' dir='ltr'><strong>Antisthene</strong></span> <span class='ocrx_word' id='word_1_788' title='bbox 1443 5290 1631 5337; x_wconf 88' lang='lat' dir='ltr'><strong>narrat</strong></span> <span class='ocrx_word' id='word_1_789' title='bbox 1674 5288 1727 5335; x_wconf 87' lang='lat' dir='ltr'><strong>in</strong></span> <span class='ocrx_word' id='word_1_790' title='bbox 1775 5296 1962 5337; x_wconf 89' lang='lat' dir='ltr'><strong>eorum</strong></span> <span class='ocrx_word' id='word_1_791' title='bbox 2018 5288 2138 5336; x_wconf 81' lang='lat' dir='ltr'><strong>Vita</strong></span> 
     </span>
     <span class='ocr_line' id='line_1_99' title="bbox 554 5350 2140 5479; baseline 0 -72"><span class='ocrx_word' id='word_1_792' title='bbox 554 5350 1117 5479; x_wconf 44' lang='lat' dir='ltr'><strong>Riogqgesczllﬁegtius,</strong></span> <span class='ocrx_word' id='word_1_793' title='bbox 1143 5361 1199 5407; x_wconf 89' lang='lat' dir='ltr'><strong>et</strong></span> <span class='ocrx_word' id='word_1_794' title='bbox 1226 5352 1293 5408; x_wconf 88' lang='lat' dir='ltr'><strong>de</strong></span> <span class='ocrx_word' id='word_1_795' title='bbox 1333 5351 1558 5410; x_wconf 88' lang='lat' dir='ltr'><strong>Socrate</strong></span> <span class='ocrx_word' id='word_1_796' title='bbox 1588 5350 1832 5408; x_wconf 83' lang='lat' dir='ltr'><strong>Valerius</strong></span> <span class='ocrx_word' id='word_1_797' title='bbox 1873 5350 2140 5408; x_wconf 76' lang='lat' dir='ltr'><strong>Maximus</strong></span> 
     </span>
    </p>
   </div>
   <div class='ocr_carea' id='block_1_97' title="bbox 629 5436 2139 5562">
    <p class='ocr_par' dir='ltr' id='par_1_97' title="bbox 629 5436 2139 5562">
     <span class='ocr_line' id='line_1_100' title="bbox 637 5437 1018 5476; baseline -0.005 0"><span class='ocrx_word' id='word_1_798' title='bbox 637 5461 651 5476; x_wconf 91' lang='lat'><strong>.</strong></span> <span class='ocrx_word' id='word_1_799' title='bbox 691 5437 763 5476; x_wconf 86' lang='lat' dir='ltr'><strong>vn</strong></span> <span class='ocrx_word' id='word_1_800' title='bbox 923 5461 936 5474; x_wconf 92' lang='lat'><strong>.</strong></span> <span class='ocrx_word' id='word_1_801' title='bbox 1007 5461 1018 5474; x_wconf 91' lang='lat'><strong>.</strong></span> 
     </span>
     <span class='ocr_line' id='line_1_101' title="bbox 629 5436 2139 5562; baseline 0.001 -15"><span class='ocrx_word' id='word_1_802' title='bbox 629 5505 654 5533; x_wconf 72' lang='grc' dir='ltr'>ι</span> <span class='ocrx_word' id='word_1_803' title='bbox 683 5436 1034 5548; x_wconf 51' lang='grc' dir='ltr'><strong>υἱέαῖῧιεηιξε</strong></span> <span class='ocrx_word' id='word_1_804' title='bbox 1059 5493 1303 5562; x_wconf 80' lang='lat' dir='ltr'><strong>populus.</strong></span> <span class='ocrx_word' id='word_1_805' title='bbox 1334 5493 1425 5551; x_wconf 86' lang='lat' dir='ltr'><strong>Sic</strong></span> <span class='ocrx_word' id='word_1_806' title='bbox 1453 5491 1674 5550; x_wconf 88' lang='lat' dir='ltr'><strong>omnino</strong></span> <span class='ocrx_word' id='word_1_807' title='bbox 1702 5491 1987 5562; x_wconf 85' lang='lat' dir='ltr'><strong>legendum</strong></span> <span class='ocrx_word' id='word_1_808' title='bbox 2035 5503 2139 5561; x_wconf 86' lang='lat' dir='ltr'><strong>est,</strong></span> 
     </span>
    </p>
   </div>
   <div class='ocr_carea' id='block_1_98' title="bbox 556 5563 2141 5645">
    <p class='ocr_par' dir='ltr' id='par_1_98' title="bbox 556 5563 2141 5645">
     <span class='ocr_line' id='line_1_102' title="bbox 556 5563 2141 5645; baseline 0.003 -28"><span class='ocrx_word' id='word_1_809' title='bbox 556 5578 663 5645; x_wconf 78' lang='lat' dir='ltr'><strong>non</strong></span> <span class='ocrx_word' id='word_1_810' title='bbox 699 5573 881 5620; x_wconf 88' lang='lat' dir='ltr'><strong>autem</strong></span> <span class='ocrx_word' id='word_1_811' title='bbox 932 5563 1219 5635; x_wconf 82' lang='lat' dir='ltr'><strong>apostolus,</strong></span> <span class='ocrx_word' id='word_1_812' title='bbox 1256 5573 1317 5621; x_wconf 90' lang='lat' dir='ltr'><strong>ut</strong></span> <span class='ocrx_word' id='word_1_813' title='bbox 1347 5566 1548 5645; x_wconf 75' lang='lat' dir='ltr'><strong>editum</strong></span> <span class='ocrx_word' id='word_1_814' title='bbox 1573 5572 1662 5645; x_wconf 70' lang='lat' dir='ltr'><strong>est</strong></span> <span class='ocrx_word' id='word_1_815' title='bbox 1698 5563 2023 5645; x_wconf 59' lang='lat' dir='ltr'><strong>aMassono:</strong></span> <span class='ocrx_word' id='word_1_816' title='bbox 2055 5563 2141 5645; x_wconf 76' lang='lat' dir='ltr'><strong>Si-</strong></span> 
     </span>
    </p>
   </div>
   <div class='ocr_carea' id='block_1_99' title="bbox 556 5634 2141 5718">
    <p class='ocr_par' dir='ltr' id='par_1_99' title="bbox 556 5634 2141 5718">
     <span class='ocr_line' id='line_1_103' title="bbox 556 5634 2141 5718; baseline 0.001 -30"><span class='ocrx_word' id='word_1_817' title='bbox 556 5634 738 5693; x_wconf 85' lang='lat' dir='ltr'><strong>milem</strong></span> <span class='ocrx_word' id='word_1_818' title='bbox 783 5634 1024 5718; x_wconf 65' lang='lat' dir='ltr'><strong>errorem</strong></span> <span class='ocrx_word' id='word_1_819' title='bbox 1075 5652 1175 5693; x_wconf 87' lang='lat' dir='ltr'><strong>uos</strong></span> <span class='ocrx_word' id='word_1_820' title='bbox 1221 5646 1358 5718; x_wconf 58' lang='lat' dir='ltr'><strong>ante</strong></span> <span class='ocrx_word' id='word_1_821' title='bbox 1390 5637 1494 5718; x_wconf 81' lang='lat' dir='ltr'><strong>hoc</strong></span> <span class='ocrx_word' id='word_1_822' title='bbox 1534 5634 1809 5718; x_wconf 76' lang='lat' dir='ltr'><strong>biennium</strong></span> <span class='ocrx_word' id='word_1_823' title='bbox 1828 5634 2141 5718; x_wconf 65' lang='lat' dir='ltr'><strong>emendavi-</strong></span> 
     </span>
    </p>
   </div>
   <div class='ocr_carea' id='block_1_100' title="bbox 558 5705 2143 5831">
    <p class='ocr_par' dir='ltr' id='par_1_100' title="bbox 558 5705 2143 5831">
     <span class='ocr_line' id='line_1_104' title="bbox 558 5705 2143 5831; baseline 0.001 -70"><span class='ocrx_word' id='word_1_824' title='bbox 558 5719 680 5831; x_wconf 50' lang='grc' dir='ltr'><strong>ῐῦὶέἒε</strong></span> <span class='ocrx_word' id='word_1_825' title='bbox 702 5706 843 5777; x_wconf 84' lang='lat' dir='ltr'><strong>apud</strong></span> <span class='ocrx_word' id='word_1_826' title='bbox 879 5705 1194 5764; x_wconf 85' lang='lat' dir='ltr'><strong>Saivianum</strong></span> <span class='ocrx_word' id='word_1_827' title='bbox 1225 5707 1282 5761; x_wconf 90' lang='lat' dir='ltr'><strong>in</strong></span> <span class='ocrx_word' id='word_1_828' title='bbox 1307 5706 1448 5764; x_wconf 87' lang='lat' dir='ltr'><strong>libro</strong></span> <span class='ocrx_word' id='word_1_829' title='bbox 1472 5707 1629 5765; x_wconf 87' lang='lat' dir='ltr'><strong>tertio</strong></span> <span class='ocrx_word' id='word_1_830' title='bbox 1654 5706 1721 5762; x_wconf 87' lang='lat' dir='ltr'><strong>de</strong></span> <span class='ocrx_word' id='word_1_831' title='bbox 1740 5706 2143 5765; x_wconf 77' lang='lat' dir='ltr'><strong>Gubernatione</strong></span> 
     </span>
    </p>
   </div>
   <div class='ocr_carea' id='block_1_101' title="bbox 632 5826 2144 5922">
    <p class='ocr_par' dir='ltr' id='par_1_101' title="bbox 632 5826 2144 5922">
     <span class='ocr_line' id='line_1_105' title="bbox 632 5826 2144 5922; baseline 0.002 -19"><span class='ocrx_word' id='word_1_832' title='bbox 632 5826 678 5889; x_wconf 50' lang='grc' dir='ltr'><em>ἶ</em></span> <span class='ocrx_word' id='word_1_833' title='bbox 884 5849 1143 5922; x_wconf 72' lang='lat' dir='ltr'><strong>conjugis.</strong></span> <span class='ocrx_word' id='word_1_834' title='bbox 1167 5848 1534 5922; x_wconf 73' lang='lat' dir='ltr'><strong>lt&#39;tuingardis,</strong></span> <span class='ocrx_word' id='word_1_835' title='bbox 1566 5866 1687 5922; x_wconf 61' lang='lat' dir='ltr'><strong>quae</strong></span> <span class='ocrx_word' id='word_1_836' title='bbox 1705 5865 1851 5907; x_wconf 84' lang='lat' dir='ltr'><strong>anno</strong></span> <span class='ocrx_word' id='word_1_837' title='bbox 1870 5848 1975 5909; x_wconf 83' lang='grc'><strong>818</strong></span> <span class='ocrx_word' id='word_1_838' title='bbox 1997 5865 2144 5917; x_wconf 86' lang='lat' dir='ltr'><strong>mor-</strong></span> 
     </span>
    </p>
   </div>
   <div class='ocr_carea' id='block_1_102' title="bbox 560 5918 1781 5985">
    <p class='ocr_par' dir='ltr' id='par_1_102' title="bbox 560 5918 1781 5985">
     <span class='ocr_line' id='line_1_106' title="bbox 560 5918 1781 5985; baseline -0.004 -11"><span class='ocrx_word' id='word_1_839' title='bbox 560 5928 657 5985; x_wconf 81' lang='lat' dir='ltr'><strong>tua</strong></span> <span class='ocrx_word' id='word_1_840' title='bbox 687 5926 772 5978; x_wconf 86' lang='lat' dir='ltr'><strong>est</strong></span> <span class='ocrx_word' id='word_1_841' title='bbox 792 5936 825 5973; x_wconf 88' lang='lat' dir='ltr'><strong>v</strong></span> <span class='ocrx_word' id='word_1_842' title='bbox 850 5920 991 5978; x_wconf 77' lang='lat' dir='ltr'><strong>Non.</strong></span> <span class='ocrx_word' id='word_1_843' title='bbox 1025 5918 1293 5976; x_wconf 82' lang='lat' dir='ltr'><strong>Octobris.</strong></span> <span class='ocrx_word' id='word_1_844' title='bbox 1346 5918 1360 5920; x_wconf 74' lang='grc'><strong><em>“</em></strong></span> <span class='ocrx_word' id='word_1_845' title='bbox 1584 5918 1600 5922; x_wconf 73' lang='grc'>⁷</span> <span class='ocrx_word' id='word_1_846' title='bbox 1774 5924 1781 5933; x_wconf 89' lang='lat'><strong>&#39;</strong></span> 
     </span>
    </p>
   </div>
   <div class='ocr_carea' id='block_1_103' title="bbox 2316 5136 3833 5209">
    <p class='ocr_par' dir='ltr' id='par_1_103' title="bbox 2316 5136 3833 5209">
     <span class='ocr_line' id='line_1_107' title="bbox 2316 5136 3833 5209; baseline -0.003 -11"><span class='ocrx_word' id='word_1_847' title='bbox 2316 5153 2337 5183; x_wconf 68' lang='grc' dir='ltr'><strong>ε</strong></span> <span class='ocrx_word' id='word_1_848' title='bbox 2378 5139 2749 5198; x_wconf 84' lang='lat' dir='ltr'><strong>Gubernacula</strong></span> <span class='ocrx_word' id='word_1_849' title='bbox 2794 5154 3071 5209; x_wconf 83' lang='lat' dir='ltr'><strong>regnorum</strong></span> <span class='ocrx_word' id='word_1_850' title='bbox 3118 5136 3462 5209; x_wconf 84' lang='lat' dir='ltr'><strong>possidentes.</strong></span> <span class='ocrx_word' id='word_1_851' title='bbox 3513 5136 3833 5209; x_wconf 74' lang='lat' dir='ltr'><strong>Lptbarium</strong></span> 
     </span>
    </p>
   </div>
   <div class='ocr_carea' id='block_1_104' title="bbox 2241 5200 3833 5340">
    <p class='ocr_par' dir='ltr' id='par_1_104' title="bbox 2241 5200 3833 5340">
     <span class='ocr_line' id='line_1_108' title="bbox 2241 5200 3833 5340; baseline 0.002 -77"><span class='ocrx_word' id='word_1_852' title='bbox 2241 5213 2494 5340; x_wconf 52' lang='lat' dir='ltr'><strong>Xilielicet</strong></span> <span class='ocrx_word' id='word_1_853' title='bbox 2544 5211 2710 5268; x_wconf 75' lang='lat' dir='ltr'><strong>italia:</strong></span> <span class='ocrx_word' id='word_1_854' title='bbox 2736 5252 2751 5278; x_wconf 91' lang='lat'><strong>,</strong></span> <span class='ocrx_word' id='word_1_855' title='bbox 2801 5200 3133 5266; x_wconf 74' lang='lat' dir='ltr'><strong>Ludovicum</strong></span> <span class='ocrx_word' id='word_1_856' title='bbox 3187 5209 3489 5281; x_wconf 63' lang='lat' dir='ltr'><strong>Bajoariae,</strong></span> <span class='ocrx_word' id='word_1_857' title='bbox 3547 5200 3833 5283; x_wconf 74' lang='lat' dir='ltr'><strong>Pippinum</strong></span> 
     </span>
     <span class='ocr_line' id='line_1_109' title="bbox 2290 5297 2568 5340; baseline -0.007 -1"><span class='ocrx_word' id='word_1_858' title='bbox 2290 5297 2568 5340; x_wconf 69' lang='lat' dir='ltr'><strong>utntamze.</strong></span> 
     </span>
    </p>
   </div>
   <div class='ocr_carea' id='block_1_105' title="bbox 2290 5297 2568 5354">
    <p class='ocr_par' dir='ltr' id='par_1_105' title="bbox 2290 5297 2568 5354">
     <span class='ocr_line' id='line_1_110' title="bbox 2290 5297 2568 5354; baseline -0.007 -16"><span class='ocrx_word' id='word_1_859' title='bbox 2290 5297 2568 5354; x_wconf 69' lang='lat' dir='ltr'><strong>quttamze.</strong></span> 
     </span>
    </p>
   </div>
   <div class='ocr_carea' id='block_1_106' title="bbox 2314 5348 3833 5422">
    <p class='ocr_par' dir='ltr' id='par_1_106' title="bbox 2314 5348 3833 5422">
     <span class='ocr_line' id='line_1_111' title="bbox 2314 5348 3833 5422; baseline -0.003 -12"><span class='ocrx_word' id='word_1_860' title='bbox 2314 5348 2338 5396; x_wconf 65' lang='grc' dir='ltr'><strong>ὃ</strong></span> <span class='ocrx_word' id='word_1_861' title='bbox 2368 5357 2435 5413; x_wconf 86' lang='lat' dir='ltr'><strong>In</strong></span> <span class='ocrx_word' id='word_1_862' title='bbox 2462 5354 2807 5411; x_wconf 85' lang='lat' dir='ltr'><strong>retrusionem</strong></span> <span class='ocrx_word' id='word_1_863' title='bbox 2855 5348 3051 5417; x_wconf 68' lang='lat' dir='ltr'><strong>exsilii,</strong></span> <span class='ocrx_word' id='word_1_864' title='bbox 3100 5350 3154 5406; x_wconf 92' lang='lat' dir='ltr'><strong>in</strong></span> <span class='ocrx_word' id='word_1_865' title='bbox 3199 5351 3553 5422; x_wconf 85' lang='lat' dir='ltr'><strong>Aquitaniam</strong></span> <span class='ocrx_word' id='word_1_866' title='bbox 3582 5350 3833 5411; x_wconf 78' lang='lat' dir='ltr'><strong>videlicet</strong></span> 
     </span>
    </p>
   </div>
   <div class='ocr_carea' id='block_1_107' title="bbox 2243 5422 3834 5498">
    <p class='ocr_par' dir='ltr' id='par_1_107' title="bbox 2243 5422 3834 5498">
     <span class='ocr_line' id='line_1_112' title="bbox 2243 5422 3834 5498; baseline -0.004 -15"><span class='ocrx_word' id='word_1_867' title='bbox 2243 5442 2364 5483; x_wconf 88' lang='lat' dir='ltr'><strong>eam</strong></span> <span class='ocrx_word' id='word_1_868' title='bbox 2386 5429 2842 5498; x_wconf 77' lang='lat' dir='ltr'><strong>deportantes,_e_t</strong></span> <span class='ocrx_word' id='word_1_869' title='bbox 2871 5423 2924 5477; x_wconf 89' lang='lat' dir='ltr'><strong>in</strong></span> <span class='ocrx_word' id='word_1_870' title='bbox 2955 5423 3285 5479; x_wconf 88' lang='lat' dir='ltr'><strong>monasterio</strong></span> <span class='ocrx_word' id='word_1_871' title='bbox 3314 5422 3644 5480; x_wconf 86' lang='lat' dir='ltr'><strong>Pictaviensi</strong></span> <span class='ocrx_word' id='word_1_872' title='bbox 3675 5422 3834 5481; x_wconf 78' lang='lat' dir='ltr'><strong>inclu-</strong></span> 
     </span>
    </p>
   </div>
   <div class='ocr_carea' id='block_1_108' title="bbox 2243 5494 2977 5564">
    <p class='ocr_par' dir='ltr' id='par_1_108' title="bbox 2243 5494 2977 5564">
     <span class='ocr_line' id='line_1_113' title="bbox 2243 5494 2977 5564; baseline -0.011 -9"><span class='ocrx_word' id='word_1_873' title='bbox 2243 5494 2557 5563; x_wconf 53' lang='lat' dir='ltr'><strong>dentesfuti</strong></span> <span class='ocrx_word' id='word_1_874' title='bbox 2580 5497 2693 5564; x_wconf 88' lang='lat' dir='ltr'><strong>jam</strong></span> <span class='ocrx_word' id='word_1_875' title='bbox 2724 5494 2977 5549; x_wconf 84' lang='lat' dir='ltr'><strong>diximus.</strong></span> 
     </span>
    </p>
   </div>
   <div class='ocr_carea' id='block_1_109' title="bbox 2316 5563 3828 5635">
    <p class='ocr_par' dir='ltr' id='par_1_109' title="bbox 2316 5563 3828 5635">
     <span class='ocr_line' id='line_1_114' title="bbox 2316 5563 3828 5635; baseline -0.003 -11"><span class='ocrx_word' id='word_1_876' title='bbox 2316 5580 2341 5611; x_wconf 79' lang='grc' dir='ltr'><strong>ο</strong></span> <span class='ocrx_word' id='word_1_877' title='bbox 2369 5563 2646 5624; x_wconf 83' lang='lat' dir='ltr'><strong>Rectitudo</strong></span> <span class='ocrx_word' id='word_1_878' title='bbox 2672 5563 2867 5635; x_wconf 81' lang='lat' dir='ltr'><strong>judicii</strong></span> <span class='ocrx_word' id='word_1_879' title='bbox 2894 5563 3157 5635; x_wconf 87' lang='lat' dir='ltr'><strong>poscebat.</strong></span> <span class='ocrx_word' id='word_1_880' title='bbox 3197 5563 3535 5635; x_wconf 61' lang='lat' dir='ltr'><strong>Equissima</strong></span> <span class='ocrx_word' id='word_1_881' title='bbox 3564 5572 3716 5622; x_wconf 86' lang='lat' dir='ltr'><strong>esset</strong></span> <span class='ocrx_word' id='word_1_882' title='bbox 3739 5581 3828 5622; x_wconf 75' lang='lat' dir='ltr'><strong>ex-</strong></span> 
     </span>
    </p>
   </div>
   <div class='ocr_carea' id='block_1_110' title="bbox 2240 5581 3833 5712">
    <p class='ocr_par' dir='ltr' id='par_1_110' title="bbox 2240 5581 3833 5712">
     <span class='ocr_line' id='line_1_115' title="bbox 2316 5581 3828 5635; baseline -0.003 -11"><span class='ocrx_word' id='word_1_883' title='bbox 2316 5581 2341 5611; x_wconf 79' lang='grc' dir='ltr'><strong>ο</strong></span> <span class='ocrx_word' id='word_1_884' title='bbox 2369 5581 2646 5624; x_wconf 70' lang='grc' dir='ltr'><strong>Ηεειιιιιαο</strong></span> <span class='ocrx_word' id='word_1_885' title='bbox 2705 5581 2867 5619; x_wconf 80' lang='lat' dir='ltr'><strong>uatcu</strong></span> <span class='ocrx_word' id='word_1_886' title='bbox 2894 5581 3157 5635; x_wconf 78' lang='lat' dir='ltr'><strong>poscebat.</strong></span> <span class='ocrx_word' id='word_1_887' title='bbox 3197 5581 3265 5620; x_wconf 62' lang='grc' dir='ltr'>ω</span> <span class='ocrx_word' id='word_1_888' title='bbox 3309 5581 3535 5622; x_wconf 71' lang='grc' dir='ltr'><strong>υιεειωει</strong></span> <span class='ocrx_word' id='word_1_889' title='bbox 3564 5581 3716 5622; x_wconf 83' lang='lat' dir='ltr'><strong>esset</strong></span> <span class='ocrx_word' id='word_1_890' title='bbox 3739 5581 3828 5622; x_wconf 76' lang='lat' dir='ltr'><strong>ex-</strong></span> 
     </span>
     <span class='ocr_line' id='line_1_116' title="bbox 2240 5581 3833 5712; baseline -0.004 -14"><span class='ocrx_word' id='word_1_891' title='bbox 2240 5639 2531 5712; x_wconf 87' lang='lat' dir='ltr'><strong>postulatio</strong></span> <span class='ocrx_word' id='word_1_892' title='bbox 2559 5584 2853 5712; x_wconf 61' lang='lat' dir='ltr'><strong>Agoiiardi,</strong></span> <span class='ocrx_word' id='word_1_893' title='bbox 2882 5635 2930 5712; x_wconf 83' lang='lat' dir='ltr'><strong>si</strong></span> <span class='ocrx_word' id='word_1_894' title='bbox 2967 5635 3209 5712; x_wconf 77' lang='lat' dir='ltr'><strong>judicata</strong></span> <span class='ocrx_word' id='word_1_895' title='bbox 3226 5581 3485 5712; x_wconf 62' lang='lat' dir='ltr'><strong>adultera</strong></span> <span class='ocrx_word' id='word_1_896' title='bbox 3504 5636 3727 5712; x_wconf 66' lang='lat' dir='ltr'><strong>luisset</strong></span> <span class='ocrx_word' id='word_1_897' title='bbox 3747 5635 3833 5712; x_wconf 44' lang='lat' dir='ltr'><strong>lu.</strong></span> 
     </span>
    </p>
   </div>
   <div class='ocr_carea' id='block_1_111' title="bbox 2244 5706 3832 5797">
    <p class='ocr_par' dir='ltr' id='par_1_111' title="bbox 2244 5706 3832 5797">
     <span class='ocr_line' id='line_1_117' title="bbox 2244 5706 3832 5797; baseline 0 0"><span class='ocrx_word' id='word_1_898' title='bbox 2244 5706 2382 5797; x_wconf 58' lang='grc' dir='ltr'><strong>ῑξξιιμν</strong></span> <span class='ocrx_word' id='word_1_899' title='bbox 2420 5719 2589 5793; x_wconf 58' lang='lat' dir='ltr'><strong>atque</strong></span> <span class='ocrx_word' id='word_1_900' title='bbox 2615 5706 2842 5797; x_wconf 47' lang='lat'><strong>@5119?</strong></span> <span class='ocrx_word' id='word_1_901' title='bbox 2882 5707 3072 5797; x_wconf 53' lang='lat' dir='ltr'><strong>iisan.</strong></span> <span class='ocrx_word' id='word_1_902' title='bbox 3101 5707 3709 5797; x_wconf 54' lang='lat' dir='ltr'><strong>,uilicemisenus</strong></span> <span class='ocrx_word' id='word_1_903' title='bbox 3743 5706 3832 5797; x_wconf 51' lang='lat' dir='ltr'><strong>at.</strong></span> 
     </span>
    </p>
   </div>
   <div class='ocr_carea' id='block_1_112' title="bbox 2244 5776 3833 5849">
    <p class='ocr_par' dir='ltr' id='par_1_112' title="bbox 2244 5776 3833 5849">
     <span class='ocr_line' id='line_1_118' title="bbox 2244 5776 3833 5849; baseline -0.003 -12"><span class='ocrx_word' id='word_1_904' title='bbox 2244 5783 2388 5838; x_wconf 89' lang='lat' dir='ltr'><strong>dicta</strong></span> <span class='ocrx_word' id='word_1_905' title='bbox 2420 5782 2475 5836; x_wconf 91' lang='lat' dir='ltr'><strong>in</strong></span> <span class='ocrx_word' id='word_1_906' title='bbox 2500 5776 2849 5849; x_wconf 77' lang='lat' dir='ltr'><strong>monasterio.</strong></span> <span class='ocrx_word' id='word_1_907' title='bbox 2882 5776 3078 5833; x_wconf 79' lang='lat' dir='ltr'><strong>Verum</strong></span> <span class='ocrx_word' id='word_1_908' title='bbox 3093 5776 3208 5849; x_wconf 85' lang='lat' dir='ltr'><strong>jam</strong></span> <span class='ocrx_word' id='word_1_909' title='bbox 3246 5776 3411 5849; x_wconf 71' lang='lat' dir='ltr'><strong>antea</strong></span> <span class='ocrx_word' id='word_1_910' title='bbox 3430 5780 3668 5836; x_wconf 81' lang='lat' dir='ltr'><strong>vidimus</strong></span> <span class='ocrx_word' id='word_1_911' title='bbox 3693 5776 3833 5835; x_wconf 68' lang='lat' dir='ltr'><strong>istud</strong></span> 
     </span>
    </p>
   </div>
   <div class='ocr_carea' id='block_1_113' title="bbox 2243 5848 3625 5931">
    <p class='ocr_par' dir='ltr' id='par_1_113' title="bbox 2243 5848 3625 5931">
     <span class='ocr_line' id='line_1_119' title="bbox 2243 5848 3625 5931; baseline -0.003 -21"><span class='ocrx_word' id='word_1_912' title='bbox 2243 5870 2343 5929; x_wconf 89' lang='lat' dir='ltr'><strong>per</strong></span> <span class='ocrx_word' id='word_1_913' title='bbox 2369 5854 2479 5919; x_wconf 81' lang='lat' dir='ltr'><strong>vim</strong></span> <span class='ocrx_word' id='word_1_914' title='bbox 2502 5851 2704 5909; x_wconf 80' lang='lat' dir='ltr'><strong>factum</strong></span> <span class='ocrx_word' id='word_1_915' title='bbox 2735 5848 2922 5931; x_wconf 68' lang='lat' dir='ltr'><strong>fuisse,</strong></span> <span class='ocrx_word' id='word_1_916' title='bbox 2947 5863 3014 5915; x_wconf 85' lang='lat' dir='ltr'><strong>ac</strong></span> <span class='ocrx_word' id='word_1_917' title='bbox 3039 5848 3157 5909; x_wconf 85' lang='lat' dir='ltr'><strong>sine</strong></span> <span class='ocrx_word' id='word_1_918' title='bbox 3177 5850 3299 5927; x_wconf 85' lang='lat' dir='ltr'><strong>iege</strong></span> <span class='ocrx_word' id='word_1_919' title='bbox 3322 5858 3377 5907; x_wconf 88' lang='lat' dir='ltr'><strong>et</strong></span> <span class='ocrx_word' id='word_1_920' title='bbox 3393 5848 3625 5929; x_wconf 78' lang='lat' dir='ltr'><strong>judicio.</strong></span> 
     </span>
    </p>
   </div>
  </div>
