4012 6338
140 392 269 454 317

1225 394 1432 456 LIBER
1466 395 1609 458 PRO
1644 396 1843 458 FILIIS
1878 396 2202 459 LUDOVICI
2237 398 2347 460 ΡΠ.

3311 410 3420 471 518

142 517 204 572 in
229 512 519 587 palatium,
551 517 607 568 et
635 511 913 582 assumpta
955 510 1011 567 in
1048 514 1382 573 consortium
1421 515 1577 587 quasi
1614 515 1747 587 legi-
1771 510 1824 580 A‘
1849 514 2006 569 aliter
2029 515 2121 571 hic
2148 516 2353 572 sentire
2387 515 2530 583 vult,
2556 520 2753 588 penset
2801 510 3063 589 qualiter-
3087 525 3427 585 contradicat

143 611 292 666 tima
319 608 543 680 conjux,
573 618 599 647 ι
639 606 781 676 quod
830 605 1108 674 esse‘jatn
1150 608 1458 665 nullatenus
1505 618 1740 681 poterat.

141 698 433 756 Collocata
462 698 647 767 itaque
675 696 907 766 turpiter
939 703 998 752 et
1052 697 1368 754 indecenter
1418 699 1473 753 in
1526 698 1744 771 fastigio

140 788 351 861 regali,
384 788 541 860 prius
564 785 764 842 malum
795 787 946 842 auxit
981 796 1039 844 et
1063 789 1460 860 multiplicavit.
1489 791 1571 845 Ad
1599 790 1744 861 quod

139 881 331 936 bonus
360 878 503 934 filius
537 877 669 947 quid
714 890 877 948 agere
922 878 1142 933 debuit?
1186 879 1441 951 Nunquid
1487 879 1745 935 dissimu-

138 968 304 1025 lare?
336 968 593 1039 Nunquid
622 968 820 1024 silere?
861 967 1115 1039 Nunquid
1140 971 1456 1040 quiescere?
1498 972 1615 1027 Non
1666 974 1741 1027 ita

136 1060 358 1131 placuit
384 1059 459 1115 illi
498 1059 891 1133 indormitsbm
930 1060 1110 1127 oculo,
1147 1062 1241 1131 qui
1294 1063 1532 1119 custodit
1574 1064 1741 1120 lsrael

137 1166 343 1217 stium;
380 1151 479 1206 sed
521 1150 808 1207 suscitavit
841 1151 1065 1222 spiritus
1108 1151 1364 1219 ﬁliorum,
1391 1162 1446 1209 et
1473 1169 1742 1211 convene-

135 1244 528 1299 runt'iterum
584 1244 653 1299 ad
704 1244 1091 1300 succidendam
1131 1246 1426 1301 recidivam
1472 1247 1741 1303 malorum

137 1337 400 1406 stirpem.
430 1334 717 1407 Timebant
734 1336 881 1391 enim
902 1350 971 1391 ne
996 1336 1139 1406 patri
1164 1337 1410 1392 eveniret
1435 1337 1566 1394 illud
1595 1338 1741 1409 quod

138 1427 209 1482 de
234 1425 480 1496 quodam
524 1440 653 1495 rege
700 1423 983 1495 Scriptura
1008 1435 1197 1485 sancta
1224 1427 1481 1498 loquitur,
1509 1427 1696 1485 dicens
1722 1447 1737 1483 :

138 1519 329 1591 Igitur
352 1536 461 1575 non
489 1518 597 1589 fuit
632 1518 770 1575 alter
793 1518 921 1575 talis
941 1528 1000 1573 ut
1040 1518 1241 1586 Achab,
1268 1521 1361 1592 qui
1409 1520 1738 1575 venundatus

134 1622 304 1669 estut
331 1612 529 1683 faceret
557 1613 756 1667 malum
786 1613 841 1667 in
890 1621 1166 1684 conspectu
1202 1613 1436 1669 Domini.
1493 1612 1739 1668 Concita-

133 1706 215 1760 ait
233 1706 383 1760 enim
409 1721 530 1760 eum
554 1702 771 1759 Iezabel
792 1714 929 1760 mf
950 1721 1074 1770 sua,
1096 1715 1143 1758 et
1173 1704 1540 1761 abominabilis
1564 1704 1736 1776 factus

1842 605 2099 676 Apostolo
2128 609 2329 665 dicenti
2359 626 2372 663 ε
2404 609 2475 663 Et
2518 610 2797 665 auaritiam
2817 650 2832 677 ,
2860 626 2976 683 quin
3008 621 3085 668 est
3107 614 3424 675 simulacro-

1844 714 1961 752 rum
1988 700 2248 764 servitus;
2279 709 2335 756 et
2371 700 2559 756 videat
2588 714 2752 771 quam
2786 705 3057 761 veraciter
3080 707 3282 763 dictum
3311 709 3422 766 sit:

1841 786 2019 843 Radix
2043 790 2275 844 omnium
2300 791 2560 847 malorum
2589 798 2665 847 est
2686 794 2945 865 cupiditas
2971 812 2990 851 :
3015 808 3175 867 quam
3209 796 3427 869 quidam

1843 888 2157 949 appetentes,
2174 891 2481 936 erraverunt
2502 900 2533 936 a
2553 883 2678 952 fide.
2707 883 2767 939 Si
2793 899 2924 957 ergo
2947 888 3218 960 cupiditas
3240 904 3428 951 errare

1841 966 1974 1024 facit
2000 986 2032 1023 a
2064 970 2191 1037 ﬁde,
2221 980 2277 1026 et
2303 974 2982 1033 avaritis‘simulacrorum
3026 987 3113 1036 est
3148 981 3422 1049 servitus;

1841 1065 1985 1135 quod
2009 1065 2209 1120 malum
2236 1076 2502 1134 remanet,
2528 1070 2670 1139 quod
2694 1086 2802 1125 non
2844 1072 2911 1127 de
2947 1073 3135 1129 radice
3161 1076 3429 1147 cupidita-

1840 1158 1913 1212 tis
1936 1158 2180 1213 oriatur?
2228 1157 2459 1230 Propter
2495 1162 2641 1231 quod
2670 1161 2904 1218 fideliter
2926 1164 3287 1237 colligendum
3317 1174 3424 1233 est,

1839 1262 2032 1303 omnes
2078 1249 2411 1318 appetitores
2469 1251 2803 1319 divitiarum,
2848 1253 3053 1325 gloria,
3101 1265 3158 1312 et
3200 1256 3426 1313 honoris

1840 1340 2136 1405 saecularis,
2165 1347 2327 1409 atque
2356 1341 2644 1411 primatus,
2668 1357 2833 1412 quam
2876 1358 2987 1399 non
3034 1345 3192 1420 longe
3234 1348 3422 1405 absint

1840 1429 1910 1484 ab
1948 1428 2213 1485 idolorum
2240 1431 2471 1487 cultura.

1911 1517 2001 1573 XI.
2044 1518 2169 1574 Haec
2199 1528 2488 1590 propterea
2525 1520 2755 1578 dicimus
2773 1564 2793 1591 ,
2818 1532 2880 1580 ut
2904 1526 3256 1584 ostendamus
3282 1528 3425 1585 mala

1840 1621 1895 1668 ct
1940 1614 2079 1669 bona
2126 1615 2507 1684 antiquorum,
2542 1616 2702 1673 malis
2749 1625 2805 1673 et
2849 1618 3009 1674 bonis
3061 1630 3427 1692 congruenter

1841 1706 2039 1774 aptari,
2070 1714 2128 1761 et
2157 1705 2243 1761 bis
2268 1706 2364 1776 qui
2393 1716 2584 1762 errant
2612 1708 2669 1764 in
2715 1724 2859 1764 novo
2896 1709 3114 1780 populo.
3159 1711 3226 1766 Et
3253 1728 3425 1782 quan-

1840 1814 2005 1870 quam
2050 1797 2239 1852 Acbab
2285 1798 2594 1854 concitante
2631 1815 2692 1856 se
2724 1815 2896 1857 uxore
2944 1818 3041 1857 sua
3088 1806 3355 1861 erraverit
3390 1822 3423 1863 a

208 1885 286 1945 Χ.
312 1886 423 1947 Sed
448 1886 591 1943 forte
612 1886 811 1958 aliquis
835 1888 1064 1945 diversae
1084 1889 1380 1945 voluntatis
1408 1890 1572 1945 homo
1594 1900 1737 1947 amo-
1763 1898 1811 1959 Β
1840 1891 1978 1957 ﬁde;
2017 1900 2075 1946 et
2122 1906 2186 1946 ea
2214 1892 2453 1948 auctrice
2491 1894 2890 1962 perpetraverit
2908 1876 3127 1952 facinus
3177 1896 3307 1953 illud
3356 1898 3425 1955 de

135 1992 272 2033 vere
302 1978 512 2034 nitatur
555 1979 675 2035 hmo
706 1980 873 2037 verba
900 1979 1198 2052 Scriptura:
1226 1992 1448 2047 sanctae,
1481 1992 1739 2054 tanquam
1834 1992 2014 2039 morte
2038 1982 2253 2039 Naboth
2285 1982 2655 2051 Jezrahelitae,
2684 1994 2967 2056 correptus
2986 1995 3172 2043 tamen
3198 1989 3268 2044 ab
3302 1989 3419 2045 Elia

133 2069 602 2137 inconvenientia,
631 2086 700 2129 eo
729 2074 875 2143 quod
918 2082 1202 2145 sequatur,
1231 2077 1286 2130 in
1318 2085 1547 2143 tantum,
1576 2087 1633 2131 ut
1660 2093 1742 2132 εσ-
1798 2075 2117 2146 'prophela,
2151 2088 2261 2130 non
2280 2083 2578 2140 correctus,
2620 2077 2933 2146 compulsus
2955 2086 3040 2133 est
3073 2093 3234 2150 agere
3252 2078 3426 2150 pleni-

130 2171 393 2232 qneretur
416 2162 562 2218 idola
584 2164 1035 2221 Amorrlueorum.
1089 2167 1312 2224 Noverit
1355 2170 1602 2241 quisquis
1652 2171 1735 2226 ille

1841 2166 2060 2222 tentiam
2083 2183 2096 2220 :
2124 2180 2232 2236 qua
2256 2166 2472 2229 actione
2498 2168 2989 2237 pmnitentilemala
3003 2170 3108 2226 sibi
3133 2170 3423 2225 imminen-

132 2263 249 2319 ω,
273 2269 388 2310 non
418 2269 580 2325 posse
612 2258 867 2312 evacuari
908 2260 1319 2330 congruentiam
1351 2261 1407 2316 in
1442 2262 1548 2317 hoc
1596 2261 1736 2318 loco.
1830 2260 1907 2314 tia
1932 2259 2163 2325 distulit,
2185 2274 2294 2315 non
2316 2260 2555 2316 abstulit.
2583 2260 2694 2316 Hoc
2714 2261 2760 2317 si
2785 2270 2935 2318 recte
2950 2262 3424 2333 perpendatur,.li-

136 2343 415 2412 Quoniam
437 2355 681 2418 tempore
705 2347 842 2419 legis
869 2349 925 2403 in
946 2351 1116 2404 veteri
1142 2350 1340 2422 populo
1376 2351 1517 2407 idola
1565 2360 1620 2408 et
1664 2355 1739 2415 si—
1835 2349 1998 2419 quido
2033 2348 2376 2405 demonstrat
2404 2355 2667 2420 quantum
2689 2359 2922 2407 noceant
2947 2354 3147 2408 uxores
3174 2351 3327 2406 malle
3347 2350 3427 2406 vi-

132 2438 381 2494 mulacra
415 2437 794 2511 signiﬁcabant
812 2455 1002 2496 omnes
1027 2456 1246 2498 errores
1266 2442 1321 2497 in
1344 2458 1486 2499 novo
1505 2444 1728 2514 populo,
1835 2443 1913 2498 ris
1927 2442 2064 2497 suis.
2085 2440 2227 2496 Jebu
2249 2450 2633 2513 autem,qnem
2652 2443 2915 2499 Dominus
2936 2444 3221 2502 suscitavit
3250 2444 3306 2499 in
3336 2459 3422 2500 re-

134 2537 387 2600 tempore
417 2530 673 2586 videlicet
700 2533 906 2602 gratiae.
944 2531 1079 2587 Nam
1110 2542 1167 2588 et
1193 2535 1307 2603 ipse
1349 2536 1484 2590 ordo
1532 2536 1728 2591 horum
1837 2550 1959 2607 gem
1974 2534 2042 2588 ad
2058 2534 2389 2604 puniendam
2414 2536 2637 2590 domum
2653 2536 2843 2592 Achab
2856 2536 3044 2605 etejus
3058 2536 3426 2608 deceptricem

131 2622 433 2676 verborum
460 2621 537 2675 ita
563 2621 944 2691 intelligendus
965 2631 1048 2677 est
1080 2640 1094 2677 :
1122 2622 1516 2680 Abomiuabilis
1562 2623 1734 2681 factus
1838 2642 2089 2692 uxorem,
2112 2626 2239 2682 licet
2272 2636 2538 2684 alternam
2581 2628 2747 2683 vitam
2793 2643 2900 2683 non
2944 2630 3333 2700 promeruerit,
3359 2642 3427 2683 eo

133 2714 217 2767 cs't
241 2713 481 2769 diversis
513 2714 900 2783 cupiditatibus
932 2724 990 2770 et
1017 2714 1312 2780 illecebris,
1338 2716 1583 2771 utetiam
1618 2717 1734 2772 evi—
1840 2721 1986 2792 quod
2017 2735 2051 2773 a
2081 2719 2321 2789 peccatis
2360 2719 2648 2776 Jeroboam
2682 2735 2792 2776 non
2816 2723 3128 2787 recesserit,
3159 2721 3286 2791 quia
3310 2726 3427 2775 stu-

133 2806 332 2864 thnter
361 2809 435 2864 all
463 2808 672 2864 cultum
704 2817 891 2864 rueret
916 2808 1204 2865 idolorum.
1248 2808 1507 2880 Quisquis
1551 2816 1735 2866 autem
1841 2811 1992 2866 diose
2018 2811 2267 2866 exercuit
2294 2809 2530 2867 ultiones
2563 2811 2779 2867 Domini
2799 2813 2866 2868 de
2884 2812 3126 2880 Iezabel,
3150 2821 3207 2869 et
3234 2812 3426 2868 domus

1510 2902 1784 2960 BALUle
1817 2902 2053 2959 ΝΟΤΕ.

204 3008 235 3038 ι
259 2993 418 3068 ρειοᾴ
438 3010 552 3068 esse
572 2992 873 3068 nullatenus
891 3002 1115 3065 poterat.
1138 2994 1331 3051 Exstat
1356 3010 1487 3051 sane
1510 2996 1564 3051 in
1590 2996 1728 3068 libro
1829 3009 2114 3068 consensu
2144 2993 2412 3068 Grimaldi
2433 2994 2721 3051 Pinnensis
2746 2995 3028 3068 episcopi,
3050 2995 3207 3066 juxta
3253 2994 3425 3068 legem

134 3068 329 3139 quinto
372 3064 763 3139 Capitularium
810 3064 941 3139 lex,
970 3081 1077 3135 qua
1126 3076 1349 3121 cavetur
1399 3084 1463 3122 ne
1516 3067 1725 3131 mulier,
1829 3065 2074 3139 Lotllarii
2104 3066 2469 3139 imperatoris,
2518 3082 2639 3137 quae
2682 3064 2864 3139 exstat
2893 3064 2962 3139 ini
2998 3064 3140 3139 libro
3181 3084 3221 3123 ιι
3267 3064 3429 3138 Ιδὲεὶθ

135 3134 259 3209 qua:
282 3134 618 3209 spontc,aut
643 3136 830 3200 invita,
846 3134 1039 3209 Avelllin
1079 3147 1327 3209 sanctum
1369 3140 1421 3192 in
1453 3146 1614 3208 caput
1639 3153 1728 3191 ac-
1830 3134 2262 3209 Langobarllo'r"
2315 3137 2397 3191 tit.
2439 3134 2494 3209 6,
2539 3134 2663 3209 cap.
2708 3136 2762 3190 4.
2802 3137 3023 3209 Interim
3071 3134 3425 3209 Sisenandus,

137 3206 367 3279 ceperit,
400 3208 528 3261 illud
558 3221 807 3279 unquam,
828 3207 1081 3279 dimittat.
1135 3207 1257 3261 Haec
1301 3217 1426 3262 sunt
1458 3206 1620 3279 verba
1649 3223 1733 3262 ca—
1758 3210 1803 3275 C
1834 3208 1997 3262 homo
2024 3206 2287 3272 Francus,
2318 3207 2484 3279 cmpit
2509 3206 2719 3279 ambire
2736 3208 2954 3279 nuptias
2983 3209 3140 3263 istius
3161 3207 3425 3279 mulieris,

134 3276 266 3351 pitis
292 3278 399 3351 “'5
421 3278 659 3347 ejusdem
688 3276 813 3351 libri
841 3296 853 3351 ς
884 3297 903 3327 ι
932 3278 1304 3348 Qualicunque
1330 3280 1490 3351 modo
1516 3277 1728 3343 mulier,
1836 3292 2170 3351 uxoremque
2216 3276 2419 3351 postea
2453 3277 2633 3351 duxit.
2678 3276 2848 3351 Hujus
2898 3280 2976 3333 rei
3027 3279 3169 3351 fama
3199 3293 3321 3333 cum
3357 3277 3428 3351 ad

206 3346 495 3405 mittente
523 3349 779 3405 canonice
808 3349 924 3403 viro
957 3364 1073 3413 suo,
1115 3346 1317 3405 aut—eo
1340 3350 1618 3414 defuncto,
1649 3366 1737 3405 ve-
1830 3346 2042 3418 judices
2072 3346 2381 3416 imperiales
2418 3349 2773 3419 pervenisset,
2806 3349 3066 3419 intentata
3109 3349 3177 3405 lis
3219 3356 3306 3406 est
3332 3349 3428 3404 ad-

159 3437 257 3476 um
290 3428 535 3490 sanctum
572 3419 621 3473 in
643 3426 805 3489 caput
833 3420 1124 3490 acceperit,
1149 3429 1242 3474 aut
1285 3428 1498 3490 sponte,
1538 3420 1734 3490 autin-

131 3491 277 3553 vita,
312 3488 368 3543 in
411 3505 474 3544 eo
498 3488 809 3560 permaneat
851 3488 1092 3549 omnino.
1142 3505 1243 3544 nec
1270 3488 1529 3545 dimittat.
1565 3509 1583 3540 ι
1626 3488 1734 3545 Sed

135 3561 314 3625 istud,
336 3559 544 3630 Opinor,
569 3559 972 3631 intelligendum
994 3569 1080 3615 est
1099 3561 1164 3614 de
1178 3561 1336 3616 vidua
1358 3575 1478 3630 quae
1500 3575 1559 3614 se
1579 3576 1736 3631 spwn-

133 3640 197 3689 te
248 3632 468 3695 velavit,
518 3645 627 3687 non
672 3642 852 3687 autem
893 3632 960 3687 de
987 3631 1211 3686 muliere
1238 3647 1335 3701 per
1378 3633 1490 3687 vim
1536 3631 1730 3687 velata.

132 3702 275 3760 Nam
307 3705 453 3773 quod
479 3704 559 3756 ait
582 3702 689 3767 lex,
718 3716 837 3758 eam
868 3702 1079 3773 resilire
1107 3718 1211 3756 non
1239 3718 1399 3771 posse
1428 3718 1549 3773 qua:
1570 3703 1733 3757 etiam

134 3774 310 3831 invita
339 3773 516 3828 velata
537 3781 640 3839 est,
671 3774 831 3844 plane
861 3773 1228 3844 necessarium
1260 3783 1342 3828 est
1371 3781 1431 3827 ιιι
1470 3773 1733 3844 intelligas

134 3789 310 3831 invita
339 3789 516 3828 velata
537 3789 640 3839 ρει,
656 3789 831 3897 (plane
861 3789 1228 3829 necessarium
1260 3789 1342 3828 ρει
1371 3789 1431 3827 ιιι
1470 3789 1732 3844 ιιιιθιιιείιι

134 3860 260 3901 mus
287 3845 355 3899 de
375 3858 437 3899 ea
463 3859 584 3912 qum
624 3860 651 3897 a
694 3845 873 3898 ultcrii
901 3842 1195 3914 perpetrati
1237 3844 1484 3898 convicta
1515 3852 1618 3908 est,
1648 3853 1732 3896 at-

135 3931 246 3985 que
266 3916 345 3971 ob
370 3917 475 3970 hoc
500 3916 674 3985 ipsum
701 3915 754 3969 in
796 3914 1127 3969 monasterio
1157 3915 1405 3969 concludi
1444 3915 1615 3985 jussa,
1644 3929 1736 3985 vo-

133 3984 284 4047 lente
307 3986 527 4043 marito.
558 3984 694 4041 Nam
741 3985 885 4041 nulla
913 3984 999 4040 lex
1036 3985 1167 4041 sinit
1207 4000 1405 4040 uxores
1433 3984 1614 4040 (hastas
1644 3984 1736 4038 ab—

136 4057 314 4139 duci_a
347 4057 587 4139 maritis,
618 4057 719 4113 nisi
746 4072 810 4139 ex
854 4071 1123 4139 consensu
1155 4055 1424 4139 partium,
1458 4063 1515 4107 ut
1541 4062 1734 4139 vacent

135 4127 399 4191 orationi,
434 4128 590 4197 juxta
618 4127 905 4181 consilium
950 4124 1211 4196 Apostoli.
1247 4125 1352 4179 Sed
1395 4126 1614 4197 tametsi
1645 4124 1735 4178 da-

135 4213 326 4253 remus
351 4194 527 4267 legem
557 4212 663 4251 non
692 4213 812 4251 esse
835 4194 1162 4267 ambiguam.
1191 4196 1322 4251 nihil
1348 4194 1589 4250 alliceret
1613 4210 1735 4267 cau-

135 4283 212 4323 sa:
243 4266 609 4338 imperatoris.
656 4267 790 4321 Nam
820 4266 1001 4337 neque
1033 4266 1216 4321 Judith
1244 4266 1524 4338 canonice
1554 4266 1731 4338 velum

134 4336 472 4408 Susceperat,
509 4352 684 4407 neque
714 4336 1089 4393 consentiente
1119 4336 1339 4398 marito,
1368 4336 1460 4393 sed
1498 4351 1595 4406 per
1625 4337 1733 4408 vim

135 4418 192 4464 et
227 4406 453 4464 metum.
486 4406 672 4478 Itaque
708 4409 927 4463 dubium
968 4423 1073 4461 non
1102 4415 1220 4461 erat
1260 4408 1389 4476 quin
1431 4422 1551 4478 eam
1578 4406 1735 4478 mari-

134 4487 228 4535 ωε
254 4489 500 4549 mrem
523 4477 724 4549 posset,
756 4480 800 4533 si
827 4478 1006 4549 vellet.
1047 4477 1210 4532 Aliud
1258 4477 1537 4533 obtinebat
1565 4478 1640 4549 de
1661 4477 1738 4531 νί-

1836 3417 2025 3490 versus
2056 3417 2434 3475 Sisenandum
2449 3435 2776 3490 uxoremque
2814 3417 2931 3490 eius
2961 3436 2989 3472 a
3020 3418 3228 3477 Maionc
3260 3419 3429 3490 advo-

1836 3498 1958 3543 cato
1984 3489 2241 3544 Ludovici
2275 3490 2637 3560 imperatoris,
2667 3488 2759 3561 qui
2809 3488 3064 3545 feminam
3096 3490 3239 3545 illam
3278 3489 3429 3545 adul-

1836 3561 1958 3614 terii
1989 3562 2283 3626 accusavit,
2321 3562 2478 3631 juxta
2521 3560 2705 3633 legem:
2739 3560 3238 3633 Langobardorum,
3284 3561 3429 3632 quod

1834 3640 1956 3700 post
2006 3641 2318 3702 susceptum
2362 3632 2593 3688 sacrum
2628 3632 2896 3697 velamen,
2949 3649 3167 3689 rursum
3206 3633 3324 3688 viro
3365 3646 3427 3689 se

1836 3703 2216 3772 conjunxerat,
2247 3702 2474 3773 ideoque
2499 3718 2787 3772 personam
2809 3704 3276 3770 substantiamque
3303 3703 3425 3773 ejus

1874 3773 1979 3826 arti
2024 3773 2207 3844 palatii
2254 3773 2529 3841 pertinere
2576 3773 2774 3844 debere
2811 3773 3109 3844 asserebat,
3141 3773 3430 3844 secundum

1858 3842 2037 3914 egem;
2058 3843 2136 3897 Ea
2163 3849 2341 3897 autem
2369 3851 2545 3897 exstat
2574 3844 2627 3897 in
2668 3843 2805 3897 libro
2830 3846 3067 3897 secundo
3092 3842 3247 3914 Legis
3285 3842 3430 3914 Lan-

1910 3913 2218 3975 bardorum,
2253 3914 2337 3967 tit.
2371 3913 2425 3975 6,
2451 3929 2571 3982 cap.
2601 3915 2651 3979 l,
2682 3922 2738 3966 et
2766 3914 2857 3966 lib.
2890 3929 2951 3977 ιι,
2983 3914 3070 3966 tit.
3101 3912 3190 3975 57;
3217 3926 3336 3982 cap.
3370 3912 3423 3965 1.

1886 3990 1906 4063 t
1932 3983 2263 4067 Siscnandus
2292 3983 2506 4067 negavit
2544 3999 2663 4067 eam
2687 3983 2933 4067 induisse
2968 3992 3176 4038 vestem
3207 3983 3428 4067 religio-

1834 4054 1940 4123 nis.
1970 4053 2169 4107 Verum
2205 4067 2329 4106 cum
2370 4052 2567 4123 postea
2599 4052 2737 4107 Maio
2786 4052 3068 4123 probasset
3094 4069 3216 4108 eam
3261 4052 3428 4123 fuisse

1835 4122 2084 4194 velatam,
2113 4122 2325 4194 jllllices
2373 4122 2680 4194 imperiales
2724 4122 3143 4192 pronuntiarunt
3171 4134 3223 4179 et
3250 4122 3429 4181 Gundi

1835 4139 2084 4186 velatam,
2113 4139 2325 4248 1:)”“308
2373 4139 2680 4194 imperiales
2724 4139 3143 4192 pronuntlarunt
3171 4139 3223 4179 et
3250 4139 3427 4181 uunol

1835 4193 2008 4262 ipsam
2037 4202 2092 4249 et
2192 4208 2261 4247 na
2287 4195 2405 4264 ejus
2428 4196 2559 4249 lisco
2581 4195 2793 4250 addicta
2825 4211 2840 4261 ;
2874 4194 3075 4250 indicta
3103 4196 3266 4250 etiam
3292 4194 3427 4252 mul-

1837 4271 1891 4319 ta
1917 4265 2215 4321 solidorum
2258 4274 2639 4321 sexcentarum
2685 4265 3009 4331 Siseuaudo,
3049 4274 3107 4322 et
3130 4264 3424 4323 solidorum

1835 4343 2051 4390 centum
2075 4334 2464 4405 quinquaginta
2483 4335 2791 4391 Amell‘redo
2816 4336 2925 4390 (ilio
2945 4334 3193 4393 Justouis‘
3210 4346 3266 4392 et
3286 4334 3428 4391 Gun-

1834 4405 1910 4477 di,
1959 4406 2053 4474 qui
2097 4405 2222 4477 huic
2264 4406 2614 4477 matrimonio
2661 4416 3050 4462 consenserat:
3092 4423 3211 4477 qua:
3259 4405 3424 4461 multa

1834 4475 2363 4549 Amellredo__i_ndicta
2399 4484 2484 4531 est
2516 4475 2677 4549 juxta
2721 4478 2893 4549 legem
2937 4475 3272 4549 Luitprandi,
3305 4490 3426 4549 qua:

135 4551 280 4627 φὴ.
317 4546 456 4605 Nam
484 4546 595 4627 illis
618 4550 886 4627 deponere
925 4548 1165 4627 velamen
1190 4557 1438 4627 sanctum
1478 4562 1582 4627 non
1609 4546 1735 4627 l_ice-
1758 4567 1812 4627 D
1838 4555 2016 4627 exstat
2045 4548 2099 4600 in
2134 4546 2301 4627 libro,
2326 4548 2560 4603 secundo
2602 4546 2764 4627 Legis
2781 4546 3298 4627 Langobardorum,
3337 4547 3423 4601 tit.

134 4620 251 4686 bat,
297 4622 604 4691 praesertim
649 4616 787 4690 apud
839 4619 1223 4691 Langobardos
1273 4617 1426 4687 cujus
1462 4619 1539 4691 rei
1585 4617 1732 4691 clara
1758 4616 1806 4627 ”
1838 4616 1930 4684 37,
1970 4633 2091 4691 cap.
2113 4617 2401 4691 _l._Datum
2430 4628 2516 4683 est
2544 4616 2725 4691 autem
2745 4616 3007 4691 judicium
3042 4620 3197 4691 istud
3233 4617 3425 4691 adver-

136 4688 359 4761 exstailt
387 4688 730 4748 documenta.
774 4691 843 4745 Et
878 4688 1311 4761 quandoquidem
1343 4690 1558 4744 occasio
1584 4688 1733 4761 tulit,

135 4759 375 4817 aﬂ'e'mm
396 4761 701 4830 exemplmu
731 4758 961 4817 istorum
1010 4758 1180 4815 ferme
1221 4770 1542 4830 temporum,
1570 4758 1739 4830 defe-

133 4834 285 4903 nlina
317 4829 953 4903 quadam’Langobarda,
978 4846 1098 4903 qua:
1125 4829 1427 4903 imperante
1459 4829 1736 4886 Ludovico

132 4901 181 4961 ιι
209 4904 290 4959 Pii
320 4900 518 4974 nepote
535 4900 755 4958 multata
779 4912 865 4958 est
887 4900 1181 4974 amissione
1202 4900 1464 4956 bonorum
1488 4915 1731 4965 suorum,

133 4974 208 5029 ob
230 4991 355 5031 eam
380 4972 634 5029 videlicet
676 4989 918 5037 causam,
951 4972 1094 5042 quod
1143 4980 1263 5041 post
1305 4981 1613 5042 susceptum
1639 4986 1735 5042 ve-

133 5044 320 5116 lamen
348 5045 878 5116 religionis,fnllllere
914 5039 1358 5116 praesumpserat.
1402 5039 1507 5097 Res
1521 5042 1607 5116 _ita
1638 5039 1736 5094 lla-

131 5115 248 5173 het.
280 5115 440 5169 Iusto
455 5112 790 5181 'gaustaldio,
816 5113 1033 5167 natione
1060 5112 1321 5178 Francus,
1348 5114 1488 5167 inter
1521 5112 1731 5180 Lango-

131 5186 339 5254 bardos
382 5186 679 5248 habitum,
734 5185 913 5254 ibique
968 5199 1191 5254 uxorem
1238 5185 1468 5239 duxerat
1516 5184 1733 5254 nomine

133 5246 336 5313 Gundi.
368 5254 593 5312 Licebat
623 5246 752 5317 sane
785 5246 843 5309 ei.
875 5254 1058 5307 vivere
1085 5253 1203 5322 lege
1254 5254 1449 5324 patria,
1477 5254 1520 5307 si
1551 5254 1600 5307 in
1633 5252 1733 5306 ini-

261 5327 779 5407 babitationisusuae
826 5326 972 5407 inter
1018 5323 1403 5407 Langobardos
1453 5323 1735 5407 professus

134 5398 335 5470 fuisset
364 5400 507 5470 apud
550 5396 955 5470 iudices,gvelle
995 5412 1060 5470 se
1097 5393 1620 5470 _vivere_secuild_um
1661 5393 1735 5447 le-

171 5487 260 5525 em
298 5464 658 5527 Francorum.
709 5467 813 5523 Sed
844 5466 1034 5527 maluit
1062 5466 1262 5538 eligere
1302 5464 1732 5538 legemALangof

171 5487 260 5525 em
298 5485 658 5527 rrancorum.
709 5485 813 5523 beo
844 5485 1034 5527 matuu.
1062 5485 1260 5538 ellgere
1302 5485 1472 5538 legem
1523 5485 1729 5535 Lango-

133 5485 455 5605 gardorum,
510 5538 757 5595 fortassis
793 5539 844 5592 vi
875 5538 1052 5591 victus
1096 5536 1318 5601 amoris,
1363 5536 1507 5606 quod
1555 5533 1729 5591 Gundi

133 5611 309 5667 nollet
330 5611 465 5666 alias
488 5612 536 5667 ei
566 5611 786 5673 nubere.
819 5608 954 5663 Nam
975 5607 1059 5661 lex
1081 5607 1556 5679 Langobardorum
1576 5606 1732 5661 valde

134 5681 457 5738 favorabilis
486 5689 605 5736 erat
652 5681 929 5735 uxoribus.
972 5678 1097 5734 llmc
1126 5692 1254 5748 ergo
1280 5693 1402 5733 cum
1432 5678 1607 5731 virum
1638 5691 1731 5731 ex-

134 5754 374 5836 ιυιίεεςιν
427 5754 863 5836 deﬂevimus
910 5749 1166 5836 emittet!
1214 5763 1324 5836 "9'?
1373 5756 1559 5836 P958?!
1594 5748 1729 5836 Ρεηίο

136 5824 612 5883 sanctimonialem
662 5819 902 5878 habitum
943 5821 1116 5875 induit
1150 5820 1203 5874 in
1239 5819 1569 5875 monasterio
1599 5833 1728 5873 san-

138 5902 243 5963 cta:
263 5898 472 5967 Marte,
504 5895 790 5968 telumque
807 5893 910 5950 sibi
939 5904 1101 5963 super
1124 5898 1284 5963 caput
1310 5890 1587 5973 imposuit,
1607 5902 1735 5947 cunt

1837 4704 1929 4743 sus
1969 4686 2147 4742 Gundi
2190 4689 2242 4741 in
2293 4690 2622 4743 monasterio
2659 4686 2861 4745 sancta:
2904 4688 3187 4744 Trinitatis
3226 4686 3427 4742 Casau-

1836 4759 2036 4830 riensis
2061 4757 2306 4830 ωηιοῆ
2345 4759 2599 4830 Ludovici
2624 4761 2671 4814 ll
2696 4760 3057 4830 imperatoris,
3096 4772 3284 4830 mense
3326 4759 3427 4814 De;

1835 4828 2061 4885 cenibri.
2109 4829 2249 4899 Dein
2285 4828 2587 4884 Ludovicus
2631 4828 2930 4899 bona—quae
2974 4829 3189 4899 fuerant
3224 4828 3420 4895 Gundi,

1834 4901 2166 4955 monasterio
2210 4892 2557 4955 Casauriensi
2606 4901 2755 4956 dedit
2793 4892 2853 4955 nl
2901 4898 3020 4954 Kal.
3060 4898 3250 4963 Maias,
3281 4892 3423 4955 anno

1834 4971 2098 5045 vigesimo
2143 4971 2333 5045 quinto
2382 4971 2593 5045 imperii
2635 4972 2741 5045 sui,
2772 4971 2830 5045 id
2858 4979 2962 5045 est,
2995 4985 3137 5045 anno
3174 4969 3297 5025 875.
3329 4971 3427 5026 Ve-

1833 5039 1956 5095 rum
1986 5041 2110 5109 quia
2156 5039 2296 5095 bona
2332 5039 2649 5110 quze‘Justo
2690 5039 2910 5095 dederat
2944 5041 3101 5094 uxori
3142 5057 3273 5105 sum,
3315 5057 3424 5096 non

1832 5111 1971 5171 bene
2001 5112 2235 5179 discreta
2284 5121 2437 5166 erant
2476 5128 2506 5165 a
2540 5112 2695 5165 bonis
2738 5111 3051 5175 liberorum,
3094 5126 3182 5167 res
3225 5112 3423 5167 iterum

1834 5198 2020 5238 coram
2064 5179 2339 5251 iudicibus
2386 5182 2640 5250 ventilata
2689 5191 2774 5245 est
2822 5182 2874 5234 in
2920 5181 3083 5237 Teate
3116 5197 3285 5251 anno
3318 5180 3423 5237 877

1834 5267 2020 5308 mense
2046 5246 2326 5324 Augusto;
2362 5246 2416 5307 et
2450 5252 2619 5307 curtis
2645 5251 2713 5306 de
2737 5251 3080 5307 Monactiano
3116 5246 3420 5323 adiudicata

1833 5334 1918 5379 est
1964 5325 2316 5390 monasterio,
2358 5330 2685 5393 peractaque
2718 5326 2985 5392 praeterea
3027 5334 3114 5379 est
3157 5324 3422 5379 b'ononum

1832 5394 2075 5451 Justonis
2092 5395 2285 5450 divisio
2305 5392 2446 5449 inter
2468 5393 2606 5448 filios
2625 5392 2743 5463 ejus
2762 5403 2817 5448 et
2839 5396 3247 5450 monasterium.
3272 5394 3424 5449 Hanc

1832 5465 2139 5538 historiam,
2166 5480 2287 5538 quae
2310 5464 2576 5534 plurimas
2608 5479 2696 5518 res
2718 5464 2963 5538 continet
2984 5473 3169 5521 notatu
3200 5465 3418 5538 dignas,

1831 5532 2263 5607 placuitpaucis
2290 5532 2586 5600 enarrare;
2620 5536 2787 5607 quam
2828 5538 3069 5592 emimus
3094 5548 3125 5591 e
3148 5532 3416 5607 veteribus

1833 5604 1971 5663 actis
2003 5604 2146 5661 illius
2170 5606 2291 5669 :evi,
2332 5619 2453 5674 quae
2477 5604 2694 5660 exstant
2717 5605 2774 5661 in
2818 5608 3149 5663 cbartulario
3175 5604 3417 5676 ejusdem

1832 5677 2167 5741 monasterii,
2196 5689 2422 5746 quaeque
2448 5684 2571 5745 post
2595 5686 2753 5733 notas
2770 5679 2918 5733 edita
2941 5678 3200 5746 reperies,
3226 5677 3417 5740 lector,

1832 5692 2167 5741 monasterii,
2196 5692 2422 5746 quaeque
2448 5692 2571 5745 post
2595 5692 2753 5733 notas
2770 5692 2918 5733 culta
3074 5692 3200 5743 rles,
3226 5692 3417 5740 lector,

1831 5748 2096 5806 beneficio
2139 5747 2357 5802 Antonii
2392 5746 2579 5803 Vionis
2618 5692 3085 5817 Herovallilfglte'i
3108 5746 3419 5815 clarissimi;

1830 5820 2134 5891 horumque
2160 5818 2461 5875 studiorum
2482 5818 2624 5876 bono
2648 5819 2781 5876 nati.
2882 5822 2883 5825 ‘
2922 5832 2929 5851 ι
3022 5836 3028 5841 ε
3410 5838 3415 5845 ι
