4012 6338
428 1038 445 1041 ‘
546 1035 708 1098 ptura
733 1027 936 1094 divina,
962 1029 1149 1086 dicens
1198 1048 1212 1084 :

550 355 659 414 319

1413 406 1417 410 .
1511 357 1570 413 S.
1611 354 1963 414 AGOBARDI
2001 353 2313 414 EPISCOPI
2347 355 2834 416 LUGDUNENSIS

3730 368 3854 426 3i)

547 472 664 545 ejus
691 485 855 544 quem
883 470 975 529 illa
1003 470 1391 540 concitaverat,
1415 488 1733 530 concessum
1759 482 1843 530 est
1863 473 1915 530 ei
1941 480 2002 528 ut
2026 470 2125 526 ﬁlii
2151 471 2205 533 Α
2227 470 2339 541 puli
2374 489 2388 525 :
2429 472 2496 527 de
2522 487 2631 543 quo
2663 472 2886 544 quidam
2915 471 3031 537 {rex
3087 473 3356 547 superbus
3403 483 3462 536 et
3500 478 3850 541 humiliatus

546 565 665 636 ejus
686 578 858 633 usque
887 563 956 619 ad
978 571 1227 633 quartam
1250 564 1653 636 generationem
1673 572 1979 635 regnarent.
2004 563 2133 619 Post

547 672 673 713 eum
701 657 891 711 beatus
922 671 1139 726 quoque
1174 655 1366 712 Joiada
1391 664 1447 711 et
1490 664 1712 713 sanctus
1741 655 2006 727 pontifex,
2036 655 2132 726 qui

548 746 823 802 Athaliam
866 748 1245 819 impiissimam
1282 748 1516 804 interﬁci
1555 747 1740 818 jussit,
1789 757 1847 804 et
1895 747 2024 805 Joas
2074 748 2133 803 in

550 839 686 894 solio
708 840 879 910 patris
908 840 1210 905 collocavit,
1244 849 1298 897 et
1326 842 1664 898 Hierusalem
1707 858 1741 896 a
1779 842 2032 898 sordibus
2076 851 2134 898 et

548 932 910 988 innnunditiis
938 933 1214 1003 purgavit,
1244 933 1337 989 tali
1361 949 1486 990 eum
1519 934 1678 989 laude
1723 944 1954 991 exornat
1980 933 2134 990 Scri-

1264 1028 1449 1086 Senuit
1494 1040 1672 1086 autem
1721 1031 1921 1087 Joiada
1945 1032 2132 1103 plenus

547 1120 773 1187 dierum,
797 1131 845 1176 et
872 1131 1110 1177 mortuus
1136 1130 1212 1178 est
1237 1140 1358 1178 cum
1386 1134 1594 1180 rentum
1621 1125 1838 1196 triginta
1874 1135 2007 1181 esset
2036 1126 2133 1182 an;

549 1230 770 1277 norum;
805 1212 1213 1287 sepelieruntque
1237 1232 1357 1270 eum
1387 1217 1442 1269 in
1471 1216 1680 1271 civitate
1706 1216 1876 1272 David
1901 1233 2021 1271 cum
2051 1234 2133 1273 re-

548 1305 700 1375 gibus
723 1346 739 1372 ,
769 1322 829 1361 eo
867 1307 1006 1378 quod
1034 1306 1240 1377 fecisset
1268 1309 1460 1362 bonum
1512 1325 1630 1362 cum
1674 1307 1864 1372 Israel,
1911 1319 1961 1364 et
2012 1327 2133 1365 cum

547 1398 704 1453 domo
728 1398 863 1469 ejus.
908 1396 1047 1455 Ecce
1074 1400 1178 1455 iste
1204 1399 1324 1470 pius
1359 1402 1632 1466 sacerdos,
1660 1410 1716 1457 et
1747 1401 2026 1473 temporali
2079 1411 2135 1459 et

548 1498 755 1546 teterna
798 1492 1159 1547 retributione
1189 1501 1565 1548 remuneratus
1592 1501 1711 1561 est;
1760 1494 1896 1550 Jehu
1947 1504 2132 1552 autem

554 1588 763 1637 tantum
791 1583 1099 1653 temporali.

618 1672 730 1727 XII.
781 1672 1072 1731 Videamus
1124 1690 1341 1747 quoque
1370 1675 1515 1745 quid
1554 1675 1785 1733 Samson
1822 1677 2130 1749 contigerit,

546 1779 707 1834 quem
737 1764 1030 1836 Apostolus
1058 1767 1115 1821 in
1139 1767 1383 1839 catalogo
1413 1767 1655 1823 virorum
1677 1766 1950 1837 justorum
1993 1784 2131 1824 enu-

550 1866 743 1913 merat.
788 1858 1009 1914 Amavit
1055 1859 1241 1929 itaque
1278 1859 1562 1916 mulierem
1601 1875 1710 1914 non
1738 1868 2009 1915 amantem
2036 1874 2131 1926 se;

550 1965 675 2021 qua:
701 1950 825 2021 plus
869 1951 1264 2021 obtemperavit
1305 1950 1542 2006 inimicis
1590 1950 1727 2020 ejus,
1760 1965 1923 2020 quam
1956 1949 2134 2005 amico

548 2042 756 2097 amanti
788 2057 866 2097 se.
899 2041 966 2096 Et
1009 2043 1138 2113 quia
1183 2041 1273 2098 ille
1319 2042 1405 2096 vir
1435 2041 1618 2112 justus
1661 2043 1893 2098 credidit
1916 2042 2133 2099 mulieri

545 2131 771 2198 inﬁdeli,
800 2132 923 2188 ideo
944 2141 1001 2188 et
1027 2132 1211 2188 lumen
1240 2132 1519 2189 oculorum
1550 2133 1754 2200 amisit,
1783 2140 1838 2188 et
1875 2134 2132 2189 ducatum

544 2225 858 2281 Israeliticae
883 2225 1061 2295 gentis
1089 2225 1345 2296 perdidit.
1376 2225 1471 2281 Cui
1503 2225 1630 2282 licet
1655 2233 1843 2296 postea
1878 2226 2131 2281 restituta

546 2314 620 2370 sit
642 2315 819 2370 virtus
847 2315 1098 2385 pristina,
1129 2324 1187 2372 et
1230 2316 1645 2387 ignominiosam
1686 2317 1854 2371 vitam
1895 2315 2133 2387 gloriosa

545 2413 723 2459 morte
747 2404 982 2473 ﬁnierit;
1009 2414 1214 2461 aeterna
1234 2406 1454 2475 quidem
1475 2406 1585 2461 vita
1605 2422 1713 2463 non
1735 2406 1934 2472 caruit,
1951 2414 2133 2462 tamen

544 2494 798 2549 ducatum
829 2494 1122 2565 pristinum
1148 2512 1258 2553 non
1284 2499 1645 2568 recuperavit.
1676 2498 1768 2555 Sic
1792 2515 1924 2571 ergo
1948 2501 2134 2572 digne-

542 2594 676 2641 turll
707 2585 940 2644 domnus
979 2588 1182 2645 dudum
1226 2589 1521 2660 imperator
1558 2590 1646 2661 pie
1689 2592 2046 2663 perpendere,
2071 2600 2134 2648 ut

540 2681 766 2739 cclcste
812 2691 869 2738 et
924 2684 1313 2755 sempiternum
1362 2700 1591 2755 regnum
1618 2700 1727 2740 non
1757 2685 1950 2755 perdat
1990 2704 2002 2739 :
2036 2684 2131 2755 qui

540 2770 798 2843 deceptus
825 2788 857 2827 a
885 2774 1135 2841 muliere,
1171 2782 1448 2830 terrenum
1473 2784 1530 2830 et
1580 2776 1879 2846 temporale
1922 2777 2127 2832 amisit.

537 2860 711 2917 Cedat
736 2862 936 2917 divinis
951 2864 1338 2935 judiciis,quia
1357 2864 1493 2918 nihil
1527 2864 1582 2919 in
1609 2874 1757 2920 terra
1793 2866 1910 2921 sine
1937 2881 2125 2922 causa.

543 2948 749 3007 Voveat
793 2960 849 3007 et
878 2951 1070 3007 reddat
1101 2953 1332 3010 Domino
1380 2954 1491 3010 Deo
1541 2954 1770 3010 terribili
1824 2963 1879 3011 et
1925 2956 1976 3011 ei
2010 2971 2131 3026 quae

539 3041 722 3098 aufert
746 3044 997 3114 spiritum
1036 3047 1363 3118 principum;
1420 3046 1694 3103 Bonorum
1742 3049 1887 3104 enim
1940 3065 2131 3121 regum

537 3143 624 3192 est
645 3136 824 3192 dicere
859 3155 871 3192 :
912 3136 1133 3210 Semper
1157 3141 1309 3211 quasi
1333 3149 1588 3195 tumentes
1627 3159 1784 3212 super
1821 3160 1901 3219 me
1937 3144 2129 3213 ﬂuctus

535 3227 691 3283 timui
726 3227 915 3283 Deum.
946 3228 1073 3286 Haec
1094 3231 1225 3286 dicit
1248 3232 1444 3287 beatus
1484 3230 1585 3286 Job
1619 3247 1632 3287 :
1662 3234 1755 3303 qui
1806 3235 2026 3289 conanti
2067 3248 2128 3290 se

537 3320 787 3391 decipere
824 3323 982 3377 uxori
1013 3338 1124 3378 suae
1160 3340 1268 3379 non
1315 3326 1614 3390 consensit,
1644 3327 1738 3381 sed
1776 3325 1947 3397 rigida
1982 3327 2126 3383 inve-

536 3414 716 3481 ctione
737 3415 1020 3486 redarguit
1043 3416 1230 3471 dicens
1262 3436 1275 3470 :
1304 3416 1470 3483 Quasi
1498 3434 1605 3471 una
1647 3418 1712 3471 de
1747 3418 1916 3473 stultis
1942 3418 2130 3474 mulie-

536 3503 681 3558 ribus
710 3502 887 3558 locuta
912 3521 987 3560 es.
1017 3502 1120 3573 Qui
1155 3514 1212 3560 et
1248 3506 1304 3561 in
1347 3508 1455 3563 alio
1491 3508 1614 3564 loco
1654 3508 1722 3563 de
1772 3509 1884 3565 Deo
1926 3510 2057 3564 dicit
2110 3528 2123 3565 :

533 3596 689 3668 Apud
730 3598 903 3669 ipsum
936 3606 1013 3653 est
1036 3599 1291 3669 fortitudo
1319 3611 1369 3655 et
1399 3603 1676 3673 sapientia.
1726 3602 1848 3673 Ipse
1898 3603 2038 3657 novit
2078 3612 2128 3657 et

535 3688 898 3760 decipientem,
926 3700 973 3745 et
1001 3708 1120 3745 eum
1158 3694 1247 3764 qui
1272 3691 1552 3767 decipitur.
1581 3695 1648 3749 Et
1681 3714 1693 3748 :
1735 3694 2018 3749 Bait/zeum
2044 3712 2127 3749 re-

532 3798 659 3853 gum
712 3781 981 3849 diuoluit,
1020 3793 1069 3838 et
1114 3786 1388 3857 prwcingit
1432 3787 1558 3857 fune
1606 3804 1752 3842 renes
1806 3804 2008 3841 eorum.
2061 3786 2126 3843 Et

532 3872 730 3928 iterum
757 3892 769 3927 :
805 3873 911 3940 Qui
938 3875 1181 3930 immutat
1207 3893 1299 3931 cor
1339 3879 1636 3950 principum
1664 3878 1844 3951 populi
1870 3889 2045 3946 terrae,
2074 3887 2127 3933 et

531 3964 724 4036 decipit
755 3982 841 4020 eos
867 3975 927 4020 ut
953 3967 1154 4038 frustra
1184 3968 1432 4023 incedant
1466 3986 1557 4041 per
1588 3969 1805 4024 invium.
1864 3968 2019 4038 Quod
2070 3976 2126 4025 et

533 4051 636 4120 ipsi
675 4053 832 4108 beato
865 4053 966 4111 Job
991 4058 1347 4130 contingeret,
1372 4061 1418 4115 si
1448 4060 1760 4117 suasionem
1796 4062 1981 4118 uxoris
2010 4076 2123 4118 suae

531 4139 763 4198 libenter
792 4144 1052 4200 audisset.
1082 4148 1210 4202 Ideo
1234 4162 1364 4219 ergo
1401 4151 1661 4207 terribilis
1690 4153 1973 4218 Dominus,
2011 4169 2122 4209 non

533 4237 746 4286 tantum
785 4232 1001 4303 populis
1027 4242 1209 4301 terrae,
1232 4237 1329 4292 sed
1375 4247 1432 4293 et
1467 4239 1598 4309 ipsis
1641 4242 1977 4313 principibus
2026 4258 2126 4314 po-

2238 564 2528 623 conﬁtetur
2544 574 2766 624 coactus
2794 566 2980 623 dicens
3014 585 3028 621 :
3068 565 3338 624 Altissimo
3366 570 3644 641 benedixi,
3669 584 3732 629 et
3760 577 3848 632 si-

2234 667 2432 715 uentem
2478 660 2536 714 in
2571 659 2941 730 sempiternum
2987 657 3221 727 laudavi,
3249 669 3301 717 et
3326 660 3618 733 gloriﬁcasi
3656 682 3683 720 :
3710 667 3850 737 quia

2234 761 2461 824 potestas
2483 752 2599 824 ejus
2620 760 2850 825 potestas
2882 753 3222 824 sempiterna,
3250 763 3301 810 et
3337 772 3553 826 regnum
3597 759 3740 830 ejus
3789 761 3850 818 iis

2234 847 2621 918 generationem
2647 858 2697 902 et
2734 848 3141 918 generationem.
3178 846 3245 902 Et
3281 864 3458 905 omnes
3498 850 3849 909 habitatum

2235 946 2389 991 terra:
2417 936 2558 1007 apud
2588 953 2707 992 eum
2734 937 2790 992 in
2820 934 3039 990 nihilum
3071 937 3297 1007 reputati
3317 947 3439 993 sunt
3465 952 3484 991 :
3526 939 3708 1010 juxta
3767 959 3852 996 so-

2233 1030 2488 1085 luntatem
2523 1032 2661 1086 enim
2680 1047 2833 1086 suam
2858 1028 2987 1099 facit
3006 1038 3117 1084 tam
3136 1030 3195 1085 in
3213 1030 3489 1086 uirtutibus
3509 1031 3849 1106 statim

2233 1121 2290 1176 in
2314 1121 2696 1176 habitatoribus
2728 1130 2906 1186 teme,
2936 1128 2985 1174 et
3012 1136 3117 1175 non
3138 1130 3214 1176 est
3236 1122 3328 1192 qui
3381 1122 3585 1177 resistat
3634 1125 3849 1177 manui

2232 1214 2371 1284 ejus,
2391 1223 2441 1268 et
2468 1213 2609 1267 dicat
2628 1213 2678 1267 ei
2698 1229 2720 1267 :
2749 1211 2928 1279 Quare
2952 1211 3163 1282 fecisti?
3182 1213 3252 1268 Et
3273 1222 3397 1283 post
3414 1229 3584 1284 pauca
3610 1228 3628 1269 :
3666 1213 3849 1269 Nunc

2233 1307 2397 1378 igitur
2437 1322 2530 1376 ego
2587 1304 3083 1361 Nabuchodonosor
3122 1304 3319 1373 laudo,
3350 1314 3401 1361 et
3436 1307 3777 1378 magniﬁco,
3798 1318 3846 1363 et

2234 1399 2471 1470 gloriﬁco
2494 1413 2664 1471 regem
2690 1397 2808 1451 cmli
2829 1413 2848 1452 :
2881 1398 3010 1468 quia
3056 1398 3233 1452 omnia
3262 1413 3421 1467 opera
3456 1399 3572 1468 ejus
3600 1415 3772 1463 uera,
3799 1410 3847 1455 et

2232 1492 2332 1546 vim
2364 1490 2480 1561 ejus
2500 1489 2729 1559 judicia,
2753 1497 2801 1544 et
2822 1490 3122 1556 gradientes
3143 1491 3200 1545 in
3226 1490 3470 1557 superbia
3515 1501 3699 1561 potest
3740 1497 3847 1547 hu-

2232 1582 2458 1637 miliore.
3318 1626 3319 1629 η

2306 1674 2441 1731 XIII.
2473 1672 2659 1744 Neque
2700 1672 2810 1728 ullo
2858 1672 3021 1729 modo
3063 1672 3195 1729 haec
3223 1672 3429 1728 idcirco
3475 1672 3757 1740 dicimus,
3788 1683 3851 1731 ut

2236 1771 2496 1827 domnum
2527 1769 2798 1843 quondam
2827 1777 3075 1824 nostrum
3109 1768 3497 1839 imperatorem
3537 1768 3745 1839 impiis
3791 1776 3849 1824 et

2238 1861 2547 1918 inﬁdelibus
2571 1861 2794 1931 regibus
2821 1875 3218 1931 comparemus.
3262 1858 3374 1917 Sed
3398 1861 3525 1930 quia
3569 1858 3849 1931 permisit

2235 1970 2295 2012 se
2325 1970 2356 2009 a
2387 1952 2614 2009 muliere
2661 1952 2846 2022 iniqua
2897 1951 3094 2022 decipi,
3115 1950 3345 2023 contigit
3370 1950 3448 2005 illi
3489 1950 3641 2020 quod
3687 1949 3847 2005 scri-

2233 2054 2386 2117 ptum
2402 2051 2486 2100 est
2511 2062 2524 2097 :
2552 2041 2656 2109 Qui
2677 2041 2953 2097 conturbat
2973 2042 3187 2096 domum
3214 2056 3386 2104 suam,
3404 2039 3697 2111 possidebit
3724 2055 3848 2094 uen-

2234 2145 2334 2192 tos.
2364 2134 2471 2189 Per
2491 2148 2650 2204 quam
2682 2131 3174 2197 conturbationem,
3203 2138 3261 2186 et
3288 2139 3574 2187 ventorum
3606 2145 3846 2201 mes-

2234 2227 2462 2290 sionem,
2484 2230 2796 2295 perpetrata
2839 2230 2967 2277 sunt
3011 2220 3427 2277 innumerabilia
3466 2219 3720 2290 periuria
3744 2260 3764 2286 ,
3791 2229 3847 2277 et

2234 2317 2660 2390 depradationes
2687 2316 2987 2379 immensae,
3022 2328 3144 2369 cum
3173 2312 3499 2376 homicidiis,
3542 2311 3845 2369 adulteriis

2234 2419 2290 2467 et
2313 2409 2537 2465 incestis
2572 2426 2585 2462 :
2614 2423 2715 2479 pro
2753 2407 2953 2478 quibus
2975 2406 3228 2463 omnibus
3261 2404 3602 2477 panitentiis
3628 2420 3843 2461 neces-

2233 2503 2439 2560 sarium
2481 2508 2566 2557 est
2590 2499 3001 2572 religiosissime
3050 2498 3326 2569 quondam
3381 2497 3705 2566 imperatori
3727 2537 3748 2562 ,
3784 2504 3846 2554 ut

2231 2595 2421 2651 redeat
2442 2594 2511 2648 ad
2534 2606 2629 2647 cor
2646 2606 2824 2657 suum,
2839 2599 3073 2662 agatque
3085 2588 3483 2659 paenitentiam,
3508 2588 3840 2645 humiliatus

2232 2686 2332 2742 sub
2376 2683 2585 2756 potenti
2632 2697 2799 2737 manu
2850 2681 2968 2746 Dei,
2996 2680 3085 2737 cui
3120 2695 3227 2737 non
3256 2688 3342 2736 est
3366 2678 3708 2751 impossibile
3743 2680 3841 2736 tri-

2229 2776 2398 2833 buere
2440 2774 2518 2829 illi
2548 2773 2933 2830 exaltationem
2961 2780 3180 2828 aeterna:
3206 2772 3332 2827 vita:
3357 2791 3371 2826 :
3397 2772 3527 2843 quia
3565 2771 3839 2829 exaltatio

2230 2867 2545 2938 temporalis
2564 2868 2691 2921 vitae
2707 2866 2823 2937 jam
2848 2881 2956 2921 non
2986 2864 3239 2937 congruit
3258 2864 3356 2931 illi,
3381 2865 3472 2936 qui
3502 2866 3839 2922 conturbata

2231 2961 2393 3016 domo
2414 2967 2472 3015 et
2504 2967 2710 3025 mente,
2741 2958 2925 3014 divina
2952 2957 3358 3028 dispensatione
3384 2963 3442 3012 et
3462 2956 3672 3026 judicio
3699 2973 3834 3015 ces-

2231 3054 2304 3109 sit
2346 3052 2525 3119 alteri,
2556 3059 2611 3106 et
2640 3050 2819 3105 locum
2846 3049 2995 3105 dedit
3035 3065 3143 3104 non
3188 3048 3411 3104 cuilibet
3457 3048 3681 3104 inimico
3736 3058 3838 3105 aut

2233 3152 2515 3210 extraneo,
2545 3144 2639 3199 sed
2663 3139 2985 3199 charissimo
3014 3139 3141 3196 ﬁlio.
3170 3138 3400 3210 Propter
3421 3139 3568 3209 quod
3590 3139 3647 3194 in
3675 3141 3836 3198 omni

2227 3237 2565 3310 jucunditate
2588 3242 2641 3291 et
2662 3233 3025 3289 exsultatione
3048 3231 3232 3287 cordis
3256 3229 3340 3286 sui
3364 3245 3608 3285 summas
3627 3231 3835 3300 gratia-

2231 3345 2352 3385 rum
2394 3328 2636 3383 actiones
2677 3339 2889 3379 summo
2929 3322 3286 3393 omnipotenti
3316 3321 3426 3376 Deo
3454 3320 3836 3378 indesinenter

2231 3420 2541 3493 persolvere
2578 3417 2769 3478 debet;
2805 3414 2953 3484 quia,
3007 3413 3147 3468 sicut
3194 3426 3414 3482 semper
3456 3411 3691 3496 optavit,
3719 3427 3834 3467 non

2231 3512 2498 3570 successit
2545 3509 2620 3565 illi
2664 3508 2719 3563 in
2764 3521 2991 3576 regnum
3035 3503 3290 3559 inimicus
3338 3511 3706 3574 expugnator,
3735 3502 3834 3559 sed

2230 3604 2376 3659 ﬁlius
2402 3610 2633 3657 amator.
2651 3598 2806 3654 Nunc
2830 3612 2960 3668 ergo
2988 3596 3211 3651 audiant
3238 3609 3429 3649 omnes
3450 3594 3507 3648 in
3536 3609 3833 3650 commune

2231 3692 2544 3752 tumultuosi
2589 3699 2644 3748 et
2684 3690 2854 3763 quieti
2901 3688 3229 3757 Prophetam
3282 3686 3604 3741 dicentem:
3659 3684 3831 3741 Sitest

2226 3790 2395 3844 omnis
2424 3797 2564 3842 terra
2595 3804 2628 3840 a
2670 3784 2805 3855 facie
2847 3780 3080 3838 Domini.
3163 3779 3231 3833 Et
3255 3776 3606 3833 Psalmistam
3665 3794 3682 3832 :
3733 3774 3829 3830 Ti-

2228 3888 2365 3936 meat
2396 3878 2680 3933 Dominum
2704 3872 2872 3929 omnis
2893 3882 3056 3936 terra,
3081 3878 3146 3926 ab
3171 3887 3230 3926 eo
3256 3878 3435 3924 autem
3461 3884 3830 3923 commouean-

2227 3986 2317 4029 tur
2342 3988 2518 4027 omnes
2550 3968 2902 4026 inhabitantes
2930 3965 3126 4020 orbem.
3188 3962 3453 4030 Quoniam
3500 3964 3613 4033 ipse
3664 3961 3826 4027 dixit,

2228 4076 2278 4123 et
2330 4065 2471 4137 facta
2517 4073 2640 4118 sunt
2677 4075 2694 4115 :
2744 4061 2852 4133 ipse
2889 4057 3194 4125 mandavit,
3230 4065 3281 4111 et
3327 4062 3505 4111 creata
3554 4061 3720 4121 sunt,
3768 4058 3829 4109 et

2230 4165 2443 4214 caetera.

1891 4362 2165 4421 BALUZII
2202 4360 2437 4421 NOTAE.

602 4439 896 4528 {Dominis
918 4444 1120 4502 dudum
1133 4449 1449 4528 _impe_ralor.
1473 4450 1591 4528 Δὶῖει
1619 4453 1708 4510 hic
1743 4455 1894 4528 locus
1930 4465 2115 4513 ostcn-
2227 4473 2372 4513 anno
2402 4454 2525 4512 835.
2554 4452 2690 4507 Nam
2715 4464 2861 4528 anno
2904 4446 3152 4528 sequenti
3194 4446 3498 4528 imperator
3524 4444 3829 4528 restitutis:

528 4512 609 4595 dit
635 4512 832 4595 librum
857 4516 1002 4573 hunc
1029 4512 1422 4595 apologeticum
1465 4523 1634 4581 fuisse
1668 4512 1947 4595 scriptum,
1975 4512 2120 4586 baud
2146 4591 2182 4595 _
2226 4512 2311 4585 est
2342 4528 2394 4582 in
2426 4533 2691 4581 conventu
2719 4512 3097 4595 episcoporum
3122 4512 3308 4595 habito
3335 4515 3595 4572 Kalendis
3614 4515 3824 4572 Martiis

530 4582 607 4639 ita
631 4584 803 4642 multo
826 4596 950 4659 post
980 4582 1475 4659 extinctorationem
1505 4582 1899 4664 Ludovici'Pii,
1931 4582 1985 4654 id
2011 4582 2119 4667 est:
2144 4591 2199 4651 D
2226 4582 2283 4655 in
2311 4595 2641 4653 monasterio
2671 4582 2844 4649 sancti
2873 4582 3120 4647 Dionisii.

538 4725 3809 4759 MM

1715 4832 2135 4898 AGOBARDI
2177 4825 2612 4893 CHARTULA

1000 4971 1306 5038 Porrecto
1334 4975 1645 5039 Lothario
1678 4977 1966 5057 Augusto
2001 4976 2070 5037 in
2105 4971 2349 5058 synodo
2382 4965 2859 5051 Compendiensi
2882 5012 2899 5043 ,
2938 4984 3103 5028 anno
3140 4964 3261 5035 832
3289 4975 3335 5032 ι.

1770 5094 1813 5125 .l'
2376 5119 2431 5137 _

594 5185 657 5244 In
691 5185 912 5245 nomine
961 5189 1059 5247 Dei
1110 5208 1176 5249 ac
1202 5192 1415 5249 Domini
1481 5200 1652 5248 nostn
1702 5208 1833 5248 .esu
1883 5191 2108 5251 Christi.
2219 5192 2406 5256 tertio,
2444 5203 2543 5263 ego
2572 5186 2891 5261 Agobardus
2940 5180 3314 5256 Lugdunensis
3359 5175 3624 5237 Ecclesiae
3671 5178 3816 5238 indi-

594 5281 754 5338 Anno
779 5274 1173 5341 incarnationis
1194 5286 1312 5356 ejus
1341 5282 1801 5355 octingentesimo
1835 5285 2111 5342 tricesimo
2217 5303 2355 5362 gnus
2377 5287 2663 5356 episcopus
2720 5279 2939 5339 interfui
2994 5274 3289 5334 venerabili
3338 5275 3634 5331 conventui
3672 5272 3816 5347 apud

1880 5396 2153 5455 BALUZII
2189 5394 2422 5455 NOTAE.

593 5502 621 5532 ι
647 5489 1060 5566 Titulumjmnc
1102 5502 1203 5566 nos
1242 5488 1471 5566 fecimus
1509 5488 1643 5566 huic
1667 5487 2016 5566 _l_ibello,_pro
2040 5504 2107 5546 eo
2210 5492 2356 5566 hunc
2378 5488 2573 5566 librum
2607 5482 2916 5541 Chartulam
2943 5481 3341 5566 inscripsimus,
3362 5486 3817 5566 propteraucto-

521 5563 667 5638 quod
695 5561 864 5618 editio
884 5561 1228 5638 Massqpisic
1256 5556 1761 5638 habebatzPublica
1789 5553 2110 5638 L.'iinpera-
2208 5562 2429 5638 ritatcm
2464 5558 2722 5638 Actorum
2767 5554 3229 5638 exauctorationis
3263 5553 3564 5638 Dudovici;
3601 5553 3654 5638 i‘n
3697 5553 3813 5638 qui-

520 5624 652 5689 t'aris
692 5648 872 5689 coram
911 5631 1234 5704 amplissimo
1279 5632 1636 5704 episcoporum
1663 5642 1915 5686 conventu
1944 5624 2108 5701 paeni-
2208 5633 2327 5691 bus,
2359 5638 2476 5704 post
2501 5637 2897 5704 enarrataqum
2924 5626 2977 5681 in
3005 5624 3419 5704 Compendiensi
3452 5624 3663 5704 synodo
3688 5629 3804 5704 acta

522 5705 687 5780 tentia
726 5693 1011 5780 Agabardj
1036 5693 1654 5780 prande-:'quii:ti_tultt_s_
1688 5718 1792 5780 non
1834 5693 2020 5780 exstat
2053 5703 2109 5780 in
2210 5710 2339 5757 sunt
2359 5693 2624 5780 adversus
2664 5693 2926 5780 optimum
2971 5693 3301 5780 principem,
3326 5693 3546 5780 demum
3596 5695 3709 5776 haec

521 5776 692 5851 yeteri
720 5770 924 5831 codice.
946 5770 1208 5851 _Sane_vel
1230 5789 1304 5829 ex
1328 5770 1416 5851 eo
1440 5773 1574 5851 fallit
1603 5774 1692 5851 bic
1731 5775 1935 5851 titulus,
1964 5773 2107 5844 quod
2210 5780 2411 5851 gu_ntur
2436 5789 2448 5824 :
2480 5789 2499 5822 ‹
2540 5770 2637 5825 His
2675 5771 2858 5851 itaque
2878 5770 3074 5851 gestis,
3104 5770 3310 5851 placuit
3337 5770 3806 5851 nonnusquisqge

522 5846 652 5909 ltuic
672 5845 965 5902 conventui
989 5845 1268 5916 prteiuisse
1296 5846 1370 5901 ait
1390 5844 1754 5915 Agobardum.
1788 5845 1895 5901 Nos
1918 5838 2102 5917 itaque
2207 5838 2603 5916 cpiscoporum,
2627 5838 2860 5913 qualiter
2878 5838 2993 5898 Ιίωο
3015 5855 3105 5896 res
3133 5846 3255 5897 acta
3281 5838 3470 5907 fuerit,
3494 5838 3549 5893 in
3568 5838 3809 5910 propriis
