4012 6338
157 416 270 475 321

1257 413 1631 472 CHARTULA
1666 411 1760 470 AD
1798 411 2204 472 LOTHARIUM
2240 415 2401 473 AUG.

3345 422 3454 476 522

157 536 435 611 palatium
462 535 609 608 quod
643 543 990 607 nuncupatur
1021 547 1049 578 ι
1080 533 1472 606 Compendium
1497 552 1510 589 :
1538 535 1631 605 qui
1661 533 1772 624 uti-_
1793 543 1846 602 Α
1870 549 2020 598 num,
2053 535 2145 604 qui
2173 533 2626 590 clementissimus
2655 533 2895 592 indultor
2913 543 2998 591 est
3021 535 3332 603 criminum,
3362 539 3452 593 in-

159 646 277 702 que
313 639 618 687 conventus
645 630 857 687 exstitit
886 645 955 686 ex
981 629 1441 686 reverentissimis
1468 627 1757 699 episcopis,

159 732 221 777 et
241 721 804 794 magnificentissimis
840 721 975 778 viris
1021 720 1338 787 illustribus,
1379 719 1605 792 collegio
1627 734 1761 789 quo-

160 829 277 884 que
307 811 568 867 abbatum
595 820 652 868 et
678 811 960 878 comitum,
1010 811 1442 882 promiscuaeque
1501 811 1679 866 aetatis
1705 817 1763 865 et

157 903 454 976 dignitatis
478 902 696 974 populo,
752 903 1074 975 prmsidente
1105 903 1455 959 serenissimo
1483 911 1540 957 et
1565 901 1762 972 glorio-

159 994 390 1050 srssimo
458 991 716 1048 Lothario
764 992 1114 1062 imperatore,
1171 999 1228 1046 et
1278 991 1480 1048 Christi
1546 991 1760 1047 Domini

158 1095 448 1152 amatore;
490 1101 598 1154 quo
636 1093 959 1156 protegente
995 1092 1052 1139 et
1087 1082 1377 1153 adiuvante
1425 1082 1614 1140 subter
1659 1100 1758 1139 an-

158 1194 313 1234 nexa
348 1179 612 1250 disposita
643 1187 775 1234 sunt
828 1193 974 1232 anno
1005 1177 1215 1248 imperii
1245 1177 1443 1248 primo,
1499 1177 1528 1218 1)
1574 1191 1762 1232 mense

159 1279 392 1339 quarto.
441 1268 648 1336 Quibus
702 1268 956 1324 omnibus
1008 1268 1356 1323 vehementer
1414 1266 1762 1322 incumbebat

156 1379 302 1420 vera
330 1363 655 1426 necessitas,
688 1370 748 1416 ut
797 1361 1028 1417 sollicite
1085 1368 1382 1416 tractarent
1403 1361 1470 1416 de
1519 1359 1760 1430 periculo

158 1453 322 1524 regni
351 1453 408 1507 in
439 1451 710 1522 praesenti,
747 1459 802 1506 et
825 1458 970 1505 statu
995 1451 1052 1505 in
1077 1448 1261 1506 futuro
1289 1467 1302 1503 :
1339 1449 1481 1520 quod
1511 1465 1756 1520 regnum,

155 1544 292 1614 quia
342 1544 550 1615 jamdiu
589 1543 833 1609 nutabat,
891 1551 946 1599 et
999 1541 1378 1612 impellebalur
1424 1541 1494 1596 ad
1545 1542 1759 1595 ruinam

155 1652 264 1709 per
300 1635 705 1708 negligentiam,
735 1643 792 1690 et
839 1633 924 1708 (ut
949 1635 1134 1690 verius
1182 1633 1382 1705 dicam)
1421 1645 1444 1673 ο
1477 1649 1578 1706 per
1604 1633 1759 1706 igna-

154 1729 310 1784 viam
347 1729 533 1784 domui
557 1727 818 1783 Ludovici
867 1728 1162 1783 venerandi
1201 1727 1474 1797 quondam
1525 1728 1759 1798 impera—

161 1820 321 1884 toris,
351 1820 408 1874 in
429 1818 627 1888 quibus
653 1817 745 1872 ille
774 1817 1020 1873 irretitus
1048 1826 1134 1872 est
1159 1831 1258 1886 per
1278 1823 1564 1885 corruptas
1595 1830 1756 1870 men-

1862 627 2192 700 dulgentiam
2235 637 2293 684 et
2318 629 2693 684 remissionem
2746 630 3094 700 iniquitatum
3154 630 3449 699 impetrare

1860 727 2078 791 posset;
2102 729 2163 774 ut
2186 721 2277 791 qui
2308 737 2407 792 per
2436 715 2819 792 multiplicat'as
2843 719 3198 792 negligentias
3225 736 3452 791 regnum

1861 818 2142 866 terrenum
2169 813 2446 879 amiserat,
2482 828 2579 884 per
2604 812 2876 883 impensas
2926 813 3195 882 supplices
3233 812 3450 868 confes-

1863 901 2044 956 siones
2071 917 2298 972 regnum
2336 903 2558 959 coeleste
2587 904 2980 978 adipisceretur
3025 918 3122 972 per
3151 918 3275 958 eum
3311 903 3451 974 apud

1863 1005 2026 1061 quem
2059 999 2144 1046 est
2174 991 2544 1048 misericordia
2585 1001 2640 1048 et
2688 994 2902 1064 c0piosa
2942 993 3261 1062 redemptio.
3320 992 3453 1048 Pro~

1860 1089 1983 1152 pter
2011 1082 2155 1152 quod
2183 1090 2239 1137 et
2269 1094 2291 1121 θ
2317 1082 2526 1139 libellus
2574 1085 2748 1139 editus
2776 1093 2858 1139 est
2900 1101 2932 1139 a
2957 1084 3091 1139 viris
3143 1084 3453 1155 diligentio-

1862 1172 2035 1231 ribus.
2087 1173 2222 1228 etei
2279 1173 2512 1239 oblatus,
2553 1173 2620 1229 de
2681 1175 3121 1231 manifestatione
3157 1176 3449 1230 criminum

1862 1280 2122 1329 suorum;
2158 1266 2227 1319 in-
2252 1281 2358 1335 quo
2381 1265 2525 1320 velut
2561 1268 2614 1321 in
2651 1267 2868 1338 Speculo
2918 1269 3204 1339 perspicue
3233 1267 3448 1337 conspi-

1862 1367 2010 1414 ceret
2041 1357 2319 1414 feditatem
2346 1367 2562 1414 actuum
2583 1376 2823 1427 suorum,
2848 1371 2903 1417 et
2926 1361 3078 1416 fieret
3108 1362 3162 1416 in
3191 1361 3279 1415 illo
3299 1361 3444 1431 quod

1860 1465 1960 1522 per
1982 1451 2336 1520 poenitentem
2365 1449 2664 1520 perfectum
2701 1453 2904 1508 dictum
2944 1461 3068 1508 est:
3103 1451 3443 1523 lniquitatem

1860 1558 2031 1597 meam
2052 1559 2144 1614 ego
2167 1559 2411 1613 agnosco,
2437 1551 2705 1612 peccatum
2726 1561 2899 1598 meum
2923 1560 3100 1598 coram
3122 1559 3203 1597 me
3219 1554 3295 1597 est
3311 1559 3449 1596 sem-

1858 1647 1970 1702 per.
2001 1631 2107 1685 Pro
2137 1647 2244 1701 qua
2270 1647 2329 1686 re
2359 1640 2708 1687 accesserunt
2754 1634 2823 1688 ad
2868 1649 2993 1688 eum
3051 1635 3227 1688 denuo
3252 1647 3443 1688 omnes

1859 1723 1953 1792 qui
1989 1723 2044 1777 in
2072 1724 2330 1794 praedicto
2373 1735 2642 1781 conventu
2692 1727 2920 1783 aderant
2950 1727 3218 1798 episcopi,
3254 1727 3454 1782 condo-

1858 1815 2036 1872 lentes
2078 1825 2142 1898 et
2191 1820 2587 1889 compatientes
2637 1819 3045 1876 infirmitatibus
3107 1828 3163 1874 et
3221 1819 3453 1874 miseriis

156 1919 244 1965 tes
274 1920 330 1965 et
361 1916 798 1979 corrumpentes,
853 1917 910 1963 et
956 1907 1254 1963 secundum
1289 1906 1643 1977 apostolicum
1673 1906 1754 1961 di-
1781 1908 1831 1969 B
1858 1909 1997 1981 ejus,
2038 1911 2391 1964 exhortantes
2419 1919 2899 1980 atque'exorantes
2941 1919 2996 1967 et
3024 1911 3364 1981 postulantes
3394 1917 3453 1964 ut

156 2015 309 2060 ctum
343 2022 358 2058 :
399 2003 539 2071 Quia
567 2008 723 2058 erant
744 2000 846 2071 ipsi
881 2009 1147 2063 errantes,
1181 2007 1237 2054 et
1263 1999 1399 2054 alios
1429 1999 1483 2054 in
1507 2013 1752 2054 errorem

155 2097 465 2152 mittentes.
497 2095 543 2149 A
585 2109 694 2164 quo
723 2100 992 2149 conventu
1028 2091 1289 2162 quidquid
1317 2091 1527 2147 utiliter
1549 2099 1606 2146 et
1633 2091 1753 2145 lau-

156 2189 418 2244 dabiliter
446 2186 728 2242 tractando
753 2193 807 2242 et
841 2182 1170 2240 conferendo
1222 2184 1500 2238 inventum
1547 2191 1652 2248 est,
1700 2191 1756 2238 et

155 2280 480 2336 necessario
509 2279 878 2342 statuendum,
919 2284 976 2331 et
995 2275 1368 2344 judicantibus
1417 2275 1669 2330 consensi
1699 2283 1755 2330 et

156 2371 517 2426 consentiens
566 2369 681 2439 ipse
716 2366 973 2436 iudicavi.
1006 2365 1066 2420 In
1114 2364 1304 2436 primis
1352 2364 1603 2419 videlicet
1631 2379 1752 2433 qua:

158 2464 227 2519 ad
253 2461 702 2519 commoditatem
726 2468 782 2515 et
808 2459 1136 2515 soliditatem
1188 2457 1340 2529 regni
1369 2465 1424 2510 et
1460 2456 1602 2528 regis
1629 2470 1755 2525 per-

156 2559 338 2614 tinere
405 2555 748 2618 videbantur,
801 2551 994 2608 deinde
1041 2567 1161 2622 qua:
1203 2550 1272 2604 ad
1325 2550 1662 2619 ereptionem
1698 2557 1756 2602 et

155 2649 542 2721 purgationem
581 2647 774 2702 anim
802 2644 983 2700 domni
1007 2641 1285 2706 Ludovici,
1311 2640 1752 2695 manifestissime

155 2740 571 2797 noscebantur:
614 2753 734 2809 qua!
781 2738 836 2792 in
889 2735 1153 2806 praedicto
1205 2741 1473 2788 conventu
1522 2731 1753 2786 fideliter

157 2831 408 2902 quaesita,
432 2837 490 2885 et
525 2827 794 2884 veraciter
821 2827 1060 2889 inventa,
1115 2831 1171 2879 et
1195 2821 1569 2878 ordinabiliter
1597 2837 1753 2876 exse-

157 2935 283 2982 cuta
313 2932 465 2991 sunt,
496 2924 553 2978 in
585 2937 652 2979 eo
686 2921 895 2978 scilicet
943 2918 1087 2989 quod
1115 2917 1406 2989 praedictus
1456 2923 1753 2970 conventus

156 3019 505 3084 deliberavit,
534 3025 598 3072 ut
629 3015 656 3057 δ
683 3031 781 3087 per
807 3015 1016 3087 legatos
1064 3021 1120 3067 et
1147 3011 1344 3066 missos
1371 3009 1755 3064 admoneretur

157 3111 394 3167 domnus
416 3107 724 3165 Ludovicus
753 3107 820 3164 de
853 3105 967 3161 suis
1013 3103 1315 3167 erroribus,
1350 3108 1405 3156 et
1434 3101 1754 3155 exhortare—

159 3210 249 3256 tur
269 3210 331 3256 ut
354 3200 653 3256 secundum
677 3196 1053 3269 propheticum
1080 3194 1283 3249 dictum
1310 3190 1514 3247 rediret
1533 3190 1600 3244 ad
1629 3204 1749 3255 cor,

1859 2001 2202 2071 omnipotens
2231 2000 2372 2055 Deus
2404 2017 2566 2056 manu
2611 2002 2828 2072 pietatis
2885 2017 2993 2056 sua:
3040 2001 3296 2056 educeret
3324 2016 3448 2054 cum

1858 2091 1927 2148 de
1969 2090 2090 2146 lacu
2124 2092 2358 2147 miseria:
2391 2101 2446 2146 et
2473 2093 2538 2148 de
2584 2092 2700 2148 luto
2731 2093 2892 2148 caeni.
2947 2091 3103 2160 Quod
3134 2092 3442 2147 clementis-

1857 2185 2029 2240 simus
2062 2185 2322 2240 Dominus
2356 2201 2463 2240 non
2492 2185 2666 2240 solum
2695 2200 2800 2240 non
2828 2184 3075 2250 abstulit,
3107 2185 3199 2239 sed
3235 2201 3334 2239 nec
3363 2184 3446 2237 di-

1857 2277 2028 2332 stulit.
2065 2275 2173 2332 Sed
2199 2292 2321 2332 mox
2352 2277 2671 2332 resuscitata
2700 2277 2754 2332 in
2772 2286 2951 2331 mente
2984 2274 3102 2345 ejus
3122 2275 3451 2331 contritione

1857 2366 2124 2422 humiliati
2155 2366 2354 2432 cordis,
2397 2374 2704 2436 prostratus
2736 2383 2922 2423 coram
2969 2367 3072 2433 eis,
3122 2383 3230 2422 non
3259 2367 3450 2432 semel,

1858 2458 1943 2513 vel
1973 2459 2191 2523 iterum,
2223 2459 2319 2512 sed
2363 2459 2544 2523 tertio,
2583 2467 2676 2512 aut
2704 2459 2958 2530 amplius,
2993 2459 3222 2514 crimina
3249 2472 3451 2528 cogno-

1858 2551 1982 2616 scit,
2031 2551 2247 2605 veniam
2273 2553 2469 2619 poscit,
2531 2550 2790 2606 auxilium
2841 2553 3149 2605 orationum
3171 2561 3448 2620 precatur,

1858 2641 2144 2698 consilium
2184 2641 2398 2712 recipit,
2430 2642 2808 2712 pmnitentiam
2857 2641 3112 2712 postulat,
3149 2641 3450 2710 injunctam

1857 2735 1959 2790 sibi
1992 2735 2350 2791 humilitatem
2386 2736 2742 2792 libentissime
2779 2736 3128 2806 impleturum
3150 2735 3442 2807 promittit.

1856 2825 2218 2883 lnnotescitur
2275 2829 2326 2884 ei
2379 2828 2465 2884 lex
2502 2837 2555 2883 et
2605 2829 2739 2884 ordo
2792 2829 3022 2900 publicae
3067 2829 3444 2899 poenitentiae:

1858 2935 2022 2990 quam
2051 2934 2157 2974 non
2181 2921 2377 2985 renuit,
2426 2921 2521 2975 sed
2551 2921 2620 2975 ad
2661 2920 2843 2976 omnia
2869 2923 3098 2987 annuit;
3131 2936 3197 2976 ac
3229 2921 3447 2975 demum

1863 3011 1884 3051 ί
1917 3013 2164 3082 pervenit
2213 3013 2268 3066 in
2303 3012 2590 3069 ecclesiam
2637 3029 2820 3069 coram
2850 3023 2995 3070 coetu
3038 3013 3298 3080 ﬁdelium,
3325 3022 3452 3068 ante

1858 3100 2030 3157 altare
2058 3111 2113 3157 et
2139 3105 2163 3142 8
2199 3103 2446 3172 sepulcra
2477 3112 2811 3159 sanctorum.
2867 3104 2934 3158 Et
2955 3111 3262 3174 prostratus
3286 3118 3451 3174 super

1859 3193 2118 3258 cilicium,
2157 3193 2240 3248 bis
2269 3204 2461 3265 terque
2512 3203 2812 3266 quaterque
2858 3194 3142 3251 confessus
3190 3195 3247 3249 in
3276 3195 3453 3250 omni-

154 3299 215 3346 α
242 3295 658 3360 rewsnosceret
712 3295 833 3342 30m
889 3300 1009 3350 sua.
1077 3298 1199 3355 quae
1263 3281 1524 3336 adversus
1581 3279 1753 3334 Deum
1783 3266 1827 3328 Ο
1861 3285 1964 3341 bus
1985 3286 2134 3341 clara
2155 3303 2286 3342 voce
2310 3304 2433 3344 cum
2457 3290 2751 3345 abundanti
2777 3289 3038 3346 effusione
3061 3288 3447 3360 lacrymarum,

155 3374 396 3438 currens
445 3395 543 3451 per
577 3380 689 3435 vias
736 3377 1023 3451 pravitatis
1049 3384 1106 3430 et
1138 3373 1417 3446 injustitia:
1467 3381 1749 3442 exegerat,

159 3489 232 3530 ac
261 3474 517 3544 deinceps
566 3471 867 3543 susciperet
921 3467 1212 3525 consilium
1271 3465 1399 3521 vitae
1445 3472 1500 3520 et
1561 3464 1753 3521 salutis

159 3579 282 3622 suae
299 3581 314 3631 ;
339 3574 603 3637 quatenus
619 3563 761 3635 apud
781 3561 1210 3632 omnipotentem
1231 3557 1479 3613 Iudicem
1495 3564 1551 3612 et
1566 3557 1750 3611 Domi-

1861 3377 2124 3448 depositis
2151 3380 2319 3434 armis
2348 3396 2512 3436 manu
2540 3381 2776 3452 propria,
2808 3390 2865 3436 et
2900 3381 2969 3436 ad
3014 3380 3346 3450 crepidinem
3373 3377 3450 3432 al-

1861 3470 1996 3525 taris
2020 3468 2296 3540 projectis,
2335 3473 2575 3544 suscepit
2597 3481 2780 3530 mente
2825 3481 3145 3543 compuncta
3183 3470 3452 3542 pteniten-

1861 3560 1994 3615 tiam
2017 3561 2292 3632 publicam
2319 3563 2351 3604 ιι
2386 3579 2488 3636 per
2514 3579 2770 3620 manuum
2803 3563 3191 3635 episcopalium
3228 3562 3451 3633 imposi-

1524 3668 1798 3726 BALUle
1835 3670 2067 3729 NOTAE.

157 3773 423 3835 chartulis
449 3779 736 3836 msereret,
760 3769 990 3839 eamque
1013 3784 1110 3824 sua
1131 3765 1424 3839 scriptione
1444 3765 1748 3839 roboraret,

156 3857 218 3905 et
259 3846 573 3901 roboratam
619 3837 922 3898 memorato
956 3838 1190 3909 principi
1239 3837 1495 3891 Lothario
1533 3837 1604 3891 ob
1633 3851 1749 3909 _me-

160 3918 395 3998 mqrjam
420 3915 580 3998 hujus
611 3913 736 3998 facti
758 3906 996 3992 offerret.
1027 3909 1109 3964 Ad
1137 3906 1477 3998 'sxtremsm“,
1501 3906 1752 3998 omnibus

159 3989 321 4045 nobis
349 3987 442 4060 qui
489 3976 834 4060 interfuimus
855 3981 1054 4060 _yisum
1094 3986 1199 4043 est,
1235 3977 1482 4060 _omnium
1515 3976 1747 4060 _charttl-

158 4046 508 4123 larumfimo
531 4055 663 4110 tanti
693 4047 904 4124 ncgotii‘
937 4065 1200 4124 summam
1233 4048 1288 4101 in
1329 4062 1492 4100 unum
1515 4046 1753 4100 breviter

157 4120 504 4197 strictimque
525 4120 838 4198 congerere,
867 4131 969 4177 etc.
1003 4142 1022 4174 ›
1059 4120 1209 4176 Unde
1231 4124 1379 4198 patet
1403 4132 1754 4198 unumquem-

157 4216 268 4272 que
288 4187 604 4272 episcopum
632 4187 933 4272 chartulam
959 4207 1111 4272 suam
1151 4187 1457 4260 porrexisse
1486 4187 1748 4272 thhario

157 4257 290 4327 ante
323 4257 564 4324 solutam
605 4265 902 4336 synodum;
949 4263 1093 4336 quod
1140 4257 1240 4336 nos
1269 4273 1500 4336 quoque
1548 4257 1746 4312 factum

157 4341 473 4397 monuimus
503 4337 568 4391 ab
594 4329 873 4407 Agebardo
894 4335 946 4388 in
968 4329 1133 4407 titulo
1160 4329 1324 4407 libelli
1354 4330 1525 4407 istius.

233 4424 260 4453 ι
290 4400 685 4478 (Ζοηιρεηάὶυηῖ,
719 4406 774 4460 in
802 4404 1021 4460 dioecesi
1047 4400 1418 4458 Suessionensi
1464 4401 1646 4464 situm,
1680 4401 1749 4456 ad

155 4481 365 4538 lsaram
388 4479 628 4533 ﬂuvium.

232 4553 264 4593 ὃ
295 4550 478 4605 Mense
499 4557 708 4610 quarto,
740 4547 794 4601 id
819 4555 923 4610 est,
951 4559 1140 4599 mense
1176 4541 1417 4605 Octobri,
1477 4557 1584 4610 quo
1625 4556 1750 4610 per-

158 4632 282 4680 acta
314 4630 398 4677 est
425 4612 651 4676 nefanda
684 4616 768 4671 illa
799 4617 988 4685 optimi
1034 4613 1294 4685 principis
1319 4612 1707 4685 exauctoratio.

233 4706 256 4733 ε
293 4690 401 4746 Per
429 4689 719 4760 ignaviam_
731 4681 910 4741 donim'
938 4681 1223 4760 Ludovici.
1250 4681 1382 4760 Huic
1419 4681 1744 4760 perfidprum

157 4762 406 4834 queula,
435 4750 658 4834 regnum
681 4757 1036 4834 Francorum,
1065 4755 1206 4824 quod
1229 4752 1328 4808 sub
1343 4750 1538 4834 caro-lo
1560 4751 1747 4834 h‘lagno

158 4821 691 4890 immensumvfuerat
738 4821 1140 4896 ampliﬁcatum,
1175 4831 1432 4896 regnante
1477 4821 1747 4896 Ludovico

158 4919 340 4960 ruere.
375 4903 468 4956 Sic
507 4901 650 4972 enim
679 4893 876 4953 habent
919 4897 1052 4952 Acta
1099 4893 1560 4972 exauctorationis
1591 4893 1744 4964 ejus:

163 4994 184 5026 ι
219 4975 287 5028 Et
307 4972 578 5043 quomodo
609 4971 660 5024 in
689 4983 948 5043 processu
973 4965 1248 5043 temporis,
1281 4979 1378 5035 per
1407 4964 1746 5043 ejus_impro-

154 5035 457 5099 videntiam
483 5041 568 5096 vel
613 5035 995 5110 negligentiam
1025 5035 1101 5110 in;
1122 5035 1561 5110 tantam‘venerit
1605 5035 1750 5110 igno-

155 5116 385 5172 miniam
416 5123 471 5168 et
497 5105 783 5174 vilitate'm,
811 5118 870 5163 ut
891 5123 996 5164 non
1025 5106 1200 5163 solum
1236 5105 1425 5160 amicis
1463 5105 1516 5159 in
1545 5106 1750 5160 mmsti-

159 5189 314 5245 tiam,
340 5184 435 5239 sed
461 5183 624 5239 etiam
653 5179 886 5236 inimicis
913 5177 1124 5234 venerit
1152 5176 1205 5230 in
1231 5175 1576 5231 derisionem.
1604 5195 1621 5227 ι

230 5256 258 5296 ά
293 5254 401 5310 Per
423 5253 692 5325 legatoset
716 5251 924 5325 missos.
955 5249 1032 5304 Ita
1057 5247 1202 5303 enim
1234 5247 1484 5315 inquiunt
1512 5245 1748 5313 episcopi

156 5328 216 5383 in
267 5320 490 5397 eisdem'
521 5324 706 5397 Actis:
737 5320 896 5397 [Nos
925 5329 1104 5397 tamen
1142 5331 1412 5397 memores
1457 5325 1752 5397 ιιιξυςεριο-

155 5413 283 5454 rum
330 5395 448 5459 Dei,
491 5393 886 5463 ministeriique
933 5390 1124 5458 nostri,
1149 5396 1340 5463 __atque
1366 5386 1751 5463 beneﬁciorum

152 5467 299 5539 ejus,
341 5457 572 5539 dignum;
609 5457 861 5539 duximus
889 5471 965 5539 _ut
1006 5457 1117 5532 per,
1144 5457 1422 5539 licentiam
1466 5457 1750 5539 memorati

154 5527 699 5610 p'rincipisbotharii
741 5527 1066 5610 legationem
1092 5531 1160 5585 ad
1205 5529 1353 5584 illum
1393 5545 1461 5584 ex
1508 5527 1750 5610 auctori-

156 5598 275 5664 iate
317 5598 460 5664 sacri
499 5598 822 5676 conventus'
838 5606 1196 5666 mitteremus,
1226 5615 1347 5672 qua:
1382 5613 1510 5656 eum
1544 5598 1611 5655 de
1638 5599 1750 5654 suis

156 5679 405 5737 reatibus
435 5679 741 5734 admoneat.
763 5698 784 5731 ι

230 5760 252 5783 ⁸
281 5749 512 5804 Libellus
532 5748 709 5816 editus
729 5759 824 5804 est.
847 5748 981 5802 Acta
1002 5742 1493 5801 exauctorationis:
1523 5761 1542 5794 1
1578 5741 1753 5816 Super

239 5821 366 5878 ibus
392 5812 713 5886 chartulam,
755 5835 1022 5877 summam
1065 5825 1309 5872 reatuum
1339 5829 1580 5880 suorum,
1600 5812 1753 5886 _un_de

163 5883 320 5952 illum
358 5891 668 5968 specialiter
702 5883 1114 5959 redarguerem,
1142 5887 1528 5953 continentem,
1563 5884 1616 5944 ei
1641 5883 1754 5973 ’ὰς-ι

1856 3769 2069 3844 derunt,
2107 3787 2270 3844 quam
2305 3771 2396 3829 ille
2421 3755 2752 3844 inmanibus
2781 3772 3045 3844 gestabat.
3078 3790 3096 3822 ι
3136 3770 3328 3844 _Exstat
3355 3785 3445 3844 ea-

1856 3839 1978 3894 dem
2023 3839 2290 3908 chartula,
2322 3845 2436 3898 sive
2478 3843 2710 3907 libellus,
2743 3839 2808 3896 ut
2832 3851 2992 3897 vocat
3019 3840 3358 3911 Agobardus,
3389 3841 3445 3894 in

1856 3911 2060 3966 eisdem
2088 3911 2259 3977 Actis,
2291 3913 2384 3968 ubi
2409 3914 2461 3968 in
2487 3922 2610 3968 octo
2639 3912 2872 3982 capitula
2898 3911 3104 3966 divisus
3125 3919 3227 3965 est.

1933 4001 1954 4039 ί
2008 3999 2252 4056 Pervenit
2302 4003 2356 4056 in
2406 4001 2698 4056 ecclesiam.
2751 4001 2887 4056 Acta
2937 3999 3442 4056 exauctorationis:

1860 4090 1880 4122 c
1915 4071 2150 4126 Veniens
2192 4073 2358 4140 igitur
2385 4073 2525 4127 idem
2555 4071 2803 4126 dominus
2847 4071 3185 4126 Lodeuricus
3212 4071 3264 4126 in
3308 4069 3449 4126 basi-

1853 4142 2014 4197 licam
2060 4151 2259 4198 sauctm
2301 4143 2392 4197 Dei
2436 4142 2711 4212 genitricis
2755 4142 2953 4206 Marire,
2994 4141 3087 4196 ubi
3133 4150 3445 4212 sanctorum

1856 4229 2083 4283 corpora
2141 4211 2490 4283 requiescunt
2533 4211 2772 4268 Medardi
2816 4212 3067 4268 videlicet
3117 4211 3445 4268 confessoris

1854 4284 2058 4339 Christi
2079 4293 2242 4354 atque
2269 4285 2558 4353 pontiﬁcis.
2597 4299 2696 4338 nec
2720 4299 2828 4339 non
2853 4283 3159 4339 Sebastiani
3189 4291 3445 4353 praestan-

1853 4355 2051 4410 tissimi
2082 4365 2246 4426 marty
2264 4356 2355 4421 ris,
2387 4367 2492 4409 etc.
2521 4375 2538 4407 ι
2571 4354 2889 4426 νοτυηιληθ
2910 4354 3117 4426 quisin
3145 4355 3248 4409 hoc
3275 4361 3441 4426 erret,
3541 4398 3544 4401 _

1853 4425 1996 4480 istud
2033 4423 2308 4495 peractum
2342 4442 2448 4480 non
2477 4433 2561 4480 est
2605 4426 2744 4495 apud
2787 4423 3194 4494 Compendium,
3227 4423 3444 4495 tametsi

1855 4495 1964 4550 illic
1985 4492 2164 4567 habita
2197 4495 2358 4549 fuerit
2391 4492 2713 4564 prmdatoiia
2744 4495 2832 4550 illa
2872 4492 3143 4567 synodus;
3173 4492 3343 4567 sedin
3373 4492 3443 4567 ci-

1772 4585 1826 4646 Β
1853 4567 2020 4646 vitate
2063 4561 2462 4646 Stiessionensi,
2493 4561 2917 4646 iu__monasterio
2961 4565 3135 4644 sancti
3171 4561 3439 4646 'Medardi,

1851 4637 1940 4693 ubi
1967 4636 2268 4692 Ludovicus
2292 4637 2346 4690 in
2368 4637 2612 4692 custodia
2635 4634 3148 4702 detinebaturjussu
3170 4632 3436 4687 Lotharii.

1881 4733 1947 4855 τε
1977 4729 2230 4814 Sepulcra
2258 4741 2581 4798 sanctorum,
2623 4731 2861 4788 Medardi
2890 4727 3141 4784 videlicet
3185 4735 3241 4782 et
3269 4724 3436 4782 Seba-

1903 4819 2031 4855 iam.

1849 4817 2031 4858 suam.

1918 4895 1945 4966 ξι
1979 4893 2087 4966 Per
2105 4911 2356 4966 manuum
2383 4913 2538 4966 episc.
2564 4912 2750 4966 impos.
2781 4893 2913 4966 Acta
2943 4891 3435 4966 exauctorationis:

1857 4985 1875 5016 1
1913 4964 2116 5036 Deinde
2143 4961 2420 5036 cingulum
2445 4961 2649 5020 militiai
2685 4963 2956 5033 deposuit,
3000 4968 3067 5036 et_
3082 4976 3242 5036 super
3269 4961 3440 5015 altare

1848 5035 2170 5101 collocavit;
2201 5031 2260 5091 et
2282 5036 2468 5091 habitu
2499 5036 2678 5092 saeculi
2708 5031 2769 5088 se
2799 5047 3021 5097 exuens,
3054 5031 3294 5086 habitum
3324 5047 3440 5102 pte-

1817 5155 1822 5158 .
1850 5106 2078 5162 nitentis
2097 5123 2196 5178 per
2217 5107 2610 5178 imposilionem
2638 5120 2899 5178 manuum
2913 5104 3288 5178 episcoporum
3312 5119 3411 5178 sus

1851 5177 2009 5246 cepit.
2039 5198 2056 5228 ι
2090 5174 2373 5233 Peractum
2423 5178 2474 5232 id
2504 5176 2712 5230 facinus
2749 5175 2816 5246 ab
2843 5174 3061 5246 Ebbone
3083 5174 3442 5246 archiepisco-

1887 5244 1930 5302 oﬁ
1964 5247 2276 5312 Rhemensi,
2332 5256 2390 5301 ut
2434 5255 2585 5317 patet
2630 5262 2696 5301 ex
2749 5244 3069 5317 Narratione
3113 5245 3434 5317 clgricorum

1887 5263 1920 5302 o
1964 5263 2276 5312 nnemensn,
2332 5263 2390 5301 ut
2434 5263 2585 5317 pater
2630 5263 2696 5301 ex
2749 5263 3069 5300 narratione
3113 5263 3429 5298 ClerlCOl‘tllll

1849 5263 2240 5373 ﬁhemensium
2269 5319 2335 5372 de
2355 5317 2689 5388 depositione
2711 5331 2774 5370 ac
2797 5316 3140 5388 restitutione
3162 5313 3429 5388 Ebbonis‘:

1858 5407 1878 5440 1
1917 5389 2210 5444 Lotharius
2235 5383 2460 5444 veniens
2495 5402 2594 5456 per
2621 5385 2920 5457 imperialia
2965 5385 3184 5457 palatia,
3214 5383 3438 5438 adduxit

1853 5475 2037 5516 secum
2066 5469 2272 5530 patrem
2313 5475 2478 5530 suum
2497 5455 2677 5530 usque
2698 5455 3027 5530 ‘Suessionis
3053 5455 3140 5530 ad_
3161 5463 3438 5530 monaste—

1851 5533 1993 5588 rium
2021 5524 2084 5586 S:
2114 5527 2370 5585 Medardi.
2403 5524 2606 5597 Ibique,
2647 5528 2990 5583 hortantibus
3029 5535 3086 5582 et
3120 5524 3436 5594 jubentibus

1851 5603 2065 5658 caeteris
2091 5599 2356 5669 episcopis
2394 5615 2489 5654 seu
2530 5599 2858 5668 primoribus
2893 5598 3062 5668 regni,
3107 5603 3436 5669 coactusest

1852 5673 2022 5737 Ebbo,
2052 5665 2177 5742 quia
2202 5671 2255 5724 in
2276 5665 2502 5742 dioecesi
2529 5665 2646 5742 ejus
2673 5681 2806 5734 erat,
2841 5669 2915 5724 illi
2956 5665 3234 5737 imponere
3262 5665 3436 5742 publi-

1801 5762 1817 5785 -·
1851 5759 1974 5800 cam
2005 5734 2398 5812 ptinitentiam.
2432 5734 2586 5798 Unde
2621 5742 2856 5812 nimiam
2884 5748 2939 5794 et
2979 5734 3296 5808 perpetuam
3319 5734 3435 5812 _ejus

1853 5805 2082 5874 incuri-it
2103 5811 2382 5872 offensam.
2406 5833 2425 5868 ι
2468 5812 2602 5870 Vide
2625 5813 2792 5870 etiam
2815 5805 3130 5881 Theganum
3155 5821 3274 5877 cap.
3305 5805 3393 5860 44.
