4012 6338
562 404 679 480 523
1561 398 1619 463 S.
1654 400 2002 461 AGOBARDI
2037 395 2347 458 EPISCOPI
2382 388 2869 456 LUGDUNENSIS
3755 380 3871 457 ξω

572 534 794 593 tionem,
825 534 951 583 cum
994 514 1217 595 psalmis
1239 528 1297 577 et
1343 517 1698 576 orationibus.
1759 514 1959 585 Sicque
1986 513 2151 584 depo—
2170 516 2231 579 Α
2252 521 2440 570 tatem.
2471 511 2568 567 His
2594 510 2763 581 gestis
2791 522 2890 580 ego
2906 492 3228 587 Agobardus
3272 493 3530 577 indignus
3555 503 3872 576 episcopus

571 627 677 683 sito
706 622 893 680 habitu
910 618 1167 690 pristino,
1199 623 1259 671 et
1284 620 1559 684 assumpto
1599 610 1786 666 habitu
1813 604 2149 678 pmoitentis,
2230 602 2504 674 'interlui,
2537 614 2595 661 et
2612 602 2926 662 melioribus
2954 614 3261 663 consonans
3295 606 3352 690 et
3384 597 3764 690 consentiens
3784 596 3875 670 jn-

573 714 956 788 congratulans
988 719 1045 768 et
1073 707 1372 774 conlidens,
1401 704 1640 778 postulat
1662 699 1895 773 piissimi
1920 697 2156 769 pastoris

572 808 812 863 humeris
840 804 1027 860 reduci
1059 818 1118 859 se
1143 801 1211 857 ad
1248 801 1483 855 inventae
1509 803 1565 852 et
1591 794 1882 864 redemptae
1902 790 2022 847 ovis
2041 788 2162 845 uni-

2238 700 2457 767 —dicavi,
2484 706 2542 756 et
2562 713 2726 755 manu
2749 694 2967 768 propria
2996 691 3216 764 signans
3234 687 3560 760 subscripsi.

1098 918 3873 970 ____________________________.

1763 996 2646 1173 AGOBARDI

774 1287 1163 1355 EPISTOLA
1205 1288 1317 1351 AD
1358 1282 1743 1349 EBBONEM
1785 1279 2238 1345 EPISCOPUM
2280 1276 2810 1352 RHEMENSEM,
2855 1276 2964 1339 DE
3006 1274 3145 1339 SPE
3185 1274 3292 1337 ET
3334 1273 3685 1338 TIMORE.

650 1530 1182 1605 Magniﬁcentissimo
1212 1538 1278 1583 ac
1325 1524 1791 1582 desideratissimo
1843 1523 2040 1578 domno
2066 1534 2168 1591 pa-

581 1627 653 1682 tri
682 1633 737 1679 et
788 1623 944 1678 fratri
997 1620 1204 1676 Ebboni
1261 1616 1521 1674 Ecclesiae
1557 1615 1886 1670 Rhemorum
1915 1612 2169 1684 episcopo

581 1713 899 1787 Agobardus
928 1712 983 1766 in
1010 1710 1239 1765 Domino
1263 1709 1375 1763 Deo
1412 1713 1669 1762 aeternam
1697 1702 1950 1759 salutem.

657 1807 791 1862 Cum
822 1804 1053 1876 quadam
1080 1801 1169 1856 die
1194 1799 1352 1855 valde
1390 1798 1693 1868 diligenda,
1730 1792 2045 1851 honoranda
2081 1800 2166 1846 at-

578 1912 688 1970 que
709 1896 978 1951 laudanda
1006 1893 1222 1949 devotio
1249 1901 1339 1947 tua
1362 1890 1644 1961 praecipue
1681 1888 1816 1943 mibi
1842 1885 1951 1959 (cui
1975 1884 2166 1957 gratis,

582 1992 638 2048 id
664 1997 766 2055 est,
795 1989 998 2059 absque
1025 1986 1240 2051 merito,
1273 1982 1388 2038 sola
1428 1991 1528 2040 tua
1556 1990 1611 2035 te
1638 1978 1972 2050 benignitate
2010 1975 2169 2031 insti-

582 2091 766 2156 gante,
797 2082 944 2152 piam
972 2075 1266 2135 amicitiam
1315 2075 1602 2147 impendis)
1633 2083 1687 2130 et
1715 2075 1966 2128 manibus
1993 2079 2172 2143 gesta-

584 2182 665 2229 ret
694 2181 752 2227 et
770 2185 867 2229 ore
914 2169 1184 2241 proferret
1226 2183 1290 2223 ea
1321 2183 1441 2238 quae
1467 2168 1538 2222 ad
1570 2166 1980 2221 aediﬁcationem
2004 2165 2173 2219 bona-

582 2281 707 2321 rum
738 2264 1002 2319 mentium
1032 2261 1324 2332 pertinent,
1352 2265 1723 2331 cognoverunt
1757 2258 1851 2328 qui
1875 2263 2173 2327 praesentes

586 2356 814 2411 aderant
841 2352 1250 2408 solertissimam
1276 2350 1633 2405 intentionem
1657 2354 1804 2403 tuam
1835 2346 1973 2402 velle
1990 2361 2171 2402 secum

586 2462 805 2519 semper
832 2446 1033 2501 habere
1062 2444 1131 2498 de
1156 2442 1467 2514 ‘Scripturis
1510 2442 1708 2497 divinis
1732 2441 1938 2511 aliqua,
1966 2441 2022 2495 in
2054 2441 2175 2511 qui-

583 2538 686 2594 bus
716 2552 823 2594 non
866 2536 1038 2591 solum
1074 2536 1354 2604 in'equum
1406 2533 1726 2599 ascendens,
1781 2532 1875 2587 sed
1905 2531 2069 2587 etiam
2107 2532 2173 2587 de

584 2645 726 2701 equo
752 2624 1104 2692 descendens,
1159 2642 1259 2697 pro
1292 2625 1427 2681 locis
1472 2633 1527 2680 et
1557 2623 1894 2694 temporibus
1919 2637 2174 2693 congrua:

583 2722 909 2793 quantitatis
936 2719 1234 2776 secundum
1257 2719 1480 2773 beatum
1501 2716 1703 2780 virum,
1724 2715 1815 2785 qui
1838 2729 1944 2768 non
1965 2712 2092 2769 abiit
2115 2713 2173 2766 in

586 2813 808 2869 consilio
845 2812 1153 2883 impiorum,
1189 2810 1245 2864 in
1289 2808 1409 2878 lege
1440 2806 1653 2861 Domini
1699 2804 2043 2860 meditareris
2085 2803 2173 2860 die

586 2919 652 2958 ac
680 2911 841 2957 nocte
863 2919 877 2967 ;
903 2908 1173 2970 quatenus
1188 2902 1315 2954 ‘vere
1338 2912 1459 2953 esse
1476 2897 1652 2966 possis
1678 2905 1939 2967 tanquam
1966 2896 2172 2967 lignum

581 2993 738 3064 juxta
764 2993 969 3049 ﬂuenta
1009 2992 1416 3062 Scripturarum
1454 2990 1779 3059 plantatum,
1804 2988 1958 3058 cujus
1991 2988 2172 3043 omnia

585 3093 977 3158 prosperantur
1005 3100 1126 3155 quae
1158 3083 1289 3139 facit
1320 3102 1333 3137 :
1372 3091 1426 3139 et
1450 3098 1573 3154 quae
1596 3082 1775 3139 facit?
1800 3084 1987 3153 utique
2011 3097 2170 3152 poma

586 3187 641 3234 et
667 3176 815 3243 folia,
864 3193 986 3249 quae
1015 3177 1387 3248 intelliguntur
1434 3177 1577 3232 facta
1626 3186 1681 3232 et
1711 3177 1889 3243 dicta;
1922 3185 1982 3232 ut
2008 3192 2170 3247 poma

586 3271 698 3325 sint
727 3270 780 3324 in
819 3270 1048 3335 actibus,
1105 3268 1232 3324 folia
1261 3270 1317 3324 in
1360 3269 1573 3334 verbis;
1605 3266 1760 3337 cujus
1802 3268 1931 3339 ligni
1979 3267 2168 3323 folium

584 3378 694 3418 non
725 3361 948 3417 deﬂuit:
982 3362 1105 3431 quia
1147 3362 1465 3429 (secundum
1508 3361 1653 3431 quod
1694 3361 1959 3431 scriptum
1991 3368 2075 3416 est
2105 3362 2173 3416 de

588 3450 861 3518 Samuele,
913 3452 1039 3507 Non
1067 3452 1207 3506 cadit
1235 3453 1300 3507 de
1344 3453 1584 3507 omnibus
1621 3452 1947 3508 sermonibus
1978 3454 2093 3523 ejus
2118 3453 2174 3508 in

576 3546 762 3617 terra)
813 3554 973 3602 curat
1010 3545 1272 3610 sollicite,
1312 3560 1381 3600 ne
1424 3546 1554 3613 quid
1594 3544 1853 3607 frivolum
1884 3545 1969 3601 vel
2015 3546 2175 3600 inane

589 3638 854 3708 proferat,
886 3638 1031 3708 quod
1060 3636 1327 3693 oblivione
1375 3638 1555 3708 potius
1582 3652 1746 3708 quam
1799 3638 2061 3692 memoria
2090 3638 2174 3693 di-

591 3746 757 3801 gnum
792 3731 882 3786 sit.
916 3729 1011 3785 Sic
1057 3731 1205 3786 enim
1239 3728 1531 3801 Apostolus
1563 3728 1878 3784 unanimem
1924 3729 2177 3785 comitem

591 3822 835 3889 instruit,
863 3822 1049 3878 dicens
1075 3840 1087 3876 :
1116 3821 1340 3891 Ineptas
1367 3824 1542 3875 autem
1569 3820 1814 3876 etaniles
1848 3819 2058 3890 fabulas
2088 3820 2179 3875 de—

589 3914 697 3989 vita
721 3930 744 3979 ;
777 3920 832 3967 et
861 3912 1056 3967 iterum
1087 3906 1334 3982 praecipit
1383 3911 1709 3966 denuntiare
1747 3906 2092 3977 quibusdam,
2116 3927 2180 3965 ne

590 3994 862 4059 intendant
904 4018 907 4023 '
932 4002 1129 4074 fabulis
1176 4011 1225 4058 et
1275 4002 1592 4075 genealogiis
1646 4001 2015 4064 interminatis,
2061 4019 2180 4073 qua:

592 4094 1178 4173 qua’stionesprrestant
1228 4095 1394 4165 magis
1435 4112 1595 4165 quam
1627 4094 2029 4163 wtiiﬁcationem
2060 4082 2180 4166 qua:

594 4192 670 4238 est
695 4185 753 4238 in
802 4170 928 4253 ﬁde.
960 4184 1031 4239 Et
1064 4185 1258 4238 iterum
1287 4202 1298 4238 :
1331 4170 1572 4250 Profana
1626 4190 1803 4236 autem
1856 4194 1904 4237 et
1945 4183 2178 4239 inanilo-

593 4274 719 4346 quia
748 4274 942 4329 devita.
985 4272 1214 4327 Multum
1244 4274 1382 4327 enim
1409 4273 1697 4344 proficiunt
1719 4275 1787 4329 ad
1832 4274 2178 4345 impietatem,

594 4376 642 4422 et
672 4382 841 4431 sermo
864 4381 1044 4420 eorum
1074 4372 1130 4417 ut
1157 4380 1345 4419 cancer
1377 4366 1557 4434 serpit.

666 4458 838 4528 igitur
896 4457 1006 4513 Deo
1063 4442 1257 4515 (levata
1306 4464 1361 4512 et
1395 4452 1570 4511 fidelis
1626 4458 1886 4514 sanctitas
1918 4466 2009 4513 tua
2056 4473 2179 4514 cum

594 4549 729 4605 mihi
754 4548 1069 4620 dignaretur
1114 4546 1241 4601 talia
1282 4548 1541 4617 pandere,
1583 4557 1892 4621 suggestum
1927 4559 2065 4605 esta
2092 4564 2179 4604 me

593 4643 730 4698 utin
775 4642 968 4714 primis
1017 4639 1241 4711 juberes
1278 4642 1373 4696 tibi
1425 4643 1668 4698 scribere
1726 4643 1778 4696 in
1816 4643 2005 4698 eodem
2033 4642 2177 4712 quod

596 4736 845 4805 gestabas
906 4733 1279 4798 Enchiridion,
1338 4730 1409 4789 de~
1465 4734 1664 4813 divinis
1706 4734 1860 4789 libris
1904 4734 2101 4789 arduas
2124 4742 2179 4787 et

596 4826 841 4882 dilliciles
862 4828 1162 4897 sententias
1183 4826 1252 4880 ad
1280 4826 1709 4891 observandum,
1744 4841 1864 4896 quae
1894 4826 2178 4896 praecipua:

596 4926 725 4971 sunt
749 4917 818 4972 ad
846 4916 1225 4989 deprimendus
1248 4934 1343 4990 per
1366 4918 1613 4989 timorem
1637 4925 1847 4972 mentes
1873 4904 2174 4984 hominum,

596 5023 667 5063 ne
697 5007 898 5063 elevari
946 5011 1155 5079 possint
1210 5000 1264 5065 in
1326 5025 1520 5087 vanam
1582 5008 2091 5080 prmsumptionem;
2123 5017 2180 5064 et

2275 1514 2444 1570 nuali.
2478 1512 2722 1583 Cumque
2746 1512 2863 1568 haec
2895 1525 3005 1583 ego
3051 1510 3464 1589 suggessissem,
3508 1508 3801 1582 dignatus
3822 1525 3879 1569 es

2273 1606 2588 1676 praecipere,
2620 1612 2688 1659 .ut
2720 1618 2823 1674 ego
2850 1604 3164 1661 inchoarem
3194 1603 3336 1675 sicut
3364 1603 3496 1658 mihi
3540 1602 3878 1686 videbatur,

2272 1706 2331 1752 et
2356 1697 2632 1752 sanctitati
2663 1706 2767 1753 tuae
2794 1695 3135 1766 dijudicanda
3174 1696 3626 1763 transmitterem.
3680 1694 3878 1753 Omnis

2275 1786 2459 1856 itaque
2485 1785 2761 1857 Scriptura
2824 1787 3101 1851 divinitus,
3159 1795 3220 1843 ut
3253 1787 3329 1842 ait
3350 1787 3672 1859 Apostolus,
3710 1787 3878 1860 inspi-

2272 1884 2409 1939 rata,
2453 1874 2598 1931 utilis
2623 1884 2697 1930 est
2725 1875 2793 1929 ad
2840 1874 3156 1941 docendum,
3209 1876 3278 1935 ad
3327 1876 3743 1947 corripiendus!
3767 1919 3784 1943 ,
3817 1880 3879 1933 ad

2269 1967 2615 2031 erudiendum
2636 1969 2693 2022 in
2710 1967 2951 2037 justitia,
2982 1978 3039 2022 ut
3067 1968 3329 2039 perfectus
3349 1970 3419 2025 sit
3456 1972 3611 2026 homo
3640 1970 3788 2038 Dei,
3815 1973 3880 2025 ad

2272 2074 2421 2113 omne
2450 2075 2578 2129 opus
2617 2058 2811 2113 bonum
2837 2059 3146 2114 instructus.
3178 2059 3311 2127 Quae
3361 2060 3669 2133 Scriptura,
3712 2071 3881 2119 tanta

2270 2149 2651 2219 perpetuitatis
2685 2156 2881 2215 est,'ut
2918 2159 3108 2207 auctor
3159 2152 3323 2218 illius,
3351 2155 3691 2225 sempiterna
3724 2155 3881 2211 Veri-

2273 2247 2374 2306 tas,
2402 2238 2641 2295 Verbum
2662 2238 2718 2298 et
2739 2241 3003 2313 sapientia
3026 2242 3226 2311 Patris,
3258 2242 3517 2302 Dominus
3539 2254 3599 2302 et
3630 2247 3881 2305 Redem-

2271 2338 2396 2402 ptor
2452 2340 2640 2387 noster
2699 2341 2931 2389 testatur
2975 2333 3041 2388 de
3071 2333 3182 2400 illa,
3234 2335 3464 2390 dicens:
3517 2334 3881 2395 Faciliusest

2270 2422 2458 2478 caelum
2486 2433 2536 2479 et
2559 2433 2755 2479 terram
2783 2424 3030 2491 transire,
3059 2441 3220 2496 quam
3252 2426 3317 2481 de
3337 2425 3447 2497 lege
3472 2443 3639 2483 unum
3658 2432 3878 2501 apicem

2273 2517 2477 2571 cadere.
2509 2516 2580 2571 Et
2598 2516 2796 2573 iterum
2823 2534 2836 2571 :
2867 2516 3066 2572 Caelum
3092 2528 3141 2573 et
3168 2527 3311 2574 terra
3355 2520 3683 2587 transibunt,
3724 2524 3880 2591 verba

2272 2629 2391 2669 vero
2412 2630 2529 2668 mea
2559 2630 2664 2668 non
2683 2611 2958 2669 transierat.
2986 2612 3232 2683 Cumque
3250 2615 3368 2671 haec
3387 2616 3651 2685 perennia
3674 2620 3878 2683 verba,

2272 2706 2432 2777 plena
2461 2705 2574 2763 sint
2603 2705 2808 2777 regulis
2846 2721 3080 2773 morum,
3110 2721 3176 2762 ac
3226 2707 3661 2777 disciplinarum,
3702 2718 3880 2782 atque

2271 2800 2557 2864 virtutum,
2592 2800 2792 2870 operis,
2824 2807 2880 2855 et
2911 2799 3054 2863 fidei,
3100 2800 3467 2857 interpretere
3503 2811 3737 2858 exstant
3768 2802 3881 2859 due

2274 2903 2364 2945 res
2397 2888 2614 2958 penitus
2642 2889 2970 2946 necessariae
2999 2891 3361 2948 moderationi
3385 2892 3651 2965 mentium
3673 2893 3883 2951 huma-

2274 2995 2493 3046 narum,
2528 2980 2584 3035 id
2613 2990 2718 3047 est,
2743 2996 2867 3053 spes
2911 2989 2969 3054 et
3007 2982 3194 3050 timor,
3242 2983 3311 3039 de
3344 2983 3545 3053 quibus
3572 2987 3880 3043 sacerdoti-

2274 3074 2379 3129 bus
2404 3081 2463 3129 et
2502 3073 2745 3130 omnium
2798 3075 3040 3145 plebium
3071 3078 3386 3134 doctoribus
3430 3077 3703 3142 Dominus
3775 3097 3884 3154 my-

2198 3203 2242 3266 C
2275 3166 2411 3266 stice
2445 3181 2545 3237 per
2576 3166 2751 3238 legem
2783 3168 3031 3239 praecipit
3078 3170 3264 3227 dicens
3292 3188 3306 3224 :
3340 3169 3466 3225 Non
3514 3171 3737 3241 auferes
3772 3174 3879 3230 loco

2278 3258 2514 3330 pignoris
2547 3261 2872 3331 superiorem
2902 3270 2951 3316 et
2978 3260 3282 3331 inferiorem
3311 3261 3530 3319 molam.
3553 3262 3687 3331 Quae
3718 3266 3881 3322 mola

2278 3353 2410 3411 licet
2431 3363 2727 3425 utrumque
2764 3365 3147 3414 testamentum
3184 3366 3334 3415 recte
3368 3359 3606 3432 ﬁgurare
3632 3362 3877 3431 possint,

2281 3444 2653 3515 intelliguntur
2678 3453 2863 3503 tamen
2911 3448 3272 3520 utiliterspes
3323 3458 3381 3506 et
3415 3451 3612 3525 timor;
3646 3461 3710 3508 ut
3742 3454 3877 3510 infe-

2282 3540 2397 3594 rior
2448 3540 2663 3595 dicatur
2704 3541 2889 3608 timor,
2946 3543 3200 3613 superior
3247 3559 3393 3615 spes.
3424 3545 3523 3602 Cui
3548 3557 3747 3603 autem
3777 3563 3880 3602 una

2284 3631 2546 3697 defuerit,
2578 3631 2807 3687 farinam
2847 3631 3028 3688 facere
3050 3649 3157 3690 non
3189 3643 3408 3705 potest:
3442 3637 3572 3707 quia
3604 3637 3661 3693 in
3694 3647 3881 3694 mente

2283 3738 2380 3778 sua
2419 3722 2551 3777 nihil
2575 3738 2769 3779 sanum
2796 3731 3133 3795 pertractare
3158 3733 3357 3797 potest,
3394 3742 3558 3796 quem
3585 3736 3685 3782 aut
3714 3728 3880 3783 timor

2281 3813 2401 3869 sine
2425 3829 2518 3883 spe
2565 3815 2787 3883 premit,
2827 3825 2923 3871 aut
2951 3830 3079 3885 spes
3125 3815 3243 3873 sine
3274 3816 3474 3872 timore
3501 3816 3669 3873 levat.
3722 3816 3879 3873 Unde

2282 3905 2568 3988 Psalmista
2602 3907 2656 3961 in
2686 3910 3359 3988 utrumque-coniungens
3405 3910 3540 3966 dicit
3569 3929 3581 3965 :
3619 3909 3880 3982 Beneﬁc-

2281 3997 2443 4052 citum
2468 3986 2798 4052 estDomino
2825 4014 2981 4081 super
3009 3986 3246 4055 timentes
3294 4014 3436 4067 eum,
3462 4009 3508 4054 et
3559 4000 3614 4054 in
3662 4000 3743 4055 eis
3785 4001 3872 4073 qui

2281 4100 2491 4162 sperant
2521 4108 2681 4160 super
2709 4091 3073 4146 misericordia
3104 4093 3242 4163 ejus.
3276 4091 3446 4150 Judas
3479 4092 3720 4165 denique
3744 4111 3876 4167 pro-

2283 4181 2444 4246 ditor,
2478 4190 2600 4252 post
2644 4181 2981 4236 Dominicam
3046 4184 3419 4251 traditionem,
3452 4185 3585 4254 quia
3630 4185 3875 4255 sines!»

2286 4273 2483 4339 timuit,
2523 4274 2710 4330 dicens
2739 4293 2750 4329 :
2796 4272 3018 4332 Peccavi
3045 4275 3259 4332 tradens
3305 4270 3620 4349 sanguinein
3640 4277 3874 4348 justum,

2250 4430 2253 4431 ν
2282 4363 2403 4420 ideo
2426 4365 2614 4420 abiens
2656 4358 2851 4436 laqueo
2888 4382 2946 4422 se
2976 4368 3272 4438 suspendit,
3310 4376 3364 4424 et
3404 4367 3619 4438 crepuit
3647 4368 3876 4434 medius,

2281 4465 2444 4527 atque
2469 4457 2638 4513 eﬂ‘usa
2693 4469 2819 4514 sunt
2842 4459 3054 4519 viscera
3095 4459 3232 4529 ejus.
3265 4461 3307 4515 E
3336 4461 3614 4517 contrario
3670 4469 3875 4523 alim.

2204 4598 2259 4658 Β
2282 4552 2408 4624 quia
2444 4552 2559 4609 sine
2614 4555 2808 4610 timore
2838 4555 2977 4611 sola
3005 4571 3099 4627 spe
3153 4557 3508 4613 elevabantur
3540 4557 3618 4615 illi
3643 4560 3739 4631 qui
3772 4559 3881 4614 Do-

2286 4646 2431 4701 mino
2466 4648 2883 4718 respondebant,
2942 4648 3136 4705 Semen
3178 4650 3405 4707 Abraha:
3444 4669 3655 4720 sumus,
3691 4662 3740 4708 et
3781 4669 3876 4705 tte-

2284 4740 2412 4792 mini
2439 4737 2741 4794 serrivimus
2787 4757 3043 4812 unquam,
3097 4742 3370 4814 dedignati
3401 4755 3533 4800 sunt
3563 4748 3793 4803 credere
3822 4748 3877 4801 in

2286 4830 2646 4899 Salvatorem,
2674 4832 2799 4904 quia
2836 4837 3237 4904 praesumebant
3270 4851 3375 4891 non
3407 4853 3467 4892 se
3494 4853 3617 4895 esse
3667 4838 3883 4896 salvan-

2287 4921 2402 4988 dos,
2432 4922 2528 4978 sed
2557 4923 2793 4982 salvatos
2825 4912 2843 4979 ;’
2877 4924 3032 4995 cujus
3056 4925 3136 4982 rei
3164 4926 3429 4999 exemplis
3465 4936 3581 4984 tota
3602 4938 3689 4987 est
3715 4930 3877 5003 plena

2288 5014 2570 5086 Scriptura
2598 5018 2802 5073 divina.
2839 5018 3066 5090 Semper
3117 5030 3299 5078 autem
3336 5036 3564 5078 necesse
3592 5033 3681 5079 est
3704 5032 3763 5079 ut
3790 5025 3880 5078 ha:

598 5098 685 5153 bis
709 5094 802 5151 diu
837 5098 1226 5172 diligenterque
1254 5100 1578 5170 perspectis,
1603 5098 1824 5167 iuberes
1854 5100 2071 5154 demum
2101 5110 2184 5156 la-
2289 5108 2408 5165 dua:
2441 5111 2596 5165 molae
2625 5110 2861 5167 ﬁdelium
2889 5112 3162 5170 mentibus
3194 5116 3539 5171 incessanter
3573 5115 3787 5183 adsint;
3815 5121 3881 5169 ut

598 5187 671 5244 lia
697 5205 817 5262 qua:
842 5190 1153 5267 viderentur
1177 5200 1434 5265 congrua,
1467 5205 1493 5235 ει
1526 5192 1746 5265 proprio
1788 5195 2035 5250 inserere
2062 5212 2179 5279 ma-
2278 5200 2404 5270 quia
2444 5216 2567 5271 spes
2595 5194 2835 5258 animum
2868 5218 3083 5277 semper
3113 5205 3296 5281 erigit,
3332 5212 3511 5263 metus
3541 5214 3727 5265 autem
3746 5221 3878 5280 pre—

1978 5288 2253 5346 BALUZII
2289 5291 2525 5348 norm.
3410 5282 3449 5289 ”

675 5390 701 5418 ι
732 5374 956 5452 Propria
982 5380 1496 5452 insereregntanuali,
1526 5380 1580 5435 id
1604 5386 1711 5446 est,
1734 5379 1888 5452 libro
1929 5383 2019 5452 qui
2047 5397 2186 5439 sem-

2291 5386 2560 5465 inari-alis
2592 5388 2882 5465 Duodente,
2909 5408 3059 5464 quem
3097 5392 3212 5465 ipsa
3235 5395 3377 5449 misit
3414 5394 3488 5449 ad
3519 5393 3695 5465 ﬁlium
3720 5406 3879 5448 aut:

597 5455 804 5535 pernest
825 5449 1172 5535 inmanibus.
1202 5449 1354 5535 {inde
1372 5451 1842 5535 sigloquituripse
1868 5449 2185 5535 Agebardus
2288 5456 2630 5535 i'i'iltelmum.
2666 5449 2887 5535 fiderat
2915 5449 3079 5535 unum
3118 5449 3242 5520 libri
3282 5466 3437 5522 istius
3472 5449 3754 5535 ei'emplsr
3790 5466 3883 5519 vir

603 5519 657 5593 in
689 5519 796 5593 fine
832 5519 990 5593 istius
1035 5520 1359 5590 epistolmzt
1419 5519 1648 5576 Maxime
1685 5519 1810 5591 quia
1862 5519 2185 5580 et'iros-tale
2286 5528 2618 5585 clarissimus
2663 5530 2961 5589 Gulielmus
3007 5519 3243 5592 Catellus
3286 5519 3875 5593 senatorisiiolosantt.

600 5591 719 5647 fleri
751 5591 988 5665 iussistis
1014 5606 1171 5661 opus,
1218 5594 1359 5665 quod
1404 5594 1675 5665 paulisper
1718 5609 1878 5665 manu
1922 5604 2181 5665 gestetur,

604 5676 714 5717 non
756 5661 902 5731 quod
952 5663 1006 5716 in
1055 5664 1291 5716 armario
1338 5661 1425 5717 vel
1471 5664 1527 5719 in
1566 5661 1766 5720 scrinio
1794 5661 2116 5723 reservetur.
2157 5661 2174 5722 ἡ

600 5731 961 5803 Quamobrem
981 5732 1253 5797 Dnodena,
1288 5731 1548 5790 Bernardi
1570 5736 1900 5803 dueis'uxor,
1931 5754 2053 5794 cum
2074 5752 2186 5795 mo-
2287 5740 2449 5796 siensi

600 5804 712 5858 uita
734 5802 1001 5858 scriberet
1025 5803 1090 5857 ad
1118 5803 1285 5859 lilium
1314 5819 1469 5859 suum
1512 5805 1860 5872 Willelmum,
1893 5810 2090 5865 librum
2120 5811 2183 5864 il-

2284 5597 2443 5677 dnliud
2467 5616 2599 5677 vero
2637 5618 2737 5677 nos
2780 5604 2868 5677 diu
2902 5606 3185 5677 habuimus
3226 5607 3278 5661 in
3321 5615 3625 5677 potestate,
3658 5607 3880 5677 τίγωιε

2290 5669 2788 5763 illustrissinio‘viro
2811 5675 2967 5755 Petro
2995 5676 3263 5763 de‘Marcp
3291 5669 3705 5763 archiepiscopo
3727 5676 3857 5758 Ρξτί

2287 5743 2472 5807 siensi,
2624 5743 2765 5799 illud
2812 5750 2999 5830 postea
3042 5748 3183 5803 dono
3221 5749 3369 5805 dedit
3410 5743 3716 5806 clarissimo
3750 5747 3877 5802 viro

2278 5811 2478 5894 domno
2550 5830 2663 5871 uere
2693 5816 2956 5894 Dacberio
2980 5818 3245 5876 monacho
3270 5819 3623 5878 Benedictiuo
3647 5828 3879 5894 congre-

608 5888 703 5947 μω
726 5874 1055 5940 monitorum
1081 5875 1356 5951 inscripsit
1382 5874 1649 5948 Manuale,
1673 5880 1779 5937 hoc
1800 5880 1995 5939 modo:
2025 5880 2186 5941 Liber
2276 5884 2513 5960 gatio‘nis
2539 5889 2713 5945 sancti
2751 5888 2941 5946 Mauri.
