4012 6338
251 405 367 474 823

1364 409 1568 474 LIBER
1605 414 1694 474 DE
1732 409 1966 472 DIVINA
2001 411 2417 475 PSALMODIA.

3430 421 3542 487 320

249 529 380 591 mit,
403 532 462 584 et
485 529 666 590 metus
695 535 850 598 spem
871 531 929 582 et
959 541 1086 599 spes
1112 533 1376 600 temperet
1404 537 1639 596 metum;
1675 545 1738 585 ac
1773 544 1841 586 ne
1868 533 1922 594 Α
1944 531 2110 586 lutem
2141 549 2448 605 operemur,
2503 542 2559 590 et
2591 549 2781 592 omnes
2833 529 3019 595 ﬁdeles
3054 531 3284 598 salutem
3319 546 3538 606 deside-

249 635 381 693 spes
407 620 462 676 in
503 621 812 692 superbiam
864 621 1061 692 erigat,
1091 631 1269 677 metus
1299 625 1554 679 continuo
1592 624 1843 696 adjacens

249 722 494 771 mentem
553 722 803 784 premat;
840 730 1073 781 rursum,
1113 731 1180 772 ne
1229 717 1618 772 immoderatus
1667 729 1844 775 metus

246 808 498 863 animum
525 807 578 862 in
615 808 1046 878 desperationem
1094 810 1314 876 obruat,
1370 811 1514 866 hunc
1554 809 1841 866 confestim

245 915 378 971 spes
426 901 618 971 erigat.
652 900 826 955 Metus
875 915 1130 970 namque,
1161 901 1206 957 si
1238 902 1354 957 sine
1389 917 1484 973 spe
1535 902 1721 968 fuerit,
1749 902 1842 958 de-

244 993 494 1063 speratio
539 993 742 1050 rectius
777 1004 1018 1050 vocatur.
1081 993 1218 1066 Spes
1255 1012 1409 1063 vero,
1447 998 1491 1052 si
1519 996 1683 1052 fuerit
1725 998 1842 1053 sine

242 1096 425 1152 metu,
449 1101 586 1141 vana
615 1088 964 1157 praesumptio
991 1103 1111 1144 esse
1143 1097 1495 1145 monstratur.
1550 1089 1664 1144 Tali
1689 1105 1841 1144 nam-

239 1193 355 1248 que
379 1184 829 1248 temperamento,
860 1179 1012 1248 quasi
1041 1180 1277 1249 quodam
1306 1181 1568 1247 antidoto,
1596 1181 1708 1236 vult
1742 1196 1840 1237 nos

241 1269 490 1325 cmlestis
517 1269 758 1326 medicus
786 1271 863 1326 uti
890 1287 905 1331 :
939 1279 1000 1326 ut
1028 1281 1154 1341 pote
1199 1273 1292 1342 qui
1325 1273 1472 1329 solus
1509 1281 1594 1328 est
1621 1282 1838 1330 scruta-

241 1367 335 1412 tor
355 1367 411 1414 et
433 1359 677 1429 cognitor
699 1359 1033 1416 internarum
1062 1361 1462 1429 inﬁrmitatum,
1493 1363 1578 1418 cui
1605 1363 1833 1419 dicitur:

243 1447 328 1502 Tu
349 1447 494 1502 solus
544 1450 682 1504 nosti
711 1449 875 1505 carda
928 1451 1164 1520 ﬁliorum
1191 1454 1482 1508 hominum.
1522 1453 1736 1524 Quique
1756 1453 1840 1510 di-

237 1541 321 1596 cit
353 1557 368 1596 :
405 1540 518 1612 Ego
547 1559 663 1596 sum
685 1553 927 1598 scrutans
965 1561 1112 1599 renes
1162 1555 1210 1599 et
1249 1547 1432 1601 corda.
1463 1545 1630 1615 Cujus
1657 1561 1838 1601 sermo

237 1641 332 1687 est
360 1633 517 1689 vivus
541 1643 595 1688 et
619 1633 830 1700 etﬁcax,
856 1619 911 1691 et
934 1639 1323 1706 penetrabilior
1349 1639 1494 1694 omni
1532 1639 1712 1712 gladio
1741 1656 1837 1712 an-

237 1724 420 1794 cipiti,
450 1734 505 1780 et
533 1727 846 1799 pertingens
893 1744 1064 1798 usque
1103 1731 1169 1786 ad
1210 1731 1530 1788 divisionem
1556 1733 1749 1788 animae
1770 1747 1836 1788 ac

236 1815 490 1884 spiritus,
549 1831 868 1890 compagum
905 1834 1120 1890 quoque
1161 1835 1226 1876 ac
1253 1821 1634 1888 medullarum,
1663 1830 1717 1876 et
1752 1830 1836 1877 est

1948 634 2089 690 rant,
2132 627 2284 696 prius
2338 627 2426 681 illa
2457 643 2580 683 cum
2612 628 2809 698 quibus
2861 631 3005 686 salus
3039 646 3315 704 operatur,
3344 639 3396 695 id
3429 651 3533 712 est,

1946 714 2108 770 timor
2136 726 2190 770 et
2219 726 2442 784 tremor,
2472 717 2524 772 in
2554 719 2746 774 studiis
2777 722 2976 776 nostris
3012 722 3329 794 fundentur;
3366 739 3424 784 ut
3445 748 3537 787 su-

1942 807 2304 874 perponenda,
2336 809 2461 877 quia
2499 807 2742 865 faciliora
2774 797 2921 878 sunt,
2949 809 3173 870 istarum
3214 818 3536 888 impulsione

1943 898 2250 952 necessario
2281 901 2645 969 requirantur.
2688 901 2822 957 Nam
2869 913 2923 958 et
2954 908 3201 964 naturale
3232 920 3316 965 est
3340 914 3536 972 animae

1942 986 2214 1055 humanae,
2246 992 2582 1048 uLtiniorem
2613 1010 2719 1050 non
2748 996 2865 1051 sine
2913 1002 3143 1068 quadam
3172 1004 3417 1060 molestia
3449 1017 3534 1064 to-

1941 1081 2141 1150 lerans,
2183 1100 2398 1140 rursum
2429 1097 2620 1157 sponte
2650 1090 2718 1144 ad
2764 1107 2915 1162 spem
2974 1110 3259 1153 recurrere
3285 1099 3527 1170 festinet,

1941 1193 2060 1247 quae
2086 1176 2260 1232 laetior
2287 1187 2538 1248 putatur;
2573 1197 2885 1252 quanquam
2919 1185 3081 1242 timor
3104 1205 3211 1243 non
3241 1191 3311 1245 sit
3348 1193 3530 1250 minus

1939 1269 2279 1323 necessarius
2308 1277 2363 1324 et
2407 1271 2572 1325 utilis.
2614 1271 2749 1340 Quia
2790 1275 2952 1346 igitur
2984 1278 3028 1332 si
3061 1279 3127 1334 de
3173 1282 3424 1338 omnibus
3451 1285 3532 1339 di-

1939 1358 2080 1412 vinis
2109 1359 2261 1414 libris
2293 1361 2597 1428 hujusmodi
2624 1367 2944 1444 sententias
2973 1373 3335 1442 excerpimus,
3367 1377 3530 1434 nimis

1937 1451 2204 1520 prolixum
2233 1469 2368 1524 opus
2401 1453 2632 1510 ellicitur
2657 1497 2673 1520 ,
2721 1457 2840 1513 illas
2869 1476 3012 1516 nunc
3066 1464 3221 1518 nobis
3251 1480 3531 1524 assumere

1937 1544 2166 1600 sufﬁciat
2185 1563 2304 1617 qua:
2327 1548 2381 1601 in
2408 1559 2660 1620 promptu
2685 1552 2974 1620 habentur,
3002 1564 3058 1611 et
3099 1561 3274 1630 magis
3305 1559 3359 1614 in
3394 1576 3527 1631 usu;

1937 1637 2173 1692 maxime
2195 1639 2317 1708 quia
2355 1647 2408 1693 et
2455 1656 2550 1695 vos
2589 1642 2695 1696 tale
2748 1643 2864 1698 ﬁeri
2916 1647 3157 1719 jussistis
3187 1665 3344 1721 Opus,
3383 1651 3529 1723 quod

1935 1729 2209 1800 paulisper
2234 1748 2397 1787 manu
2427 1742 2690 1804 gestetur,
2731 1752 2836 1792 non
2887 1741 3030 1810 quod
3085 1741 3139 1796 in
3180 1744 3417 1800 armario
3444 1743 3528 1800 vel

1937 1823 1991 1876 in
2023 1824 2225 1879 scrinio
2259 1837 2585 1882 reservetur.
2621 1826 2748 1883 Haec
2805 1830 2937 1885 mihi
2996 1833 3162 1904 igitur
3193 1848 3218 1874 α
3249 1835 3527 1893 inchoanti

237 1907 514 1964 discretor
539 1909 930 1980 cogitationum
951 1920 1007 1968 et
1024 1912 1383 1968 intentionum
1409 1915 1623 1981 cordis;
1655 1915 1838 1970 sciens
1861 1905 1910 1965 B
1937 1914 2131 1969 obtulit
2166 1931 2224 1970 se
2248 1916 2424 1986 prima
2454 1918 2546 1973 illa
2571 1921 2841 1975 sententia
2882 1925 3094 1993 septimi
3119 1925 3330 1996 psalmi,
3361 1941 3527 1997 quam

236 2007 484 2055 mentem
521 2001 811 2056 humanam
836 2002 922 2057 his
967 2003 1177 2059 duabus
1228 2005 1522 2060 virtutibus
1555 2006 1609 2060 in
1658 2006 1832 2062 medi-

233 2091 396 2146 tullio
452 2092 719 2148 stabiliter
781 2110 938 2164 posse
992 2097 1216 2151 servari.
1274 2097 1409 2153 Cum
1449 2098 1564 2154 haec
1593 2114 1722 2170 ergo
1753 2100 1829 2156 ita

232 2181 374 2246 sint,
426 2183 599 2238 visum
655 2184 788 2239 mihi
817 2194 902 2241 est
946 2195 1008 2242 ut
1034 2187 1271 2258 primum
1300 2190 1368 2244 de
1413 2191 1520 2246 illis
1545 2193 1830 2248 sententiis

229 2289 358 2344 qua:
390 2275 459 2328 ad
481 2275 793 2331 inferiorem
837 2278 1034 2334 molam
1083 2281 1376 2350 pertinent,
1409 2283 1460 2338 id
1493 2291 1597 2350 est,
1619 2328 1624 2332 .
1648 2286 1715 2339 ad
1748 2286 1830 2340 in-

230 2363 505 2420 elTabilem
559 2374 824 2422 terrorem
862 2369 1146 2436 mentium,
1197 2373 1450 2441 quoniam
1481 2381 1608 2428 sunt
1666 2375 1830 2432 nimis

227 2455 439 2521 arduas,
470 2456 649 2526 aliqua
683 2458 1020 2527 describam;
1058 2469 1117 2515 ut
1146 2463 1272 2533 quia
1319 2474 1647 2535 praeceptum
1673 2467 1827 2524 nobis

229 2556 320 2603 est
354 2556 415 2602 ut
443 2563 567 2603 cum
594 2550 796 2607 timore
823 2560 878 2606 et
911 2560 1148 2608 tremore
1192 2563 1436 2610 nostram
1467 2557 1707 2626 ipsorum
1737 2573 1825 2612 sa-

1937 2017 2235 2076 cantamns,
2292 2011 2578 2067 dicentes:
2634 2013 2858 2068 Domine
2902 2015 3046 2070 Deus
3101 2034 3270 2084 meus,
3326 2020 3372 2073 si
3425 2017 3526 2088 feci

1935 2100 2098 2166 istud,
2121 2104 2166 2156 si
2191 2113 2267 2157 est
2297 2104 2549 2176 iniquitas
2579 2107 2633 2160 in
2685 2109 2929 2163 manibus
2960 2111 3109 2176 meis,
3138 2113 3182 2167 si
3213 2112 3415 2166 reddidi
3445 2127 3526 2166 re-

1935 2196 2281 2252 tribuentibus
2308 2200 2436 2253 mihi
2461 2199 2680 2265 malum,
2717 2201 2960 2256 decidam
2993 2206 3174 2259 merito
3205 2205 3269 2259 ab
3298 2206 3527 2261 inimicis

1935 2291 2065 2344 meis
2121 2292 2318 2347 inanis.
2380 2291 2738 2365 Persequatur
2801 2297 3044 2352 inimicus
3101 2315 3247 2353 meus
3291 2300 3525 2354 animam

1936 2396 2124 2446 meam,
2151 2391 2200 2436 et
2231 2385 2636 2454 comprehendat
2684 2396 2733 2440 et
2779 2387 3046 2443 conculcet
3088 2390 3143 2444 in
3187 2399 3328 2444 terra
3366 2391 3525 2444 vitam

1935 2487 2126 2536 meam,
2157 2484 2204 2527 et
2233 2475 2459 2542 gloriam
2487 2493 2656 2532 meam
2682 2479 2739 2533 in
2770 2479 3030 2550 pulverem
3055 2481 3302 2537 deducat.

2001 2562 2168 2618 Multa
2197 2565 2413 2622 desunt.

1601 2647 1872 2703 BALUZII
1909 2649 2143 2707 ΝΟΤᾸῦ.

305 2744 338 2773 ι
363 2740 651 2787 Incaoanti'
675 2735 858 2787 obtulit
879 2752 953 2790 se.
977 2735 1078 2791 Vel
1097 2752 1163 2792 ex
1189 2752 1256 2792 eo
1280 2736 1400 2793 loco
1419 2747 1631 2792 constat
1654 2739 1820 2794 multa

227 2802 326 2860 hic
353 2803 566 2879 deesse,
596 2813 653 2858 et
696 2806 1095 2879 inchoationem
1141 2810 1244 2864 hoc
1288 2809 1470 2879 potius
1511 2809 1635 2864 libri
1673 2827 1816 2875 esse,

227 2889 399 2948 quam
444 2874 665 2930 librum.
714 2875 831 2945 Quo
863 2877 1066 2933 factum
1109 2889 1192 2935 est
1219 2874 1372 2935 ut'in
1401 2880 1507 2936 ﬁne
1553 2881 1668 2936 haec
1695 2874 1820 2936 addi

237 3023 1303 3056 P—-—-———-—————'-.

1930 2744 2282 2825 voluerimus,
2311 2750 2528 2825 tametsi
2556 2750 2612 2807 in
2648 2752 3018 2825 manuscripto
3042 2753 3231 2810 codice
3271 2767 3382 2812 non
3416 2769 3519 2814 ex-

1927 2823 2091 2885 stent,
2121 2816 2293 2873 Multa
2323 2819 2528 2876 desunt.

2308 3031 3510 3067 ..Ἥ

1011 3122 1427 3187 AGOBARDI
1471 3124 1708 3186 LIBER
1752 3125 1860 3186 DE
1899 3124 2184 3188 DIVINA
2228 3127 2720 3190 PSALMODIA.

307 3355 452 3426 Quia
480 3365 507 3396 ι
532 3347 906 3425 nuperstultus
925 3357 982 3409 et
1005 3347 1306 3424 improbus,
1332 3350 1559 3424 ipsaque
1583 3353 1814 3409 stultitia
1841 3357 1887 3421 C
1919 3353 2040 3417 tris,
2072 3352 2226 3425 cujus
2249 3352 2634 3425 probatissima
2663 3354 2798 3410 ﬁdes
2827 3362 2989 3426 atque
3018 3355 3264 3412 doctrina
3293 3356 3348 3414 in
3392 3374 3516 3415 mu-

234 3458 300 3507 et
331 3447 670 3518 improbitate
701 3461 798 3502 sua
825 3444 1078 3500 omnibus
1107 3452 1267 3498 notus
1301 3443 1660 3500 calumniator
1695 3462 1822 3502 eru-

228 3543 341 3617 pit,
365 3541 456 3612 qui
483 3551 728 3609 sanctam
755 3539 1052 3596 Ecclesiam
1077 3546 1318 3594 nostram
1338 3578 1353 3603 ,
1397 3538 1451 3593 id
1473 3548 1578 3605 est,
1606 3539 1822 3612 Lugdu-

226 3651 483 3701 nensem,
511 3651 619 3690 non
647 3634 823 3692 solum
846 3634 1035 3699 verbo,
1059 3631 1155 3688 sed
1178 3631 1342 3688 etiam
1369 3632 1587 3702 scriptis
1616 3633 1822 3690 lacera-

226 3745 291 3786 re
332 3745 443 3784 non
481 3737 692 3794 cessat,
739 3727 898 3800 quasi
927 3741 1036 3782 non
1080 3733 1258 3790 recte,
1285 3741 1387 3782 nec
1413 3742 1565 3782 more
1594 3736 1820 3798 paterno

229 3823 353 3878 sive
385 3837 510 3886 usu,
535 3820 732 3877 divina:
755 3818 1150 3875 decantationis
1164 3817 1428 3872 solemnia
1449 3829 1818 3889 peragentem,

225 3929 456 3970 necesse
474 3913 579 3969 fuit
597 3928 814 3970 omnem
837 3927 1116 3968 sacrorum
1132 3909 1431 3967 olliciorum
1453 3913 1674 3978 seriem,
1701 3929 1822 3982 qua:

233 4005 399 4060 solito
424 4013 710 4060 cantorum
754 4003 1061 4058 ministerio
1089 4017 1185 4072 per
1213 4011 1382 4057 totum
1410 4003 1535 4056 anni
1558 4004 1821 4059 circulum

235 4094 294 4149 in
325 4093 711 4150 ecclesiasticis
749 4092 1109 4148 conventibus
1135 4091 1442 4155 exhibetur,
1478 4091 1621 4146 sicut
1649 4092 1703 4146 in
1729 4108 1822 4147 ea-

231 4186 362 4241 dem
385 4185 632 4242 Ecclesia
651 4183 865 4239 l‘avente
895 4182 990 4238 Dei
1014 4183 1188 4253 gratia
1217 4183 1551 4248 custoditur,
1596 4183 1822 4254 diligen-

227 4278 342 4334 tius
365 4286 421 4333 et
445 4277 658 4348 plenius
688 4277 742 4332 in
769 4275 951 4334 libello
991 4291 1152 4345 quem
1190 4275 1391 4330 usitato
1419 4275 1683 4330 vocabulo
1702 4275 1818 4330 An-

227 4369 604 4440 tiphonarium
630 4375 945 4438 nuncupant
969 4408 984 4434 ,
1032 4366 1310 4439 colligere,
1339 4375 1504 4436 atque
1531 4367 1776 4438 digerere
1801 4385 1815 4434 ;

1928 3463 2059 3502 nere
2089 3448 2303 3504 Domini
2353 3448 2448 3503 Dei
2497 3449 2670 3504 nostri
2712 3449 2964 3505 omnibus
3000 3451 3307 3506 examinata
3336 3467 3400 3508 ac
3428 3453 3517 3509 de-

1929 3540 2135 3606 clarata
2162 3539 2449 3596 celebriter
2471 3540 2733 3606 innotuit;
2767 3548 2828 3594 ut
2849 3555 3040 3594 omnes
3061 3541 3275 3611 paciﬁci
3304 3549 3359 3596 et
3387 3558 3517 3613 prua

1928 3636 2119 3691 dentes
2168 3635 2427 3692 Ecclesia:
2487 3635 2617 3700 lilii,
2652 3634 2707 3688 in
2753 3649 2984 3703 quorum
3033 3649 3224 3689 manus
3271 3633 3514 3703 ejusdem

1926 3706 2094 3783 libelli
2137 3736 2317 3783 textus
2345 3727 2594 3792 venerit,
2637 3725 2919 3781 verissime
2954 3733 3009 3780 et
3036 3725 3317 3781 evidenter
3342 3743 3510 3797 agno-

1928 3831 2086 3884 scant
2127 3822 2407 3891 prmfatam
2439 3820 2644 3875 Christi
2679 3818 2976 3876 Ecclesium
3001 3858 3016 3883 ,
3059 3819 3247 3874 eodem
3293 3817 3512 3874 Christo

1925 3915 2154 3969 Domino
2185 3916 2522 3985 gubernante
2549 3929 2613 3968 ac
2642 3921 2988 3982 protegente,
3027 3927 3128 3966 nec
3151 3927 3181 3964 a
3210 3921 3359 3965 recto
3383 3911 3509 3966 ﬁdei

1924 4006 2144 4060 tramite
2179 4005 2444 4070 deviasse,
2472 4011 2528 4057 et
2547 4013 2832 4074 paternum
2857 4017 3086 4068 morem,
3117 4017 3278 4072 quem
3307 4010 3510 4058 statuta

1925 4095 2294 4152 ecclesiastica
2346 4094 2661 4158 declarant,
2709 4091 2943 4147 ﬁdeliter
2989 4092 3297 4157 custodire,
3325 4104 3388 4147 ac
3413 4106 3511 4162 per

1923 4188 2028 4244 hoc
2049 4189 2118 4242 ab
2139 4187 2362 4257 antiquo
2401 4185 2658 4241 Ecclesiae
2698 4183 2794 4238 Dei
2826 4199 2927 4237 usu
2960 4182 3265 4238 nullatenus
3311 4184 3513 4238 discre-

1924 4294 2080 4350 pare,
2111 4290 2132 4317 ε
2181 4294 2282 4334 nec
2307 4287 2655 4333 contemnere
2697 4274 2924 4344 alicujus
2964 4275 3236 4330 diversum
3277 4290 3510 4342 morem,

1927 4371 1972 4426 si
2004 4379 2215 4426 constat
2248 4386 2369 4426 esse
2401 4369 2768 4440 probabilem;
2813 4368 2929 4434 sed,
2955 4367 3111 4437 juxta
3160 4366 3507 4438 Apostolum,

226 4462 517 4532 praemissa
559 4461 769 4520 scilicet
795 4459 1117 4532 praefatione
1145 4461 1174 4502 ι’
1195 4460 1272 4530 pii
1315 4467 1367 4515 et
1404 4460 1692 4516 orthodoxi
1724 4462 1824 4516 Pa—
1848 4442 1902 4502 D
1927 4478 1989 4517 ea
2017 4479 2139 4532 quae
2164 4463 2379 4518 utiliora
2411 4470 2465 4517 et
2485 4461 2697 4532 potiora
2725 4469 2852 4517 sunt
2875 4460 3048 4531 sequi.
3105 4459 3196 4515 Ait
3224 4474 3459 4529 namque
3490 4478 3503 4516 .'

1603 4573 1878 4632 BALUZII
1915 4577 2146 4634 ΝΟΤᾸΞ.

305 4683 334 4711 ι
367 4667 555 4738 Nuper
572 4665 763 4738 stultus
785 4674 832 4720 et
861 4665 1146 4738 improbus.
1193 4663 1304 4738 Ant
1329 4664 1484 4738 valde
1518 4665 1693 4730 fallor,
1727 4677 1821 4722 aut

225 4735 487 4810 intelligit
509 4737 1180 4810 Amalariumdiaconum.
1231 4735 1348 4804 Quo
1379 4736 1595 4810 factum
1627 4747 1740 4804 est,
1760 4747 1819 4793 ut

225 4828 357 4870 cum
395 4806 1133 4878 posteaAmalariuslibros
1179 4816 1410 4876 quatuor
1458 4808 1714 4878 edidisset
1749 4810 1816 4864 de

223 4877 432 4940 divinis
457 4879 680 4944 Ofﬁciis,
709 4895 834 4936 eum
867 4877 1066 4950 talione
1103 4879 1454 4950 momorderit
1479 4877 1815 4950 Agobardus,

223 4954 404 5010 libros
424 4951 544 5005 illos
565 4951 632 5006 ad
657 4951 836 5004 vivum
863 4948 1164 5019 excutigps.
1201 4948 1355 5004 llunc
1377 4948 1546 5019 porro'
1562 4949 1816 5005 allectum

225 5025 494 5080 adversus
521 5020 852 5076 Amalarium
883 5019 1040 5075 Floro
1054 5019 1515 5090 Lugdunensique
1563 5021 1817 5076 Ecclesia:

225 5093 521 5166 inSpiravit
556 5091 652 5166 hic
690 5100 888 5166 ‘noster
913 5091 1217 5166 episcopus.
1268 5089 1400 5166 Nam
1447 5091 1813 5166 e0_defu_ucto,

223 5161 432 5222 Florus
458 5161 934 5219 acriter.invectus
955 5169 1038 5218 est
1067 5161 1122 5214 in
1149 5161 1480 5216 Amalarium
1512 5162 1565 5215 in
1590 5163 1816 5232 epistola

222 5235 456 5293 nomine
479 5233 737 5290 Ecclesiae
759 5232 1133 5303 Lugdunensis
1173 5233 1375 5303 scripta
1409 5232 1460 5285 in
1489 5249 1649 5287 causa
1680 5250 1816 5303 prte-

221 5305 630 5364 dostinatinnis.
681 5303 808 5360 Haec
835 5311 960 5358 sunt
1005 5303 1167 5357 verba
1201 5303 1238 5358 F
1244 5304 1366 5369 lori,
1414 5318 1546 5358 sane
1589 5303 1814 5360 multum

221 5379 520 5435 aculeata:
549 5394 568 5427 ι
609 5374 829 5431 Multum
860 5374 1083 5430 moleste
1127 5383 1182 5428 et
1227 5373 1474 5430 dolenter
1519 5375 1816 5442 accipimus

220 5460 289 5505 nt
312 5447 672 5504 ecclesiastici
701 5455 758 5503 et
777 5445 1070 5516 prudentes
1100 5444 1201 5499 viri
1235 5444 1570 5516 Amalarium
1597 5446 1662 5500 de
1685 5446 1806 5500 ﬁdei

223 5521 446 5576 ratione
471 5515 840 5582 consulerent;
865 5517 958 5586 qui
982 5524 1038 5570 et
1058 5516 1237 5570 verbis
1255 5525 1310 5570 et
1333 5515 1484 5571 IllTlS
1508 5517 1640 5582 suis,
1668 5534 1815 5573 men-

220 5591 405 5648 daciis
431 5599 490 5644 et
513 5589 791 5645 erroribus
839 5597 894 5643 et
935 5587 1289 5656 phantasticis
1333 5596 1495 5656 atque
1543 5589 1812 5644 htereticis

177 5709 184 5714 .
219 5659 688 5731 disputationibus
713 5659 906 5728 plenis,
945 5674 1132 5731 omnes
1168 5673 1303 5731 pene
1347 5660 1487 5728 apud
1524 5658 1806 5714 Franciam

215 5729 615 5803 Ecclesiaset
669 5731 959 5803 nonnullas
1006 5729 1169 5786 etiam
1225 5730 1452 5784 aliarum
1503 5731 1805 5803 regionum,

220 5811 496 5874 quantum
523 5802 577 5874 in
606 5817 674 5874 se
705 5801 837 5874 fuit,
877 5799 1068 5858 infecit
1107 5810 1272 5874 atque
1301 5802 1540 5871 corrupit
1565 5799 1588 5868 ξ
1614 5811 1670 5856 ιιι
1699 5819 1805 5856 non

220 5873 346 5940 tam
389 5875 504 5950 ipse
536 5873 602 5930 de
651 5873 755 5928 ﬁde
798 5873 1118 5947 interrogari
1164 5889 1324 5944 quam
1373 5874 1555 5928 omnia
1605 5873 1805 5943 scripta

1477 6026 1576 6038 ..‘.

1927 4669 2043 4737 ejus
2069 4669 2259 4724 saltem
2287 4675 2410 4739 post
2455 4675 2684 4739 mortem
2714 4665 2996 4739 debuerint
3028 4665 3152 4739 igne
3183 4664 3447 4739 consumi.
3483 4686 3502 4720 ι

1923 4734 2233 4804 Ariialarius
2255 4734 2386 4810 ergo
2409 4737 2660 4810 nonnulla
2686 4736 3109 4810 reprehenderat
3139 4734 3191 4810 in
3223 4744 3381 4810 cantu
3407 4735 3510 4810 βο-

1925 4812 2106 4867 clesia:
2149 4805 2543 4876 Lugdu'nensis,
2581 4805 2997 4878 intemperantia
3046 4805 3188 4878 haud
3219 4805 3380 4861 dubie
3407 4805 3508 4862 liu-

1924 4875 2494 4954 gugestylique,_seu
2538 4881 2665 4954 quia
2709 4875 2927 4954 magnis
2965 4875 3232 4930 interdum
3278 4878 3509 4954 ingeniis

1924 4949 2040 5031 pro.
2062 4949 2186 5007 ludo
2214 4949 2297 5031 est
2323 4949 2723 5031 alioruml‘acta
2753 4949 3294 5031 dietaqueucarpere.
3319 4949 3506 5031 Pupu-

1922 5019 2000 5094 git
2030 5025 2128 5079 ista
2153 5024 2376 5078 audacia
2394 5021 2766 5094 iAgobardum,
2797 5033 2971 5094 neque
2999 5019 3376 5094 dissimulavit.
3406 5019 3508 5075 Ita-

1921 5089 2027 5164 que
2059 5114 2122 5150 ea
2154 5095 2255 5148 fuit
2283 5089 2549 5164 scribeinli
2583 5089 3088 5164 libri_isti_useausa
3113 5098 3167 5142 et
3196 5091 3431 5164 occasio.

1993 5166 2020 5205 δ
2061 5165 2148 5220 Pii
2175 5175 2224 5219 et
2269 5163 2547 5222 orthodoxi
2574 5161 2787 5231 Patris,
2819 5159 3068 5231 Leidradi
3112 5161 3504 5231 archiepiscopi

1919 5234 2339 5308 Lugdunensis;
2388 5235 2479 5304 qui
2526 5240 2742 5287 cantum
2775 5229 2829 5308 i_u
2874 5230 3116 5308 Ecclesia
3161 5229 3504 5308 Lugdunen‘si

1918 5300 2280 5378 disposuerat,
2325 5300 2578 5375 ill—pillei.
2619 5318 2685 5357 ex
2719 5300 2945 5373 epistola
2991 5301 3060 5356 ab
3090 5318 3154 5356 eo
3190 5300 3390 5373 scripta
3437 5303 3506 5358 ad

1919 5376 2173 5434 Carolum
2203 5379 2473 5448 Magnum.

1992 5462 2012 5488 ο
2046 5450 2158 5504 Nec
2195 5443 2521 5503 conlemnere
2563 5445 2636 5498 al.
2685 5445 2789 5499 diu.
2829 5461 3046 5499 morem.
3103 5443 3368 5498 Praeclare
3409 5444 3506 5499 ad-

1919 5521 2158 5576 modum.
2205 5520 2339 5574 Nam
2387 5532 2721 5587 unaquaeque
2763 5516 3004 5572 Ecclesia
3035 5513 3338 5587 peculiares
3377 5530 3505 5571 suas

1917 5592 2334 5648 consuetudines
2364 5584 2562 5644 habere
2611 5584 2807 5659 potest,
2847 5604 2967 5658 qua:
2995 5584 3174 5642 tamen
3222 5584 3344 5659 ﬁdei
3372 5601 3504 5659 con-

1917 5664 2098 5738 traria:
2128 5678 2265 5738 non
2295 5661 2442 5738 sint;
2494 5660 2585 5738 uti.
2610 5657 3138 5738 pluribus’dixiiuus
3185 5657 3254 5738 ad
3299 5657 3500 5738 episto-

1912 5735 2022 5790 lam
2073 5734 2142 5789 ad
2184 5731 2486 5788 Nibridium
2540 5726 2965 5789 Narbonensem.
3004 5728 3139 5785 Vide
3180 5726 3503 5789 Gratianum

1912 5807 2037 5863 dist.
2073 5804 2157 5860 l2.
