4012 6338
636 428 737 497 327

1591 433 1649 489 S.
1688 425 2036 490 AGOBARDI
2067 429 2373 490 EPISCOPI
2408 420 2893 487 LUGDUNENSIS

634 556 702 610 Et
738 556 836 608 hoc
864 569 976 618 oro,
1015 558 1075 606 ut
1098 550 1329 607 charitas
1354 560 1524 605 vestra
1558 550 1723 620 magis
1751 567 1813 605 ac
1842 550 2009 619 magis
2051 547 2213 601 abun-
2236 550 2289 610 Α
2313 546 2619 618 lipomenon
2668 547 2884 617 legitur,
2935 546 3079 616 quod
3124 546 3314 602 beatus
3357 545 3527 604 David
3550 540 3641 605 rei
3662 558 3829 626 αργο-

632 647 715 700 det
746 647 799 699 in
819 645 1037 700 scientia
1077 653 1126 699 et
1163 643 1304 698 omni
1326 659 1513 708 sensu,
1553 650 1609 701 ut
1631 640 1854 712 probetis
1876 641 2113 711 potiora,
2148 649 2207 693 ut

630 738 745 790 sitis
777 736 967 790 sinceri
1019 744 1067 790 et
1112 736 1224 789 sine
1264 734 1467 803 offensa
1501 734 1556 786 in
1590 732 1726 786 diem
1755 731 1966 787 Christi.
1996 731 2065 785 Et
2101 731 2206 786 alio

629 826 746 879 loco
772 842 785 877 :
819 822 886 877 Ut
914 824 1139 899 probetis
1166 841 1283 895 qua:
1305 824 1374 877 sit
1395 822 1632 877 voluntas
1658 821 1758 877 Dei
1786 822 1939 905 bona,
1977 831 2026 877 et
2056 822 2207 877 bene-

626 916 856 986 placens,
884 924 931 969 et
956 913 1204 985 perfecta.
1233 914 1300 969 Et
1324 913 1449 968 alibi
1474 931 1488 966 :
1513 912 1863 967 Emulamini
1888 923 2063 967 autem
2085 913 2206 967 cita-

628 1007 851 1060 rismata
882 1004 1120 1059 meliora.
1180 1005 1249 1058 Et
1277 1004 1473 1059 iterum
1500 1021 1515 1058 :
1568 1002 1747 1057 Nolite
1766 1002 1916 1073 pueri
1940 1003 2067 1073 effici
2087 1019 2203 1058 sen-

550 1088 555 1091 ’
626 1097 789 1150 sibus.
832 1095 940 1151 Sed
983 1103 1037 1150 et
1070 1094 1365 1149 reverenda
1405 1094 1631 1149 concilia
1657 1084 1879 1147 Patrum
1902 1094 2202 1149 decemunt

626 1202 968 1257 nequaquam
998 1199 1023 1228 ι
1051 1187 1289 1258 plebeios
1314 1186 1549 1257 psalmos
1572 1187 1624 1241 in
1645 1187 1884 1242 Ecclesia
1909 1186 2202 1243 decantan-

628 1268 833 1344 dos,et
862 1279 889 1318 δ
914 1278 1047 1333 nihil
1075 1278 1287 1348 poetice
1326 1279 1683 1347 compositum
1720 1278 1775 1332 in
1802 1277 1997 1332 divinis
2023 1276 2197 1332 laudi-

542 1354 547 1359 ’
622 1368 725 1424 bus
770 1369 1157 1437 usurpandum.
1243 1367 1391 1422 Inter
1439 1382 1575 1437 quos
1623 1368 1788 1421 etiam
1824 1367 2014 1422 beatus
2062 1383 2200 1437 papa

544 1520 549 1525 ι
624 1458 919 1530 Gregorius
941 1457 1097 1513 docet
1135 1457 1280 1527 quod
1301 1464 1409 1511 n'on
1438 1450 1534 1527 pro
1559 1455 1693 1511 locis
1716 1471 1825 1522 res,
1859 1455 1952 1510 sed
1977 1470 2078 1525 pro
2102 1454 2199 1510 bo-

541 1544 553 1553 ’
624 1548 710 1603 nis
735 1547 897 1604 rebus
924 1547 1037 1602 loca
1069 1547 1301 1602 amanda
1326 1546 1456 1600 sint.
1497 1545 1564 1599 Et
1591 1544 1786 1600 fortius
1812 1545 2197 1601 commendans

621 1646 795 1708 nobis,
829 1645 971 1714 quod
1002 1645 1142 1699 sicut
1165 1652 1503 1712 nequaquam
1523 1655 1623 1711 pro
1648 1640 1780 1695 locis
1802 1680 1818 1705 ,
1864 1639 1939 1693 ita
1971 1653 2071 1694 nec
2095 1654 2195 1709 pro

618 1734 945 1804 quibuslibet
985 1733 1266 1804 personis,
1315 1732 1428 1787 sive
1459 1730 1936 1786 consuetudinibus
1989 1737 2194 1800 tempo-

622 1822 883 1889 rum,"res
905 1823 1104 1878 sectari
1132 1822 1424 1877 debeamus
1444 1862 1458 1885 ,
1489 1832 1619 1891 .non
1645 1826 1728 1873 est
1750 1817 1958 1872 veritus
1993 1817 2047 1871 in
2076 1817 2191 1888 ipsa

2306 638 2469 709 pheta
2527 636 2625 693 Dei
2669 639 2878 709 primus
2941 638 3136 694 choros
3187 637 3503 695 Levitarum
3543 632 3828 704 laudantium

2307 729 2592 785 Dominum
2639 730 2695 785 in
2746 730 3094 786 tabernaculo
3142 730 3255 786 sive
3310 731 3367 785 in
3424 732 3619 803 templo
3671 741 3829 794 onusti.

2306 822 2492 887 tuerit,
2515 821 2700 890 eisque
2723 820 2960 893 psalmos
2980 830 3037 875 et
3056 821 3288 892 hymnos
3307 827 3364 876 et
3385 822 3596 878 cantica
3619 825 3826 884 divinitus

2305 910 2406 967 sibi
2433 919 2489 967 et
2511 912 2739 979 caeteris,
2787 912 3032 982 quicum
3068 927 3136 967 eo
3182 914 3575 983 prephetabant
3614 915 3826 986 inspirata

2303 1002 2611 1069 tradiderit,
2635 1018 2699 1058 ac
2726 1019 2885 1059 mane
2912 1013 2969 1058 et
2995 1018 3222 1074 vespere
3243 1005 3387 1059 inter
3421 1005 3600 1061 divina
3627 1006 3826 1065 holocau-

2302 1101 2385 1149 sta
2429 1100 2486 1149 et
2519 1092 2787 1149 sacriﬁcia
2831 1094 3170 1148 decantanda
3204 1095 3523 1151 decreverit.
3566 1095 3720 1163 Quem
3743 1115 3825 1154 mo-

2301 1199 2417 1240 rem
2444 1199 2476 1238 a
2512 1185 2716 1241 sanctis
2744 1185 3022 1255 prophetis
3042 1184 3331 1251 traditum,
3376 1196 3432 1241 et
3463 1201 3495 1240 a
3528 1191 3825 1257 sequentibus

2299 1275 2546 1345 patribus
2568 1274 2978 1346 diligentissime
2996 1275 3346 1341 custoditum,
3371 1272 3545 1347 usque
3571 1278 3635 1332 ad
3658 1288 3825 1349 tempus

2297 1363 2435 1420 Novi
2481 1365 2811 1421 Testamenti
2836 1405 2852 1430 ,
2904 1380 3011 1437 quo
3044 1364 3159 1436 jam
3204 1366 3462 1436 templum
3506 1367 3638 1424 illud
3664 1370 3824 1425 destrui

2297 1457 2603 1526 oportebat,
2627 1450 2877 1526 religiosa
2900 1464 3113 1512 constat
3128 1457 3509 1514 observatione
3528 1461 3821 1529 perductum.

2297 1546 2452 1602 Unde
2479 1536 2824 1619 summopere
2851 1560 3073 1603 necesse
3094 1556 3181 1603 est
3197 1588 3212 1614 ,
3252 1557 3315 1603 ut
3340 1549 3385 1604 si
3415 1564 3546 1605 vere
3568 1551 3752 1622 absque
3771 1554 3824 1608 ol-

2294 1638 2567 1695 fendiculo
2612 1639 2698 1694 vel
2745 1637 3082 1694 haesitatione
3128 1640 3335 1695 divinas
3387 1639 3577 1696 laudes
3624 1645 3823 1713 cupimus

2293 1730 2594 1796 celebrare,
2640 1737 2784 1785 totos
2810 1744 2910 1785 nos
2951 1730 3148 1786 divinis
3176 1731 3517 1787 sermonibus
3536 1776 3554 1801 ,
3592 1733 3643 1787 in
3673 1736 3823 1804 quibus

2292 1821 2471 1876 nullus
2496 1830 2581 1877 est
2602 1835 2778 1887 error,
2806 1820 2948 1876 nulla
2968 1822 3322 1893 ambiguitas,
3351 1833 3692 1893 coaptemus;
3718 1826 3823 1880 sicut

535 1963 539 1966 ,
615 1910 860 1968 Romana
890 1912 1136 1968 Ecclesia
1156 1911 1401 1980 quaedam
1447 1910 1502 1964 in
1539 1908 1710 1964 sacris
1732 1906 1922 1963 ciliciis
1954 1916 2009 1962 et
2029 1898 2192 1962 mini-
2218 1896 2268 1955 Β
2293 1911 2360 1966 de
2383 1910 2622 1981 praefatis
2649 1912 2853 1967 Levitis
2871 1952 2886 1978 ,
2937 1910 3172 1981 antiquis
3214 1911 3411 1969 divinae
3446 1914 3623 1971 laudis
3641 1918 3826 1971 cantori-

613 2006 796 2060 steriis
837 2002 1285 2076 reprehensibilia
1327 2003 1489 2058 etiam
1529 2000 1629 2056 sub
1663 2001 2022 2056 anathematis
2047 2001 2195 2056 dam-

576 2106 581 2109 ‘
613 2095 831 2151 natione
881 2100 1161 2159 resecare;
1215 2094 1355 2149 sicut
1402 2090 1520 2161 ejus
1559 2092 1774 2148 decreta
1799 2091 1976 2162 palam
2011 2098 2194 2146 osten-

612 2187 747 2243 dunt
798 2186 972 2259 (Vide
1000 2186 1094 2241 lib.
1145 2183 1937 2255 Correct.Antiph.,cap.15,
1982 2181 2186 2254 infra).

612 2277 766 2346 Quod
796 2280 840 2333 si
866 2279 1156 2349 praedictus
1180 2278 1537 2333 calumniator
1558 2276 1837 2332 humiliter
1859 2284 1915 2330 et
1932 2275 2190 2331 obedien-

610 2375 695 2422 ter
720 2382 952 2437 pensare
981 2368 1295 2432 studuisset,
1329 2381 1668 2439 nequaquam
1701 2367 1768 2422 ad
1798 2375 2002 2421 tantam
2025 2367 2186 2422 deve-

610 2453 767 2508 niret-
795 2452 1103 2508 fatuitatem
1126 2495 1141 2519 ,
1184 2463 1244 2508 ut
1284 2454 1449 2508 verba
1485 2452 1845 2524 quorumlibet
1884 2452 2185 2519 hominum,

606 2558 835 2614 quorum
857 2560 957 2600 nec
985 2545 1232 2612 nomina,
1265 2560 1366 2600 nec
1390 2559 1607 2600 sensum
1633 2585 1651 2610 ,
1670 2556 1788 2599 'nec
1816 2543 1977 2598 ﬁdem
2013 2544 2184 2611 novit,

606 2638 864 2703 tanquam
884 2633 1098 2689 divinas
1124 2634 1436 2704 Scripturas
1464 2634 1796 2699 defenderet,
1822 2643 1878 2688 et
1897 2648 1996 2703 per
2016 2635 2187 2705 phan-

536 2748 545 2757 -
594 2726 849 2780 'tasticas
867 2741 932 2781 ac
950 2726 1311 2782 "mdiculosas
1338 2726 1625 2797 allegorias
1640 2725 1934 2805 explanare
1962 2741 2185 2781 conare-

603 2824 713 2869 tur.
754 2815 911 2870 Certe
941 2817 988 2871 si
1019 2817 1149 2885 quid
1190 2832 1383 2873 sanum
1429 2816 1664 2887 cogitare
1692 2816 1882 2883 vellet,
1914 2814 2185 2873 suﬂiceret

600 2905 655 2960 ei
685 2907 751 2960 ad
776 2921 991 2962 omnem
1012 2908 1445 2963 emendationem
1472 2916 1527 2961 et
1550 2907 1842 2975 silentium,
1874 2908 2017 2979 quod
2046 2910 2185 2965 sicut

607 2996 664 3050 in
697 2997 885 3052 diebus
911 2999 978 3053 ad
1012 2999 1214 3054 missas
1252 3014 1358 3055 nou
1385 2998 1488 3054 nisi
1520 2999 1699 3055 divina
1728 2999 2052 3070 generaliter
2072 2999 2182 3056 elo-

602 3086 730 3156 quia
765 3087 1140 3154 decantantur,
1176 3089 1249 3143 ita
1279 3098 1337 3157 et
1379 3090 1436 3144 in
1482 3090 1731 3147 noctibus
1759 3091 1828 3147 ad
1854 3106 2039 3147 sacras
2071 3091 2179 3148 Deo

600 3174 812 3246 vigilias
841 3176 1172 3234 exhibendas
1207 3179 1395 3235 eadem
1439 3180 1627 3250 procul
1673 3180 1835 3235 dubio
1873 3180 1959 3236 lex
1988 3181 2180 3237 debeat

598 3265 894 3334 observari.
950 3268 1097 3324 Unus
1128 3284 1322 3341 nempe
1348 3272 1693 3341 omnipotens
1728 3270 1988 3328 Dominus
2025 3281 2178 3329 utro-
2204 3254 2249 3318 Ο

599 3344 707 3424 que
740 3343 987 3426 tempore
1037 3359 1308 3427 laudatur,
1356 3363 1448 3417 uni
1474 3362 1703 3420 Domino
1732 3370 1943 3435 tempus
1968 3375 2177 3426 utrum-

596 3458 702 3515 que
731 3443 1041 3511 famulatur,
1074 3450 1162 3505 cui
1192 3451 1429 3507 dicitur:
1464 3451 1608 3509 Tuus
1624 3464 1700 3509 est
1731 3455 1841 3511 dies
1861 3498 1875 3522 ,
1924 3457 2170 3527 Domine,

594 3544 644 3589 et
685 3545 775 3591 tua
816 3549 894 3612 est
939 3556 1060 3594 nox.
1115 3540 1196 3595 Tu
1222 3543 1509 3612 fabricatus
1542 3563 1595 3600 es
1618 3563 1867 3602 auroram
1910 3548 1957 3603 et
1986 3550 2168 3605 solem.

598 3623 706 3681 Sed
735 3626 853 3697 ejus
896 3631 1092 3687 stultus
1117 3641 1173 3687 et
1201 3634 1387 3691 irritus
1414 3636 1567 3692 labor
1601 3639 1958 3709 prudentibus
1990 3651 2045 3695 et
2074 3643 2196 3709 mi-,

592 3719 738 3775 nime
767 3724 1122 3781 contentiosis
1154 3741 1219 3781 ac
1244 3727 1414 3782 Deum
1447 3729 1761 3786 timentibus
1797 3729 2055 3800 majorem
2088 3705 2195 3788 ἱιι-ὅ

594 3813 732 3867 cutit
766 3815 1179 3875 sollicitudinem
1197 3860 1213 3886 ,
1239 3829 1301 3875 ut
1324 3830 1547 3892 propter
1580 3823 1884 3893 ltujusmodi
1911 3842 2091 3882 naevos
2117 3835 2173 3883 et

592 3896 806 3957 errorés
835 3907 1105 3961 cavendus
1135 3909 1375 3965 vivacius
1405 3920 1461 3966 et
1479 3904 1739 3968 attentius
1768 3913 1963 3969 divinae
1987 3925 2170 3972 aucto-

591 3991 738 4047 ritati
765 4004 818 4048 et
848 3998 1233 4055 ecclesiasticis
1272 4004 1487 4058 statutis
1516 4004 1833 4061 inhaereant.
1865 4006 1991 4064 Hzec
2023 4025 2171 4065 nam-

592 4094 696 4148 que
722 4082 843 4136 ﬁdei
870 4088 1079 4141 cautela
1099 4129 1112 4154 ,
1145 4100 1200 4144 et
1227 4093 1591 4149 sincerissima
1621 4098 1980 4154 observantiae
2001 4100 2166 4157 disci-

586 4169 732 4239 plina
758 4212 773 4237 ,
805 4182 865 4227 ut
894 4174 945 4228 in
972 4178 1170 4247 templo
1199 4179 1294 4234 Dei
1334 4190 1388 4236 et
1425 4198 1605 4238 coram
1633 4186 1814 4242 divino
1840 4188 1998 4243 altari
2029 4191 2170 4246 divi-

590 4276 785 4317 norum
817 4268 1190 4323 tantummodo
1218 4269 1555 4342 eloquiorum
1584 4275 1812 4331 melodia
1840 4277 2163 4349 celebretur,

584 4353 749 4409 etiam
792 4356 1007 4414 Veteris
1057 4358 1390 4419 Tes‘tamenti
1440 4368 1764 4422 auctoritate
1803 4375 1858 4423 et
1903 4372 2166 4442 exemplis

580 4446 738 4503 nobis
768 4446 1081 4509 ﬁrmissime
1120 4457 1528 4512 commendatur
1561 4476 1574 4513 :
1608 4459 1699 4515 ubi
1729 4460 1785 4514 in
1820 4459 1962 4517 libro
2001 4462 2165 4519 Para-
2188 4456 2243 4517 D

2290 2001 2412 2072 bus,
2470 2002 2614 2057 idem
2660 2002 3102 2072 Paralipomenon
3141 2002 3279 2058 liber
3319 2004 3589 2074 replicat,
3636 2007 3820 2062 dicens:

2290 2091 2483 2147 Levitaa
2510 2109 2629 2148 vero
2653 2103 2708 2146 ut
2749 2102 2882 2148 stent
2914 2110 3068 2148 mane
3106 2094 3175 2148 ad
3214 2095 3575 2164 conﬁtendum
3605 2109 3652 2152 et
3676 2116 3823 2153 canen-

2289 2183 2416 2237 dum
2446 2182 2689 2249 Domino,
2723 2184 3063 2256 similiterque
3090 2184 3160 2239 ad
3184 2201 3479 2256 vesperam,
3508 2198 3621 2243 tam
3645 2190 3695 2242 in
3714 2190 3823 2242 obla-

2288 2275 2444 2328 tione.
2472 2274 2899 2330 Itolocaustorum
2945 2275 3193 2342 Domini,
3240 2294 3399 2348 quam
3443 2279 3499 2332 in
3522 2280 3756 2346 sabbatis,
3790 2292 3823 2335 et

2287 2363 2545 2431 kalendis,
2577 2376 2627 2420 et
2648 2366 3062 2421 solemnitatibus
3089 2368 3310 2422 steteris.
3351 2368 3418 2422 Et
3460 2369 3662 2425 iterum
3687 2372 3731 2426 iu
3763 2371 3824 2426 de-

2286 2437 2556 2506 dicatione
2602 2451 2790 2522 templi
2829 2452 2930 2507 sub
2969 2450 3258 2508 Salomone
3286 2452 3527 2510 dicitur:
3562 2456 3632 2510 Et
3652 2457 3822 2511 dedica-

2286 2540 2355 2595 vit
2377 2542 2591 2596 domum
2636 2541 2851 2596 Domini
2891 2558 2982 2597 reo:
3010 2552 3058 2596 et
3082 2544 3356 2599 universus
3388 2545 3637 2617 populus.
3679 2546 3823 2603 Sacer-

2285 2630 2428 2685 dotes
2453 2641 2625 2685 autem
2653 2633 2858 2686 stabant
2878 2632 2932 2686 in
2957 2631 3146 2702 ofﬁciis
3182 2634 3311 2699 suis,
3342 2643 3391 2689 et
3415 2633 3612 2690 Levita:
3631 2637 3681 2691 in
3710 2654 3823 2707 orga-

2234 2754 2245 2762 -
2286 2722 2366 2775 nis
2390 2723 2683 2777 caminum
2706 2714 2934 2787 Domini;
2960 2738 3077 2795 quoe
3100 2724 3222 2794 fecit
3240 2724 3410 2781 Dauid
3436 2741 3528 2781 rex
3550 2728 3625 2782 ad
3645 2726 3823 2783 laudau-

2283 2810 2409 2864 dum
2443 2811 2767 2878 Dominum,
2811 2814 3058 2885 quoniam
3105 2814 3161 2868 in
3208 2825 3459 2870 teternum
3504 2818 3822 2873 misericordia

2281 2902 2416 2972 ejus,
2437 2904 2653 2973 hymnos
2676 2896 2847 2959 David
2875 2915 3116 2960 canentes
3138 2920 3231 2977 per
3252 2920 3439 2962 manus
3461 2923 3612 2964 suas.
3654 2908 3767 2965 llem
3782 2909 3821 2963 in

2280 2993 2654 3049 emendatione
2710 3004 2767 3050 et
2829 2997 3204 3067 puriﬁcatione
3252 2998 3492 3068 ejusdem
3540 3002 3714 3073 templi
3747 3001 3821 3055 sub

2280 3083 2513 3142 Ezechia
2541 3087 2801 3159 scriptum
2822 3096 2914 3161 est
2936 3105 2949 3141 :
2986 3085 3343 3162 l’rweepitque
3365 3091 3628 3149 Ezechias
3646 3103 3691 3148 et
3706 3094 3821 3165 priu-

2280 3178 2417 3250 cipes
2457 3178 2669 3248 Levitis,
2706 3190 2763 3234 ut
2786 3181 3068 3236 laudarent
3094 3181 3375 3237 Dominum
3402 3186 3721 3240 sermonibus
3742 3183 3823 3237 Da-

2280 3258 2386 3335 uid,
2427 3280 2477 3325 et
2513 3271 2691 3340 Λεαρή
2720 3272 2975 3339 videntis,
3020 3274 3111 3346 qui
3136 3273 3482 3331 laudauerunt
3522 3294 3645 3332 eum
3668 3292 3820 3348 magna

2281 3363 2485 3419 Ιαιιίιέα.
2546 3363 2808 3420 Similiter
2852 3366 3015 3422 etiam
3064 3367 3165 3423 sub
3196 3366 3438 3425 Josia‘iu
3495 3372 3820 3428 celebratione

2279 3453 2471 3511 Phase.
2511 3453 2683 3511 Porro
2713 3466 2949 3513 cantores
2971 3499 2988 3525 ,
3013 3459 3219 3529 inquit,
3247 3461 3347 3530 ﬁlii
3372 3462 3549 3534 Λεαρὴ
3577 3464 3820 3521 stabuntn-

2277 3546 2458 3601 ordine
2484 3562 2580 3602 suo
2594 3548 2757 3618 juxta
2778 3559 3092 3621 prteceptum
3114 3542 3286 3607 David
3303 3594 3318 3619 ,
3354 3563 3411 3609 *et
3438 3554 3642 3626 Asaplt,
3675 3567 3719 3611 et
3746 3553 3820 3608 lit-

2274 3651 2418 3702 man,
2473 3644 2520 3690 et
2569 3636 2790 3692 Idithim
2833 3642 3203 3710 prophetarum
3252 3646 3433 3715 regis.‘
3480 3645 3639 3713 Quod
3682 3654 3819 3702 totum

2274 3740 2438 3794 quam
2478 3734 2665 3782 sancte
2716 3737 2770 3783 et
2808 3729 3055 3800 religiose
3093 3731 3256 3787 fuerit
3293 3734 3606 3792 institutum
3632 3777 3648 3804 ,
3689 3751 3819 3807 quam

2273 3816 2500 3872 dulciter
2543 3834 2608 3873 ac
2653 3829 2967 3877 reverenter
2999 3823 3069 3877 sit
3101 3823 3431 3882 imitandum
3472 3826 3623 3885 inter
3655 3837 3819 3884 cattas

2273 3906 2418 3962 beati
2457 3908 2625 3964 David
2677 3911 2992 3981 magniﬁca,
3042 3913 3116 3968 ita
3164 3913 3303 3971 liber
3341 3916 3750 3975 Ecclesiasticus
3776 3918 3818 3973 in

2271 4004 2388 4074 ejus
2438 4004 2685 4060 laudibus
2726 4008 3089 4077 prosequitur,
3141 4010 3356 4066 dicens:
3406 4011 3476 4067 In
3517 4016 3661 4067 omni
3696 4026 3817 4085 operi

2270 4094 2411 4148 dedit
2434 4096 2808 4166 confessionem
2852 4108 3034 4153 sancto
3064 4108 3114 4154 et
3154 4100 3357 4156 excelso
3384 4104 3438 4157 in
3463 4105 3619 4158 verba
3644 4104 3814 4175 gloria.

2270 4185 2348 4240 De
2393 4188 2534 4241 omni
2582 4188 2736 4242 corde
2781 4205 2877 4243 suo
2924 4189 3158 4246 laudavit
3195 4191 3479 4247 Dominum
3504 4235 3519 4260 ,
3566 4205 3618 4250 et
3664 4192 3815 4248 dilexi:

2268 4277 2456 4347 Deum,
2488 4281 2577 4350 qui
2607 4280 2726 4350 fecit
2769 4279 2940 4347 illum,
2993 4292 3041 4338 et
3080 4283 3221 4338 dedit
3265 4284 3345 4339 illi
3383 4284 3571 4340 contra
3608 4286 3817 4341 inimicos

2266 4372 2581 4442 potentiam;
2603 4381 2653 4427 et
2681 4383 2822 4427 stare
2845 4374 2965 4443 fecit
2994 4386 3231 4431 cantores
3253 4387 3435 4432 contra
3459 4378 3658 4444 altare,
3699 4387 3741 4432 et
3774 4376 3815 4429 in

2267 4480 2396 4519 sono
2423 4478 2601 4518 eorum
2640 4462 2820 4521 dulces
2844 4464 2969 4536 fecit
3005 4466 3206 4522 modos.
3265 4467 3504 4525 Et'dedit
3530 4473 3591 4525 in
3616 4468 3817 4525 celebra-

1929 4574 2203 4632 BALUle
2240 4577 2469 4635 ΝΟΤΑΞ.

650 4667 675 4735 ξ
709 4654 1219 4735 Plebeiospsalmos.
1257 4659 1540 4735 sumptum
1565 4672 1647 4719 est
1675 4664 1818 4720 istud
1844 4681 1911 4721 ex
1947 4681 2183 4735 canone,

577 4724 767 4805 ultimo
788 4724 997 4785 concilii
1040 4729 1346 4805 Laodiceni,
1379 4724 1432 4786 in
1458 4749 1565 4805 quo
1605 4736 1681 4790 sic
1727 4736 1987 4805 scriptum
2031 4746 2152 4792 est:

577 4791 729 4872 Quod
759 4809 1132 4872 nonhoporteat
1178 4791 1399 4871 plebeios
1424 4791 1651 4872 psalmos
1675 4807 1730 4859 in
1780 4791 2012 4861 Ecclesia
2033 4791 2155 4863 can;

580 4870 711 4940 tare,
749 4883 837 4940 nec
863 4868 1042 4940 libros,
1068 4868 1257 4940 prieter
1277 4868 1546 4937 canoitem,
1580 4874 1719 4940 legi;
1748 4876 1840 4930 sed
1860 4877 1970 4931 sola
2000 4895 2153 4931 sacra

578 4932 841 4989 volumina
908 4932 1436 5005 Nooi'Testamenti,
1489 4932 1563 4997 vel
1618 4932 1831 5001 Veteris.
1891 4947 2149 5003 Prohibet

576 5017 923 5088 ergocanou,
964 5023 1034 5088 ne
1052 5010 1241 5088 psalmi
1268 5011 1485 5088 plebeii,
1502 5014 1698 5088 idest,
1729 5032 1779 5088 a7
1802 5018 2025 5088 privatis
2050 5018 2151 5072 im-

571 5078 865 5152 peritisque
894 5078 1199 5135 hominibus
1227 5078 1538 5152 compositi,
1570 5086 1622 5141 in
1662 5078 1897 5143 Ecclesia
1926 5089 2153 5143 reciten-

572 5153 678 5228 tjur.
711 5142 1015 5228 Invaluerat
1055 5151 1198 5204 enim
1225 5142 2151 5228 hare-consuetudo,C(quemadmo-

573 5212 700 5266 dum
731 5215 796 5267 ad
840 5217 991 5271 hunc“
1025 5235 1283 5277 canouem
1330 5212 1689 5283 Laodicenum
1717 5212 2026 5283 observavit
2053 5212 2149 5282 Ju-

570 5283 779 5369 sicllus,
809 5295 889 5369 et“
894 5285 1161 5369 Henricus
1189 5291 1434 5369 Valesius
1459 5298 1526 5369 ad
1556 5298 1753 5369 librum
1799 5314 1898 5362 vn,
1924 5313 2047 5369 cap.
2076 5299 2147 5354 24

570 5350 1253 5441 {listoria}.Eeclesiasticg
1279 5350 1526 5441 Eusebii),
1549 5350 1621 5421 ut
1636 5350 1789 5422 multi
1816 5350 2059 5438 psalmbs
2079 5350 2146 5425 Ei

571 5421 799 5508 hymnos
829 5425 881 5480 in
909 5427 1165 5508 honorem
1195 5431 1395 5491 Christi
1426 5421 1841 5508 componerent:
1864 5421 2068 5508 eosque
2089 5421 2144 5497 in

572 5491 1052 5576 _E'cclesia_cantari_
1091 5500 1367 5576 facerent:
1416 5491 1575 5576 quod:
1601 5491 1679 5563 ex,
1718 5491 1893 5565 variis
1912 5491 2145 5566 'Eitseliii

566 5561 701 5649 lpcis
728 5568 974 5649 probant.
1006 5570 1321 5649 Hujusmodi
1348 5561 1476 5649 erg‘o
1498 5561 1881 5649 psalmos—iiiw
1902 5561 2143 5637 Ecclesia

570 5633 820 5716 deigtceps
849 5641 969 5718 cani
1011 5633 1179 5718 vetuit
1221 5633 1457 5718 synodus
1494 5633 2143 5718 liaodieenapirulignum

568 5710 858 5789 majestate
876 5710 972 5789 Dei
1001 5710 1317 5789 cred_ens,'si
1345 5718 1465 5774 aliis
1491 5736 1651 5789 quam
1674 5710 1950 5778 sacrorum
1980 5710 2143 5780 libro-

565 5788 686 5858 rum
712 5782 890 5858 verbis
920 5781 1089 5858 Deum
1120 5784 1365 5841 laudaret
1394 5781 1620 5858 populus
1648 5792 2006 5849 Christianus.

635 5847 665 5892 δ
713 5849 863 5908 Nihil
904 5854 1099 5922 poetice
1148 5847 1506 5927 compositum.
1571 5847 2145 5935 CensetiAgob—ardub

2260 4668 2398 4724 levia
2427 4671 2761 4749 carminaet
2779 4671 2965 4727 faciles
2987 4687 3199 4740 versus,
3242 4673 3537 4749 cuiusmodi
3566 4688 3693 4749 sunt
3717 4692 3816 4749 qua:

2258 4750 2448 4794 moteta
2474 4740 2633 4795 hodie
2658 4742 2906 4809 dicimus,
2931 4759 3036 4798 non
3064 4760 3183 4801 esse
3224 4740 3462 4802 catiettda
3491 4746 3545 4802 in
3572 4740 3811 4805 Ecclesia.

2258 4809 2441 4889 Neque
2471 4811 2754 4889 hgobardo
2778 4814 2949 4889 solum
2970 4815 3246 4889 displicuit
3264 4832 3394 4889 usus
3416 4818 3520 4873 ille.
3551 4819 3816 4889 DiSplicuit

2256 4882 2400 4961 enim
2427 4883 2588 4961 etiam
2632 4898 2826 4961 magno
2854 4885 2969 4939 viro
2997 4882 3262 4961 Gulielmo
3284 4888 3535 4961 Dur-andi,
3580 4882 3815 4961 episcopo

2255 4949 2557 5028 hlitnatensi
2583 4968 2596 5016 ;
2629 4949 2778 5028 cujus
2806 4953 3087 5028 haecﬁsunt
3115 4959 3281 5013 verba
3322 4974 3387 5013 ex
3417 4949 3553 5014 libro
3590 4949 3813 5017 secundo

2254 5021 2319 5101 de
2349 5020 2502 5078 Modo
2531 5020 2796 5101 generalis
2824 5020 3037 5080 concilii
3062 5028 3392 5096 celebrandi,
3417 5046 3535 5101 cap.
3570 5031 3642 5085 19
3664 5048 3679 5086 :
3702 5051 3719 5082 ι
3746 5029 3817 5101 νὶέ

2255 5090 2667 5168 dereturvalde
2702 5096 2983 5150 honestum
3024 5112 3145 5153 esse
3178 5101 3321 5168 quod
3363 5090 3550 5156 cantus
3592 5100 3813 5157 indevoti

2254 5170 2309 5216 et
2336 5164 2624 5219 inordinati
2657 5174 2974 5221 motetorum
3002 5178 3057 5222 et
3104 5164 3359 5225 similium
3396 5185 3511 5226 'non
3550 5172 3741 5228 ﬁerent
3767 5171 3813 5223 in

2250 5234 2500 5307 ecclesia,
2527 5250 2647 5290 cum
2678 5238 2993 5307 reprobetur
3024 5238 3095 5293 92
3123 5236 3251 5295 dist;
3274 5238 3542 5296 Cantores.
3570 5263 3605 5295 s=
3627 5243 3814 5298 Verum

2251 5305 2408 5383 durat
2434 5308 2606 5383 adhuc
2634 5307 2687 5360 in
2717 5305 2959 5363 Ecclesia
3003 5325 3122 5365 mos
3150 5310 3456 5383 ille,quem
3482 5312 3596 5383 tolli
3647 5311 3814 5366 abole-

2251 5375 2406 5498 rique
2431 5378 2627 5432 debere
2670 5388 2954 5434 senserunt
3001 5382 3179 5453 magni
3217 5382 3294 5436 illi
3312 5375 3447 5437 'viri.
3496 5382 3637 5450 Quid
3678 5383 3812 5436 enim

2251 5461 2319 5498 vu
2344 5448 2538 5498 aatius.
2586 5462 2747 5498 uuam
2791 5457 2849 5498 ut
2894 5450 3029 5498 levia
3074 5454 3353 5498 carmina;
3389 5461 3445 5498 tu
3472 5451 3812 5498 mndnlalinni

2250 5448 2538 5515 vulgatius,
2586 5462 2747 5516 quam
2791 5457 2849 5503 ut
2894 5450 3030 5504 levia
3074 5448 3353 5518 carmina,
3389 5461 3445 5508 et
3472 5448 3813 5508 modulationi

2250 5526 2397 5594 apta,
2425 5525 2713 5573 canteutur
2755 5521 2807 5573 in
2845 5518 3132 5594 Ecclesia?
3157 5522 3342 5594 Neque
3384 5522 3439 5578 id
3467 5531 3680 5578 tantum
3725 5522 3813 5576 ali-

2249 5589 2483 5662 quoties,
2516 5600 2574 5662 ut
2621 5604 2779 5662 casus
2804 5590 2977 5645 videri
3024 5594 3193 5662 possit
3223 5589 3367 5660 {sed
3409 5602 3655 5649 vertente
3683 5593 3819 5649 anno

2248 5658 2505 5726 quolibet,
2533 5659 2589 5713 in
2618 5661 2705 5714 die
2750 5662 2911 5716 natali
2958 5658 3169 5717 Domini
3211 5658 3381 5720 nostri
3423 5662 3548 5720 Iesu
3592 5663 3812 5719 Christi.

2251 5728 2402 5783 Unde
2425 5730 2745 5803 et_carinina
2770 5732 2858 5785 illa
2887 5742 3104 5803 recepto
3125 5732 3333 5803 jamdiu
3358 5732 3615 5794 vocabulo
3642 5734 3815 5793 nomi-

2247 5808 2446 5855 nantur
2475 5799 2658 5869 Noéls,
2688 5802 2744 5858 id
2761 5811 2865 5870 est,
2889 5799 3098 5860 Natalia
3119 5799 3381 5864 carmina.
