4012 6338
507 368 610 433 5δὶ

1450 347 1530 429 _S.
1573 339 1925 411 AGﬂBARDI
1961 335 2268 403 EPISCOPI
2302 327 2790 395 LUGDUNENSIS

3673 319 3777 380 333

507 498 697 548 nostro
724 480 929 555 aliquid
950 478 1373 552 praesumentes;
1428 466 1524 524 sed
1564 463 1859 534 Scriptura:
1887 462 2089 513 sancta:
2115 457 2169 529 Α
2191 453 2551 523 compositum
2571 491 2586 515 ,
2617 455 2811 506 contra
2838 457 3047 502 morem
3066 437 3327 499 nocturni
3354 435 3516 496 oﬁicii
3542 436 3615 495 ab
3643 436 3781 494 emi-

1893 551 1902 555 -
2331 548 2343 555 .
2413 545 2426 555 .
2469 544 2483 555 .
2826 539 2861 555 ,ο
2882 554 2887 555 ,
2907 552 2923 555 -
2968 552 3049 555 --μ
3070 535 3316 555 -..Α-.-ΚΑΛ
3352 552 3363 555 -
3416 529 3690 555 n----...l.'n
3723 528 3781 555 Δ-

508 528 920 643 θυοῑοτίιθιὲω,
955 528 1045 627 τοι
1094 579 1380 626 sacrorum
1428 572 1694 617 canonum
1733 551 2091 615 sanctionem,
2197 545 2430 605 nentiori
2469 544 2588 601 loco
2624 539 2929 613 pompatice
2957 535 3320 606 concrepabat
3352 552 3365 587 :
3406 529 3690 587 Descendit
3717 528 3782 585 de

510 675 1013 738 catholicorumque
1032 670 1250 736 patrum
1268 657 1515 714 instituta
1536 660 1594 708 et
1610 646 1859 717 exempla
1883 651 2097 700 sectan-

513 780 616 826 tes.
656 767 737 822 De
764 762 962 834 quibus
1002 764 1295 824 antequam
1338 745 1541 829 aliquid
1568 739 1942 834 proferamus,
1969 751 2099 834 con-

514 823 709 930 gruum
736 823 971 914 videtur,
994 867 997 871 ν
1019 823 1254 914 exempli
1298 826 1507 910 gratia,
1552 829 1840 889 nonnullas
1866 823 2099 896 ineptias

516 916 637 1021 qum
663 944 888 1018 prmfato
917 935 1337 996 continebantur
1365 925 1568 990 libello,
1613 931 1809 977 notare
1840 916 2097 981 breviter,

519 1006 583 1099 ac
612 1040 804 1096 leviter
826 1035 1187 1104 redarguere;
1230 1031 1290 1085 ut
1316 1037 1384 1077 ex
1409 1019 1496 1075 his
1525 1009 1967 1086 perpaucissimis
1989 1006 2105 1063 evi-

519 1134 732 1192 dentius
752 1135 1087 1200 agnoscatur
1108 1133 1271 1193 quam
1296 1111 1610 1170 necessario
1636 1122 1758 1177 quae
1795 1105 1851 1160 in
1874 1114 2105 1171 sequen-

520 1230 664 1284 tibus
685 1196 883 1281 dicturi
911 1232 1119 1279 sumus,
1141 1229 1173 1268 a
1197 1208 1447 1281 patribus
1464 1200 1764 1259 constituta
1790 1196 1913 1259 sint,
1938 1208 2108 1263 quane

522 1331 686 1393 taque
721 1318 914 1373 timore
940 1327 1004 1367 ac
1030 1302 1393 1365 sollicitudine
1433 1309 1625 1365 eorum
1666 1291 1807 1348 scita
1836 1286 1994 1347 nobis
2013 1299 2109 1342 ex-

521 1411 705 1483 pediat
718 1406 1038 1464 observare.

590 1501 683 1557 lV.
718 1500 798 1555 Ac
819 1497 1055 1568 primum
1075 1532 1097 1571 ν,
1144 1487 1302 1569 quale
1340 1481 1473 1538 illud
1506 1487 1590 1569 est
1613 1518 1629 1546 ,
1677 1473 1903 1565 quodin
1926 1469 2109 1543 vigilia

521 1594 732 1653 Natalis
761 1556 975 1657 Dgimiui
1016 1556 1091 1645 in;
1115 1556 1285 1640 choro
1311 1560 1633 1643 ﬁdelium‘et
1666 1556 1907 1627 fidelium
1931 1561 2112 1657 erudit

525 1690 762 1746 ditorum
804 1652 1131 1739 cantabatur
1156 1693 1170 1725 :
1198 1673 1339 1727 Dum
1380 1676 1525 1721 ortus
1567 1662 1726 1733 fuerit
1757 1656 1837 1714 sol
1866 1656 1932 1712 de
1957 1652 2109 1721 ctelo,

525 1777 764 1837 videbitis
795 1773 989 1844 Regem
1014 1782 1192 1840 regum
1215 1758 1579 1834 procedentem
1603 1770 1637 1806 a
1664 1751 1825 1805 Patre
1842 1757 2110 1817 tanquam

525 1833 771 1946 sponsum
804 1833 1144 1929 devthalamo
1183 1833 1278 1915 suo
1303 1854 1327 1906 ?
1366 1850 1528 1909 Certe
1566 1845 1698 1900 ﬁdes
1726 1838 1994 1905 catholica
2019 1837 2111 1892 ha-

530 1929 635 2021 bet
670 1959 908 2019 Verbum
950 1951 1087 2016 Dei,
1137 1946 1282 2025 quod
1313 1945 1367 2000 in
1400 1938 1667 2012 principio
1693 1942 1814 1991 erat
1843 1930 1986 2002 apud
2010 1929 2113 1983 Pa-

526 2062 706 2124 trem,
755 2051 811 2106 in
856 2044 1095 2109 thalamo
1123 2019 1266 2095 uteri
1302 2032 1582 2106 virginalis
1621 2025 1966 2096 coniunxisse
2012 2019 2116 2077 sibi

532 2120 826 2217 sponsum;
875 2135 1027 2217 cujus
1058 2139 1308 2189 naturam
1340 2127 1397 2182 in
1430 2123 1635 2178 unitate
1662 2130 1911 2189 personae
1943 2111 2117 2169 susci-

528 2201 702 2309 piens,
735 2201 862 2289 caro
881 2201 1087 2283 factum
1115 2230 1203 2309 est
1237 2227 1299 2275 ut
1324 2215 1595 2274 habitaret
1622 2211 1678 2265 in
1713 2207 1889 2265 nobis.
1947 2201 2118 2261 Natu-

529 2296 606 2387 ra:
628 2296 777 2384 enim
803 2331 1005 2381 nostra:
1032 2300 1215 2373 uultus
1238 2354 1254 2381 ,
1300 2319 1562 2382 tanquam
1592 2317 1824 2377 sponsus
1855 2300 1923 2356 de
1943 2296 2119 2353 thala-

530 2433 620 2476 mo
664 2411 957 2486 virginali,
1005 2404 1273 2479 processit
1314 2417 1383 2456 ex
1414 2407 1599 2463 utero;
1658 2401 1715 2449 et
1757 2405 1864 2447 non
1899 2400 2021 2444 eam
2053 2385 2121 2440 de

531 2507 688 2567 caelis
715 2476 948 2571 attulit,
968 2476 1110 2556 sicut
1147 2490 1391 2552 haeretici
1413 2489 1684 2545 afﬁrmare
1715 2482 1835 2538 ausi
1856 2485 2001 2535 sunt.
2042 2476 2122 2531 Ac

532 2616 633 2672 per
658 2601 763 2656 hoc
785 2612 895 2657 non
914 2569 1192 2664 tanquam
1223 2580 1453 2659 sponsus
1488 2582 1553 2638 de
1589 2578 1827 2634 thalamo
1854 2569 2124 2645 processit

530 2662 599 2753 ex
617 2691 797 2753 Patre.
837 2662 1079 2743 Verbum
1106 2681 1303 2759 quippe
1335 2676 1454 2742 Dei,
1498 2673 1669 2728 Filius
1702 2667 1830 2759 Dei,
1854 2662 2125 2736 processit

534 2752 768 2847 aPatre,
801 2776 1031 2835 etvenit
1070 2752 1436 2828 inmundum.
1491 2763 1601 2817 Nec
1631 2756 1776 2814 aliud
1804 2755 1908 2809 fuit
1938 2752 2124 2808 venire

532 2877 591 2931 in
618 2844 879 2931 mundum
899 2908 915 2935 ,
959 2878 1125 2937 quam
1156 2862 1213 2916 in
1242 2868 1400 2915 utero
1429 2851 1670 2924 Virginis
1696 2856 1905 2901 natura:
1932 2844 2126 2897 huma-

537 2980 622 3020 na:
646 2962 933 3017 veritatem
965 2966 1241 3012 assumere
1267 2990 1283 3016 ,
1328 2949 1383 3003 in
1410 2959 1517 3015 qua
1547 2939 1815 2997 visibilem
1841 2951 1900 2992 se
1920 2932 2126 3005 praebe-

539 3062 623 3115 ret
652 3052 874 3109 mundo.
901 3048 1051 3102 Hanc
1072 3044 1235 3114 igitur
1255 3034 1611 3095 humanitatis
1632 3039 1831 3087 nostra:
1853 3037 2121 3091 naturam,

2199 641 2338 696 uelis
2380 641 2571 699 missus
2623 636 2687 695 ab
2734 650 2855 689 arce
2891 630 3071 687 Patris
3111 641 3139 672 ι
3183 626 3417 683 intremit
3470 640 3565 696 per
3602 638 3785 679 autem

2208 733 2439 803 Virginis
2459 731 2516 785 in
2538 729 2800 799 regionem
2822 732 3077 786 nostram,
3097 718 3313 774 indutus
3334 714 3472 772 stola
3497 729 3786 786 purpurea,

2199 833 2250 884 et
2273 823 2447 891 feeivit
2482 836 2576 892 per
2621 832 2839 877 auream
2864 822 3073 885 portam
3112 810 3212 866 tua:
3246 818 3296 864 et
3333 807 3493 863 decus
3534 804 3788 861 universa:

2202 916 2418 990 fabrica
2454 911 2658 971 mundi.
2704 909 2808 967 Ubi
2844 908 3115 979 primum,
3155 903 3249 974 qui
3287 900 3633 961 descenderit
3682 912 3792 955 non

2204 1007 2468 1077 designat.
2496 1003 2694 1063 Arcem
2721 1014 2852 1055 vero
2879 996 3058 1059 Patris
3083 993 3214 1065 quid
3249 991 3450 1049 dixerit
3466 1032 3479 1052 ,
3510 990 3630 1061 ipse
3655 1001 3792 1060 quo-

2206 1112 2312 1170 que
2342 1097 2561 1166 penitus
2604 1090 2892 1164 ignoravit.
2945 1084 3200 1159 Nunquid
3251 1092 3337 1140 est
3379 1080 3599 1152 aliquod
3626 1077 3797 1135 sedili-

2207 1169 2351 1247 cium
2390 1187 2642 1251 cmleste,
2693 1191 2786 1245 aut
2818 1179 3139 1253 parotides“:
3160 1218 3175 1242 ,
3205 1176 3349 1249 quod
3378 1174 3581 1230 factum
3617 1171 3691 1226 sit
3727 1169 3794 1228 ab

2206 1297 2273 1338 eo
2293 1322 2309 1348 ,
2338 1287 2431 1339 aut
2465 1278 2609 1341 aliud
2635 1273 2839 1345 aliquid
2875 1272 3019 1344 quod
3044 1286 3157 1329 non
3182 1277 3264 1325 est
3297 1268 3474 1340 ipsum
3507 1263 3651 1335 quod
3693 1262 3799 1320 Pa-

2208 1382 2312 1440 ter,
2353 1380 2445 1427 aut
2480 1377 2566 1425 est
2609 1369 2724 1439 ipse
2754 1365 2951 1421 Pater?
2979 1362 3133 1431 Quod
3162 1361 3206 1417 si
3242 1368 3348 1424 est,
3385 1357 3660 1430 quomodo
3690 1354 3799 1413 sibi

2209 1477 2296 1526 est
2320 1467 2453 1523 arx?
2502 1465 2611 1521 Nec
2653 1478 2751 1535 per
2798 1475 2985 1516 aurem
3027 1455 3266 1528 Virginis
3303 1452 3542 1510 Verbum
3585 1451 3683 1507 Dei
3718 1451 3801 1506 in-

2204 1556 2426 1627 troisSe,
2458 1556 2742 1616 catlaolicm
2785 1566 2947 1615 aures
2995 1548 3177 1609 ferunt
3220 1561 3237 1603 :
3278 1545 3406 1617 quia
3453 1558 3578 1607 cum
3613 1542 3686 1597 sit
3718 1541 3801 1596 in-

2210 1667 2553 1725 corporeum,
2596 1657 2652 1707 et
2695 1655 2869 1710 totum
2908 1644 3112 1714 ubique
3156 1655 3422 1712 praesens,
3474 1651 3576 1692 nec
3617 1633 3803 1691 locali-

2210 1757 2298 1805 ter
2338 1744 2567 1807 accedit,
2617 1756 2720 1797 nec
2746 1740 2896 1794 aditu
2924 1748 3188 1804 corporeo
3228 1732 3455 1800 indiget.
3503 1728 3620 1784 Nisi
3662 1726 3805 1784 forte

2212 1839 2371 1895 nobis
2389 1834 2720 1908 persuadere
2746 1829 2915 1885 voluit
2943 1827 3312 1898 angelicorum
3339 1836 3473 1878 sono
3509 1819 3804 1875 verborum

2213 1946 2425 1989 sacram
2453 1926 2735 1998 Virginem
2756 1922 2853 1977 Dei
2883 1919 3079 1975 Filium
3104 1915 3438 1987 concepisse.
3463 1912 3619 1980 Quod
3640 1925 3809 1981 quan-

2215 2031 2331 2080 tum
2372 2037 2404 2077 a
2433 2019 2557 2076 ﬁdei
2586 2017 2816 2073 veritate
2850 2012 3140 2083 discordet,
3188 2025 3256 2064 ex
3296 2006 3480 2064 verbis
3511 2005 3682 2076 ipsius
3707 2019 3805 2060 an-

2215 2114 2323 2187 geli
2367 2111 2716 2184 perspicuum
2743 2114 2857 2173 est;
2890 2104 2983 2176 qui
3022 2102 3126 2174 ipsi
3154 2100 3367 2172 Virgini
3397 2096 3762 2168 interroganti
3789 2109 3808 2151 :

2220 2186 2495 2275 Quomodo
2522 2203 2611 2274 ﬁet
2643 2200 2816 2261 istud,
2868 2198 2993 2269 quia
3025 2196 3192 2250 virum
3234 2209 3340 2247 non
3380 2188 3679 2262 cognosco!
3706 2186 3813 2243 lle-

2219 2297 2476 2371 spondit:
2528 2294 2761 2364 Spiritus
2790 2300 3008 2346 sanctus
3042 2287 3366 2359 superveniet
3411 2286 3466 2339 in
3513 2293 3583 2349 te,
3625 2290 3675 2337 et
3712 2282 3815 2338 vir-

2221 2401 2305 2449 tus
2350 2387 2606 2443 Altissimi
2640 2383 2966 2441 obumbravit
3009 2381 3124 2435 tibi.
3172 2378 3454 2446 Quomodo
3492 2385 3671 2430 autem
3704 2374 3818 2428 vir-

2223 2484 2417 2558 ginalis
2457 2492 2649 2538 uterus
2690 2479 2844 2551 regio
2884 2484 3072 2533 nostra
3099 2473 3275 2547 possit
3303 2469 3565 2540 intelligi,
3604 2482 3731 2524 cum
3760 2473 3816 2524 et

2222 2578 2376 2647 virgo
2419 2574 2509 2630 illa
2545 2572 2692 2629 unici
2735 2570 2858 2626 Filii
2905 2577 3079 2623 mater
3126 2566 3216 2629 sit,
3251 2571 3306 2619 et
3347 2578 3446 2619 nos
3488 2576 3680 2621 omnes
3704 2573 3815 2618 non

2223 2682 2293 2725 ex
2325 2668 2569 2739 virginea
2602 2664 2697 2719 sed
2726 2678 2794 2719 ex
2823 2668 3078 2733 corrupta
3108 2673 3273 2714 carne
3303 2671 3614 2719 nascamur,
3660 2667 3817 2726 pror-

2226 2780 2318 2821 sus
2364 2759 2597 2818 inveniri
2644 2774 2753 2814 non
2803 2762 2999 2827 potest.
3056 2751 3262 2809 Deinde
3312 2747 3457 2820 quod
3504 2762 3631 2803 eum
3677 2744 3816 2802 stola

2225 2860 2470 2923 indutum
2503 2869 2776 2927 purpurea
2824 2865 3012 2909 aurern
3048 2846 3179 2902 dicit
3227 2842 3468 2915 Virginis
3517 2840 3815 2910 introiisse,

2227 2950 2342 3007 sive
2381 2950 2617 3005 humano
2654 2958 2805 3001 more
2852 2941 2997 2999 cultu
3039 2939 3188 3011 regio
3225 2935 3505 2997 indutum,
3552 2933 3669 2989 sive
3709 2932 3815 2988 hu-

2227 3060 2445 3109 manam
2476 3042 2708 3097 formam
2754 3053 2861 3094 non
2893 3052 2961 3091 ex
2986 3030 3210 3106 Virgine
3238 3028 3576 3101 suscepisse,
3617 3024 3713 3081 sed
3753 3025 3822 3082 de

537 3146 625 3204 cui
654 3145 838 3199 unitus
868 3152 1100 3212 sponsus
1128 3132 1380 3189 Ecclesiae
1407 3128 1583 3184 factus
1610 3129 1726 3191 est,
1774 3136 1882 3177 non
1908 3120 1974 3176 de
2000 3118 2124 3174 sinu
2160 3200 2195 3212 Α
2229 3139 2369 3197 coelo
2417 3138 2511 3193 Dei
2541 3135 2776 3191 verbum
2818 3129 3063 3187 attulisse
3096 3124 3404 3199 putaverit,
3447 3134 3677 3188 eamque
3708 3126 3820 3172 διο,

537 3238 715 3294 Patris
745 3231 930 3297 traxit,
961 3229 1056 3284 sed
1084 3227 1151 3282 de
1172 3237 1337 3281 carne
1364 3218 1602 3290 Virginis
1623 3214 1874 3284 sumpsit.

607 3327 674 3382 V.
716 3324 814 3378 Est
838 3327 1104 3392 praeterea
1148 3315 1207 3370 in
1247 3311 1506 3385 przedicta
1544 3307 1843 3377 antiphona
1885 3300 2125 3357 notanda

538 3416 867 3480 temeritas,
928 3411 1258 3479 evidensque
1310 3400 1689 3467 mendacium;
1717 3399 1846 3455 dum
1872 3406 1926 3452 et
1954 3410 2127 3453 sacras

538 3511 843 3583 Scriptum
884 3504 1054 3560 verba
1098 3499 1181 3556 sui
1214 3511 1408 3554 sensus
1435 3490 1779 3567 perversitati
1803 3496 2039 3559 coaptat,
2071 3494 2128 3543 et

542 3601 881 3659 nativitatem
913 3592 1235 3658 Salvatoris,
1264 3604 1380 3669 'qua
1404 3587 1492 3644 vel
1519 3586 1587 3641 de
1608 3584 1768 3638 Patre
1791 3590 1917 3636 ante
1959 3595 2128 3636 saecu-

541 3696 613 3764 la,
649 3694 738 3749 vel
757 3693 824 3748 de
853 3688 1114 3746 matre~iu
1140 3681 1473 3756 plenitudine
1499 3687 1802 3748 temporum
1826 3683 1986 3730 natus
2022 3682 2126 3741 est,

543 3792 694 3842 tanta
722 3779 1039 3839 confusione
1079 3774 1408 3847 permiscet,
1455 3778 1518 3825 ut
1563 3768 1632 3824 de
1656 3782 1765 3839 qua
1792 3766 1939 3837 loqui
1976 3764 2127 3832 velit,

541 3875 769 3948 intelligi
802 3873 1023 3930 omnino
1063 3882 1170 3925 non
1216 3865 1409 3938 possit.
1469 3862 1625 3931 Quod
1652 3873 1997 3935 summopere
2018 3856 2134 3914 ubi-

543 3986 649 4042 que
670 3966 971 4024 cavendum
992 3970 1097 4028 est,
1122 3976 1190 4016 ne
1210 3959 1519 4015 divinorum
1542 3955 1835 4012 verborum
1864 3953 1998 4009 ordo
2019 3968 2133 4007 mu-

546 4070 710 4135 tetur,
739 4067 796 4114 et
829 4057 899 4113 de
942 4055 1210 4126 scriptura
1251 4049 1499 4107 veritatis
1532 4047 1874 4119 labyrinthus
1919 4054 2133 4102 texatur

547 4162 774 4208 erroris.
867 4178 875 4182 ν

616 4230 719 4300 Vl.
745 4238 883 4297 lllud
929 4238 1096 4294 etiam
1143 4232 1579 4307 responsorium,
1630 4229 1775 4303 quod
1819 4231 1875 4285 in
1928 4230 2133 4287 eisdem

547 4332 750 4406 vigiliis
782 4328 1127 4392 cantabatur,
1164 4333 1369 4397 quanta
1401 4322 1529 4379 ﬁdei
1565 4321 1859 4379 severitate
1888 4320 2136 4393 rejiciené

549 4428 679 4485 dum
699 4434 807 4493 est,
839 4424 897 4481 in
919 4436 1029 4495 quo
1060 4420 1138 4478 ait
1167 4435 1340 4475 vanus
1368 4417 1459 4474 ille
1482 4426 1843 4490 praesumptor
1874 4434 1887 4472 :
1929 4417 2010 4474 De
2040 4416 2135 4470 illa

551 4519 759 4577 occulta
796 4515 1123 4574 habitatione
1160 4528 1257 4568 sua
1301 4528 1535 4584 egressus
1560 4519 1637 4567 est
1666 4510 1841 4567 Filius
1881 4509 2003 4577 Dei,
2041 4509 2135 4563 de—

550 4616 751 4674 scendit
792 4614 1008 4674 visitare
1043 4617 1097 4668 et
1134 4607 1408 4667 consolare
1437 4626 1613 4666 omnes
1654 4610 1744 4682 qui
1772 4624 1889 4663 eum
1919 4606 1985 4661 de
2023 4613 2130 4660 toto

554 4708 709 4767 corde
731 4705 1124 4767 desiderabant.
1162 4701 1317 4772 Quod
1338 4716 1462 4759 cum
1488 4714 1803 4757 sermonum
1838 4695 2131 4771 imperitia,

553 4811 670 4858 tum
694 4815 889 4859 sensus
912 4809 1132 4873 quoque
1154 4795 1487 4852 absurditate
1511 4809 1574 4848 ac
1600 4792 1838 4847 falsitate
1862 4796 2131 4860 turpatur.

554 4896 691 4953 Nam
717 4902 773 4953 et
796 4893 1067 4952 occultam
1096 4890 1221 4947 Filii
1255 4889 1646 4946 habitationem
1674 4896 1884 4941 summa
1912 4882 2135 4938 levitate

552 4988 724 5054 dixit;
753 4995 810 5043 et
836 5000 962 5043 eum
995 5000 1188 5041 omnes
1213 4983 1586 5039 desiderantes
1623 4992 1681 5033 se
1706 4976 1976 5041 visitasse,
2005 4990 2135 5033 con-

555 5082 897 5163 solatumque
938 5093 1059 5145 esse
1106 5076 1439 5134 mendaciter
1472 5071 1738 5147 asseruit,
1788 5085 1912 5124 cum
1956 5069 2135 5143 potius

555 5188 654 5235 eos
693 5186 833 5244 quos
877 5168 1104 5227 visitare
1135 5169 1386 5242 dignatus
1417 5170 1535 5230 est,
1580 5177 1640 5221 se
1683 5167 2039 5234 agnoscentes
2075 5176 2141 5217 ac

556 5254 932 5335 desiderauit?!
954 5261 1219 5325 olfecerit.

630 5357 742 5418 ΥΒ.
780 5355 1207 5415 Considerentur
1249 5348 1412 5407 etiam
1438 5347 1605 5404 verba
1648 5344 1871 5403 alterius
1916 5359 2142 5416 respon-

560 5449 736 5519 sorii,
776 5448 925 5524 quod
959 5445 1117 5522 quasi
1170 5442 1239 5499 de
1287 5438 1549 5517 mysterio
1595 5435 1894 5495 nativitatis
1940 5432 2142 5492 Christi

2152 3200 2198 3265 Ο
2230 3232 2339 3288 lam
2364 3243 2694 3304 purpuream
2725 3222 3050 3295 appellarit,
3084 3216 3442 3290 apertissima:
3472 3210 3820 3283 blasphemia

2232 3332 2334 3381 est.
2386 3313 2506 3378 Jam
2554 3334 2686 3383 vero
2741 3332 2838 3388 per
2892 3326 3111 3369 auream
3159 3318 3373 3381 portam
3428 3320 3555 3363 eum
3602 3304 3817 3377 exiisse,

2232 3423 2437 3488 quanta
2462 3411 2705 3466 vanitate
2754 3405 3001 3478 proferre
3033 3416 3199 3458 ausus
3236 3410 3357 3464 est;
3402 3411 3528 3453 cum
3569 3393 3821 3451 nativitas

2231 3485 2437 3565 Christi
2488 3518 2558 3560 ex
2592 3501 2818 3575 Virgine
2861 3512 2970 3553 non
3020 3490 3372 3565 supervacuis
3408 3488 3591 3546 verbis
3638 3485 3821 3543 adum-

2245 3597 2437 3664 brari,
2479 3595 2575 3652 sed
2612 3590 2958 3650 confessione
2994 3585 3223 3657 simplici
3277 3583 3471 3643 debeat
3515 3579 3818 3644 declarari;

2232 3689 2326 3761 qui
2375 3703 2515 3754 non,
2559 3694 2620 3742 ut
2661 3684 2753 3740 ille
2782 3682 2890 3747 ait,
2922 3679 3188 3735 universae
3221 3675 3443 3733 fabricae
3472 3672 3693 3739 mundi,
3732 3667 3822 3726 sed

2231 3782 2381 3853 iuxta
2402 3779 2692 3837 veritatem
2721 3772 3090 3848 evangelicum
3130 3765 3414 3826 rationalis
3451 3763 3825 3823 tantummodo

2234 3883 2501 3930 creatura:
2533 3870 2625 3925 lux
2659 3874 2761 3926 est.

2302 3963 2437 4021 VIII.
2477 3960 2638 4023 Aliud
2661 3973 2875 4033 quoque
2905 3951 3312 4029 responsorium
3340 3950 3408 4009 de
3436 3948 3623 4005 verbis
3647 3946 3821 4003 Evan-

2236 4058 2362 4133 gelii
2388 4098 2403 4125 ,
2446 4055 2542 4112 sed
2586 4069 2694 4113 non
2734 4050 2924 4107 ordine
2967 4043 3278 4120 evangelico
3303 4084 3318 4111 ,
3369 4039 3517 4113 quod
3553 4037 3673 4109 jam
3719 4037 3822 4093 uti-

2236 4129 2343 4222 que
2379 4155 2685 4204 correctum
2726 4160 2758 4198 a
2799 4148 2979 4198 vestra
3007 4138 3298 4196 dilectione
3325 4132 3597 4207 psallitur,
3642 4129 3822 4187 nescio

2236 4245 2361 4317 quis
2390 4239 2734 4315 composuit,
2768 4236 2956 4293 dicens
2991 4248 3006 4289 :
3057 4230 3305 4287 Tenebrae
3343 4228 3501 4301 {actm
3538 4234 3662 4281 sunt
3706 4223 3825 4279 dum

2239 4334 2621 4405 cruciﬁxissent
2656 4328 2843 4387 Iesum
2884 4325 3094 4391 Judazi;
3141 4332 3189 4383 et
3236 4322 3379 4377 circa
3407 4320 3598 4375 horam
3638 4328 3825 4372 nam

2239 4426 2547 4483 exclamavit
2593 4422 2751 4478 Iesus
2804 4436 2925 4475 voce
2980 4433 3173 4491 magna
3225 4429 3243 4467 :
3302 4409 3679 4483 Deus,_Deus
3704 4449 3723 4475 ,
3770 4411 3827 4460 ut

2238 4520 2365 4597 quid
2409 4537 2491 4576 me
2535 4512 2898 4588 dereliquisti?
2932 4509 3080 4565 Tunc
3107 4524 3244 4563 unus
3269 4522 3334 4561 ex
3360 4502 3617 4559 militibus
3648 4501 3827 4555 lancea

2196 4588 2213 4637 Ρ
2242 4588 2381 4670 latus
2419 4613 2536 4684 ejus
2573 4607 2899 4682 perforavit,
2934 4611 2984 4661 et
3028 4600 3282 4656 inclinato
3308 4597 3476 4668 capite
3509 4592 3685 4649 emisit
3722 4588 3826 4661 spi-

2236 4705 2418 4759 ritum.
2441 4675 2678 4771 vNempe'
2716 4694 2967 4752 omnibus
3004 4691 3255 4748 fidelibus
3289 4694 3502 4744 certum
3551 4691 3662 4751 est,
3691 4675 3829 4754 quod

2238 4792 2491 4851 Salvator
2531 4799 2716 4848 noster
2766 4804 2874 4844 non
2915 4785 3097 4856 aliqua
3144 4781 3345 4839 doloris
3394 4775 3656 4833 violentia
3711 4787 3830 4830 coa-

2236 4897 2381 4954 ctus,
2429 4884 2525 4941 sed
2579 4888 2876 4953 spontanee
2920 4892 3021 4951 pro
3059 4873 3216 4933 nobis
3266 4878 3351 4928 est
3396 4877 3682 4935 mortuus;
3734 4878 3832 4923 nec

2238 4977 2475 5034 animam
2519 4972 2846 5031 necessitate
2900 4967 3117 5034 amisit,
3167 4964 3265 5021 sed
3312 4969 3582 5035 potestate
3630 4958 3828 5032 posuit,

2243 5070 2383 5126 sicut
2432 5068 2546 5140 ipse
2594 5064 2673 5121 ait
2711 5081 2725 5117 :
2768 5061 2938 5118 Nemo
2982 5056 3119 5114 tollit
3163 5072 3197 5113 a
3238 5069 3320 5129 me
3358 5053 3594 5111 animum
3638 5064 3828 5114 meum,

2241 5161 2332 5219 sed
2360 5177 2453 5233 ego
2486 5174 2622 5232 pono
2660 5171 2777 5215 eam
2804 5170 2838 5209 a
2867 5168 2947 5207 me
2985 5151 3096 5222 ipso
3133 5156 3191 5209 ut
3225 5147 3416 5203 iterum
3454 5156 3664 5203 sumam
3692 5154 3828 5194 eam.

2245 5252 2353 5311 Sed
2391 5232 2494 5309 iste
2533 5246 2831 5321 evangelici
2878 5243 3087 5302 ordinis
3128 5250 3185 5298 et
3223 5238 3351 5299 ﬁdei
3391 5235 3644 5296 veritatis
3681 5232 3831 5304 igna-

2246 5368 2374 5418 rus,
2424 5350 2575 5429 prius
2623 5345 2759 5403 dixit
2805 5343 2994 5398 lancea
3037 5355 3070 5395 a
3114 5336 3377 5393 militibus
3425 5332 3571 5387 latus
3619 5324 3831 5429 Domini

2247 5412 2603 5513 perforatum,
2635 5443 2690 5493 et
2727 5442 2856 5490 tunc
2883 5431 2953 5487 ab
2978 5444 3044 5488 eo
3072 5427 3322 5502 spiritum
3355 5420 3654 5480 emissum:
3689 5412 3832 5491 quod

1924 5550 2197 5607 BALUZII
2234 5550 2465 5607 NOTAE.

634 5673 662 5736 ξ
695 5659 939 5718 Introivit
972 5666 1279 5736 pet-murem
1594 5648 1793 5736 Mutata
1833 5653 1960 5736 sunt
1982 5645 2146 5736 νει-ω

1124 5724 1205 5818 ip.
1224 5714 1643 5818 posterioribus.
1657 5714 2139 5818 editignibuslllr‘e-

563 5785 720 5861 ἦῆ
746 5785 1090 5867 Parisiensis,
1115 5794 1208 5853 ubi
1226 5785 1312 5867 'sjc
1332 5793 1504 5867 hodie
1514 5791 1712 5867 legitur
1734 5807 1747 5843 :
1776 5786 2052 5867 Descendit
2076 5785 2141 5840 de

566 5857 719 5932 eiei—is
745 5857 930 5933 missus
979 5870 1042 5929 ab
1075 5857 1196 5926 arce
1242 5864 1445 5934 Patris,
1485 5857 1714 5919 introivit
1757 5875 1849 5931 per
1892 5857 2143 5928 virginem

2253 5654 2471 5701 matrem
2499 5643 2553 5699 in
2588 5642 2865 5714 regionem
2888 5647 3142 5703 nostram,
3173 5632 3388 5714 indutus
3417 5637 3605 5714 statam
3629 5640 3831 5705 purpu-

2248 5694 2675 5781 iacintini?
2676 5702 2677 5705 “
2690 5694 2787 5784 per
2817 5694 3053 5784 clausam
3071 5694 3298 5782 portam,
3325 5703 3418 5758 tua:
3441 5709 3492 5759 et
3524 5694 3686 5755 decus
3709 5694 3831 5754 iui-

2250 5801 2408 5843 verste
2438 5784 2653 5855 fabrica:
2681 5781 2883 5839 mundi.
