4012 6338
1391 317 1522 375 LIB.
1561 316 1652 375 DE
1688 314 2038 375 CORBECT.
2078 311 2452 373 ANTIPHON.

241 441 472 504 omnino
517 454 789 514 paganum
841 444 959 511 est,
1015 404 1295 495 Christum
1342 450 1454 492 non
1504 434 1839 505 benignitate
1865 432 1919 495 Α
1940 440 2033 488 tur
2073 447 2182 505 qua
2213 431 2428 488 cautela
2482 426 2882 485 levissimorum
2926 425 3211 487 hominum
3252 436 3542 508 excogita.

242 536 482 609 propriae
531 534 856 597 voluntatis,
905 531 1000 587 sed
1048 530 1103 584 vi
1151 528 1356 585 doloris
1404 536 1682 582 mortuum
1737 524 1851 596 opi-

242 632 402 695 nari;
451 644 578 686 cum
619 644 653 683 e
684 626 961 684 contrario
990 625 1047 680 in
1078 622 1376 694 Evangelic
1406 618 1678 677 referatur
1705 617 1852 689 quod

242 718 515 777 Dominus
561 732 694 774 voce
737 731 933 790 magna
959 713 1320 771 clamaverit:
1353 710 1541 778 Pater,
1576 711 1634 765 in
1663 727 1854 766 manus

243 823 371 868 tuas
413 808 720 866 commendo
742 808 990 879 spiritum
1032 822 1240 872 meum;
1280 814 1329 860 et
1367 803 1478 858 haec
1522 801 1720 866 dicens,
1765 817 1857 856 ex-

245 906 491 979 spiravit.
537 901 713 970 Quam
753 908 987 956 mortem
1041 897 1243 955 Christi
1281 896 1337 952 in
1389 904 1601 951 tantum
1654 892 1856 951 milites

245 998 345 1070 qui
374 995 604 1051 aderant
640 992 893 1048 admirati
934 997 1090 1053 sunt,
1141 996 1203 1046 ut
1248 990 1505 1045 continuo
1536 987 1705 1043 Deum
1735 986 1855 1059 glo-

246 1089 537 1153 riﬁcasse,
585 1102 819 1157 eumque
864 1085 959 1142 Dei
1015 1084 1211 1140 Filium
1244 1084 1493 1161 confessi
1545 1097 1666 1138 esse
1716 1081 1857 1137 refe—

253 1189 501 1248 rantur,
575 1196 640 1236 ac
703 1188 890 1251 postea
954 1176 1153 1234 Judteis
1213 1178 1526 1250 petentibus
1585 1176 1857 1257 latronum

247 1290 422 1333 crura
446 1316 462 1340 ,
494 1273 586 1343 qui
612 1288 734 1327 cum
766 1287 831 1327 eo
859 1270 1081 1327 fuerant
1107 1271 1386 1337 crucifixi,
1435 1270 1642 1326 Pilatus
1682 1270 1856 1341 frangi

246 1365 608 1429 concesserit,
640 1363 767 1420 Jesu
801 1374 988 1419 autem
1010 1363 1123 1433 jam
1148 1365 1347 1419 mortui
1380 1381 1486 1421 non
1517 1380 1680 1420 crura
1719 1380 1857 1420 con-

246 1457 464 1524 fracta,
496 1458 593 1513 sed
620 1456 810 1511 militis
840 1456 1026 1511 lancea
1057 1457 1201 1512 latus
1231 1466 1553 1513 narraretur
1580 1466 1856 1530 apertum,

246 1564 385 1613 non,
418 1556 475 1601 ut
498 1547 603 1603 iste
630 1546 884 1617 imperite
908 1546 1154 1617 protulit,
1187 1548 1548 1619 perforatum.

324 1676 418 1733 IX.
456 1677 578 1733 lam
610 1691 743 1732 vero
788 1685 989 1748 quanta
1031 1677 1122 1733 illa
1155 1686 1285 1734 sunt
1330 1678 1627 1744 vaticinia,
1681 1684 1741 1733 ut
1781 1677 1860 1734 ita

249 1770 463 1828 dictum
505 1772 609 1839 sit,
658 1770 792 1826 falsa
834 1772 888 1827 in
940 1773 1300 1842 responsoriis
1333 1783 1388 1828 et
1436 1773 1848 1844 antiphcnariis,

250 1883 380 1938 quae
409 1869 566 1939 quasi
595 1884 660 1923 ex
682 1884 825 1924 voce
873 1869 1086 1924 Domini
1127 1871 1571 1939 pronuntiantur,
1625 1886 1749 1926 cum
1797 1872 1849 1925 in

251 1959 426 2014 nullis
454 1960 651 2015 divinis
679 1959 977 2031 Scripturis
1002 1962 1359 2031 reperiantur.
1403 1961 1473 2017 Ut
1498 1971 1581 2016 est
1606 1981 1619 2016 :
1655 1962 1855 2017 Octava

252 2053 465 2107 decima
506 2053 591 2107 die
636 2053 824 2107 decimi
864 2054 1057 2108 mensis
1100 2054 1413 2124 jejunabitis
1438 2096 1452 2119 ,
1504 2054 1631 2109 dicit
1674 2054 1858 2109 Domi-

253 2163 406 2220 nus,
457 2156 505 2201 et
557 2148 766 2201 mittam
819 2146 960 2201 vobis
1018 2144 1348 2201 Salvatorem
1401 2154 1450 2201 et
1502 2155 1860 2218 propugnato-

255 2256 372 2295 rem
414 2257 509 2311 pro
550 2240 733 2306 vobis,
785 2240 878 2313 qui
924 2257 1009 2295 vos
1060 2239 1325 2312 pra'cedat
1369 2249 1417 2295 et
1463 2242 1765 2295 introducat
1804 2242 1860 2296 in

180 2344 201 2359 '
255 2340 458 2387 terram
504 2349 665 2403 quam
700 2332 889 2405 juravi
941 2334 1181 2405 patribus
1237 2334 1444 2389 uestris.
1496 2332 1564 2388 Et
1611 2335 1857 2390 iterum:

256 2422 527 2479 Coronam
555 2423 738 2495 gloria.-
788 2439 980 2496 ponam
1024 2441 1183 2495 super
1208 2435 1363 2496 caput
1396 2426 1542 2497 ejus,
1589 2425 1715 2480 dicit
1756 2425 1863 2481 Do-

255 2516 458 2579 minus,
493 2526 540 2570 et
565 2515 785 2571 induam
816 2513 969 2571 illum
1013 2516 1204 2571 stolam
1232 2518 1548 2585 candidam,
1581 2521 1707 2591 quia
1746 2536 1861 2574 ser-

257 2608 402 2663 vavit
449 2608 705 2663 mandata
737 2625 854 2663 mea
881 2650 896 2671 ,
941 2617 989 2665 et
1037 2620 1251 2682 propter
1289 2626 1476 2665 nomen
1521 2627 1692 2665 meum
1731 2611 1865 2682 επα-

258 2717 354 2757 sas
409 2712 485 2757 est
529 2704 745 2772 sanguis
794 2703 909 2774 ejus
961 2704 1017 2758 in
1073 2712 1235 2758 terra.
1289 2703 1357 2758 Et
1398 2705 1639 2759 iterum:
1682 2704 1867 2762 Sancti

260 2796 411 2861 estis,
442 2796 570 2852 dicit
597 2795 876 2863 Dominus,
909 2795 1273 2867 multiplicabo
1307 2814 1585 2853 numerum
1614 2808 1864 2868 vestrum,

260 2898 323 2944 It
353 2889 512 2943 oretis
552 2905 647 2959 pro
677 2887 865 2960 populo
906 2906 1018 2944 meo
1054 2890 1109 2943 in
1154 2889 1268 2944 loco
1310 2890 1428 2944 isto.
1472 2889 1541 2945 Et
1568 2891 1737 2945 multa
1766 2891 1869 2946 hu-

255 2978 499 3052 jusmcii
546 2979 837 3034 ridiculosa
868 2987 923 3034 et
973 2979 1281 3037 fantastica.
1333 2980 1576 3047 Quorum
1619 2979 1869 3036 invento-

259 3073 418 3129 nbus
447 3088 751 3144 congruere
792 3072 926 3128 mihi
980 3074 1237 3129 videntur
1284 3075 1406 3140 illa,
1447 3091 1569 3145 qua:
1606 3075 1870 3130 Dominus

260 3178 368 3237 per
392 3163 736 3221 Ezechielem
772 3164 1096 3236 prcphetam
1126 3166 1387 3221 adversus
1431 3166 1597 3222 falsos
1624 3168 1863 3237 prophe-

266 3266 356 3315 tas
398 3256 657 3328 loquitur,
705 3256 893 3313 dicens
943 3270 959 3311 :
1020 3254 1109 3312 Va:
1159 3259 1424 3330 prophetis
1472 3257 1862 3329 insipientibus,

266 3349 365 3420 qui
412 3357 696 3418 sequuntur
738 3348 980 3417 spiritum
1026 3365 1179 3404 suum
1208 3390 1224 3417 ,
1279 3360 1327 3405 et
1370 3350 1501 3405 nihil
1553 3350 1746 3406 vident.
1798 3350 1867 3406 Et

271 3451 403 3517 post
446 3458 613 3514 pauca
657 3459 675 3499 :
730 3442 914 3498 Vident
955 3460 1085 3499 noro
1138 3454 1187 3499 et
1234 3446 1470 3499 divinant
1509 3444 1861 3509 mendacium,

274 3534 506 3590 dicentes
550 3548 571 3589 :
622 3535 709 3589 Ait
748 3533 1028 3599 Dominus,
1062 3551 1180 3590 cum
1222 3532 1482 3591 Dominus
1529 3551 1633 3590 non
1666 3535 1867 3589 miserit

272 3646 388 3697 eos,
432 3639 480 3684 et
503 3638 957 3701 perseuerauerunt
998 3629 1311 3700 conﬁrmare
1346 3646 1657 3684 sermonem.
1712 3625 1867 3683 Nun-

267 3724 405 3791 quid
450 3738 556 3777 non
596 3722 849 3777 stionem
887 3737 1092 3775 cassam
1125 3721 1363 3788 vidistis,
1398 3729 1448 3777 et
1486 3721 1867 3777 divinationem

268 3812 578 3868 mendacem
610 3810 769 3866 locuti
797 3811 962 3865 estis?
987 3810 1054 3864 Et
1084 3811 1279 3878 dicitis,
1308 3811 1399 3866 Ait
1426 3812 1706 3877 Dominus,
1748 3828 1867 3868 εἰει

267 3919 368 3975 ego
421 3920 527 3957 non
572 3903 672 3957 sim
710 3902 933 3957 locutus.
987 3900 1269 3974 Propterea
1300 3905 1411 3958 liceo
1447 3905 1573 3958 dicit
1614 3904 1869 3960 Dominus

270 3997 420 4053 Deus
445 4009 464 4048 :
496 3992 635 4061 Quia
658 3994 819 4049 locuti
846 3996 968 4050 estis
998 4012 1162 4055 vana.
1196 4005 1241 4048 et
1271 3995 1480 4050 dixistis
1508 3997 1867 4063 mendacium,

268 4088 395 4143 ideo
441 4102 557 4140 ecce
603 4102 697 4157 ego
738 4085 807 4140 ad
860 4102 978 4148 vos,
1025 4086 1098 4139 ait
1148 4085 1408 4141 Dominus
1450 4086 1609 4140 Deus.
1651 4085 1721 4139 Et
1772 4088 1871 4140 erit

272 4193 471 4233 manus
503 4193 618 4232 mea
643 4193 800 4247 super
819 4176 1122 4247 prophetas,
1158 4178 1249 4250 qui
1276 4177 1450 4231 rident
1479 4194 1635 4242 vana,
1659 4185 1706 4231 et
1734 4176 1871 4230 divi—

272 4279 409 4326 nant
442 4269 791 4324 mendacium.
838 4267 906 4323 In
931 4267 1153 4325 concilio
1193 4269 1373 4341 populi
1412 4271 1513 4325 mei
1554 4285 1658 4324 non
1696 4277 1870 4337 erunt,
1958 4313 1967 4318 .

273 4361 412 4419 etin
438 4362 698 4432 scriptura
726 4361 913 4415 domus
950 4358 1122 4416 Israel
1163 4377 1267 4415 non
1295 4360 1609 4427 scribentur,
1644 4376 1736 4416 nec
1770 4369 1878 4415 ter-

275 4469 401 4509 rant
429 4451 602 4510 Israel
622 4451 1005 4525 ingredientur.

264 4589 284 4604 ⁸
354 4593 431 4653 Χ.
467 4592 573 4650 Sed
599 4592 717 4649 bzec
756 4600 812 4649 et
855 4591 1080 4659 similia,
1105 4604 1338 4660 quorum
1367 4587 1423 4644 in
1465 4586 1694 4660 prmfatc
1737 4588 1878 4647 libro

278 4684 501 4746 inﬁnita
545 4694 666 4743 erat
694 4685 850 4755 copia
874 4726 890 4748 ,
920 4685 1049 4756 quia
1076 4684 1359 4755 indignum
1400 4691 1485 4738 est
1518 4683 1757 4738 scribere
1777 4723 1793 4749 ,
1823 4690 1881 4740 et

280 4788 485 4836 vestra:
510 4779 811 4852 prudentia:
849 4777 1190 4834 fastidiosum
1219 4775 1427 4841 audire,
1471 4774 1685 4831 facilius
1710 4775 1879 4833 collo-

282 4869 507 4942 quendo
532 4877 587 4926 et
622 4868 849 4926 ﬁdeliter
879 4869 1267 4940 pertractanda
1314 4868 1597 4936 diudicari
1626 4876 1877 4940 possunt.

282 4962 449 5018 Nunc
477 4970 720 5033 superest
747 4971 808 5018 ut
831 4977 1115 5019 sacrorum
1142 4967 1346 5017 statuta
1371 4975 1667 5028 canonum,
1692 4961 1882 5017 catho-

281 5058 630 5129 licorumque
658 5058 881 5114 Patrum
922 5056 1256 5123 sententias,
1301 5055 1442 5112 sicut
1473 5055 1722 5125 superius
1758 5070 1886 5126 prc-

284 5150 568 5218 misimus,
597 5166 999 5225 exsequamur;
1027 5156 1090 5207 ut
1116 5164 1185 5206 ex
1207 5149 1296 5207 his
1319 5148 1606 5221 perspicue
1642 5148 1886 5207 declare-

1957 526 2131 582 ticnes
2165 522 2399 580 vitanda:
2445 521 2555 577 sint
2579 559 2595 586 ,
2631 535 2754 591 quae
2800 518 2947 575 nulla
2995 520 3225 577 veritate
3267 525 3541 595 subnisa,

1954 618 2099 674 nulla
2128 618 2339 673 ratione
2373 623 2597 679 ornataz,
2636 614 2968 685 contemptui
2993 622 3199 685 patent.
3540 671 3544 675 ,

2023 709 2117 765 Xl.
2156 722 2183 750 ει
2214 709 2273 764 ln
2314 707 2543 764 concilio
2587 704 2848 762 Africano
2892 705 3016 761 talis
3059 708 3379 767 constitutio
3415 728 3545 785 prc-

1955 802 2191 875 mulgata
2222 810 2307 857 est
2335 820 2348 855 :
2388 819 2406 852 t
2445 799 2516 856 Ut
2541 814 2731 869 preces
2752 808 2810 854 et
2839 799 3138 863 orationes,
3168 800 3273 855 nisi
3302 802 3546 872 probaui

1956 894 2158 950 fuerint
2187 894 2245 971 in
2273 892 2528 958 concilio,
2557 907 2663 946 non
2696 890 2976 958 dicantur;
3018 906 3120 946 nec
3143 891 3322 963 aliqua
3353 908 3420 951 ex
3457 895 3546 953 his

1957 988 2180 1045 omnino
2222 996 2511 1044 cantentur
2544 986 2600 1042 in
2644 984 2920 1048 Ecclesia,
2958 983 3063 1039 nisi
3088 1000 3211 1056 quae
3253 1001 3285 1042 a
3311 987 3550 1059 pruden-

1959 1083 2188 1139 tioribus
2216 1090 2446 1138 tractata
2476 1087 2527 1135 et
2567 1078 2916 1150 comprobata
2959 1078 3015 1134 in
3059 1079 3266 1150 synodo
3298 1079 3548 1150 fuerint:

1961 1192 2031 1232 ne
2060 1175 2200 1232 forte
2225 1174 2430 1245 aliquid
2459 1180 2648 1228 contra
2681 1171 2842 1226 tidem
2866 1211 2882 1237 ,
2923 1170 3006 1226 vel
3033 1186 3132 1242 per
3160 1171 3551 1243 ignorantiam.

1959 1267 2046 1325 vel
2093 1284 2190 1339 per
2239 1266 2512 1332 studium,
2564 1265 2636 1319 sit
2672 1264 3055 1334 compositum.
3086 1284 3107 1318 ι
3157 1264 3261 1321 Ubi
3310 1265 3553 1326 breviter

1962 1358 2438 1421 considerandum,
2471 1357 2615 1426 quod
2647 1372 2754 1411 non
2783 1355 2958 1412 solum
2981 1371 3045 1410 ea
3075 1372 3197 1427 quae
3225 1357 3406 1414 studio
3426 1373 3554 1430 perc

1961 1452 2123 1515 fidim,
2172 1451 2267 1508 sed
2295 1449 2459 1504 etiam
2490 1447 2580 1503 illa
2624 1462 2746 1519 qua:
2787 1447 2814 1486 δ
2860 1447 3205 1518 simplicitate
3233 1448 3554 1521 ignorantia

1962 1551 2152 1599 contra
2181 1539 2306 1596 fidei
2332 1538 2569 1610 regulam
2595 1538 2891 1610 composita
2916 1536 3138 1608 fuerint,
3162 1541 3283 1612 pari
3306 1541 3555 1600 animati.

1963 1635 2215 1691 versione
2242 1631 2620 1704 repudiantur.

2033 1726 2148 1783 Xll.
2203 1725 2402 1780 Beatus
2462 1724 2823 1796 Hieronymus
2870 1722 3198 1796 (Comment.
3246 1726 3303 1783 in
3348 1746 3467 1804 cap.
3515 1747 3556 1791 ν

1880 1824 1927 1885 Β
1958 1817 2129 1888 Epist.
2161 1816 2231 1870 ad
2263 1814 2484 1886 Ephes.)
2537 1830 2661 1869 cum
2705 1824 3002 1885 exponeret
3039 1828 3372 1890 prmceptum
3403 1821 3555 1894 Apo-

1956 1909 2102 1974 stoli,
2146 1908 2237 1962 ubi
2267 1908 2344 1962 ait
2375 1923 2390 1961 :
2423 1906 2723 1979 Implemini
2755 1905 2961 1979 Spiritu
2993 1909 3257 1983 loquentes
3284 1916 3561 1973 vobismet-

1956 2003 2160 2074 ipsisin
2185 1999 2405 2072 psalmis
2431 2010 2479 2054 et
2506 2000 2713 2071 hymnis
2741 2010 2790 2054 et
2814 2003 3034 2059 canticis
3060 2006 3406 2077 spiritalibus,
3435 2025 3560 2066 catt-

1958 2107 2125 2152 tantes
2160 2105 2210 2150 et
2247 2094 2530 2168 psallentes
2555 2095 2610 2148 in
2641 2094 2887 2150 cordibus
2918 2100 3098 2153 vestris
3135 2097 3400 2169 Domino,
3447 2117 3560 2161 non

1961 2189 2130 2244 tacuit
2155 2188 2300 2258 quod
2333 2188 2385 2241 in
2414 2188 2729 2243 cantoribus
2756 2187 3016 2245 Ecclesia:
3045 2195 3558 2262 reprehendendum

1960 2281 2197 2337 videbat.
2250 2298 2271 2333 ι
2299 2279 2507 2336 Canere
2546 2280 2743 2350 igitur,
2771 2280 2870 2347 ait,
2902 2290 2961 2337 et
2985 2283 3216 2353 psallere
3247 2295 3306 2342 et
3335 2286 3562 2347 laudaro
3622 2350 3623 2355 η

1962 2375 2251 2430 Dominum
2299 2374 2473 2445 magis
2519 2374 2703 2427 animo
2751 2389 2916 2445 quam
2944 2390 3079 2432 voce
3115 2378 3392 2436 debemus.
3445 2378 3565 2440 Hoc

1964 2476 2051 2524 est
2076 2466 2275 2537 quippe
2319 2466 2463 2536 quod
2492 2465 2691 2521 dicitur
2720 2484 2733 2519 :
2765 2463 3050 2524 Cantantes
3093 2478 3144 2526 et
3186 2470 3467 2543 psallentes
3505 2474 3563 2531 in

1966 2558 2212 2614 cordibus
2241 2559 2426 2611 vestris
2447 2556 2697 2611 Domino.
2722 2556 2965 2614 Audiant
3001 2561 3117 2617 haec
3146 2563 3564 2634 adolescentuli.

1969 2654 2194 2709 audiant
2214 2653 2269 2708 bi
2294 2652 2491 2723 quibus
2520 2652 2785 2721 psallendi
2812 2652 2868 2709 in
2909 2654 3156 2712 Ecclesia
3188 2657 3433 2715 cilicium
3452 2667 3563 2728 est,

1969 2743 2083 2801 Deo
2108 2760 2216 2800 non
2259 2760 2414 2811 voce,
2443 2745 2538 2801 sed
2562 2745 2726 2801 corde
2753 2747 3118 2817 cantandum;
3148 2764 3250 2808 nec
3278 2750 3335 2807 in
3358 2758 3565 2825 traga-

1971 2837 2166 2892 dorum
2215 2837 2434 2892 modum
2473 2845 2661 2909 guttur
2704 2846 2759 2893 et
2808 2838 2993 2901 fauces
3021 2840 3165 2898 dulci
3202 2845 3566 2904 medicamine

1972 2929 2310 2985 collinienda:
2346 2938 2497 2994 sunt,
2529 2938 2590 2984 ut
2632 2929 2687 2984 in
2727 2930 2971 2989 Ecclesia
3016 2934 3309 2993 theatrales
3354 2937 3565 2995 moduli

1972 3021 2266 3078 audiantur
2307 3028 2364 3076 et
2405 3020 2647 3086 cantica;
2701 3022 2796 3077 sed
2843 3023 2898 3078 in
2946 3024 3162 3093 timore,
3189 3026 3244 3082 in
3289 3038 3473 3099 opere,
3505 3028 3566 3086 il

1975 3112 2205 3177 scientia
2252 3112 2680 3185 Scripturarum.
2717 3114 2975 3181 Quamvis
3003 3118 3077 3173 sit
3112 3118 3343 3191 aliquis,
3372 3130 3439 3179 ut,
3468 3138 3569 3181 60-

1895 3195 1942 3259 C
1974 3204 2089 3260 lent
2109 3204 2186 3258 illi
2214 3204 2509 3275 appellare,
2540 3205 2892 3277 cacophcnos,
2919 3208 2965 3264 si
2990 3209 3134 3265 bona
3156 3226 3319 3281 opera
3361 3214 3571 3276 habue-

1974 3299 2075 3365 rit,
2100 3296 2276 3353 dulcis
2317 3298 2459 3367 apud
2486 3298 2657 3354 Deum
2683 3308 2877 3357 cantor
2903 3311 3006 3357 est.
3038 3300 3130 3359 Sic
3164 3314 3351 3363 cantet
3373 3318 3570 3368 senui

1974 3380 2197 3454 ωιτίεῶ
2232 3397 2291 3445 ιιι
2312 3405 2417 3445 non
2441 3407 2544 3447 vos
2572 3393 2842 3460 canentis,
2863 3394 2961 3451 sed
2982 3397 3151 3453 verba
3171 3398 3427 3468 placeant
3444 3414 3571 3474 qua

1972 3482 2259 3551 leguntur;
2293 3491 2352 3538 ut
2381 3482 2603 3554 spiritus
2620 3485 2801 3541 malus
2820 3485 3056 3558 quierat
3084 3489 3142 3545 in
3171 3490 3354 3560 Saule,
3384 3493 3571 3566 eiiciat

1976 3582 2062 3629 tur
2086 3574 2155 3630 ab
2180 3574 2264 3629 his
2289 3575 2382 3644 qui
2402 3575 2473 3630 ab
2497 3590 2564 3635 ec
2590 3577 2841 3635 Similiter
2873 3579 3237 3650 possidentur,
3265 3591 3322 3640 et
3345 3599 3454 3641 non
3478 3586 3570 3642 iu-

1975 3668 2313 3726 trciucatur'
2335 3668 2391 3723 in
2417 3684 2514 3726 eos
2553 3669 2647 3741 qui
2686 3671 2754 3727 de
2790 3671 2953 3729 domo
2992 3673 3086 3729 Dei
3131 3689 3348 3734 scenam
3376 3677 3567 3738 fecere

1974 3759 2317 3833 populorum.
2357 3780 2378 3813 ι
2428 3760 2488 3819 In
2515 3761 2714 3833 quibus
2739 3764 2923 3820 verbis
2968 3781 3298 3840 magnopere
3325 3783 3567 3841 pensan-

1977 3855 2104 3910 dum
2140 3862 2245 3918 est,
2292 3854 2438 3924 quod
2468 3870 2562 3911 eos
2590 3856 2683 3925 qui
2728 3857 2782 3911 in
2827 3872 3033 3914 morem
3078 3861 3360 3930 psallentis
3389 3863 3565 3922 David

1977 3962 2100 4002 cum
2132 3948 2329 4002 timore
2358 3955 2415 4004 et
2441 3948 2709 4018 gravitate
2737 3948 2968 4018 spiritali
3001 3962 3221 4019 canunt,
3266 3954 3565 4027 malignum

1978 4036 2229 4106 spiritum
2257 4037 2423 4091 etiam
2453 4039 2524 4093 ab
2568 4037 2909 4094 auditoribus
2943 4040 3058 4096 suis
3085 4042 3377 4101 excludere
3403 4059 3569 4117 posse

1981 4126 2120 4183 conf:
2131 4135 2300 4193 rmat;
2347 4143 2441 4184 eos
2465 4143 2596 4185 vero
2618 4129 2711 4199 qui
2738 4130 3095 4189 theatralibus
3123 4135 3274 4191 sonis
3296 4144 3354 4192 et
3386 4139 3571 4196 scenici

1982 4219 2063 4276 cis
2096 4220 2557 4279 modulationibus
2580 4262 2597 4289 ,
2639 4229 2695 4277 et
2745 4224 2995 4292 quamvis
3032 4226 3087 4281 in
3136 4227 3334 4285 divinis
3362 4232 3567 4299 verbis,

1982 4314 2134 4370 vocis
2181 4314 2465 4372 dulcedine
2510 4316 2961 4387 intemperantius
3007 4320 3389 4393 delectantur,
3442 4338 3571 4384 eum

1983 4421 2093 4462 non
2123 4406 2298 4463 solum
2320 4407 2391 4462 ab
2418 4406 2542 4463 aliis
2564 4423 2672 4464 non
2697 4409 3005 4478 excludere,
3034 4414 3151 4480 sed,
3179 4415 3322 4484 quod
3351 4423 3437 4472 est
3463 4426 3578 4475 ter-

1986 4498 2163 4563 ribile,
2192 4499 2250 4554 in
2294 4499 2502 4570 seipscs
2548 4500 2892 4559 introducere
2920 4512 3172 4562 testatur.
3222 4505 3375 4564 Unde
3416 4514 3474 4565 et
3517 4509 3588 4568 itu

1986 4591 2096 4648 alio
2121 4590 2241 4649 loco
2263 4591 2404 4649 idem
2429 4591 2621 4649 doctor
2646 4608 2771 4650 cum
2795 4597 3122 4652 sententiam
3151 4596 3306 4654 Isaia
3333 4597 3486 4671 (Cap.
3519 4597 3577 4674 l)

1988 4693 2307 4756 exponeret,
2336 4684 2517 4759 Iniqui
2548 4698 2670 4745 sunt
2707 4698 2870 4745 cretus
2902 4691 3089 4756 nostri,
3132 4691 3216 4746 ait
3260 4709 3274 4746 :
3331 4708 3353 4744 ι
3380 4692 3576 4751 Omnis

1988 4787 2289 4835 conventus
2338 4779 2432 4849 qui
2478 4795 2589 4837 non
2635 4779 2796 4837 offert
2841 4781 3051 4838 hostias
3100 4783 3372 4854 spiritales
3394 4826 3410 4852 ,
3469 4798 3575 4844 nec

1990 4871 2141 4926 audit
2183 4870 2315 4927 illud
2354 4872 2579 4942 quodin
2605 4873 3054 4944 quinquagesimo
3091 4874 3302 4944 psalmo
3335 4876 3577 4946 canitur,

1988 4961 2325 5032 Sacriﬁcium
2370 4962 2482 5019 Deo
2534 4963 2767 5035 Spiritus
2808 4961 3218 5033 contribulatu,
3248 4981 3343 5021 cor
3372 4967 3577 5023 contri-

1986 5065 2100 5111 tum
2133 5064 2183 5111 et
2233 5055 2569 5112 humiliation
2596 5057 2736 5112 Deus
2766 5072 2872 5113 non
2912 5056 3162 5131 despicit,
3194 5060 3578 5118 abominabilis

1989 5149 2101 5206 Dec
2122 5157 2227 5206 est.
2262 5168 2283 5205 ι
2318 5149 2470 5207 Mens
2494 5164 2628 5223 ergo
2665 5148 2857 5221 libera,
2886 5149 2944 5208 id
2966 5158 3073 5222 est,
3103 5154 3356 5211 sensibus
3381 5166 3580 5226 corpo-

1656 5262 1932 5322 BALUZII
1969 5263 2203 5322 NOTAE.

368 5370 396 5400 ο
423 5354 495 5413 In
518 5355 753 5428 concilio
779 5356 1057 5428 Africano.
1106 5355 1428 5428 Exstatihic
1465 5369 1641 5428 canon
1670 5356 1729 5412 in
1755 5373 1887 5413 con-

283 5429 425 5490 cilio
457 5427 737 5500 Africano,
765 5427 885 5500 cap.
915 5429 1003 5494 70,
1033 5439 1087 5485 et
1113 5430 1168 5500 in
1215 5427 1413 5500 Codice
1454 5427 1735 5484 Caucnum
1784 5430 1887 5486 Ec—

285 5500 476 5584 clesite
520 5496 930 5584 biripanaegtit.
976 5500 1121 5584 195..
1148 5499 1259 5584 Sed
1307 5500 1890 5584 utrobiquendiversus

285 5580 382 5631 est
410 5569 574 5642 paulo
606 5572 686 5655 ab.
711 5572 947 5655 editione
990 5571 1283 5643 Agcbardi.
1320 5570 1411 5627 Sic
1438 5569 1582 5626 enim
1613 5570 1723 5628 illic
1752 5573 1886 5643 legi-

288 5652 428 5695 tur:
461 5660 479 5694 ι
503 5640 717 5695 Placuit
756 5652 920 5695 etiam
962 5643 1087 5695 hoc.
1118 5651 1178 5695 ut
1222 5658 1432 5695 preces.
1484 5659 1607 5695 unm
1646 5645 1886 5695 probata

288 5652 428 5701 tur:
461 5660 479 5694 ι
503 5642 717 5699 Placuit
756 5644 920 5700 etiam
954 5642 1087 5721 pce,
1118 5651 1178 5698 ut
1222 5658 1432 5714 preces,
1484 5659 1607 5714 qum
1646 5642 1891 5713 probata

289 5710 507 5797 iuerint
537 5712 592 5769 in
635 5713 887 5780 concilio,
920 5714 1033 5797 sive
1060 5713 1431 5797 praefationes,
1460 5715 1574 5770 sive
1605 5730 1895 5797 foramen-

292 5785 570 5851 elationes,
606 5799 702 5840 seu
731 5800 924 5842 manus
953 5785 1343 5856 impcsiticnes,
1364 5786 1451 5843 .ab
1473 5785 1725 5843 omnibus
1753 5786 1895 5844 cele-

1988 5363 2237 5449 brentur,
2259 5378 2363 5421 nec
2402 5363 2524 5420 alia:
2541 5359 2763 5449 omnino
2790 5365 2980 5449 contra
3008 5358 3171 5449 ﬁdem
3189 5362 3582 5449 praeferantur,

1991 5433 2110 5563 fissa
2125 5450 2463 5561 qtuamunque
2503 5450 2535 5490 a
2579 5433 3019 5506 prudentioribus
3064 5433 3269 5492 fuerint
3317 5433 3578 5504 collecta,

2028 5524 2042 5561 Ι
2115 5524 2148 5562 [ι
2178 5523 2261 5561 αι’.

2028 5523 2208 5562 tcantu
2216 5523 2261 5561 I‘.

2042 5546 2488 5651 fgg'implieitate.
2532 5579 2589 5635 in
2625 5576 3580 5651 manuscriptclegiturjnplacitate:
3609 5546 3618 5559 '

1994 5664 2093 5720 pro
2128 5645 2247 5717 quc'
2268 5647 2551 5706 Massonus
2577 5648 2750 5706 edidit
2785 5645 3156 5705 meditante.
3196 5645 3306 5706 Nos
3348 5662 3480 5707 vero
3503 5664 3585 5707 νον

1993 5720 2273 5791 posuimus
2294 5720 2649 5792 supplicante,
2677 5727 2741 5778 ut
2759 5735 2851 5779 res
2873 5720 3151 5793 postulare
3170 5720 3474 5778 videbatur.
