4012 6338
445 292 557 350 555

1411 295 1471 351 S.
1509 292 1859 354 AGOBARDI
1890 291 2198 352 EPISCOPI
2240 293 2726 353 LUGDUNENSIS

3630 304 3754 361 3'56

446 412 526 469 ris
573 425 688 469 nou
728 412 1107 480 succumbens,
1141 413 1217 470 ita
1262 415 1516 471 resistere
1558 417 1717 473 debet
1761 431 1915 471 vana:
1970 430 2035 470 ac
2062 418 2114 478 Α
2138 429 2300 484 quam
2350 429 2439 470 res
2475 430 2595 485 qua:
2642 394 2875 480 canitur,
2918 396 3150 487 poenale
3199 414 3335 473 dicit
3380 429 3506 475 esse
3548 436 3757 492 pecca-

444 503 621 560 noxite
660 503 1004 561 delectationi
1051 506 1287 572 aurium,
1337 507 1476 562 sicut
1505 517 1560 565 et
1590 508 2038 563 delectationibus

446 612 704 654 sensuum
754 610 1103 666 cancrorum,
1150 582 1299 657 visus
1344 602 1617 666 videlicet,
1672 610 1729 657 et
1783 601 2034 668 oliactus,

445 700 669 766 gustus,
716 701 770 747 et
808 702 1015 759 tactus;
1068 710 1299 765 quorum
1330 693 1827 765 perturbationibus
1856 694 2037 748 anima

445 794 842 857 pnegravatur,
874 796 930 842 et
974 788 1206 857 capitur.
1240 786 1512 856 Quantum
1541 788 1774 859 denique
1801 788 2041 843 oblecta-

446 878 627 933 tiones
671 879 883 934 aurium
928 878 1186 934 virtutem
1240 879 1437 933 mentis
1480 888 1764 943 enervent,
1809 884 2040 933 testatur

443 971 704 1043 praefatus
727 972 939 1038 doctor,
977 972 1071 1044 qui
1109 973 1187 1027 ait
1233 990 1247 1026 :
1304 989 1323 1022 ι
1352 971 1589 1027 Auditus
1619 972 1771 1026 vario
1802 986 2041 1042 organo-

446 1077 570 1119 rum
603 1072 798 1129 cantu,
829 1072 884 1120 et
917 1080 1113 1120 vocum
1156 1063 1541 1120 iullexionibus
1586 1064 1866 1130 delinitur,
1902 1072 1955 1119 et
1983 1063 2039 1118 in

443 1159 688 1216 carmine
730 1169 1013 1232 poetarum
1058 1168 1113 1216 et
1153 1162 1583 1228 comoediarum,
1637 1162 2041 1231 mimorumque

442 1251 873 1318 urbanitatibus,
901 1261 959 1308 et
988 1253 1246 1323 strophis,
1274 1260 1331 1308 et
1355 1254 1621 1325 quidquid
1647 1269 1746 1325 per
1773 1270 1934 1310 aures
1963 1253 2042 1309 in-

443 1343 650 1398 troiens
674 1344 987 1399 virilitatem
1013 1344 1212 1399 mentis
1240 1344 1539 1401 effeminat.
1576 1366 1595 1399 ι

513 1432 648 1490 XIII.
694 1434 801 1492 Sed
831 1444 887 1492 et
932 1437 1124 1491 beatus
1157 1445 1367 1509 martyr
1391 1437 1700 1508 Cyprianus
1739 1437 1935 1511 (Serm.
1977 1438 2041 1493 de

444 1526 556 1581 zelo
578 1526 625 1582 et
653 1527 836 1599 livore)
867 1529 1032 1584 simili
1058 1531 1221 1585 modo
1248 1530 1399 1596 dicit,
1432 1545 1712 1600 exponens
1736 1530 1866 1586 illud
1892 1530 2040 1600 Apo-

442 1619 588 1685 stoli,
637 1620 986 1676 Adversarius
1035 1631 1205 1676 vester
1246 1622 1492 1678 diabolus
1534 1634 1785 1694 tanquam
1824 1623 1903 1678 leo
1952 1640 2042 1677 ra-

439 1713 611 1787 giens,
640 1714 825 1767 circuit
845 1729 1083 1785 quaerens
1102 1731 1255 1784 quem
1282 1714 1513 1770 devoret.
1542 1714 1634 1769 Ait
1658 1731 1791 1785 ergo
1822 1732 1834 1767 :
1875 1732 1894 1765 ί
1921 1712 2042 1769 Cir-

2141 514 2273 567 tum,
2306 506 2379 560 ita
2408 514 2469 560 ut
2498 506 2690 562 melius
2716 507 2789 561 sit
2814 522 2919 562 non
2944 508 3137 564 audire
3171 518 3481 566 cantantem
3500 554 3518 580 ,
3550 516 3758 587 utique

2139 596 2194 651 in
2219 605 2385 651 cantu
2435 604 2491 652 et
2520 597 2669 653 sonis
2696 613 2833 669 quos
2875 598 3058 654 divina
3097 600 3312 671 eloquia
3358 604 3644 673 animant,
3684 623 3760 665 ac

2138 688 2451 754 viviﬁcant;
2506 697 2567 743 ut
2614 691 2727 745 vita
2777 698 3039 745 cantuum
3090 705 3157 746 ac
3201 707 3459 749 sonorum
3510 696 3565 752 in
3620 714 3761 755 sen-

2140 781 2326 837 tentiis
2367 782 2438 837 sit
2487 782 2794 838 divinorum
2836 782 3199 854 eloquiornm.
3246 782 3551 854 Craterum,
3595 789 3646 845 si
3696 791 3761 845 in

2141 870 2332 926 diebus
2383 871 2498 926 suis
2543 872 2789 927 audisset
2837 872 3052 942 aliquos
3102 887 3212 926 non
3259 873 3327 928 de
3377 875 3580 933 divinis
3631 878 3762 933 elo-

2140 971 2318 1039 quiis,
2359 972 2452 1027 sed
2501 972 2568 1027 de
2614 971 2868 1027 humanis
2911 972 3387 1029 adinventionibus
3432 982 3760 1041 cantantes,

2142 1064 2384 1134 nunquid
2443 1080 2553 1121 non
2597 1074 2873 1120 mortuum
2902 1072 2959 1120 et
2994 1065 3118 1121 sine
3156 1065 3267 1121 vita
3305 1065 3471 1121 talem
3519 1075 3763 1123 cantum

2132 1155 2405 1227 iudicaret
2422 1159 2446 1214 ?

2216 1249 2334 1306 XV.
2371 1252 2574 1307 Verum
2603 1252 2731 1322 quia
2759 1264 2785 1293 α
2817 1250 3068 1323 Gregorii
3102 1249 3349 1322 praesulis
3376 1265 3572 1309 nomen
3610 1252 3765 1307 titu-

2141 1341 2228 1397 lus
2251 1340 2467 1413 praal‘ati
2495 1341 2660 1396 libelli
2689 1341 2997 1412 praetendit,
3013 1349 3069 1397 et
3088 1340 3218 1397 hinc
3244 1342 3500 1411 opinione
3526 1353 3769 1414 sumpta

2142 1442 2340 1504 putant
2377 1448 2502 1488 eum
2531 1432 2750 1502 quidam
2783 1448 2814 1487 a
2852 1433 3012 1487 beato
3039 1430 3303 1502 Gregorio
3327 1432 3572 1490 Romano
3600 1450 3767 1506 pon-

2143 1525 2290 1581 tiﬁce
2316 1536 2371 1580 et
2393 1523 2765 1580 illustrissimo
2796 1525 3017 1580 doctore
3041 1526 3437 1595 compositum;
3462 1525 3769 1583 videamus

2145 1616 2290 1686 quod
2335 1623 2554 1671 sanctus
2585 1615 2674 1670 ille
2698 1615 2785 1670 vir
2826 1616 2892 1671 de
2927 1623 3091 1670 cantu
3121 1614 3494 1672 ecclesiastico
3521 1618 3772 1674 ordina-

2144 1708 2303 1773 verit,
2349 1707 2434 1763 vel
2479 1708 2610 1779 quid
2654 1708 2772 1779 ejus
2816 1715 3059 1778 tempore
3093 1708 3337 1764 Romana
3364 1710 3611 1766 Ecclesia
3664 1711 3772 1767 de-

441 1806 556 1861 cuit
601 1806 688 1861 ille
718 1822 817 1860 nos
845 1806 1105 1876 singulos,
1138 1814 1196 1861 et
1225 1814 1482 1878 tanquam
1511 1807 1686 1862 hostis
1713 1806 1925 1862 clausos
1946 1805 2044 1861 ob-
2070 1809 2119 1869 B
2147 1800 2400 1856 cantarit.
2448 1799 2539 1854 Ait
2565 1800 2729 1871 igitur
2756 1800 2812 1854 in
2840 1799 3084 1855 Decretis
3110 1800 3224 1886 suis
3263 1801 3404 1873 (Lib.
3442 1819 3517 1868 tv,
3547 1803 3767 1886 indict.

440 1897 657 1962 sidens,
693 1913 876 1952 muros
906 1898 1191 1967 explorat,
1225 1906 1281 1951 et
1308 1904 1480 1952 tentat
1500 1914 1571 1951 an
1603 1898 1678 1953 sit
1698 1913 1826 1968 pars
1853 1896 2036 1967 aliqua

439 1988 811 2046 membrorum
860 1991 1042 2046 minus
1085 1988 1297 2044 stabilis
1348 1996 1404 2043 et
1465 1990 1644 2044 minus
1702 1988 1832 2053 ﬁda,
1883 1986 2039 2055 cujus

442 2082 590 2138 aditu
634 2082 701 2137 ad
737 2082 999 2137 interiora
1034 2089 1372 2152 penetretur.
1420 2080 1591 2137 Oﬁ‘ert
1629 2081 1804 2136 oculis
1834 2079 2040 2135 formas

442 2171 618 2228 illices
645 2180 703 2227 et
732 2171 923 2228 faciles
947 2172 1275 2241 voluptates,
1306 2180 1368 2225 ut
1390 2172 1506 2227 visu
1539 2172 1783 2226 destruat
1811 2170 2038 2225 castita-

440 2270 573 2319 tem.
592 2263 770 2319 Aures
798 2280 899 2335 per
917 2278 1175 2318 canoram
1208 2264 1470 2317 musicam
1490 2270 1682 2326 tentat,
1700 2269 1759 2316 ut
1786 2260 1905 2316 soni
1922 2261 2042 2316 dul-

441 2358 610 2415 cioris
627 2360 812 2414 auditu
830 2360 1006 2415 solvat
1031 2368 1084 2415 et
1111 2359 1319 2414 molliat
1332 2358 1706 2414 Christianum
1722 2358 1986 2429 vigorem.
2013 2378 2033 2410 ι

516 2450 658 2506 XIV.
702 2452 955 2518 Quod‘et
992 2451 1185 2506 beatus
1217 2450 1554 2522 Augustinus
1582 2450 1649 2504 ad
1680 2449 2041 2505 tentationem

443 2541 646 2599 diaboli
688 2542 994 2611 intelligens
1019 2543 1294 2613 pertinere
1313 2584 1327 2608 ,
1359 2542 1413 2597 in
1441 2542 1596 2596 libris
1624 2540 2039 2597 Confessionum

442 2647 664 2693 suarum
689 2632 831 2702 (Lib.
861 2651 917 2698 x,
949 2649 1069 2704 cap.
1104 2634 1196 2704 55)
1220 2634 1332 2689 Deo
1368 2634 1573 2705 gratias
1604 2633 1777 2689 refert
1804 2634 1949 2702 quod
1972 2634 2040 2688 ab

438 2722 544 2780 hoc
566 2724 701 2779 vitio
725 2724 989 2781 liberatus
1019 2727 1110 2782 sit.
1148 2745 1165 2776 ι
1201 2726 1541 2796 Voluptates,
1589 2726 1786 2797 inquit,
1826 2727 2040 2781 aurium

440 2814 694 2870 tenacius
722 2829 809 2870 me
840 2815 1285 2885 implicaverant,
1329 2825 1385 2871 et
1425 2817 1893 2887 subjugaverant;
1946 2817 2044 2871 sed

443 2906 715 2964 resolvisti
744 2915 800 2962 et
824 2907 1070 2963 liberasti
1102 2925 1209 2964 me.
1256 2908 1411 2963 Nunc
1441 2910 1495 2963 in
1530 2910 1679 2964 sonis
1701 2951 1716 2974 ,
1757 2924 1894 2979 quos
1920 2909 2042 2963 ani-

441 3006 597 3055 mant
639 2998 856 3069 eloquia
906 3008 1036 3066 tua,
1086 3016 1211 3056 cum
1265 3002 1418 3056 suavi
1469 3009 1526 3057 et
1568 3001 1865 3058 artiﬁciosa
1914 3015 2045 3056 voce

440 3095 781 3155 cantantur,
839 3087 1016 3145 fateor
1066 3090 1463 3162 aliquantulum
1516 3093 1843 3163 acquiesco,
1914 3092 2042 3148 dum

2144 1895 2234 1960 15,
2281 1894 2442 1964 epist.
2481 1891 2574 1964 44)
2613 1912 2625 1947 :
2671 1911 2689 1944 ι
2723 1892 2782 1947 In
2813 1901 3000 1948 sancta
3041 1893 3144 1949 hac
3185 1884 3432 1951 Romana
3475 1884 3769 1965 Ecclesia,

2142 1986 2229 2042 cui
2283 1986 2464 2042 divina
2513 1985 2851 2055 dispensatio
2893 2001 3129 2057 praeesse
3164 2002 3254 2043 me
3296 1988 3486 2055 voluit,
3533 1989 3771 2046 dudum

2141 2075 2479 2133 consuetudo
2513 2086 2597 2131 est
2627 2076 2778 2131 valde
2811 2077 3259 2147 reprehensibilis
3286 2088 3494 2145 exorta,
3532 2088 3592 2135 ut
3626 2081 3771 2153 qui-

2141 2169 2267 2226 dam
2298 2170 2365 2225 ad
2395 2170 2535 2224 sacri
2567 2169 2755 2224 altaris
2783 2170 3144 2226 ministerium
3170 2181 3425 2229 cantores
3447 2172 3767 2244 eligantur,

2142 2272 2197 2321 et
2226 2265 2281 2318 in
2308 2264 2627 2318 diaconatus
2651 2263 2844 2318 ordine
2872 2264 3154 2335 constituti
3196 2264 3553 2321 modulationi
3590 2265 3770 2322 vocis

2143 2353 2462 2420 inserviant,
2485 2370 2622 2425 quos
2646 2356 2713 2409 ad
2741 2354 3147 2425 praedicationis
3174 2355 3410 2411 ollicium
3440 2355 3765 2430 eleemosy-

2143 2462 2447 2517 uarumque
2473 2447 2713 2502 studium
2742 2462 2936 2502 vacare
2959 2448 3321 2519 congruebat.
3351 2449 3502 2504 Unde
3540 2449 3602 2503 ﬁt
3632 2449 3767 2521 ple-

2144 2553 2407 2608 rumque,
2454 2546 2517 2592 ut
2562 2538 2631 2593 ad
2676 2554 2894 2594 sacrum
2930 2539 3328 2606 ministerium,
3377 2541 3501 2595 dum
3536 2540 3766 2596 blanda

2141 2645 2249 2684 vox
2294 2628 2597 2699 quaeritur,
2649 2631 2818 2699 quazri
2863 2646 3105 2703 congrua
3149 2632 3264 2686 vita
3313 2632 3642 2705 negligatur,
3710 2642 3769 2689 et

2144 2733 2337 2779 cantor
2363 2723 2611 2778 minister
2642 2722 2857 2779 Domini
2889 2726 3131 2781 moribus
3162 2726 3403 2782 stimulet
3424 2768 3441 2792 ,
3487 2743 3614 2782 cum
3654 2743 3767 2798 po-

2144 2814 2331 2886 pulum
2360 2813 2586 2869 vocibus
2613 2813 2864 2871 delectat.
2909 2816 3026 2884 Qua
3066 2816 3133 2872 de
3164 2833 3223 2872 re
3244 2819 3496 2887 praesenti
3522 2819 3763 2876 decreto

2145 2906 2420 2961 constituo
2443 2947 2457 2971 ,
2498 2913 2558 2961 ut
2586 2905 2639 2959 in
2667 2907 2795 2962 sede
2824 2908 2927 2963 hac
2954 2908 3096 2963 sacri
3123 2907 3314 2983 altaris
3353 2909 3587 2963 ministri
3615 2926 3764 2967 can-

2147 3003 2267 3050 tare
2306 3011 2414 3050 non
2461 2995 2732 3060 debeant,
2786 2996 3071 3068 solumque
3117 2997 3441 3069 evangelica:
3490 2998 3762 3059 lectionis

2149 3087 2387 3144 ollicium
2434 3088 2578 3142 inter
2620 3088 2909 3143 missarum
2939 3088 3202 3145 solemnia
3240 3089 3555 3157 exsolvant;
3595 3092 3760 3163 psal-

438 3176 573 3251 ipsis
623 3179 832 3236 sanctis
871 3179 1033 3236 dictis
1077 3181 1387 3254 religiosius
1431 3190 1488 3239 et
1535 3184 1815 3240 ardentius
1865 3184 2043 3239 sentio
2069 3178 2114 3242 C
2145 3196 2266 3237 mos
2293 3195 2424 3236 vero
2453 3195 2519 3235 ac
2545 3178 2782 3249 reliquas
2808 3180 3069 3237 lectiones
3101 3197 3298 3238 censeo
3333 3197 3432 3253 per
3459 3182 3760 3239 subdiaco-

439 3272 647 3333 moveri
697 3273 909 3329 animos
943 3282 1162 3331 nostros
1210 3276 1265 3330 in
1314 3274 1587 3331 ﬂammam
1636 3276 1874 3371 pietatis,
1916 3292 2041 3332 cum

438 3360 516 3418 ita
555 3371 866 3431 cantantur,
911 3380 1075 3435 quam
1123 3366 1168 3421 si
1219 3382 1329 3421 non
1373 3368 1452 3423 ita
1496 3360 1871 3423 cantarentur.
1911 3388 1930 3420 ι
1975 3369 2044 3423 Et

440 3468 633 3509 rursus
664 3463 790 3525 post
825 3454 1009 3525 aliqua
1038 3456 1107 3510 de
1134 3455 1370 3515 utilitate
1408 3456 1672 3527 psallendi
1707 3458 1761 3512 in
1794 3457 2042 3513 Ecclesia

444 3544 739 3600 discretam
786 3545 1071 3618 proferens
1114 3548 1480 3615 sententiam,
1535 3551 1667 3606 dicit
1715 3569 1728 3606 :
1794 3570 1813 3603 ι
1849 3551 2042 3608 Tutius

448 3635 669 3706 quidem
702 3637 837 3692 mihi
867 3638 1082 3693 videtur
1110 3638 1253 3710 quod
1283 3640 1349 3695 de
1392 3640 1761 3697 Alexandrino
1784 3644 2041 3714 episcopo

441 3729 748 3788 Athanasio
777 3746 920 3801 saepe
967 3733 1100 3787 mihi
1129 3733 1334 3788 dictum
1361 3736 1734 3803 commemini,
1759 3737 1887 3805 quia
1926 3744 2040 3791 tam

441 3820 659 3885 modico
683 3820 824 3878 ﬂexu
855 3824 1005 3879 vocis
1028 3822 1263 3879 faciebat
1291 3840 1488 3881 sonare
1515 3826 1773 3883 lectorem
1803 3827 1997 3898 psalmi
2020 3869 2035 3895 ,

441 3918 504 3967 ut
529 3914 902 3983 pronuntianti
927 3915 1158 3971 vicinior
1182 3925 1326 3973 esset
1348 3934 1511 3989 quam
1542 3920 1779 3975 canenti.
1805 3919 2038 3976 Verum-

443 4011 625 4060 tamen
654 4020 778 4060 cum
807 4007 1131 4063 reminiscor
1157 4008 1430 4081 lacrymas
1453 4026 1626 4077 meas,
1662 4028 1798 4082 quas
1828 4011 1939 4066 fudi
1971 4014 2039 4069 ad

445 4090 643 4152 cantus
686 4095 944 4153 Ecclesiae
973 4108 1077 4154 tute
1107 4102 1161 4154 in
1190 4103 1506 4170 primordiis
1541 4114 1874 4173 recuperata:
1915 4104 2039 4160 ﬁdei

445 4202 601 4257 mete,
630 4194 685 4243 et
708 4202 851 4242 nunc
880 4190 999 4258 ipso
1021 4176 1386 4256 commoveor,
1410 4209 1518 4247 non
1546 4202 1735 4257 cantu,
1760 4194 1854 4247 sed
1877 4194 2039 4249 rebus

443 4294 565 4351 qum
592 4287 905 4346 cantantur,
953 4297 1075 4336 cum
1125 4282 1329 4352 liquida
1366 4299 1499 4339 voce
1548 4293 1603 4339 et
1635 4284 2038 4339 convenientis-

442 4374 582 4432 sima
611 4373 981 4429 modulatione
1002 4382 1309 4442 cantantur,
1336 4393 1531 4448 magna
1554 4376 1792 4431 instituti
1830 4376 2035 4431 utilita-

442 4476 554 4535 tem
594 4482 788 4523 rursus
831 4483 1134 4540 cognosco;
1167 4471 1451 4541 magisque
1479 4472 1738 4537 adducor,
1773 4487 1881 4526 non
1910 4471 2036 4541 qui-

443 4561 564 4621 dem
594 4561 1046 4618 irretractabilem
1075 4565 1402 4619 sententiam
1443 4564 1746 4635 proferens,
1778 4566 2037 4621 cantandi
2063 4543 2116 4603 Ῑ)

445 4653 895 4715 consuetudinem
926 4655 1228 4725 approbare
1270 4655 1324 4710 in
1372 4656 1647 4721 Ecclesia,
1682 4665 1740 4711 ut
1767 4671 1866 4727 per
1891 4657 2037 4713 oble-

440 4749 716 4806 ctamenta
745 4746 959 4801 aurium
995 4745 1264 4801 inﬁrmior
1292 4748 1507 4804 animus
1531 4748 1585 4802 in
1614 4746 1868 4802 allectum
1917 4748 2034 4817 pie-

444 4830 572 4907 tatis
603 4842 869 4906 assurgat.
902 4835 1108 4892 Tamen
1158 4852 1281 4891 cum
1324 4836 1459 4892 mihi
1491 4837 1692 4892 accidit
1725 4845 1785 4891 ut
1812 4853 1899 4893 me
1925 4848 2040 4893 am-

441 4922 582 4991 plius
610 4933 802 4981 cantus
829 4944 992 4998 quam
1022 4944 1112 4984 res
1136 4923 1257 4999 quie
1279 4930 1496 4985 canitur
1521 4938 1735 4986 moveat
1757 4971 1772 4995 ,
1808 4930 2037 5001 poenali-

444 5025 528 5070 ter
554 5032 639 5071 me
666 5030 892 5087 peccare
913 5022 1200 5087 conﬁteor,
1222 5033 1276 5078 et
1306 5031 1435 5078 tunc
1465 5023 1681 5078 mallem
1705 5039 1816 5079 non
1846 5024 2036 5081 audire

443 5113 778 5163 cantantem.
818 5127 838 5159 ι
874 5107 1013 5166 Ecce
1048 5113 1135 5173 vir
1162 5114 1563 5179 sanctissimus,
1594 5123 1757 5185 atque
1781 5116 2037 5171 doctissi-

442 5212 582 5260 mus,
607 5206 663 5254 et
692 5201 955 5270 approbat
998 5205 1304 5262 institutum
1334 5209 1590 5263 cantandi
1636 5219 1858 5280 propter
1882 5208 2035 5264 inﬁr-

441 5304 561 5344 mos
587 5332 601 5356 ,
638 5305 775 5359 quos
823 5292 877 5347 in
910 5293 1161 5351 allectum
1194 5299 1414 5368 pietatis
1444 5298 1576 5355 facit
1611 5314 1928 5372 assurgere;
1975 5309 2031 5356 et

446 5385 625 5437 tamen
654 5396 776 5438 cum
824 5382 1023 5441 accidit
1049 5393 1109 5442 ut
1135 5388 1254 5444 olus
1288 5399 1503 5446 moveat
1541 5391 1779 5447 animum
1813 5400 2029 5460 cantus,

2144 3288 2268 3339 nos,
2299 3272 2381 3328 vel
2426 3272 2473 3328 si
2520 3273 2823 3329 necessitas
2862 3273 3063 3345 exigit,
3113 3290 3211 3346 per
3249 3274 3489 3329 minores
3520 3272 3757 3330 ordines

2144 3365 2413 3423 exhiberi.
2444 3364 2502 3421 Si
2532 3365 2654 3436 quis
2682 3373 2865 3421 autem
2893 3374 3082 3421 contra
3112 3368 3218 3423 hoc
3245 3366 3525 3423 decretum
3555 3380 3756 3421 meum

2145 3459 2330 3514 venire
2381 3458 2694 3523 tentaverit,
2749 3458 3041 3515 anathema
3092 3459 3183 3515 sit.
3233 3458 3302 3514 Et
3348 3458 3760 3528 responderunt

2143 3566 2359 3617 omnes,
2400 3551 2703 3606 Anathema
2732 3550 2824 3607 sit.
2865 3571 2883 3605 ι
2924 3550 3065 3607 Ecce
3086 3551 3171 3606 vir
3198 3550 3529 3623 apostolicus
3556 3566 3756 3622 repre-

2142 3644 2332 3701 hendit
2394 3644 2844 3700 consuetudinem
2878 3684 2893 3711 ,
2946 3660 3054 3715 qua
3112 3644 3430 3700 diaconibus
3486 3644 3753 3699 cantandi

2141 3734 2377 3791 oﬁicium
2428 3734 2830 3807 injungebatur,
2872 3747 2975 3791 nec
3015 3736 3069 3790 in
3115 3735 3195 3790 eis
3239 3735 3495 3791 blandam
3525 3750 3750 3802 vocem,

2143 3826 2239 3882 sed
2264 3841 2559 3897 congruam
2589 3826 2760 3881 vitam
2789 3826 2922 3881 dicit
2951 3842 3072 3882 esse
3107 3827 3524 3898 requirendam;
3557 3827 3751 3882 stimu—

2142 3919 2351 3990 larique
2397 3918 2566 3972 Deum
2616 3918 2806 3973 talium
2851 3919 3227 3975 ministrorum
3257 3920 3498 3975 moribus
3525 3920 3747 3985 asserit,

2141 4010 2357 4066 etiamsi
2388 4009 2645 4079 populum
2691 4011 2916 4066 vocibus
2962 4011 3254 4067 delectent.
3301 4011 3571 4066 Damnata
3610 4027 3747 4067 vero

2144 4102 2240 4156 tali
2265 4102 2656 4157 consuetudine
2675 4142 2689 4167 ,
2732 4102 2973 4173 psalmos
2997 4119 3061 4159 ac
3089 4104 3325 4173 reliquas
3354 4104 3619 4160 lectiones
3643 4120 3747 4175 per

2141 4192 2499 4247 subdiaconos
2541 4193 2624 4247 vel
2670 4208 2769 4262 per
2814 4194 3057 4250 minores
3101 4195 3321 4251 ordines
3350 4211 3542 4251 censet
3584 4196 3744 4251 exhi-

2140 4281 2289 4347 beri;
2323 4282 2439 4336 solo
2482 4282 2733 4338 videlicet
2776 4286 3101 4356 evangelicae
3145 4285 3393 4342 IeCtionis
3419 4286 3599 4341 ollicio
3625 4287 3743 4342 dia-

2142 4378 2369 4434 conibus
2396 4378 2661 4450 delegato.
2693 4380 2775 4434 Ex
2799 4381 2997 4450 quibus
3019 4384 3306 4454 perspicue
3331 4383 3743 4439 demonstratur

2140 4472 2379 4541 psalmos
2409 4481 2537 4528 tunc
2578 4474 2635 4528 in
2676 4475 2921 4531 Ecclesia
2967 4478 3247 4532 decantari
3297 4477 3549 4545 solitum,
3593 4478 3753 4551 unde.

2143 4565 2438 4622 maximam
2479 4576 2692 4639 partem
2721 4571 3028 4627 divinorum
3058 4572 3363 4628 olliciorum
3390 4573 3557 4628 etiam
3591 4587 3740 4630 nunc

2143 4669 2361 4717 constat
2399 4677 2520 4718 esse
2552 4664 2908 4733 compositam
2926 4706 2940 4731 ,
2969 4674 3026 4721 et
3052 4683 3159 4722 non
3187 4666 3443 4738 ﬁgmenta
3475 4680 3738 4738 quorum-

2142 4751 2275 4806 libet
2297 4752 2576 4807 hominum
2595 4794 2609 4817 ,
2637 4769 2758 4823 quae
2791 4771 2823 4809 a
2854 4763 3004 4810 tanto
3030 4755 3121 4810 illo
3146 4757 3265 4811 viro
3300 4773 3406 4811 non
3437 4771 3563 4812 esse
3587 4770 3737 4811 com-

2141 4845 2339 4914 posita,
2382 4860 2543 4901 nemo
2582 4846 2688 4901 nisi
2717 4847 2809 4916 qui
2835 4848 3218 4903 sincerissima;
3251 4851 3369 4915 ejus
3399 4847 3527 4903 ﬁdei
3555 4856 3611 4903 et
3641 4862 3735 4903 ex-

2143 4937 2541 4993 cellentissimte
2560 4937 2883 4995 eruditionis
2904 4939 3129 5011 ignarus
3153 4948 3257 5005 est,
3286 4940 3519 4997 dubitat.

2215 5029 2351 5085 XVI.
2393 5029 2562 5102 Igitur
2607 5030 2731 5101 quia
2777 5040 3095 5088 sanctorum
3140 5033 3365 5089 Patrum
3400 5034 3562 5089 dictis
3602 5033 3732 5089 satis

2139 5129 2419 5177 ostensum
2446 5130 2531 5177 est
2567 5131 2826 5193 quantum
2861 5123 3111 5180 humanas
3152 5124 3397 5180 levitates
3423 5134 3479 5180 et
3506 5124 3729 5180 menda-

2140 5212 2226 5267 cia
2279 5213 2563 5269 devitanda
2588 5254 2604 5280 ,
2656 5222 2989 5285 quatumque
3038 5216 3346 5272 divinorum
3394 5216 3726 5287 eloquiornm

2139 5303 2346 5360 veritas
2371 5319 2438 5360 ac
2463 5305 2750 5362 sinceritas
2784 5307 3158 5378 amplectenda
3189 5310 3280 5375 sit,
3314 5308 3446 5365 libet
3471 5325 3641 5380 pauca
3664 5322 3727 5362 ex

2140 5394 2323 5451 verbis
2368 5393 2519 5451 beati
2556 5397 2818 5469 martyris
2853 5398 3105 5470 Cypriani
3145 5401 3494 5468 subnectere,
3535 5398 3727 5473 quibus

776 5552 779 5555 ,
996 5546 1005 5551 -
1822 5506 2096 5565 BALUZII
2134 5507 2365 5566 NOTAE.

516 5620 542 5649 ι
570 5606 810 5692 Gregorii
838 5626 1027 5692 agmen
1045 5612 1253 5692 ιὶηιζιιεἶ
1290 5617 1484 5692 Exstat
1508 5619 1655 5692 enim
1685 5620 1828 5692 inter
1849 5618 2027 5692 Opera

446 5681 618 5759 sancti
643 5681 893 5759 Gregorii
937 5697 1090 5759 papa}
1130 5683 1555 5759 Antiphonarius
1595 5691 1708 5745 sive
1738 5681 2026 5745 Gradualis

456 5750 572 5809 iber
598 5750 879 5807 ordinatus
906 5750 1299 5827 per'circulut'u
1351 5760 1495 5815 anni.
1537 5760 1734 5816 Verum
1786 5762 1928 5817 hunc
1960 5761 2023 5816 li-

2134 5622 2294 5705 brum
2330 5640 2439 5682 non
2464 5642 2590 5706 esse
2630 5627 2880 5706 Gregorii
2924 5633 3202 5706 contendit
3239 5631 3581 5706 Agobardus.
3613 5630 3722 5687 Nisi

2131 5697 2176 5780 si
2224 5709 2413 5776 revera
2458 5697 2705 5771 Gregorii
2745 5697 2889 5769 crat,
2926 5703 3021 5759 sed
3059 5697 3349 5780 corruptus
3379 5712 3558 5763 tractu
3588 5712 3719 5761 tem-

2128 5764 2295 5835 poris.
