4012 6338
199 341 327 401 357

1340 346 1469 409 LIB.
1513 346 1603 412 DE
1637 332 1982 411 censear.
2012 354 2384 416 ANTIPHON.

3394 375 3501 433 558

198 459 540 517 ostendatur
567 475 675 531 qua
706 460 971 532 gravitate
1006 470 1064 518 et
1107 465 1371 522 modestia
1418 469 1598 523 divina
1631 468 1805 524 ofﬁcia
1831 470 1886 532 Α
1908 467 2145 527 ofﬁcium
2198 471 2501 543 injunctum
2549 480 2655 542 est,
2714 491 2912 551 magna
2969 485 3187 540 occasio
3237 486 3416 545 stultae
3445 499 3503 547 et

198 550 542 608 celebranda
560 552 667 607 sint
698 567 713 606 :
748 572 767 604 ι
803 552 906 619 Sit,
928 554 1105 624 inquit
1126 556 1322 627 (Serm.
1351 559 1416 614 de
1438 558 1591 616 Orat.
1620 560 1803 634 Dom.)

199 646 503 701 orantibus
528 661 707 701 sermo
729 655 783 702 et
803 650 1045 719 precatio
1079 663 1202 704 cum
1231 651 1533 722 disciplina,
1568 654 1804 723 quietem

200 735 507 791 continens
528 745 582 791 et
616 736 898 808 pudorem.
927 739 1233 810 Cogitemus
1258 758 1357 797 nos
1377 744 1476 798 sub
1514 754 1803 815 conspectu

199 826 310 882 Dei
339 834 506 883 stare.
537 828 867 884 Placendum
890 839 973 885 est
993 832 1189 887 divinis
1210 835 1382 889 oculis
1408 844 1462 889 et
1483 836 1669 891 habitu
1690 852 1809 892 cor-

198 922 387 992 poris,
420 930 477 978 et
504 923 665 978 modo
687 926 855 981 vocis.
890 925 1024 981 Nam
1056 937 1115 982 ut
1150 929 1476 1000 impudentis
1496 937 1579 985 est
1602 930 1809 987 clamo-

200 1013 369 1069 ribus
390 1024 651 1085 strepere,
680 1016 755 1071 ita
797 1019 1047 1090 congruit
1078 1021 1383 1077 verecundo
1404 1021 1664 1077 modestis
1683 1037 1808 1093 pre-

198 1109 372 1165 cibus
398 1126 574 1166 orare.
608 1112 677 1166 Et
703 1113 921 1184 quando
949 1115 1003 1169 in
1032 1132 1196 1170 unum
1228 1131 1351 1171 cum
1388 1117 1648 1175 fratribus
1672 1135 1805 1175 con-

196 1203 485 1268 venimus,
525 1211 581 1258 et
607 1205 874 1261 sacriﬁcia
921 1207 1100 1263 divina
1128 1224 1251 1264 cum
1282 1210 1494 1266 Domini
1528 1213 1807 1271 sacerdote

198 1292 573 1361 celebramus,
605 1297 944 1353 verecundiae
972 1309 1029 1354 et
1052 1300 1348 1372 disciplina:
1386 1317 1654 1360 memores
1687 1321 1807 1362 esse

198 1380 474 1439 debemus
511 1402 525 1438 :
558 1400 664 1439 non
712 1387 915 1455 passim
959 1389 1222 1444 ventilare
1263 1406 1456 1461 preces
1482 1400 1694 1450 nostras
1719 1395 1805 1449 in-

198 1474 448 1530 conditis
502 1475 761 1543 vocibus,
808 1494 909 1534 nec
950 1480 1269 1551 petitionem
1323 1485 1806 1540 commendandam

199 1562 480 1629 modeste,
510 1565 619 1620 Deo
665 1567 993 1624 tumultuosa
1045 1569 1375 1641 loquacitate
1410 1572 1637 1643 jactare.
1668 1573 1806 1642 Quia

198 1653 358 1710 Deus
382 1670 488 1710 non
516 1659 664 1713 vocis
689 1660 784 1715 sed
805 1661 986 1717 cordis
1008 1662 1224 1718 auditor
1245 1672 1360 1730 est;
1391 1680 1491 1720 nec
1513 1667 1807 1722 admonen—

199 1746 311 1802 dus
332 1755 422 1802 est
452 1749 799 1821 clamoribus,
839 1754 931 1823 qui
958 1756 1311 1827 cogitationes
1334 1759 1502 1823 videt,
1538 1759 1806 1828 probante

1909 563 2085 617 noxiae
2107 563 2482 634 occupationis
2503 564 2767 623 aufertur.
2792 569 2872 627 Ex
2893 573 3090 643 quibus
3117 580 3500 649 quamplurimi

1908 654 1978 709 ab
2004 656 2223 715 ineunte
2247 660 2479 729 pueritia
2499 677 2670 734 usque
2695 665 2765 721 ad
2792 670 3089 728 senectutis
3107 674 3361 731 canitiem
3383 693 3501 733 om-

1908 760 2004 801 nes
2034 748 2149 802 dies
2180 750 2302 805 vitae
2343 766 2453 806 suae
2482 752 2536 807 in
2577 756 2817 824 parando
2844 766 2900 813 et
2927 760 3299 820 conﬁrmando
3333 777 3498 823 cantu

1906 842 2249 909 expendunt;
2278 852 2334 898 et
2366 851 2536 900 totum
2569 854 2783 917 tempus
2826 850 3043 907 utilium
3076 863 3133 910 et
3174 858 3499 927 spiritalium

1906 929 2227 998 studiorum,
2258 932 2470 1004 legendi
2508 936 2777 1006 videlicet,
2814 949 2869 996 et
2910 942 3090 1001 divina
3128 946 3341 1019 eloquia
3370 967 3498 1022 per-

1906 1023 2219 1089 scrutandi,
2273 1024 2327 1079 in
2373 1026 2677 1084 istiusmodi
2728 1036 3079 1104 occupatione
3129 1050 3497 1110 consumunt;

1908 1113 2158 1183 quodque
2213 1116 2500 1175 animabus
2556 1137 2745 1177 eorum
2798 1127 2987 1195 procul
3037 1128 3200 1185 dubio
3233 1132 3390 1190 valde
3418 1142 3504 1190 est

1908 1205 2154 1271 noxium,
2203 1207 2376 1279 ignari
2407 1211 2530 1266 ﬁdei
2577 1229 2707 1281 sua},
2740 1215 2896 1273 inscii
2934 1218 3339 1292 Scripturarum
3371 1242 3501 1281 san-

1905 1300 2141 1360 ctarum,
2172 1305 2229 1350 et
2257 1297 2454 1354 divinze
2481 1300 2852 1374 intelligentiae
2877 1308 3066 1365 inanes
3096 1327 3161 1367 ac
3187 1314 3366 1380 vacui,
3398 1316 3503 1373 hoc

1905 1388 2079 1443 solum
2110 1390 2211 1444 sibi
2238 1391 2490 1449 sufﬁcere
2517 1404 2740 1470 putant;
2765 1407 2820 1455 et
2845 1401 2915 1457 ob
2941 1402 3066 1471 hoc,
3097 1407 3261 1463 etiam
3286 1411 3500 1467 ventosi

1906 1487 1962 1534 et
1998 1478 2170 1535 inﬂati
2202 1481 2477 1552 incedunt,
2507 1487 2552 1540 si
2592 1503 2785 1544 sonum
2810 1499 2866 1547 et
2890 1507 3078 1550 vocem
3104 1497 3501 1559 decantationis

1904 1578 2181 1642 utcunque
2208 1574 2512 1659 addiscart,
2541 1586 2597 1633 et
2616 1579 2670 1635 in
2694 1596 2921 1639 numero
2947 1594 3232 1644 cantorum
3254 1590 3501 1660 deputari

1903 1659 2205 1716 videantur.
2237 1662 2442 1731 Quibus
2467 1667 2689 1723 omnino
2710 1669 2881 1741 (dum,
2913 1673 3056 1730 sicut
3072 1675 3268 1734 beatus
3291 1659 3500 1754 Grego-

1904 1750 2021 1806 rius
2045 1768 2208 1822 supra
2238 1753 2335 1819 ait,
2366 1754 2537 1809 Deum
2566 1758 2800 1814 moribus
2848 1763 3145 1831 stimulant,
3181 1785 3300 1823 cum
3328 1750 3499 1842 popa-3

200 1837 445 1895 Domino
479 1849 534 1896 et
562 1842 777 1899 dicente
808 1862 822 1899 :
863 1844 933 1899 Et
978 1847 1141 1902 scient
1172 1866 1347 1904 omnes
1389 1849 1659 1916 Ecclesiw,
1680 1851 1803 1922 quia

1909 1839 2018 1896 lum
2048 1844 2258 1898 vocibus
2286 1844 2560 1913 oblectent)
2593 1851 2938 1907 metuendum
2983 1862 3070 1910 est
3094 1829 3163 1912 ne
3190 1829 3352 1915 etiam

197 1946 301 2000 ego
359 1947 479 1984 sum
528 1944 771 1988 scrutatis
824 1952 973 1991 renes
1015 1946 1065 1991 et
1112 1940 1293 1994 corda.
1335 1939 1505 1995 Sonet
1537 1941 1799 2011 psalmus.

198 2020 533 2080 Convivium
585 2028 827 2084 sobrium
878 2029 951 2085 sit
1006 2032 1163 2088 nobis
1219 2033 1519 2104 spiritualis
1567 2035 1802 2106 auditio,

196 2114 478 2184 prolectet
513 2133 673 2175 aures
697 2119 950 2192 religiosa
981 2122 1247 2179 mulcedo.
1287 2146 1305 2178 ι

280 2206 445 2263 XVII.
487 2208 583 2265 His
606 2226 737 2281 ergo
778 2219 835 2268 et
870 2214 1175 2284 huiusmodi
1213 2217 1433 2274 Patrum
1466 2222 1686 2278 monitis
1714 2223 1802 2279 in-

198 2296 451 2366 formati,
484 2310 540 2357 et
565 2318 753 2360 eorum
782 2318 1073 2377 sequentes
1101 2311 1327 2383 vestigia
1354 2331 1493 2385 quos
1527 2316 1597 2371 ad
1621 2318 1805 2374 Domi-

198 2407 336 2448 num
383 2397 726 2464 praecessisse
770 2415 878 2455 non
915 2402 1259 2474 ambigimus,
1291 2415 1516 2463 cunctas
1546 2409 1806 2465 adiuven-

198 2486 389 2543 tiones
422 2488 700 2545 hominum
746 2494 898 2562 quasi
926 2496 1226 2565 superﬂuas
1257 2509 1595 2569 respuentes,
1620 2504 1803 2559 verbis

198 2576 427 2633 Domini
469 2594 590 2649 quae
637 2582 704 2637 ad
752 2584 933 2639 omnia
986 2585 1273 2654 sufﬁciunt,
1308 2590 1362 2644 in
1406 2587 1523 2659 ejus
1554 2591 1804 2650 laudibus

197 2686 586 2741 personemus,
610 2683 670 2730 ut
690 2692 814 2732 cum
847 2679 1007 2735 beato
1042 2680 1213 2738 David
1250 2684 1430 2740 dicere
1478 2687 1754 2745 valeamus
1784 2706 1798 2744 :

200 2761 276 2817 Et
302 2780 423 2837 qua:
460 2765 526 2820 de
554 2783 715 2821 manu
748 2778 841 2825 tua
870 2773 1181 2843 accepimus,
1202 2775 1453 2831 dedimus
1489 2777 1602 2833 tibi.
1641 2778 1800 2848 Quia,

199 2864 265 2911 ut
314 2858 511 2914 beatus
537 2859 871 2932 Augustinus
896 2865 995 2932 ait,
1030 2884 1049 2917 ‹
1082 2865 1225 2921 Nihil
1250 2867 1362 2923 Deo
1388 2878 1535 2925 recte
1554 2869 1799 2939 oﬁ'ertur,

203 2948 309 3005 nisi
338 2951 487 3020 quod
520 2952 590 3005 ab
624 2968 689 3007 eo
720 2955 1004 3024 accipitur.
1036 2977 1054 3009 ι
1085 2957 1185 3026 Qui
1218 2968 1272 3015 et
1303 2960 1407 3015 alio
1446 2961 1564 3017 loco
1602 2978 1804 3032 praece-

203 3041 285 3110 pit
306 3041 425 3097 suis
456 3061 469 3096 :
502 3061 521 3094 ‹
551 3042 729 3100 Nolite
755 3055 977 3103 cantare
999 3048 1105 3103 nisi
1131 3051 1272 3120 quod
1301 3051 1508 3124 legistis
1529 3069 1649 3109 esse
1673 3070 1802 3110 can-

206 3133 454 3187 tandum.
487 3154 505 3186 ι
537 3133 692 3202 Quod
728 3136 947 3205 quidam
985 3137 1224 3211 religiosi
1246 3141 1346 3195 viri
1369 3151 1658 3213 sequentes
1680 3145 1803 3199 sub«

199 3222 363 3292 jectis
384 3224 486 3281 sibi
509 3224 768 3281 fratribus
792 3238 1122 3299 praeceptum
1148 3231 1255 3285 tale
1274 3231 1537 3289 dederunt
1574 3253 1585 3288 ε
1614 3234 1804 3292 Nullus

203 3325 507 3386 prmsumat
536 3320 902 3390 responsoria,
941 3329 1034 3376 aut
1074 3323 1417 3394 antiphonas,
1462 3342 1583 3397 quae
1628 3329 1804 3387 solent

208 3410 385 3481 aliqui
408 3415 698 3484 composito
722 3430 854 3471 sono
881 3431 980 3487 pro
1007 3433 1104 3473 suo
1132 3418 1286 3474 lihitu
1310 3436 1415 3475 non
1445 3437 1512 3476 ex
1540 3424 1804 3480 canonica

210 3503 497 3576 Scriptura
538 3521 815 3583 assumpta
863 3529 1081 3581 canere,
1130 3516 1186 3570 in
1226 3519 1645 3591 congregatione
1699 3520 1803 3577 ista

208 3600 296 3656 vel
327 3603 577 3660 meditari
619 3606 705 3661 vel
736 3607 938 3664 dicere.
970 3607 1197 3679 Oportet
1218 3610 1365 3665 enim
1399 3627 1500 3667 nos
1530 3628 1720 3668 sanam
1749 3621 1806 3669 et

207 3695 514 3765 simplicem
544 3699 897 3770 apostolicam
933 3710 989 3756 et
1017 3709 1233 3772 patrum
1263 3710 1577 3759 nostrorum
1601 3704 1802 3761 imitari

206 3790 539 3858 doctrinam,
570 3801 627 3847 et
662 3795 891 3866 gratiam
937 3795 1197 3862 stabilire,
1230 3811 1327 3852 cor
1353 3813 1642 3869 moresque
1670 3799 1801 3856 sub-

205 3880 337 3936 dere
394 3882 714 3954 disciplinae.
765 3886 843 3940 Ea
891 3886 1056 3956 igitur
1093 3896 1318 3943 cantare
1363 3888 1624 3946 debemus
1657 3905 1820 3961 quae;

207 3975 347 4029 sicut
400 3975 594 4032 beatus
642 3976 979 4049 Augustinus
1023 3980 1174 4047 dicit,
1228 3981 1303 4035 ita
1344 3981 1547 4052 scripta
1589 3991 1715 4038 sunt
1746 3990 1805 4038 ut

207 4078 521 4127 cantantur.
559 4091 578 4123 ‹
606 4070 736 4139 Quae
784 4082 966 4129 autem
1000 4090 1110 4129 non
1154 4076 1228 4130 ita
1259 4077 1461 4147 scripta
1505 4087 1653 4144 sunt,
1691 4095 1800 4136 non

206 4170 524 4229 cantemus;
566 4165 693 4235 quia
724 4182 824 4222 nec
871 4167 976 4223 alio
1018 4168 1179 4224 modo
1211 4183 1374 4239 quam
1406 4184 1514 4240 quo
1553 4171 1667 4241 ipse
1697 4173 1801 4228 Do-

208 4253 390 4309 minus
412 4255 577 4324 jussit
616 4271 715 4326 per
742 4259 1036 4330 prophetas
1064 4267 1119 4314 et
1165 4260 1437 4330 apostolos
1464 4278 1593 4318 suos
1623 4264 1800 4319 mani-

206 4344 397 4401 festari
445 4363 509 4402 ea
564 4348 875 4405 hominibus
926 4351 1144 4407 debent.
1185 4352 1232 4405 A
1269 4352 1428 4408 nobis
1479 4353 1800 4411 obedientia:

204 4453 372 4508 quam
400 4440 745 4496 victimarum
772 4441 1101 4514 sacriﬁcium
1130 4444 1355 4514 quaerit;
1386 4461 1486 4500 nec
1516 4447 1800 4503 cantilenae

1907 1931 1999 1988 illa
2040 1933 2137 1989 Dei
2184 1935 2554 2007 increpatione
2596 1938 2882 2010 feriantur,
2914 1961 3020 2016 qua
3049 1948 3181 2005 dicit
3213 1968 3226 2005 :
3260 1931 3504 2027 Populus

1906 2024 1992 2079 hic
2016 2024 2169 2081 labiis
2202 2044 2285 2082 me
2328 2029 2574 2096 honorat,
2611 2049 2703 2087 cor
2745 2045 2922 2092 autem
2951 2055 3131 2095 eorum
3179 2042 3330 2116 longe
3356 2056 3433 2102 est
3465 2024 3501 2103 ἀ

1906 2130 2009 2169 me.
2049 2114 2116 2169 Et
2151 2116 2351 2173 iterum
2392 2119 2605 2192 :Aufer
2653 2140 2687 2176 a
2737 2140 2820 2179 me
2869 2128 3151 2185 tumultum
3204 2114 3501 2194 carminum

1906 2214 2136 2274 tuorum,
2165 2217 2214 2263 et
2241 2211 2446 2265 cantica
2464 2211 2595 2283 lyra:
2623 2223 2729 2272 tua:
2755 2233 2860 2272 non
2877 2220 3114 2276 audiam.
3138 2222 3275 2280 Nam
3298 2235 3354 2281 et
3372 2229 3502 2285 bea-

1907 2309 1994 2355 tus
2020 2300 2399 2374 Hieronymus,
2430 2312 2491 2359 ut
2518 2321 2681 2376 supra
2706 2318 3066 2367 memoratum
3091 2324 3201 2381 est,
3224 2318 3290 2375 de
3316 2318 3504 2387 hujus-

1904 2392 2051 2449 modi
2081 2393 2393 2451 hominibus
2434 2398 2722 2456 manifeste
2766 2401 2922 2469 dicit,
2960 2405 3104 2473 quod
3152 2406 3218 2462 de
3256 2408 3502 2469 Ecclesia

1905 2484 2002 2541 Dei
2030 2501 2251 2542 scenam
2277 2487 2506 2544 fecerint
2540 2492 2881 2562 populorum.
2911 2494 3065 2552 Hanc
3093 2499 3239 2555 enim
3270 2516 3503 2575 occupa-

1906 2576 2106 2633 tionem
2143 2579 2469 2650 superﬂuam
2498 2581 2553 2637 in
2582 2583 2788 2639 eisdem
2819 2588 2991 2644 sacris
3034 2590 3230 2648 ofﬁciis
3257 2593 3505 2650 devitan-

1905 2676 1989 2726 tes
2014 2670 2242 2741 antiqui,
2285 2688 2409 2727 cum
2440 2673 2519 2728 eis
2563 2674 2809 2744 profecto
2854 2687 3165 2749 suppeteret
3199 2696 3267 2737 ex
3303 2683 3503 2743 divinis

1903 2763 2057 2819 libris
2083 2772 2137 2820 et
2165 2765 2448 2837 multiplex
2476 2767 2631 2837 copia
2663 2768 3012 2838 laudationis,
3056 2782 3112 2828 et
3145 2775 3341 2846 peritia
3385 2792 3503 2832 mo-

1905 2858 2221 2925 dulationis,
2259 2859 2569 2916 maluerunt
2599 2870 2780 2918 tamen
2810 2863 3003 2919 eadem
3045 2880 3188 2937 saepe
3231 2876 3502 2940 repetere,

1905 2966 2069 3021 quam
2095 2950 2321 3006 inﬁnitis
2343 2959 2397 3006 et
2425 2968 2533 3008 non
2558 2955 2884 3011 necessariis
2910 2955 3256 3026 psallentium
3290 2961 3503 3020 animos

1903 3056 2198 3111 occupare,
2228 3042 2313 3097 vel
2343 3059 2591 3115 gravare.

1977 3152 2117 3209 XIX.
2159 3154 2529 3227 Quapropter,
2580 3158 2877 3216 auxiliante
2935 3160 3034 3218 Dei
3084 3164 3292 3235 gratia,
3351 3167 3501 3227 omni

1906 3243 2084 3300 studio
2110 3246 2327 3316 pietatis
2351 3247 2659 3303 instandum
2690 3258 2855 3320 atque
2880 3254 3279 3311 observandum
3303 3266 3411 3325 est,
3439 3268 3502 3316 ut

1906 3339 2047 3394 sicut
2065 3340 2133 3393 ad
2159 3340 2486 3397 celebranda
2511 3343 2801 3425 missarum
2829 3346 3093 3404 solemnia
3119 3351 3284 3407 habet
3312 3352 3503 3410 Eccle-

1906 3430 1982 3487 sia
2013 3444 2038 3472 ιι
2062 3431 2287 3488 Librum
2311 3432 2694 3505 Mysteriorum
2717 3435 2823 3493 ﬁde
2842 3440 3133 3508 purissima
3151 3448 3208 3497 et
3228 3445 3500 3502 concinna

1902 3524 2171 3581 brevitate
2218 3524 2711 3599 digestum,'habet
2737 3540 2790 3586 et
2823 3531 3048 3589 Librum
3080 3533 3397 3593 Lectionum
3418 3549 3503 3596 'ex

1905 3615 2103 3671 divinis
2124 3616 2279 3672 libris
2308 3632 2548 3691 congrua
2576 3621 2786 3676 ratione
2814 3623 3122 3693 collectum,
3152 3628 3229 3683 ita
3255 3630 3420 3685 etiam
3443 3639 3501 3688 et

1904 3707 2048 3765 hunc
2081 3709 2304 3764 tertium
2333 3709 2635 3767 Ofﬁcialem
2674 3712 2958 3781 Libellum,
3003 3716 3058 3773 id
3095 3727 3198 3786 est,
3225 3719 3498 3792 Antipho-

1902 3800 2138 3864 narium,
2168 3800 2469 3856 habeamus
2492 3803 2745 3858 omnibus
2767 3803 2797 3843 ιι
2827 3806 3080 3863 humanis
3124 3808 3399 3881 ﬁgmentis
3442 3822 3500 3871 et

1903 3890 2203 3944 mendaciis
2245 3900 2625 3962 expurgatum,
2659 3903 2715 3948 et
2746 3909 2845 3964 per
2874 3900 3202 3953 totum'anni
3231 3901 3498 3960 circulum

1903 3995 1969 4035 ex
2008 3981 2317 4051 purissimis
2342 3991 2543 4037 sancte
2569 3982 2865 4054 Scriptum
2894 3989 3075 4043 verbis
3100 3988 3499 4049 sufﬁcientissi-

1901 4088 1989 4127 me
2008 4073 2351 4138 ordinatum;
2380 4074 2636 4144 quatinus
2659 4074 2714 4130 in
2735 4076 2907 4132 sacris
2925 4076 3124 4135 ofﬁciis
3146 4082 3493 4154 peragendis,

1896 4165 2051 4236 juxta
2086 4163 2526 4235 probatissimam
2575 4165 2696 4223 ﬁdei
2737 4167 3002 4239 regulam,
3045 4179 3101 4226 et
3135 4183 3373 4242 paterna:
3399 4191 3497 4231 au-

1902 4258 2169 4313 ctoritatis
2196 4259 2560 4315 venerabilem
2585 4260 2949 4332 disciplinam,
2972 4280 3078 4319 una
3101 4282 3130 4320 a
3154 4268 3308 4323 nobis
3327 4278 3494 4340 atque

1900 4350 2088 4405 eadem
2118 4350 2457 4405 custodiatur
2485 4350 2659 4407 forma
2707 4354 3039 4423 orationum,
3074 4356 3249 4414 forma
3300 4358 3492 4417 lectio-

1899 4457 2049 4505 num,
2075 4453 2130 4497 et
2156 4442 2331 4498 forma
2362 4443 2851 4502 ecclesiasticarum
2879 4450 3337 4518 modulationum;
3368 4466 3493 4523 quae

205 4528 505 4585 artiﬁcioso
547 4531 749 4598 studio,
796 4534 892 4588 sed
928 4513 1283 4590 'observantia
1328 4537 1709 4593 mandatorum
1745 4546 1800 4594 et
1823 4557 1877 4617 ι)
1902 4547 1933 4587 a
1962 4532 2089 4587 boni
2118 4532 2316 4605 ingenii
2345 4534 2779 4592 adolescentibus
2808 4553 2969 4608 quam
3004 4539 3285 4596 celerrime
3334 4542 3493 4598 imbi-

203 4620 389 4674 cordis
414 4621 681 4675 munditia
708 4622 1031 4679 delectatur.
1064 4643 1083 4677 ι

273 4712 461 4768 XVIII.
504 4714 631 4770 [lare
684 4717 1051 4772 sincerissima
1101 4716 1325 4773 Patrum
1375 4727 1598 4786 statuta,
1646 4720 1796 4777 omni

200 4803 483 4875 diligentia
512 4813 568 4860 et
594 4808 946 4862 veneratione
990 4807 1330 4865 observanda
1358 4819 1504 4866 sunt.
1534 4812 1669 4879 Quia
1698 4829 1797 4885 per

201 4896 311 4951 hoc
338 4904 393 4951 et
423 4896 547 4952 ﬁdei
571 4899 801 4968 puritas,
830 4916 896 4955 ac
928 4900 1207 4971 religionis
1232 4902 1517 4974 disciplina
1547 4906 1793 4962 saluber-

200 4989 347 5042 rime
369 4988 692 5055 custoditur,
737 4998 793 5045 et
820 4991 927 5046 duo
950 4991 1087 5045 mala
1115 4992 1278 5048 nimis
1305 4994 1493 5063 pietati
1519 4997 1795 5053 contraria

1900 4625 2033 4691 bila,
2058 4640 2152 4680 eos
2193 4634 2248 4681 et
2275 4626 2472 4682 divinis
2501 4628 2750 4685 laudibus
2777 4632 3124 4688 concinendis
3158 4631 3493 4696 sufﬁcienter

1901 4724 1958 4773 et
1984 4717 2467 4797 gravitcridoneos
2493 4721 2698 4786 reddat,
2726 4732 2780 4778 et
2805 4740 2835 4776 a
2864 4723 3163 4794 potioribus
3186 4740 3250 4780 ac
3273 4720 3491 4797 spirita-

1901 4807 2043 4864 libus
2083 4794 2278 4864 studiis
2306 4804 2415 4865 ιδῃ
2447 4811 2720 4882 impediat.
2754 4813 2886 4881 Quis
2910 4814 3053 4868 enim
3084 4816 3160 4870 ita
3187 4794 3490 4878 contentio+

1903 4917 2014 4969 sus,
2042 4903 2150 4959 imo
2169 4904 2411 4969 insanus,
2437 4913 2492 4960 et
2515 4906 2582 4962 ab
2602 4907 2748 4961 omni
2770 4907 3012 4963 veritatis
3038 4909 3249 4967 ratione
3264 4928 3489 4973 aversus

1902 5000 2005 5057 est,
2039 4999 2098 5046 ut
2131 5008 2241 5049 non
2270 4994 2373 5049 hoc
2414 4996 2638 5062 rectius,
2668 4985 2722 5052 et
2769 4998 3196 5067 convenientius,
3228 5019 3293 5060 ac
3336 4990 3488 5062 salu;-

198 5078 414 5133 utiliter
434 5088 791 5149 resecantur;
822 5082 1089 5149 videlicet,
1122 5084 1247 5139 dum
1292 5093 1348 5141 et
1374 5088 1795 5145 vanissimorum
1897 5085 2049 5140 brius
2093 5083 2327 5141 fateatur
2374 5088 2429 5141 in
2485 5089 2579 5142 Dei
2630 5089 2876 5145 laUdibIIS
2918 5091 3217 5161 decantari,
3250 5100 3392 5168 quod
3419 5115 3488 5157 ex

199 5168 485 5226 hominum
537 5176 909 5246 praasumptio,
961 5177 1052 5246 qui
1110 5193 1218 5232 non
1273 5179 1449 5234 solum
1498 5181 1700 5252 inepta,
1742 5190 1823 5247 et,
1898 5179 2095 5235 divinis
2120 5180 2279 5236 dictis
2315 5189 2371 5236 et
2401 5182 2553 5238 libris
2579 5183 2758 5238 videat
2789 5184 3018 5243 ﬁdeliter
3046 5194 3282 5247 assumi?
3307 5197 3486 5265 quati-

199 5262 502 5333 superﬁua,
525 5266 621 5321 sed
650 5268 813 5323 etiam
835 5267 1063 5339 profana
1090 5278 1146 5324 et
1174 5271 1428 5327 haeretica
1453 5273 1509 5327 in
1538 5274 1797 5332 Ecclesiis
1897 5290 2001 5328 nus
2043 5274 2185 5330 sicut
2216 5277 2270 5331 in
2302 5275 2558 5348 Symbolo
2589 5278 2855 5336 catholico
2886 5281 3044 5339 ﬁdem
3093 5262 3339 5344 nostram
3379 5305 3486 5345 non

199 5354 499 5412 decantare
521 5358 744 5427 audent,
776 5361 1019 5416 funditus
1047 5361 1380 5431 excluditur;
1409 5373 1464 5420 et
1484 5367 1798 5423 adolescen-
1896 5367 2101 5422 nostris
2126 5367 2219 5422 sed
2246 5366 2556 5437 apostolicis
2582 5368 2762 5426 verbis
2784 5372 3120 5443 proﬁtemur,
3149 5386 3199 5433 et
3222 5379 3277 5433 in
3305 5380 3488 5435 Domi-

200 5445 353 5514 tulis,
407 5458 569 5520 atque
621 5452 873 5508 omnibus
921 5454 1249 5525 generaliter
1288 5455 1483 5527 quibus
1538 5459 1796 5514 cantandi
1904 5459 2027 5513 nica
2056 5458 2312 5514 Oratione
2347 5474 2456 5513 non
2485 5460 2685 5516 nostris
2724 5465 2817 5521 sed
2848 5466 3018 5537 ipsius
3045 5468 3257 5525 Domini
3281 5478 3337 5526 et
3367 5470 3489 5527 Sal-

1603 5548 1876 5607 BALUZII
1911 5548 2144 5606 NOT/E.

274 5644 305 5670 ι
338 5631 554 5719 Librum
584 5634 977 5719 Mysteriorum,
1012 5638 1202 5719 id__e_st,
1229 5638 1451 5719 Librum
1481 5637 1803 5719 Sacrameni-
1906 5641 1997 5719 hic
2022 5640 2199 5719 culpat
2217 5640 2550 5719 Agebardus,
2579 5645 2898 5716 respiciebat
2924 5650 3203 5719 Alcuinus,
3224 5670 3345 5710 cum
3368 5655 3488 5715 haec

198 5710 387 5795 t'orpm
414 5721 426 5756 :
452 5706 661 5795 deLquo
689 5707 826 5763 libro
851 5724 1013 5780 supra
1039 5710 1274 5765 diximus
1296 5711 1362 5765 ad
1393 5721 1555 5781 caput
1577 5711 1647 5766 50
1677 5712 1802 5767 libri
1907 5713 1983 5795 ad
2022 5706 2218 5795 fratres
2252 5706 2959 5795 .Lugdunennses'scriberet
2999 5706 3055 5776 in
3099 5706 3343 5794 esse];
3369 5706 3481 5784 ἓξ

195 5772 270 5829 de
275 5771 681 5870 Julragitiibfis.c
862 5851 874 5863 ⁸
917 5771 933 5780 ’
984 5851 1003 5870 Δ
1030 5851 1052 5870 ³
1197 5850 1221 5870 ρ
1399 5854 1411 5866 .
1461 5771 1503 5866 '.
1913 5780 2022 5870 ("In
2070 5771 2455 5870 ecclesiasticis
2493 5771 3486 5870 ofﬁciis.inaud'itasnprigiswttintp‘o;

275 5842 308 5886 δ
340 5842 606 5903 Humanis
642 5848 921 5922 ﬁgmentis.
970 5851 1056 5909 Ad
1091 5867 1157 5909 ea
1194 5850 1445 5915 fortassis
1489 5853 1626 5926 ipsa,
1670 5868 1791 5926 quae
1895 5852 2046 5914 ribus
2069 5852 2389 5919 traditiones
2423 5857 2588 5915 nolite
2614 5842 2945 5933 diligererivi
