4012 6338
479 293 592 352 555

1445 297 1505 352 S'.
1543 294 1893 356 AGOBARDI
1924 293 2232 355 EPISCOPI
2274 295 2760 356 LUGDUNENSIS

3668 309 3780 367 356

480 414 561 471 ris
607 427 722 472 non
762 415 1140 482 succumbens,
1174 416 1251 472 ita
1296 416 1551 474 resistere
1592 419 1751 475 debet
1794 434 1948 473 vanae
2003 432 2068 473 ac
2095 420 2334 487 Aquam
2384 432 2473 473 res
2508 433 2629 488 qua:
2676 398 2908 483 canitur,
2952 400 3184 489 (poenale
3233 417 3367 476 dicit
3413 433 3531 479 esse
3578 440 3783 495 pecca.

478 505 655 563 noxite
694 504 1039 563 delectationi
1085 508 1321 574 aurium,
1370 510 1511 565 sicut
1539 520 1594 567 et
1624 510 2071 565 delectationibus

480 614 738 656 sensuum
789 612 1136 669 czeterorum,
1184 584 1333 660 visus
1378 604 1651 668 videlicet,
1706 612 1763 660 et
1817 602 2067 670 olfactus,

479 701 704 768 gustus,
749 703 804 750 et
842 704 1050 761 tactus;
1103 712 1333 767 quorum
1363 696 1861 768 perturbationibus
1890 696 2071 751 anima

479 796 876 859 prmgravatur,
908 798 965 845 et
1009 790 1240 859 capitur.
1274 789 1545 858 Quantum
1575 790 1807 861 denique
1835 790 2075 845 oblecta-

480 880 661 935 tiones
705 881 918 936 aurium
962 880 1220 937 virtutem
1274 881 1470 936 mentis
1513 890 1798 946 enervent,
1843 885 2073 935 testatur

477 973 738 1045 prtefatus
761 974 974 1040 doctor,
1011 974 1105 1045 qui
1143 975 1221 1029 ait
1267 992 1281 1028 :
1337 992 1357 1024 ‹
1386 973 1622 1030 Auditus
1652 974 1805 1029 vario
1835 988 2074 1044 organo-

480 1078 603 1121 rum
636 1073 832 1131 cantu,
863 1074 918 1121 et
952 1082 1147 1122 vocum
1189 1064 1575 1122 inflexionibus
1620 1066 1899 1132 delinitur,
1935 1075 1989 1121 et
2017 1066 2073 1121 in

477 1160 722 1217 carmine
764 1171 1047 1233 poetarum
1091 1170 1147 1218 et
1187 1164 1616 1230 commdiarum,
1669 1164 2074 1234 mimorumque

475 1251 908 1319 urbanitatibus,
935 1262 993 1309 et
1022 1255 1280 1325 strophis,
1308 1262 1365 1310 et
1389 1256 1655 1327 quidquid
1679 1271 1779 1327 per
1806 1272 1967 1312 aures
1996 1256 2075 1311 in-

476 1344 683 1399 troieris
708 1345 1020 1400 virilitatem
1047 1346 1245 1401 mentis
1274 1346 1573 1402 effeminat.
1609 1368 1628 1400 ι

547 1432 682 1490 XIII.
728 1435 835 1493 Sed
865 1445 921 1493 et
965 1438 1157 1492 beatus
1190 1447 1400 1511 martyr
1425 1439 1732 1510 Cyprianus
1771 1440 1968 1513 (Serm.
2010 1441 2075 1495 de

477 1526 589 1582 zelo
611 1526 659 1582 et
687 1529 871 1601 livore)
902 1530 1066 1585 simili
1092 1532 1255 1586 modo
1282 1532 1433 1597 dicit,
1466 1547 1745 1602 exponens
1769 1532 1899 1588 illud
1925 1532 2073 1602 Apo-

475 1620 622 1686 stoli,
671 1621 1020 1677 Adversarius
1070 1633 1239 1678 vester
1280 1623 1525 1680 diabolus
1568 1635 1819 1696 tanquam
1857 1625 1936 1680 leo
1986 1642 2075 1679 ru-

471 1714 644 1789 giens,
673 1715 857 1768 circuit
879 1731 1117 1787 quaerens
1136 1732 1289 1787 quem
1316 1716 1547 1771 devoret.
1575 1715 1667 1771 Ait
1692 1732 1824 1787 ergo
1856 1734 1867 1770 :
1908 1734 1927 1768 ‹
1954 1714 2075 1771 Cir-

2175 516 2306 569 tum,
2339 508 2412 562 ita
2442 516 2503 562 ut
2533 509 2724 564 melius
2749 510 2822 564 sit
2848 525 2953 565 non
2978 511 3171 567 audire
3205 521 3545 584 cantantem,
3581 520 3783 591 utique

2172 598 2227 653 in
2253 607 2419 654 cantu
2469 607 2526 654 et
2554 600 2703 656 sonis
2729 616 2867 671 quos
2908 602 3092 657 divina
3130 602 3345 674 eloquia
3391 607 3680 677 animant,
3717 627 3783 669 ac

2170 690 2485 756 vivificant;
2540 699 2601 746 ut
2647 693 2761 747 vita
2811 701 3073 748 cantuum
3123 708 3190 750 ac
3234 710 3491 753 sonorum
3539 701 3601 755 in
3656 717 3783 759 sen-

2173 784 2360 839 tentiis
2400 785 2472 839 sit
2521 784 2827 840 divinorum
2870 784 3233 856 eloquiorum.
3280 785 3585 857 Caeterum,
3631 794 3681 848 si
3725 796 3783 850 in

2175 872 2366 928 diebus
2416 873 2532 929 suis
2577 874 2823 930 audisset
2870 874 3084 945 aliquos
3135 890 3245 929 non
3293 876 3361 932 de
3411 877 3618 937 divinis
3666 882 3783 937 elo-

2173 973 2351 1041 quiis,
2392 974 2486 1029 sed
2534 975 2601 1029 de
2648 974 2901 1029 humanis
2945 975 3421 1032 adinventionibus
3466 986 3779 1045 cantantes,

2175 1066 2417 1137 nunquid
2475 1083 2586 1124 non
2630 1076 2906 1123 mortuum
2935 1075 2993 1123 et
3028 1068 3151 1124 sine
3190 1068 3301 1124 vita
3338 1068 3505 1124 talem
3552 1079 3782 1126 cantum

2165 1157 2479 1229 judicaret?

2249 1252 2367 1309 XV.
2405 1255 2608 1309 Verum
2636 1254 2764 1324 quia
2793 1267 2818 1295 α
2851 1253 3101 1326 Gregorii
3135 1253 3382 1325 praesulis
3409 1268 3615 1311 nomen
3649 1256 3782 1310 titu-

2174 1343 2260 1399 lus
2284 1344 2498 1415 prrefati
2529 1344 2694 1399 libelli
2723 1343 3030 1414 praetendit,
3045 1352 3102 1400 et
3121 1343 3252 1400 hinc
3278 1345 3536 1414 opinione
3564 1357 3782 1417 sumpta

2175 1444 2373 1506 putant
2409 1450 2534 1490 eum
2564 1435 2784 1505 quidam
2816 1451 2848 1488 a
2885 1435 3045 1489 beato
3072 1432 3335 1505 Gregorio
3360 1435 3617 1492 Romano
3641 1453 3781 1508 pon-

2176 1527 2322 1583 tifice
2348 1539 2403 1582 et
2428 1526 2798 1583 illustrissimo
2829 1528 3050 1583 doctore
3074 1527 3471 1597 compositum;
3495 1527 3781 1586 videamus

2178 1618 2322 1688 quod
2368 1626 2587 1673 sanctus
2618 1618 2707 1673 ille
2731 1618 2819 1673 vir
2859 1619 2925 1673 de
2961 1626 3126 1673 cantu
3154 1617 3531 1675 ecclesiastico
3561 1621 3784 1677 ordina-

2176 1711 2336 1776 verit,
2382 1710 2466 1766 vel
2513 1711 2642 1782 quid
2687 1710 2806 1781 ejus
2850 1718 3092 1781 tempore
3126 1710 3370 1767 Romana
3396 1712 3653 1769 Ecclesia
3694 1713 3781 1770 de-

474 1808 589 1863 cuit
634 1808 722 1863 ille
751 1823 851 1862 nos
879 1808 1140 1878 singulos,
1173 1816 1229 1863 et
1259 1817 1516 1879 tanquam
1545 1808 1720 1864 hostis
1746 1809 1958 1864 clausos
1980 1808 2077 1864 ob-
2104 1811 2153 1872 B
2180 1804 2433 1859 cantarit.
2480 1802 2571 1857 Ait
2597 1802 2761 1874 igitur
2789 1802 2845 1857 in
2872 1802 3118 1858 Decretis
3144 1804 3257 1889 suis
3297 1804 3437 1876 (Lib.
3476 1822 3558 1871 tv,
3591 1806 3778 1889 indict.

474 1898 691 1965 sideris,
726 1915 910 1953 muros
939 1900 1225 1969 explorat,
1258 1908 1315 1954 et
1342 1906 1515 1955 tentat
1534 1916 1605 1953 an
1636 1900 1711 1955 sit
1731 1915 1859 1970 pars
1886 1899 2069 1970 aliqua

472 1990 845 2047 membrorum
894 1993 1076 2048 minus
1119 1990 1331 2047 stabilis
1382 1998 1437 2045 et
1498 1992 1679 2046 minus
1735 1990 1865 2056 fida,
1916 1989 2072 2058 cujus

475 2084 623 2140 aditu
667 2083 734 2139 ad
771 2084 1033 2139 interiora
1068 2091 1406 2154 penetretur.
1453 2082 1624 2139 Offert
1662 2083 1837 2139 oculis
1868 2081 2074 2138 formas

474 2172 651 2229 illices
678 2181 737 2229 et
765 2172 957 2230 faciles
980 2174 1309 2244 voluptates,
1340 2182 1402 2227 ut
1424 2174 1540 2229 visu
1572 2174 1817 2228 destruat
1845 2173 2072 2228 castita-

474 2265 804 2321 tem.Aures
832 2282 932 2337 per
951 2280 1208 2320 canoram
1242 2266 1504 2320 musicam
1524 2273 1716 2329 tentat,
1734 2272 1792 2319 ut
1820 2263 2075 2320 sonidul-

474 2360 643 2416 cioris
660 2361 846 2415 auditu
864 2361 1040 2417 solvat
1065 2370 1117 2416 et
1145 2361 1353 2417 molliat
1366 2361 1739 2416 Christianum
1756 2361 2018 2431 vigorem.
2047 2380 2065 2412 ι

549 2452 691 2508 XIV.
735 2452 988 2520 Quod~et
1024 2454 1219 2508 beatus
1252 2452 1587 2524 Augustinus
1616 2453 1683 2507 ad
1715 2452 2074 2507 tentationcm

476 2542 679 2600 diaboli
721 2544 1028 2613 intelligens
1053 2545 1361 2614 pertinere,
1393 2545 1447 2599 in
1474 2544 1629 2599 libris
1658 2543 2071 2599 Confessionum

475 2648 698 2695 suarum
722 2634 865 2705 (Lib.
894 2652 951 2701 x,
982 2651 1103 2706 cap.
1137 2636 1230 2706 55)
1254 2635 1366 2692 Deo
1401 2636 1607 2707 gratias
1638 2635 1810 2691 refert
1837 2636 1981 2705 quod
2005 2637 2072 2691 ab

472 2724 577 2782 hoc
599 2726 733 2781 vitio
757 2726 1022 2783 liberatus
1053 2729 1144 2783 sit.
1182 2747 1199 2778 ‹
1236 2729 1575 2798 Voluptates,
1622 2729 1818 2799 inquit,
1859 2730 2073 2783 aurium

472 2816 727 2872 tenacius
754 2831 841 2872 me
874 2817 1318 2887 implicaverant,
1362 2827 1418 2873 et
1458 2819 1925 2889 subjugaverant;
1978 2820 2076 2873 sed

476 2908 748 2965 resolvisti
777 2917 833 2964 et
857 2908 1103 2965 liberasti
1136 2927 1243 2965 me.
1290 2910 1445 2965 Nunc
1475 2912 1529 2965 in
1563 2912 1713 2966 sonis
1735 2953 1749 2976 ,
1790 2927 1926 2982 quos
1953 2912 2074 2965 ani-

474 3007 629 3057 mant
672 3000 889 3071 eloquia
939 3009 1070 3067 tua,
1119 3018 1245 3058 cum
1299 3003 1451 3058 suavi
1502 3011 1559 3059 et
1601 3003 1896 3060 artificiosa
1946 3018 2078 3059 voce

473 3096 813 3157 cantantur,
871 3089 1049 3147 fateor
1100 3092 1496 3163 aliquantulum
1549 3095 1876 3164 acquiesco,
1947 3095 2075 3150 dum

2176 1898 2267 1963 15,
2314 1897 2474 1967 epist.
2514 1894 2607 1968 44)
2646 1914 2658 1950 :
2703 1914 2721 1946 ‹
2757 1896 2814 1950 In
2846 1903 3033 1951 sancta
3075 1896 3178 1953 hac
3218 1887 3465 1954 Romana
3510 1887 3777 1967 Ecclesia,

2175 1988 2261 2045 cui
2316 1989 2497 2044 divina
2546 1987 2883 2058 dispensatio
2925 2004 3162 2060 prmesse
3197 2005 3287 2046 me
3330 1991 3523 2058 voluit,
3577 1992 3779 2048 dudum

2174 2078 2510 2136 consuetudo
2545 2089 2630 2134 est
2658 2079 2811 2134 valde
2843 2080 3292 2150 reprehensibilis
3318 2090 3532 2147 exorta,
3573 2092 3641 2138 ut
3668 2082 3779 2155 qui-

2174 2172 2300 2229 dam
2330 2173 2397 2227 ad
2427 2173 2569 2227 sacri
2599 2172 2788 2227 altaris
2816 2173 3177 2229 ministerium
3203 2183 3458 2231 cantores
3481 2175 3776 2246 eligantur,

2176 2275 2230 2324 et
2259 2268 2314 2321 in
2341 2266 2659 2321 diaconatus
2683 2266 2876 2321 ordine
2905 2267 3187 2337 constituti
3228 2267 3598 2324 modulationi
3638 2267 3779 2323 vocis

2176 2356 2494 2421 inserviant,
2518 2373 2655 2427 quos
2678 2358 2745 2411 ad
2772 2357 3179 2427 praedicationis
3206 2357 3442 2413 oflicium
3473 2358 3773 2431 eleemosy-

2176 2464 2479 2519 uarumque
2505 2444 2746 2504 studium
2773 2465 2968 2504 vacare
2991 2450 3353 2521 congruebat.
3384 2451 3541 2507 Unde
3582 2452 3649 2505 fit
3674 2451 3777 2523 ple-

2177 2555 2439 2611 rumque,
2487 2548 2549 2595 ut
2595 2541 2663 2596 ad
2708 2556 2926 2597 sacrum
2962 2541 3360 2607 ministerium,
3409 2543 3540 2597 dum
3579 2542 3773 2598 blanda

2174 2648 2282 2687 vox
2326 2632 2628 2702 quaeritur,
2681 2633 2849 2702 qureri
2896 2648 3137 2705 congrua
3181 2635 3294 2688 vita
3344 2635 3683 2708 negligatur,
3728 2641 3776 2690 et

2176 2735 2369 2781 cantor
2395 2726 2643 2781 minister
2673 2725 2889 2782 Domini
2921 2728 3163 2783 moribus
3194 2729 3474 2795 stimulet,
3522 2745 3658 2785 cum
3690 2745 3775 2800 po-

2176 2816 2362 2889 pulum
2391 2816 2619 2872 vocibus
2645 2816 2895 2874 delectat.
2940 2818 3058 2887 Qua
3098 2819 3165 2875 de
3195 2835 3255 2875 re
3276 2821 3530 2890 praesenti
3563 2822 3772 2877 decreto

2177 2908 2452 2964 constituo
2475 2950 2489 2974 ,
2529 2916 2589 2963 ut
2617 2908 2671 2962 in
2698 2910 2827 2965 sede
2856 2910 2958 2966 hac
2985 2910 3128 2966 sacri
3156 2910 3345 2967 altaris
3385 2912 3631 2967 ministri
3658 2928 3771 2969 can-

2180 3006 2299 3053 tare
2338 3013 2445 3053 non
2492 2997 2763 3063 debeant,
2817 2999 3103 3071 solumque
3149 3000 3474 3072 evangelica:
3524 3001 3770 3058 lectionis

2181 3090 2418 3146 officium
2466 3090 2610 3145 inter
2652 3092 2939 3146 missarum
2970 3092 3234 3148 solemnia
3272 3093 3597 3162 exsolvant;
3636 3093 3769 3167 psal-

470 3178 606 3252 ipsis
656 3181 865 3238 sanctis
904 3180 1066 3237 dictis
1110 3182 1421 3256 religiosius
1464 3192 1521 3241 et
1568 3186 1847 3242 ardentius
1898 3186 2075 3241 sentio
2101 3179 2147 3245 C
2178 3199 2298 3239 mos
2325 3198 2456 3239 vero
2484 3198 2551 3238 ac
2577 3182 2812 3252 reliquas
2838 3183 3101 3240 lectiones
3132 3200 3330 3241 censeo
3364 3201 3463 3256 per
3491 3186 3770 3242 subdiaco-

472 3274 680 3335 moveri
730 3275 942 3331 animos
976 3283 1195 3333 nostros
1243 3278 1299 3332 in
1348 3276 1621 3333 flammam
1670 3279 1907 3372 pietatig,
1948 3294 2073 3334 cum

470 3362 548 3420 ita
588 3372 899 3432 cantantur,
945 3382 1108 3437 quam
1155 3368 1201 3423 si
1253 3384 1361 3424 non
1407 3370 1485 3425 ita
1530 3362 1903 3425 cantarentur.
1944 3390 1962 3422 ι
2006 3371 2077 3425 Ει

472 3470 665 3511 rursus
696 3465 822 3527 post
858 3455 1042 3527 aliqua
1071 3458 1140 3512 de
1166 3457 1403 3517 utilitate
1441 3458 1705 3529 psallendi
1740 3460 1794 3514 in
1827 3459 2074 3516 Ecclesia

475 3546 771 3603 discretam
819 3547 1104 3620 proferens
1148 3551 1514 3616 sententiam,
1568 3553 1699 3608 dicit
1747 3571 1761 3608 :
1826 3572 1845 3605 ι
1881 3554 2073 3610 Tutius

479 3636 700 3708 quidem
734 3639 870 3694 mihi
900 3639 1115 3695 videtur
1142 3641 1285 3712 quod
1316 3643 1383 3697 de
1424 3642 1793 3699 Alexandrino
1817 3646 2072 3716 episcopo

473 3730 780 3789 Athanasio
809 3748 954 3804 saepe
999 3734 1133 3789 mihi
1162 3735 1366 3790 dictum
1394 3737 1766 3803 commemini,
1792 3738 1918 3808 quia
1959 3747 2072 3793 tam

473 3822 690 3889 modico
715 3822 857 3879 flexu
886 3826 1038 3880 vocis
1062 3824 1295 3881 faciebat
1323 3843 1520 3883 sonare
1547 3828 1804 3884 lectorem
1836 3829 2067 3899 psalmi,

472 3921 535 3969 ut
560 3916 934 3985 pronuntianti
959 3917 1190 3973 vicinior
1215 3928 1358 3975 esset
1380 3936 1543 3991 quam
1574 3922 1811 3976 canenti.
1838 3920 2071 3978 Verum-

474 4012 656 4061 tamen
685 4023 811 4061 cum
840 4009 1163 4065 reminiscor
1190 4010 1461 4083 lacrymas
1485 4027 1658 4077 meas,
1694 4030 1830 4084 quas
1861 4013 1971 4069 fudi
2003 4016 2070 4071 ad

476 4092 674 4153 cantus
718 4097 976 4154 Ecclesia:
1006 4109 1109 4155 tua:
1139 4103 1193 4156 in
1223 4104 1538 4172 primordiis
1573 4116 1906 4176 recuperata:
1946 4107 2071 4162 fidei

475 4203 633 4255 meae,
662 4196 717 4243 et
740 4203 883 4245 nunc
913 4192 1031 4259 ipso
1053 4177 1418 4259 commoveor,
1442 4211 1550 4249 non
1578 4205 1767 4260 cantu,
1791 4196 1887 4249 sed
1909 4197 2071 4252 rebus

475 4294 597 4351 quae
623 4288 937 4348 cantantur,
985 4298 1107 4338 cum
1158 4284 1361 4354 liquida
1399 4300 1530 4341 voce
1580 4295 1636 4341 et
1667 4287 2071 4342 convenientis-

475 4374 614 4431 sima
643 4374 1013 4431 modulatione
1034 4385 1341 4443 cantautur,
1368 4394 1562 4450 magna
1587 4379 1824 4434 instituti
1862 4379 2068 4434 utilita-

475 4476 586 4535 tem
626 4483 820 4523 rursus
864 4484 1166 4541 cognosco;
1199 4472 1483 4543 magisque
1511 4474 1771 4540 adducor,
1805 4489 1913 4529 non
1943 4474 2068 4544 qui-

476 4561 596 4618 dem
626 4561 1079 4619 irretractabilem
1107 4566 1433 4620 sententiam
1475 4567 1778 4638 proferens,
1811 4569 2069 4624 cantandi
2094 4546 2148 4605 D

477 4654 928 4715 consuetudinem
959 4657 1259 4726 approbare
1302 4657 1356 4711 in
1404 4658 1646 4714 Ecclesia
1665 4700 1679 4725 ,
1714 4668 1773 4714 ut
1799 4674 1899 4729 per
1924 4659 2069 4715 oble-

473 4750 749 4799 Ctamenta
777 4747 992 4802 aurium
1028 4746 1296 4802 infirmior
1324 4750 1539 4806 animus
1563 4751 1617 4804 in
1646 4749 1899 4805 affectum
1948 4750 2065 4819 pie-

476 4831 604 4903 tatis
636 4842 902 4907 assurgat.
935 4836 1140 4892 Tamen
1190 4852 1314 4892 cum
1357 4838 1492 4894 mihi
1524 4839 1724 4894 accidit
1757 4848 1817 4893 ut
1844 4855 1931 4895 me
1957 4850 2071 4895 ant-

475 4922 615 4992 plius
643 4934 834 4982 caMus
861 4945 1024 4999 quam
1054 4945 1144 4985 res
1168 4925 1289 5001 qua:
1311 4932 1529 4987 canitur
1554 4940 1767 4987 moveat
1790 4972 1804 4996 ,
1840 4931 2069 5002 poenali-

476 5025 560 5071 ter
587 5033 672 5072 me
699 5031 925 5087 peccare
945 5023 1232 5089 confiteor,
1254 5034 1308 5080 et
1339 5033 1467 5080 tunc
1497 5024 1712 5080 mallem
1738 5041 1847 5080 non
1878 5026 2068 5083 audire

476 5114 811 5164 cantantem.
851 5128 871 5161 ι
907 5109 1045 5167 Ecce
1080 5115 1164 5168 vir
1194 5116 1594 5181 sanctissimus,
1626 5124 1790 5187 atque
1813 5117 2069 5173 doctissi-

474 5213 615 5262 mus,
639 5207 695 5255 et
724 5203 987 5272 approbat
1031 5206 1337 5263 institutum
1367 5211 1621 5265 cantandi
1668 5221 1890 5282 propter
1913 5209 2067 5266 infir-

474 5305 593 5345 mos
619 5332 633 5357 ,
670 5306 807 5361 quos
855 5294 909 5348 in
943 5294 1193 5353 affectum
1226 5301 1446 5370 pietatis
1476 5300 1607 5357 facit
1642 5317 1960 5374 assurgere;
2008 5310 2064 5359 et

479 5386 658 5438 tamen
686 5398 808 5440 cum
856 5384 1055 5443 accidit
1080 5396 1141 5444 ut
1168 5390 1286 5447 olus
1320 5401 1535 5471 moveat
1572 5394 1812 5449 animum
1845 5402 2062 5462 cantus,

2177 3291 2300 3342 nos,
2330 3275 2413 3330 vel
2458 3275 2504 3331 si
2551 3276 2854 3332 necessitas
2893 3276 3095 3348 exigit,
3144 3293 3242 3349 per
3280 3277 3522 3333 minores
3556 3277 3767 3332 ordines

2176 3367 2444 3425 exhiberi.
2475 3367 2535 3424 Si
2563 3368 2685 3438 quis
2713 3376 2896 3423 autem
2924 3377 3113 3425 contra
3143 3370 3249 3426 hoc
3277 3369 3561 3426 decretum
3595 3384 3765 3426 meum

2176 3461 2362 3516 venire
2412 3461 2725 3525 tentaverit,
2781 3461 3071 3518 anathema
3124 3463 3215 3518 sit.
3263 3462 3334 3517 Et
3380 3462 3770 3533 responderunt

2175 3568 2391 3619 crimes,
2431 3553 2734 3608 Anathema
2763 3554 2855 3610 sit.
2896 3574 2915 3607 ι
2955 3553 3097 3610 Ecce
3117 3555 3202 3609 vir
3229 3554 3563 3626 apostolicus
3594 3570 3767 3626 repre-

2174 3646 2363 3703 hendit
2426 3646 2875 3702 consuetudinem
2909 3687 2924 3714 ,
2977 3663 3087 3719 qua
3143 3647 3461 3703 diaconibus
3519 3645 3764 3702 cantandi

2173 3736 2409 3793 olllcium
2459 3736 2862 3809 injungebatur,
2903 3750 3005 3794 nec
3046 3739 3102 3793 in
3146 3738 3226 3793 eis
3272 3739 3529 3795 blandam
3556 3753 3764 3802 vocem,

2175 3828 2271 3884 sed
2295 3844 2590 3899 congruam
2620 3830 2792 3884 vitam
2821 3830 2953 3885 dicit
2982 3845 3104 3886 esse
3138 3831 3556 3901 requirendam;
3592 3831 3765 3887 stimu-

2174 3921 2383 3992 larique
2428 3920 2598 3975 Deum
2646 3922 2838 3976 talium
2881 3923 3259 3979 ministrorum
3288 3924 3530 3979 moribus
3556 3923 3761 3984 asserit,

2174 4013 2388 4069 etiamsi
2420 4012 2677 4082 pupulum
2722 4014 2947 4070 vocibus
2994 4015 3286 4071 delectent.
3333 4016 3606 4070 Damnata
3645 4029 3762 4070 vero

2176 4104 2273 4158 tali
2297 4104 2688 4159 consuetudine
2706 4145 2721 4170 ,
2764 4106 3005 4175 psalmos
3028 4123 3093 4163 ac
3120 4108 3357 4177 reliquas
3386 4108 3655 4164 lectiones
3678 4122 3762 4179 per

2173 4196 2531 4251 subdiaconos
2572 4196 2657 4250 vel
2702 4211 2801 4265 per
2847 4197 3088 4255 minores
3133 4199 3354 4255 ordines
3382 4214 3573 4255 censet
3620 4198 3760 4255 exhi-

2172 4285 2321 4351 beri;
2355 4285 2471 4339 solo
2514 4285 2765 4341 videlicet
2808 4289 3134 4359 evangelica:
3178 4289 3425 4345 lectionis
3450 4290 3633 4345 cilicio
3659 4289 3759 4347 dia-

2174 4382 2401 4438 conibus
2427 4381 2693 4453 delegato.
2724 4383 2806 4438 Ex
2831 4384 3029 4454 quibus
3051 4387 3339 4458 perspicue
3362 4387 3760 4443 demonstratur

2171 4475 2410 4545 psalmos
2439 4484 2568 4531 tunc
2610 4478 2666 4532 in
2707 4478 2953 4535 Ecclesia
2998 4481 3279 4536 decantari
3329 4481 3579 4548 solitum,
3626 4481 3768 4551 unde,

2175 4568 2469 4626 maximam
2510 4580 2723 4642 partem
2753 4574 3060 4630 divinorum
3091 4576 3395 4631 ciliciorum
3421 4577 3589 4632 etiam
3626 4588 3758 4631 nunc

2176 4672 2393 4719 constat
2431 4680 2551 4721 esse
2584 4668 2939 4737 compositam
2957 4710 2972 4735 ,
3001 4677 3059 4723 et
3084 4686 3191 4725 non
3218 4670 3474 4741 ﬁgmenta
3506 4684 3758 4741 quorum-

2175 4753 2307 4809 libet
2329 4755 2607 4810 hominum
2626 4797 2640 4822 ,
2668 4772 2788 4826 quae
2822 4773 2855 4811 a
2885 4766 3035 4814 tanto
3062 4759 3153 4813 illo
3178 4760 3297 4814 viro
3333 4776 3439 4815 non
3469 4775 3594 4815 esse
3620 4773 3758 4815 com-

2174 4847 2371 4916 posita,
2414 4863 2574 4903 nemo
2613 4849 2719 4904 nisi
2748 4850 2840 4920 qui
2866 4851 3250 4907 sincerissima:
3284 4855 3401 4918 ejus
3431 4851 3559 4907 fidei
3587 4861 3644 4907 et
3672 4865 3756 4906 ex-

2176 4939 2573 4995 cellentissime
2592 4941 2914 4999 eruditionis
2935 4943 3161 5015 ignarus
3185 4951 3291 5007 est,
3318 4944 3553 5000 dubitat.

2248 5032 2383 5088 XVI.
2423 5032 2594 5104 Igitur
2638 5034 2762 5104 quia
2808 5044 3126 5093 sanctorum
3171 5037 3397 5092 Patrum
3432 5037 3594 5093 dictis
3634 5034 3753 5093 satis

2172 5132 2450 5179 ostensum
2478 5133 2564 5180 est
2598 5135 2857 5196 quantum
2892 5128 3143 5183 humanae
3181 5127 3429 5183 levitates
3455 5137 3511 5183 et
3539 5127 3751 5183 menda-

2173 5215 2258 5269 cia
2312 5216 2595 5272 devitanda
2621 5258 2636 5284 ,
2688 5226 3020 5288 quatumque
3069 5220 3377 5276 divinorum
3425 5220 3749 5290 eloquiorum

2172 5306 2378 5362 veritas
2402 5322 2469 5362 ac
2494 5308 2781 5365 sinceritas
2815 5310 3189 5379 amplectenda
3219 5313 3311 5379 sit,
3346 5312 3479 5368 libet
3503 5328 3673 5384 pauca
3694 5324 3750 5365 ex

2173 5396 2354 5452 verbis
2399 5396 2550 5453 beati
2588 5400 2848 5471 martyris
2884 5400 3137 5472 Cypriani
3177 5404 3526 5470 subnectere,
3568 5401 3750 5476 quibus

808 5552 812 5557 .
1030 5547 1037 5553 .
1854 5509 2128 5567 BALUZIl
2166 5486 2397 5568 Nom.

548 5621 573 5649 ι
602 5607 843 5693 Gregorii
870 5628 1059 5693 nomen
1076 5615 1285 5693 titulus.
1323 5619 1516 5693 Exstat
1539 5621 1686 5677 enim
1716 5622 1860 5693 inter
1882 5620 2060 5693 Opera

477 5682 649 5761 sancti
675 5682 924 5761 Gregorii
969 5700 1123 5761 papte
1163 5686 1585 5761 Antiphonarins
1626 5693 1740 5747 sive
1769 5682 2059 5748 Gradualis

487 5751 604 5810 iber
629 5751 911 5810 ordinatus
938 5751 1331 5829 p'er'circulum
1382 5762 1526 5816 anni.
1567 5761 1766 5818 Verum
1818 5764 1961 5820 hunc
1993 5764 2055 5818 li-

2166 5624 2326 5707 brum
2362 5642 2470 5683 non
2495 5644 2621 5708 esse
2661 5629 2911 5708 Gregorii
2955 5635 3234 5708 contendit
3270 5633 3612 5708 Agobardus.
3643 5594 3744 5690 Nisi

2160 5695 2444 5837 lsima-even
2489 5700 2736 5773 Gregorii
2772 5695 2920 5771 Erat,
2957 5695 3056 5763 sed
3090 5695 3380 5782 corruptis
3411 5715 3589 5765 tractu
3619 5714 3744 5763 tem-
