  <div class='ocr_page' id='page_1' title='image "/cluster/home/n/w/nwhite01/storage/ocr_20150623/104/hvd.32044015466824/176.png"; bbox 0 0 4012 6338; ppageno 0'>
   <div class='ocr_carea' id='block_1_1' title="bbox 196 341 316 400">
    <p class='ocr_par' dir='ltr' id='par_1_1' title="bbox 196 341 316 400">
     <span class='ocr_line' id='line_1_1' title="bbox 196 341 316 400; baseline -0.008 0"><span class='ocrx_word' id='word_1_1' title='bbox 196 341 316 400; x_wconf 70' lang='grc'><strong>357</strong></span> 
     </span>
    </p>
   </div>
   <div class='ocr_carea' id='block_1_2' title="bbox 1329 332 2373 417">
    <p class='ocr_par' dir='ltr' id='par_1_2' title="bbox 1329 332 2373 417">
     <span class='ocr_line' id='line_1_2' title="bbox 1329 332 2373 417; baseline 0.006 -8"><span class='ocrx_word' id='word_1_2' title='bbox 1329 347 1457 410; x_wconf 85' lang='lat' dir='ltr'><strong>LIB.</strong></span> <span class='ocrx_word' id='word_1_3' title='bbox 1502 346 1592 412; x_wconf 81' lang='lat' dir='ltr'><strong>DE</strong></span> <span class='ocrx_word' id='word_1_4' title='bbox 1626 332 1970 412; x_wconf 60' lang='lat' dir='ltr'><strong>CORKECT.</strong></span> <span class='ocrx_word' id='word_1_5' title='bbox 2001 355 2373 417; x_wconf 78' lang='lat' dir='ltr'><strong>ANTIPHON.</strong></span> 
     </span>
    </p>
   </div>
   <div class='ocr_carea' id='block_1_3' title="bbox 3382 377 3489 435">
    <p class='ocr_par' dir='ltr' id='par_1_3' title="bbox 3382 377 3489 435">
     <span class='ocr_line' id='line_1_3' title="bbox 3382 377 3489 435; baseline -0.009 0"><span class='ocrx_word' id='word_1_6' title='bbox 3382 377 3489 435; x_wconf 69' lang='lat'><strong>558</strong></span> 
     </span>
    </p>
   </div>
   <div class='ocr_carea' id='block_1_4' title="bbox 195 458 3491 553">
    <p class='ocr_par' dir='ltr' id='par_1_4' title="bbox 195 458 3491 553">
     <span class='ocr_line' id='line_1_4' title="bbox 195 458 3491 553; baseline 0.008 -37"><span class='ocrx_word' id='word_1_7' title='bbox 195 458 528 517; x_wconf 84' lang='lat' dir='ltr'><strong>ostendatur</strong></span> <span class='ocrx_word' id='word_1_8' title='bbox 555 475 664 531; x_wconf 90' lang='lat' dir='ltr'><strong>qua</strong></span> <span class='ocrx_word' id='word_1_9' title='bbox 694 459 959 532; x_wconf 70' lang='lat' dir='ltr'><strong>gravitate</strong></span> <span class='ocrx_word' id='word_1_10' title='bbox 994 469 1053 518; x_wconf 91' lang='lat' dir='ltr'><strong>et</strong></span> <span class='ocrx_word' id='word_1_11' title='bbox 1096 465 1361 522; x_wconf 79' lang='lat' dir='ltr'><strong>modestia</strong></span> <span class='ocrx_word' id='word_1_12' title='bbox 1407 469 1588 525; x_wconf 90' lang='lat' dir='ltr'><strong>divina</strong></span> <span class='ocrx_word' id='word_1_13' title='bbox 1620 469 1794 525; x_wconf 81' lang='lat' dir='ltr'><strong>ofﬁcia</strong></span> <span class='ocrx_word' id='word_1_14' title='bbox 1820 472 1874 533; x_wconf 79' lang='grc' dir='ltr'>Α</span> <span class='ocrx_word' id='word_1_15' title='bbox 1897 468 2133 528; x_wconf 93' lang='lat' dir='ltr'><strong>ofﬁcium</strong></span> <span class='ocrx_word' id='word_1_16' title='bbox 2186 472 2490 545; x_wconf 91' lang='lat' dir='ltr'><strong>injunctum</strong></span> <span class='ocrx_word' id='word_1_17' title='bbox 2538 482 2644 543; x_wconf 90' lang='lat' dir='ltr'><strong>est,</strong></span> <span class='ocrx_word' id='word_1_18' title='bbox 2703 493 2900 553; x_wconf 87' lang='lat' dir='ltr'><strong>magna</strong></span> <span class='ocrx_word' id='word_1_19' title='bbox 2958 487 3175 543; x_wconf 83' lang='lat' dir='ltr'><strong>occasio</strong></span> <span class='ocrx_word' id='word_1_20' title='bbox 3226 488 3405 548; x_wconf 69' lang='lat' dir='ltr'><strong>stulta:</strong></span> <span class='ocrx_word' id='word_1_21' title='bbox 3433 501 3491 549; x_wconf 78' lang='lat' dir='ltr'><strong>et</strong></span> 
     </span>
    </p>
   </div>
   <div class='ocr_carea' id='block_1_5' title="bbox 194 550 1791 635">
    <p class='ocr_par' dir='ltr' id='par_1_5' title="bbox 194 550 1791 635">
     <span class='ocr_line' id='line_1_5' title="bbox 194 550 1791 635; baseline 0.004 -27"><span class='ocrx_word' id='word_1_22' title='bbox 194 550 531 608; x_wconf 77' lang='lat' dir='ltr'><strong>celebranda</strong></span> <span class='ocrx_word' id='word_1_23' title='bbox 549 552 655 607; x_wconf 89' lang='lat' dir='ltr'><strong>sint</strong></span> <span class='ocrx_word' id='word_1_24' title='bbox 686 567 701 606; x_wconf 89' lang='lat'>:</span> <span class='ocrx_word' id='word_1_25' title='bbox 736 571 754 603; x_wconf 85' lang='grc'><strong><em>‹</em></strong></span> <span class='ocrx_word' id='word_1_26' title='bbox 790 553 895 620; x_wconf 89' lang='lat' dir='ltr'><strong>Sit,</strong></span> <span class='ocrx_word' id='word_1_27' title='bbox 917 555 1093 625; x_wconf 91' lang='lat' dir='ltr'><strong>inquit</strong></span> <span class='ocrx_word' id='word_1_28' title='bbox 1114 556 1311 628; x_wconf 86' lang='lat' dir='ltr'><strong>(Serm.</strong></span> <span class='ocrx_word' id='word_1_29' title='bbox 1340 559 1404 614; x_wconf 87' lang='lat' dir='ltr'><strong>de</strong></span> <span class='ocrx_word' id='word_1_30' title='bbox 1426 558 1579 616; x_wconf 89' lang='lat' dir='ltr'><strong>Orat.</strong></span> <span class='ocrx_word' id='word_1_31' title='bbox 1608 561 1791 635; x_wconf 89' lang='lat' dir='ltr'><strong>Dom.)</strong></span> 
     </span>
    </p>
   </div>
   <div class='ocr_carea' id='block_1_6' title="bbox 197 645 1793 724">
    <p class='ocr_par' dir='ltr' id='par_1_6' title="bbox 197 645 1793 724">
     <span class='ocr_line' id='line_1_6' title="bbox 197 645 1793 724; baseline 0.008 -26"><span class='ocrx_word' id='word_1_32' title='bbox 197 645 491 700; x_wconf 74' lang='lat' dir='ltr'><strong>orantibus</strong></span> <span class='ocrx_word' id='word_1_33' title='bbox 516 660 695 701; x_wconf 84' lang='lat' dir='ltr'><strong>sermo</strong></span> <span class='ocrx_word' id='word_1_34' title='bbox 717 654 771 702; x_wconf 89' lang='lat' dir='ltr'><strong>et</strong></span> <span class='ocrx_word' id='word_1_35' title='bbox 792 650 1034 718; x_wconf 81' lang='lat' dir='ltr'><strong>precatio</strong></span> <span class='ocrx_word' id='word_1_36' title='bbox 1067 664 1190 705; x_wconf 91' lang='lat' dir='ltr'><strong>cum</strong></span> <span class='ocrx_word' id='word_1_37' title='bbox 1220 652 1521 722; x_wconf 81' lang='lat' dir='ltr'><strong>disciplina,</strong></span> <span class='ocrx_word' id='word_1_38' title='bbox 1556 655 1793 724; x_wconf 88' lang='lat' dir='ltr'><strong>quietem</strong></span> 
     </span>
    </p>
   </div>
   <div class='ocr_carea' id='block_1_7' title="bbox 197 734 1791 816">
    <p class='ocr_par' dir='ltr' id='par_1_7' title="bbox 197 734 1791 816">
     <span class='ocr_line' id='line_1_7' title="bbox 197 734 1791 816; baseline 0.008 -27"><span class='ocrx_word' id='word_1_39' title='bbox 197 734 495 790; x_wconf 86' lang='lat' dir='ltr'><strong>continens</strong></span> <span class='ocrx_word' id='word_1_40' title='bbox 516 744 570 791; x_wconf 89' lang='lat' dir='ltr'><strong>et</strong></span> <span class='ocrx_word' id='word_1_41' title='bbox 604 736 887 807; x_wconf 82' lang='lat' dir='ltr'><strong>pudorem.</strong></span> <span class='ocrx_word' id='word_1_42' title='bbox 915 739 1222 810; x_wconf 81' lang='lat' dir='ltr'><strong>Cogitemus</strong></span> <span class='ocrx_word' id='word_1_43' title='bbox 1246 758 1345 798; x_wconf 87' lang='lat' dir='ltr'><strong>nos</strong></span> <span class='ocrx_word' id='word_1_44' title='bbox 1366 745 1465 799; x_wconf 86' lang='lat' dir='ltr'><strong>sub</strong></span> <span class='ocrx_word' id='word_1_45' title='bbox 1502 754 1791 816; x_wconf 80' lang='lat' dir='ltr'><strong>conspectu</strong></span> 
     </span>
    </p>
   </div>
   <div class='ocr_carea' id='block_1_8' title="bbox 196 825 1797 893">
    <p class='ocr_par' dir='ltr' id='par_1_8' title="bbox 196 825 1797 893">
     <span class='ocr_line' id='line_1_8' title="bbox 196 825 1797 893; baseline 0.007 -13"><span class='ocrx_word' id='word_1_46' title='bbox 196 825 300 881; x_wconf 86' lang='lat' dir='ltr'><strong>Dei</strong></span> <span class='ocrx_word' id='word_1_47' title='bbox 327 833 493 882; x_wconf 85' lang='lat' dir='ltr'><strong>stare.</strong></span> <span class='ocrx_word' id='word_1_48' title='bbox 524 827 855 884; x_wconf 85' lang='lat' dir='ltr'><strong>Placendum</strong></span> <span class='ocrx_word' id='word_1_49' title='bbox 878 839 961 885; x_wconf 88' lang='lat' dir='ltr'><strong>est</strong></span> <span class='ocrx_word' id='word_1_50' title='bbox 981 832 1177 888; x_wconf 90' lang='lat' dir='ltr'><strong>divinis</strong></span> <span class='ocrx_word' id='word_1_51' title='bbox 1198 835 1371 889; x_wconf 87' lang='lat' dir='ltr'><strong>oculis</strong></span> <span class='ocrx_word' id='word_1_52' title='bbox 1396 846 1450 890; x_wconf 90' lang='lat' dir='ltr'><strong>et</strong></span> <span class='ocrx_word' id='word_1_53' title='bbox 1470 836 1657 891; x_wconf 92' lang='lat' dir='ltr'><strong>habitu</strong></span> <span class='ocrx_word' id='word_1_54' title='bbox 1679 852 1797 893; x_wconf 91' lang='lat' dir='ltr'><strong>cor-</strong></span> 
     </span>
    </p>
   </div>
   <div class='ocr_carea' id='block_1_9' title="bbox 195 922 1798 1000">
    <p class='ocr_par' dir='ltr' id='par_1_9' title="bbox 195 922 1798 1000">
     <span class='ocr_line' id='line_1_9' title="bbox 195 922 1798 1000; baseline 0.009 -26"><span class='ocrx_word' id='word_1_55' title='bbox 195 922 376 991; x_wconf 81' lang='lat' dir='ltr'><strong>poris,</strong></span> <span class='ocrx_word' id='word_1_56' title='bbox 408 930 464 977; x_wconf 90' lang='lat' dir='ltr'><strong>et</strong></span> <span class='ocrx_word' id='word_1_57' title='bbox 491 923 653 978; x_wconf 90' lang='lat' dir='ltr'><strong>modo</strong></span> <span class='ocrx_word' id='word_1_58' title='bbox 674 926 843 981; x_wconf 91' lang='lat' dir='ltr'><strong>vocis.</strong></span> <span class='ocrx_word' id='word_1_59' title='bbox 878 925 1013 981; x_wconf 82' lang='lat' dir='ltr'><strong>Nam</strong></span> <span class='ocrx_word' id='word_1_60' title='bbox 1045 936 1103 982; x_wconf 90' lang='lat' dir='ltr'><strong>ut</strong></span> <span class='ocrx_word' id='word_1_61' title='bbox 1138 929 1464 1000; x_wconf 87' lang='lat' dir='ltr'><strong>impudentis</strong></span> <span class='ocrx_word' id='word_1_62' title='bbox 1484 938 1567 986; x_wconf 87' lang='lat' dir='ltr'><strong>est</strong></span> <span class='ocrx_word' id='word_1_63' title='bbox 1590 931 1798 988; x_wconf 86' lang='lat' dir='ltr'><strong>clamo-</strong></span> 
     </span>
    </p>
   </div>
   <div class='ocr_carea' id='block_1_10' title="bbox 197 1012 1796 1093">
    <p class='ocr_par' dir='ltr' id='par_1_10' title="bbox 197 1012 1796 1093">
     <span class='ocr_line' id='line_1_10' title="bbox 197 1012 1796 1093; baseline 0.006 -25"><span class='ocrx_word' id='word_1_64' title='bbox 197 1012 356 1069; x_wconf 90' lang='lat' dir='ltr'><strong>ribus</strong></span> <span class='ocrx_word' id='word_1_65' title='bbox 378 1022 640 1084; x_wconf 91' lang='lat' dir='ltr'><strong>strepere,</strong></span> <span class='ocrx_word' id='word_1_66' title='bbox 668 1017 743 1071; x_wconf 92' lang='lat' dir='ltr'><strong>ita</strong></span> <span class='ocrx_word' id='word_1_67' title='bbox 785 1020 1036 1090; x_wconf 83' lang='lat' dir='ltr'><strong>congruit</strong></span> <span class='ocrx_word' id='word_1_68' title='bbox 1066 1022 1371 1077; x_wconf 87' lang='lat' dir='ltr'><strong>verecundo</strong></span> <span class='ocrx_word' id='word_1_69' title='bbox 1392 1021 1652 1079; x_wconf 87' lang='lat' dir='ltr'><strong>modestis</strong></span> <span class='ocrx_word' id='word_1_70' title='bbox 1672 1037 1796 1093; x_wconf 84' lang='lat' dir='ltr'><strong>pre-</strong></span> 
     </span>
    </p>
   </div>
   <div class='ocr_carea' id='block_1_11' title="bbox 196 1108 1793 1184">
    <p class='ocr_par' dir='ltr' id='par_1_11' title="bbox 196 1108 1793 1184">
     <span class='ocr_line' id='line_1_11' title="bbox 196 1108 1793 1184; baseline 0.009 -22"><span class='ocrx_word' id='word_1_71' title='bbox 196 1108 359 1164; x_wconf 87' lang='lat' dir='ltr'><strong>cibus</strong></span> <span class='ocrx_word' id='word_1_72' title='bbox 386 1125 561 1165; x_wconf 88' lang='lat' dir='ltr'><strong>orare.</strong></span> <span class='ocrx_word' id='word_1_73' title='bbox 596 1111 666 1166; x_wconf 89' lang='lat' dir='ltr'><strong>Et</strong></span> <span class='ocrx_word' id='word_1_74' title='bbox 691 1113 910 1184; x_wconf 83' lang='lat' dir='ltr'><strong>quando</strong></span> <span class='ocrx_word' id='word_1_75' title='bbox 937 1115 990 1169; x_wconf 94' lang='lat' dir='ltr'><strong>in</strong></span> <span class='ocrx_word' id='word_1_76' title='bbox 1019 1132 1184 1171; x_wconf 91' lang='lat' dir='ltr'><strong>unum</strong></span> <span class='ocrx_word' id='word_1_77' title='bbox 1217 1132 1339 1172; x_wconf 91' lang='lat' dir='ltr'><strong>cum</strong></span> <span class='ocrx_word' id='word_1_78' title='bbox 1377 1117 1635 1176; x_wconf 89' lang='lat' dir='ltr'><strong>fratribus</strong></span> <span class='ocrx_word' id='word_1_79' title='bbox 1660 1135 1793 1176; x_wconf 87' lang='lat' dir='ltr'><strong>con-</strong></span> 
     </span>
    </p>
   </div>
   <div class='ocr_carea' id='block_1_12' title="bbox 193 1202 1796 1272">
    <p class='ocr_par' dir='ltr' id='par_1_12' title="bbox 193 1202 1796 1272">
     <span class='ocr_line' id='line_1_12' title="bbox 193 1202 1796 1272; baseline 0.009 -17"><span class='ocrx_word' id='word_1_80' title='bbox 193 1202 472 1268; x_wconf 77' lang='lat' dir='ltr'><strong>venimus,</strong></span> <span class='ocrx_word' id='word_1_81' title='bbox 513 1212 568 1257; x_wconf 91' lang='lat' dir='ltr'><strong>et</strong></span> <span class='ocrx_word' id='word_1_82' title='bbox 595 1205 862 1261; x_wconf 89' lang='lat' dir='ltr'><strong>sacriﬁcia</strong></span> <span class='ocrx_word' id='word_1_83' title='bbox 909 1207 1089 1263; x_wconf 86' lang='lat' dir='ltr'><strong>divina</strong></span> <span class='ocrx_word' id='word_1_84' title='bbox 1116 1224 1239 1264; x_wconf 91' lang='lat' dir='ltr'><strong>cum</strong></span> <span class='ocrx_word' id='word_1_85' title='bbox 1270 1210 1483 1266; x_wconf 91' lang='lat' dir='ltr'><strong>Domini</strong></span> <span class='ocrx_word' id='word_1_86' title='bbox 1516 1214 1796 1272; x_wconf 84' lang='lat' dir='ltr'><strong>sacerdote</strong></span> 
     </span>
    </p>
   </div>
   <div class='ocr_carea' id='block_1_13' title="bbox 194 1291 1795 1373">
    <p class='ocr_par' dir='ltr' id='par_1_13' title="bbox 194 1291 1795 1373">
     <span class='ocr_line' id='line_1_13' title="bbox 194 1291 1795 1373; baseline 0.01 -27"><span class='ocrx_word' id='word_1_87' title='bbox 194 1291 560 1359; x_wconf 84' lang='lat' dir='ltr'><strong>celebramus,</strong></span> <span class='ocrx_word' id='word_1_88' title='bbox 592 1297 931 1353; x_wconf 83' lang='lat' dir='ltr'><strong>verecundiae</strong></span> <span class='ocrx_word' id='word_1_89' title='bbox 960 1309 1017 1354; x_wconf 88' lang='lat' dir='ltr'><strong>et</strong></span> <span class='ocrx_word' id='word_1_90' title='bbox 1040 1300 1336 1373; x_wconf 66' lang='lat' dir='ltr'><strong>disciplinae</strong></span> <span class='ocrx_word' id='word_1_91' title='bbox 1374 1318 1642 1361; x_wconf 89' lang='lat' dir='ltr'><strong>memores</strong></span> <span class='ocrx_word' id='word_1_92' title='bbox 1675 1322 1795 1362; x_wconf 90' lang='lat' dir='ltr'><strong>esse</strong></span> 
     </span>
    </p>
   </div>
   <div class='ocr_carea' id='block_1_14' title="bbox 194 1379 1793 1461">
    <p class='ocr_par' dir='ltr' id='par_1_14' title="bbox 194 1379 1793 1461">
     <span class='ocr_line' id='line_1_14' title="bbox 194 1379 1793 1461; baseline 0.009 -26"><span class='ocrx_word' id='word_1_93' title='bbox 194 1379 462 1438; x_wconf 87' lang='lat' dir='ltr'><strong>debemus</strong></span> <span class='ocrx_word' id='word_1_94' title='bbox 499 1401 513 1437; x_wconf 88' lang='lat'><strong>:</strong></span> <span class='ocrx_word' id='word_1_95' title='bbox 547 1400 652 1439; x_wconf 90' lang='lat' dir='ltr'><strong>non</strong></span> <span class='ocrx_word' id='word_1_96' title='bbox 700 1387 903 1455; x_wconf 86' lang='lat' dir='ltr'><strong>passim</strong></span> <span class='ocrx_word' id='word_1_97' title='bbox 947 1390 1210 1444; x_wconf 82' lang='lat' dir='ltr'><strong>ventilare</strong></span> <span class='ocrx_word' id='word_1_98' title='bbox 1250 1406 1444 1461; x_wconf 88' lang='lat' dir='ltr'><strong>preces</strong></span> <span class='ocrx_word' id='word_1_99' title='bbox 1470 1402 1682 1450; x_wconf 88' lang='lat' dir='ltr'><strong>nostras</strong></span> <span class='ocrx_word' id='word_1_100' title='bbox 1708 1396 1793 1449; x_wconf 90' lang='lat' dir='ltr'><strong>in-</strong></span> 
     </span>
    </p>
   </div>
   <div class='ocr_carea' id='block_1_15' title="bbox 193 1473 1793 1551">
    <p class='ocr_par' dir='ltr' id='par_1_15' title="bbox 193 1473 1793 1551">
     <span class='ocr_line' id='line_1_15' title="bbox 193 1473 1793 1551; baseline 0.009 -24"><span class='ocrx_word' id='word_1_101' title='bbox 193 1473 436 1529; x_wconf 86' lang='lat' dir='ltr'><strong>conditis</strong></span> <span class='ocrx_word' id='word_1_102' title='bbox 490 1475 749 1543; x_wconf 82' lang='lat' dir='ltr'><strong>vocibus,</strong></span> <span class='ocrx_word' id='word_1_103' title='bbox 795 1493 895 1534; x_wconf 91' lang='lat' dir='ltr'><strong>nec</strong></span> <span class='ocrx_word' id='word_1_104' title='bbox 939 1481 1256 1551; x_wconf 83' lang='lat' dir='ltr'><strong>petitionem</strong></span> <span class='ocrx_word' id='word_1_105' title='bbox 1310 1486 1793 1541; x_wconf 90' lang='lat' dir='ltr'><strong>commendandam</strong></span> 
     </span>
    </p>
   </div>
   <div class='ocr_carea' id='block_1_16' title="bbox 195 1561 1794 1643">
    <p class='ocr_par' dir='ltr' id='par_1_16' title="bbox 195 1561 1794 1643">
     <span class='ocr_line' id='line_1_16' title="bbox 195 1561 1794 1643; baseline 0.009 -28"><span class='ocrx_word' id='word_1_106' title='bbox 195 1561 468 1628; x_wconf 86' lang='lat' dir='ltr'><strong>modeste,</strong></span> <span class='ocrx_word' id='word_1_107' title='bbox 498 1564 608 1620; x_wconf 90' lang='lat' dir='ltr'><strong>Deo</strong></span> <span class='ocrx_word' id='word_1_108' title='bbox 652 1567 981 1624; x_wconf 89' lang='lat' dir='ltr'><strong>tumultuosa</strong></span> <span class='ocrx_word' id='word_1_109' title='bbox 1032 1570 1362 1641; x_wconf 85' lang='lat' dir='ltr'><strong>loquacitate</strong></span> <span class='ocrx_word' id='word_1_110' title='bbox 1397 1573 1624 1643; x_wconf 84' lang='lat' dir='ltr'><strong>jactare.</strong></span> <span class='ocrx_word' id='word_1_111' title='bbox 1656 1574 1794 1642; x_wconf 89' lang='lat' dir='ltr'><strong>Quia</strong></span> 
     </span>
    </p>
   </div>
   <div class='ocr_carea' id='block_1_17' title="bbox 194 1653 1794 1731">
    <p class='ocr_par' dir='ltr' id='par_1_17' title="bbox 194 1653 1794 1731">
     <span class='ocr_line' id='line_1_17' title="bbox 194 1653 1794 1731; baseline 0.011 -24"><span class='ocrx_word' id='word_1_112' title='bbox 194 1653 344 1710; x_wconf 90' lang='lat' dir='ltr'><strong>Deus</strong></span> <span class='ocrx_word' id='word_1_113' title='bbox 368 1670 476 1710; x_wconf 89' lang='lat' dir='ltr'><strong>non</strong></span> <span class='ocrx_word' id='word_1_114' title='bbox 505 1658 652 1713; x_wconf 87' lang='lat' dir='ltr'><strong>vocis</strong></span> <span class='ocrx_word' id='word_1_115' title='bbox 676 1660 772 1715; x_wconf 90' lang='lat' dir='ltr'><strong>sed</strong></span> <span class='ocrx_word' id='word_1_116' title='bbox 792 1662 973 1717; x_wconf 90' lang='lat' dir='ltr'><strong>cordis</strong></span> <span class='ocrx_word' id='word_1_117' title='bbox 996 1663 1211 1718; x_wconf 89' lang='lat' dir='ltr'><strong>auditor</strong></span> <span class='ocrx_word' id='word_1_118' title='bbox 1233 1672 1347 1731; x_wconf 90' lang='lat' dir='ltr'><strong>est;</strong></span> <span class='ocrx_word' id='word_1_119' title='bbox 1379 1681 1479 1721; x_wconf 89' lang='lat' dir='ltr'><strong>nec</strong></span> <span class='ocrx_word' id='word_1_120' title='bbox 1501 1668 1794 1724; x_wconf 89' lang='lat' dir='ltr'><strong>admonen-</strong></span> 
     </span>
    </p>
   </div>
   <div class='ocr_carea' id='block_1_18' title="bbox 194 1745 1793 1828">
    <p class='ocr_par' dir='ltr' id='par_1_18' title="bbox 194 1745 1793 1828">
     <span class='ocr_line' id='line_1_18' title="bbox 194 1745 1793 1828; baseline 0.011 -28"><span class='ocrx_word' id='word_1_121' title='bbox 194 1745 298 1801; x_wconf 90' lang='lat' dir='ltr'><strong>dus</strong></span> <span class='ocrx_word' id='word_1_122' title='bbox 319 1755 409 1802; x_wconf 90' lang='lat' dir='ltr'><strong>est</strong></span> <span class='ocrx_word' id='word_1_123' title='bbox 440 1748 786 1820; x_wconf 86' lang='lat' dir='ltr'><strong>clamoribus,</strong></span> <span class='ocrx_word' id='word_1_124' title='bbox 826 1754 918 1823; x_wconf 90' lang='lat' dir='ltr'><strong>qui</strong></span> <span class='ocrx_word' id='word_1_125' title='bbox 945 1756 1298 1827; x_wconf 80' lang='lat' dir='ltr'><strong>cogitationes</strong></span> <span class='ocrx_word' id='word_1_126' title='bbox 1321 1759 1490 1824; x_wconf 87' lang='lat' dir='ltr'><strong>videt,</strong></span> <span class='ocrx_word' id='word_1_127' title='bbox 1526 1760 1793 1828; x_wconf 81' lang='lat' dir='ltr'><strong>probante</strong></span> 
     </span>
    </p>
   </div>
   <div class='ocr_carea' id='block_1_19' title="bbox 1898 564 3488 651">
    <p class='ocr_par' dir='ltr' id='par_1_19' title="bbox 1898 564 3488 651">
     <span class='ocr_line' id='line_1_19' title="bbox 1898 564 3488 651; baseline 0.016 -36"><span class='ocrx_word' id='word_1_128' title='bbox 1898 564 2073 619; x_wconf 77' lang='lat' dir='ltr'><strong>noxiae</strong></span> <span class='ocrx_word' id='word_1_129' title='bbox 2096 565 2471 636; x_wconf 84' lang='lat' dir='ltr'><strong>occupationis</strong></span> <span class='ocrx_word' id='word_1_130' title='bbox 2492 565 2756 625; x_wconf 82' lang='lat' dir='ltr'><strong>aufertur.</strong></span> <span class='ocrx_word' id='word_1_131' title='bbox 2781 570 2860 628; x_wconf 87' lang='lat' dir='ltr'><strong>Ex</strong></span> <span class='ocrx_word' id='word_1_132' title='bbox 2882 575 3078 644; x_wconf 86' lang='lat' dir='ltr'><strong>quibus</strong></span> <span class='ocrx_word' id='word_1_133' title='bbox 3106 582 3488 651; x_wconf 89' lang='lat' dir='ltr'><strong>quamplurimi</strong></span> 
     </span>
    </p>
   </div>
   <div class='ocr_carea' id='block_1_20' title="bbox 1897 655 3489 736">
    <p class='ocr_par' dir='ltr' id='par_1_20' title="bbox 1897 655 3489 736">
     <span class='ocr_line' id='line_1_20' title="bbox 1897 655 3489 736; baseline 0.017 -27"><span class='ocrx_word' id='word_1_134' title='bbox 1897 655 1966 710; x_wconf 92' lang='lat' dir='ltr'><strong>ab</strong></span> <span class='ocrx_word' id='word_1_135' title='bbox 1992 657 2211 716; x_wconf 84' lang='lat' dir='ltr'><strong>ineunte</strong></span> <span class='ocrx_word' id='word_1_136' title='bbox 2235 662 2467 731; x_wconf 86' lang='lat' dir='ltr'><strong>pueritia</strong></span> <span class='ocrx_word' id='word_1_137' title='bbox 2487 678 2658 736; x_wconf 89' lang='lat' dir='ltr'><strong>usque</strong></span> <span class='ocrx_word' id='word_1_138' title='bbox 2683 667 2753 723; x_wconf 88' lang='lat' dir='ltr'><strong>ad</strong></span> <span class='ocrx_word' id='word_1_139' title='bbox 2780 671 3077 729; x_wconf 89' lang='lat' dir='ltr'><strong>senectutis</strong></span> <span class='ocrx_word' id='word_1_140' title='bbox 3096 676 3349 733; x_wconf 89' lang='lat' dir='ltr'><strong>canitiem</strong></span> <span class='ocrx_word' id='word_1_141' title='bbox 3371 695 3489 734; x_wconf 87' lang='lat' dir='ltr'><strong>om-</strong></span> 
     </span>
    </p>
   </div>
   <div class='ocr_carea' id='block_1_21' title="bbox 1896 749 3486 825">
    <p class='ocr_par' dir='ltr' id='par_1_21' title="bbox 1896 749 3486 825">
     <span class='ocr_line' id='line_1_21' title="bbox 1896 749 3486 825; baseline 0.016 -25"><span class='ocrx_word' id='word_1_142' title='bbox 1896 761 1993 802; x_wconf 87' lang='lat' dir='ltr'><strong>nes</strong></span> <span class='ocrx_word' id='word_1_143' title='bbox 2022 749 2137 803; x_wconf 86' lang='lat' dir='ltr'><strong>dies</strong></span> <span class='ocrx_word' id='word_1_144' title='bbox 2168 751 2291 806; x_wconf 69' lang='lat' dir='ltr'><strong>vita:</strong></span> <span class='ocrx_word' id='word_1_145' title='bbox 2331 768 2442 808; x_wconf 70' lang='lat' dir='ltr'><strong>sum</strong></span> <span class='ocrx_word' id='word_1_146' title='bbox 2471 755 2524 808; x_wconf 92' lang='lat' dir='ltr'><strong>in</strong></span> <span class='ocrx_word' id='word_1_147' title='bbox 2566 758 2806 825; x_wconf 88' lang='lat' dir='ltr'><strong>parando</strong></span> <span class='ocrx_word' id='word_1_148' title='bbox 2832 769 2889 815; x_wconf 91' lang='lat' dir='ltr'><strong>et</strong></span> <span class='ocrx_word' id='word_1_149' title='bbox 2915 762 3288 822; x_wconf 91' lang='lat' dir='ltr'><strong>conﬁrmando</strong></span> <span class='ocrx_word' id='word_1_150' title='bbox 3321 779 3486 825; x_wconf 90' lang='lat' dir='ltr'><strong>cantu</strong></span> 
     </span>
    </p>
   </div>
   <div class='ocr_carea' id='block_1_22' title="bbox 1894 842 3487 929">
    <p class='ocr_par' dir='ltr' id='par_1_22' title="bbox 1894 842 3487 929">
     <span class='ocr_line' id='line_1_22' title="bbox 1894 842 3487 929; baseline 0.014 -34"><span class='ocrx_word' id='word_1_151' title='bbox 1894 842 2238 910; x_wconf 80' lang='lat' dir='ltr'><strong>expendunt;</strong></span> <span class='ocrx_word' id='word_1_152' title='bbox 2267 854 2322 899; x_wconf 91' lang='lat' dir='ltr'><strong>et</strong></span> <span class='ocrx_word' id='word_1_153' title='bbox 2355 853 2524 901; x_wconf 89' lang='lat' dir='ltr'><strong>totum</strong></span> <span class='ocrx_word' id='word_1_154' title='bbox 2557 855 2770 919; x_wconf 88' lang='lat' dir='ltr'><strong>tempus</strong></span> <span class='ocrx_word' id='word_1_155' title='bbox 2815 852 3031 910; x_wconf 87' lang='lat' dir='ltr'><strong>utilium</strong></span> <span class='ocrx_word' id='word_1_156' title='bbox 3064 865 3121 912; x_wconf 91' lang='lat' dir='ltr'><strong>et</strong></span> <span class='ocrx_word' id='word_1_157' title='bbox 3162 860 3487 929; x_wconf 87' lang='lat' dir='ltr'><strong>spiritalium</strong></span> 
     </span>
    </p>
   </div>
   <div class='ocr_carea' id='block_1_23' title="bbox 1894 930 3486 1024">
    <p class='ocr_par' dir='ltr' id='par_1_23' title="bbox 1894 930 3486 1024">
     <span class='ocr_line' id='line_1_23' title="bbox 1894 930 3486 1024; baseline 0.015 -39"><span class='ocrx_word' id='word_1_158' title='bbox 1894 930 2216 999; x_wconf 87' lang='lat' dir='ltr'><strong>studiorum,</strong></span> <span class='ocrx_word' id='word_1_159' title='bbox 2246 933 2458 1006; x_wconf 83' lang='lat' dir='ltr'><strong>legendi</strong></span> <span class='ocrx_word' id='word_1_160' title='bbox 2496 938 2765 1008; x_wconf 90' lang='lat' dir='ltr'><strong>videlicet,</strong></span> <span class='ocrx_word' id='word_1_161' title='bbox 2802 950 2857 998; x_wconf 89' lang='lat' dir='ltr'><strong>et</strong></span> <span class='ocrx_word' id='word_1_162' title='bbox 2898 944 3078 1002; x_wconf 87' lang='lat' dir='ltr'><strong>divina</strong></span> <span class='ocrx_word' id='word_1_163' title='bbox 3116 948 3329 1021; x_wconf 88' lang='lat' dir='ltr'><strong>eloquia</strong></span> <span class='ocrx_word' id='word_1_164' title='bbox 3358 968 3486 1024; x_wconf 91' lang='lat' dir='ltr'><strong>per-</strong></span> 
     </span>
    </p>
   </div>
   <div class='ocr_carea' id='block_1_24' title="bbox 1894 1024 3485 1112">
    <p class='ocr_par' dir='ltr' id='par_1_24' title="bbox 1894 1024 3485 1112">
     <span class='ocr_line' id='line_1_24' title="bbox 1894 1024 3485 1112; baseline 0.016 -39"><span class='ocrx_word' id='word_1_165' title='bbox 1894 1024 2207 1090; x_wconf 85' lang='lat' dir='ltr'><strong>scrutandi,</strong></span> <span class='ocrx_word' id='word_1_166' title='bbox 2261 1025 2315 1080; x_wconf 91' lang='lat' dir='ltr'><strong>in</strong></span> <span class='ocrx_word' id='word_1_167' title='bbox 2361 1028 2666 1086; x_wconf 88' lang='lat' dir='ltr'><strong>istiusmodi</strong></span> <span class='ocrx_word' id='word_1_168' title='bbox 2716 1030 3067 1106; x_wconf 87' lang='lat' dir='ltr'><strong>occupatione</strong></span> <span class='ocrx_word' id='word_1_169' title='bbox 3117 1052 3485 1112; x_wconf 90' lang='lat' dir='ltr'><strong>consumunt;</strong></span> 
     </span>
    </p>
   </div>
   <div class='ocr_carea' id='block_1_25' title="bbox 1896 1115 3492 1196">
    <p class='ocr_par' dir='ltr' id='par_1_25' title="bbox 1896 1115 3492 1196">
     <span class='ocr_line' id='line_1_25' title="bbox 1896 1115 3492 1196; baseline 0.015 -30"><span class='ocrx_word' id='word_1_170' title='bbox 1896 1115 2147 1184; x_wconf 77' lang='lat' dir='ltr'><strong>quodque</strong></span> <span class='ocrx_word' id='word_1_171' title='bbox 2201 1118 2488 1177; x_wconf 85' lang='lat' dir='ltr'><strong>animabus</strong></span> <span class='ocrx_word' id='word_1_172' title='bbox 2544 1138 2733 1178; x_wconf 89' lang='lat' dir='ltr'><strong>eorum</strong></span> <span class='ocrx_word' id='word_1_173' title='bbox 2787 1129 2976 1196; x_wconf 85' lang='lat' dir='ltr'><strong>procul</strong></span> <span class='ocrx_word' id='word_1_174' title='bbox 3024 1130 3188 1187; x_wconf 90' lang='lat' dir='ltr'><strong>dubio</strong></span> <span class='ocrx_word' id='word_1_175' title='bbox 3221 1134 3377 1192; x_wconf 87' lang='lat' dir='ltr'><strong>valde</strong></span> <span class='ocrx_word' id='word_1_176' title='bbox 3406 1144 3492 1192; x_wconf 91' lang='lat' dir='ltr'><strong>est</strong></span> 
     </span>
    </p>
   </div>
   <div class='ocr_carea' id='block_1_26' title="bbox 1896 1206 3488 1294">
    <p class='ocr_par' dir='ltr' id='par_1_26' title="bbox 1896 1206 3488 1294">
     <span class='ocr_line' id='line_1_26' title="bbox 1896 1206 3488 1294; baseline 0.016 -36"><span class='ocrx_word' id='word_1_177' title='bbox 1896 1206 2143 1272; x_wconf 82' lang='lat' dir='ltr'><strong>noxium,</strong></span> <span class='ocrx_word' id='word_1_178' title='bbox 2190 1208 2365 1280; x_wconf 86' lang='lat' dir='ltr'><strong>ignari</strong></span> <span class='ocrx_word' id='word_1_179' title='bbox 2396 1212 2517 1267; x_wconf 90' lang='lat' dir='ltr'><strong>ﬁdei</strong></span> <span class='ocrx_word' id='word_1_180' title='bbox 2564 1230 2696 1282; x_wconf 76' lang='lat' dir='ltr'><strong>sum,</strong></span> <span class='ocrx_word' id='word_1_181' title='bbox 2728 1217 2884 1275; x_wconf 91' lang='lat' dir='ltr'><strong>inscii</strong></span> <span class='ocrx_word' id='word_1_182' title='bbox 2922 1220 3327 1294; x_wconf 90' lang='lat' dir='ltr'><strong>Scripturarum</strong></span> <span class='ocrx_word' id='word_1_183' title='bbox 3359 1244 3488 1283; x_wconf 88' lang='lat' dir='ltr'><strong>san-</strong></span> 
     </span>
    </p>
   </div>
   <div class='ocr_carea' id='block_1_27' title="bbox 1894 1298 3491 1383">
    <p class='ocr_par' dir='ltr' id='par_1_27' title="bbox 1894 1298 3491 1383">
     <span class='ocr_line' id='line_1_27' title="bbox 1894 1298 3491 1383; baseline 0.017 -36"><span class='ocrx_word' id='word_1_184' title='bbox 1894 1301 2129 1361; x_wconf 86' lang='lat' dir='ltr'><strong>ctarum,</strong></span> <span class='ocrx_word' id='word_1_185' title='bbox 2160 1306 2216 1352; x_wconf 88' lang='lat' dir='ltr'><strong>et</strong></span> <span class='ocrx_word' id='word_1_186' title='bbox 2245 1298 2442 1355; x_wconf 70' lang='lat' dir='ltr'><strong>divina:</strong></span> <span class='ocrx_word' id='word_1_187' title='bbox 2468 1301 2839 1376; x_wconf 72' lang='lat' dir='ltr'><strong>intelligentia:</strong></span> <span class='ocrx_word' id='word_1_188' title='bbox 2865 1310 3055 1367; x_wconf 88' lang='lat' dir='ltr'><strong>inanes</strong></span> <span class='ocrx_word' id='word_1_189' title='bbox 3084 1328 3149 1369; x_wconf 90' lang='lat' dir='ltr'><strong>ac</strong></span> <span class='ocrx_word' id='word_1_190' title='bbox 3175 1316 3354 1383; x_wconf 89' lang='lat' dir='ltr'><strong>vacui,</strong></span> <span class='ocrx_word' id='word_1_191' title='bbox 3385 1318 3491 1375; x_wconf 89' lang='lat' dir='ltr'><strong>hoc</strong></span> 
     </span>
    </p>
   </div>
   <div class='ocr_carea' id='block_1_28' title="bbox 1893 1389 3487 1473">
    <p class='ocr_par' dir='ltr' id='par_1_28' title="bbox 1893 1389 3487 1473">
     <span class='ocr_line' id='line_1_28' title="bbox 1893 1389 3487 1473; baseline 0.016 -30"><span class='ocrx_word' id='word_1_192' title='bbox 1893 1389 2067 1444; x_wconf 89' lang='lat' dir='ltr'><strong>solum</strong></span> <span class='ocrx_word' id='word_1_193' title='bbox 2098 1392 2199 1446; x_wconf 89' lang='lat' dir='ltr'><strong>sibi</strong></span> <span class='ocrx_word' id='word_1_194' title='bbox 2226 1392 2477 1451; x_wconf 89' lang='lat' dir='ltr'><strong>sufﬁcere</strong></span> <span class='ocrx_word' id='word_1_195' title='bbox 2505 1406 2728 1471; x_wconf 86' lang='lat' dir='ltr'><strong>putant;</strong></span> <span class='ocrx_word' id='word_1_196' title='bbox 2753 1409 2808 1457; x_wconf 89' lang='lat' dir='ltr'><strong>et</strong></span> <span class='ocrx_word' id='word_1_197' title='bbox 2833 1403 2903 1459; x_wconf 94' lang='lat' dir='ltr'><strong>ob</strong></span> <span class='ocrx_word' id='word_1_198' title='bbox 2929 1404 3054 1473; x_wconf 93' lang='lat' dir='ltr'><strong>hoc,</strong></span> <span class='ocrx_word' id='word_1_199' title='bbox 3084 1408 3249 1464; x_wconf 88' lang='lat' dir='ltr'><strong>etiam</strong></span> <span class='ocrx_word' id='word_1_200' title='bbox 3274 1413 3487 1469; x_wconf 87' lang='lat' dir='ltr'><strong>ventosi</strong></span> 
     </span>
    </p>
   </div>
   <div class='ocr_carea' id='block_1_29' title="bbox 1894 1480 3489 1561">
    <p class='ocr_par' dir='ltr' id='par_1_29' title="bbox 1894 1480 3489 1561">
     <span class='ocr_line' id='line_1_29' title="bbox 1894 1480 3489 1561; baseline 0.018 -28"><span class='ocrx_word' id='word_1_201' title='bbox 1894 1488 1950 1535; x_wconf 91' lang='lat' dir='ltr'><strong>et</strong></span> <span class='ocrx_word' id='word_1_202' title='bbox 1986 1480 2158 1535; x_wconf 85' lang='lat' dir='ltr'><strong>inﬂati</strong></span> <span class='ocrx_word' id='word_1_203' title='bbox 2189 1483 2465 1553; x_wconf 88' lang='lat' dir='ltr'><strong>incedunt,</strong></span> <span class='ocrx_word' id='word_1_204' title='bbox 2494 1488 2540 1542; x_wconf 93' lang='lat' dir='ltr'><strong>si</strong></span> <span class='ocrx_word' id='word_1_205' title='bbox 2580 1505 2772 1546; x_wconf 89' lang='lat' dir='ltr'><strong>sonum</strong></span> <span class='ocrx_word' id='word_1_206' title='bbox 2799 1501 2853 1549; x_wconf 87' lang='lat' dir='ltr'><strong>et</strong></span> <span class='ocrx_word' id='word_1_207' title='bbox 2877 1509 3066 1552; x_wconf 82' lang='lat' dir='ltr'><strong>vocent</strong></span> <span class='ocrx_word' id='word_1_208' title='bbox 3091 1499 3489 1561; x_wconf 83' lang='lat' dir='ltr'><strong>decantationis</strong></span> 
     </span>
    </p>
   </div>
   <div class='ocr_carea' id='block_1_30' title="bbox 1892 1576 3489 1662">
    <p class='ocr_par' dir='ltr' id='par_1_30' title="bbox 1892 1576 3489 1662">
     <span class='ocr_line' id='line_1_30' title="bbox 1892 1576 3489 1662; baseline 0.016 -37"><span class='ocrx_word' id='word_1_209' title='bbox 1892 1580 2168 1643; x_wconf 89' lang='lat' dir='ltr'><strong>utcunque</strong></span> <span class='ocrx_word' id='word_1_210' title='bbox 2196 1576 2499 1662; x_wconf 49' lang='lat' dir='ltr'><strong>addiscarg‘,</strong></span> <span class='ocrx_word' id='word_1_211' title='bbox 2529 1588 2585 1634; x_wconf 91' lang='lat' dir='ltr'><strong>et</strong></span> <span class='ocrx_word' id='word_1_212' title='bbox 2604 1581 2658 1636; x_wconf 90' lang='lat' dir='ltr'><strong>in</strong></span> <span class='ocrx_word' id='word_1_213' title='bbox 2682 1598 2909 1641; x_wconf 89' lang='lat' dir='ltr'><strong>numero</strong></span> <span class='ocrx_word' id='word_1_214' title='bbox 2934 1595 3219 1646; x_wconf 88' lang='lat' dir='ltr'><strong>cantorum</strong></span> <span class='ocrx_word' id='word_1_215' title='bbox 3241 1592 3489 1662; x_wconf 80' lang='lat' dir='ltr'><strong>deputari</strong></span> 
     </span>
    </p>
   </div>
   <div class='ocr_carea' id='block_1_31' title="bbox 1890 1661 3487 1755">
    <p class='ocr_par' dir='ltr' id='par_1_31' title="bbox 1890 1661 3487 1755">
     <span class='ocr_line' id='line_1_31' title="bbox 1890 1661 3487 1755; baseline 0.016 -40"><span class='ocrx_word' id='word_1_216' title='bbox 1890 1661 2193 1718; x_wconf 87' lang='lat' dir='ltr'><strong>videantur.</strong></span> <span class='ocrx_word' id='word_1_217' title='bbox 2225 1664 2430 1732; x_wconf 84' lang='lat' dir='ltr'><strong>Quibus</strong></span> <span class='ocrx_word' id='word_1_218' title='bbox 2455 1669 2676 1724; x_wconf 89' lang='lat' dir='ltr'><strong>omnino</strong></span> <span class='ocrx_word' id='word_1_219' title='bbox 2698 1671 2869 1743; x_wconf 91' lang='lat' dir='ltr'><strong>(dum,</strong></span> <span class='ocrx_word' id='word_1_220' title='bbox 2900 1675 3043 1732; x_wconf 91' lang='lat' dir='ltr'><strong>sicut</strong></span> <span class='ocrx_word' id='word_1_221' title='bbox 3060 1677 3255 1736; x_wconf 89' lang='lat' dir='ltr'><strong>beatus</strong></span> <span class='ocrx_word' id='word_1_222' title='bbox 3278 1661 3487 1755; x_wconf 78' lang='lat' dir='ltr'><strong>Grego-</strong></span> 
     </span>
    </p>
   </div>
   <div class='ocr_carea' id='block_1_32' title="bbox 1893 1751 3487 1844">
    <p class='ocr_par' dir='ltr' id='par_1_32' title="bbox 1893 1751 3487 1844">
     <span class='ocr_line' id='line_1_32' title="bbox 1893 1751 3487 1844; baseline 0.015 -38"><span class='ocrx_word' id='word_1_223' title='bbox 1893 1751 2008 1807; x_wconf 85' lang='lat' dir='ltr'><strong>rius</strong></span> <span class='ocrx_word' id='word_1_224' title='bbox 2033 1768 2196 1823; x_wconf 86' lang='lat' dir='ltr'><strong>supra</strong></span> <span class='ocrx_word' id='word_1_225' title='bbox 2226 1755 2323 1821; x_wconf 84' lang='lat' dir='ltr'><strong>ait,</strong></span> <span class='ocrx_word' id='word_1_226' title='bbox 2353 1755 2524 1810; x_wconf 87' lang='lat' dir='ltr'><strong>Deum</strong></span> <span class='ocrx_word' id='word_1_227' title='bbox 2554 1760 2787 1816; x_wconf 80' lang='lat' dir='ltr'><strong>moribus</strong></span> <span class='ocrx_word' id='word_1_228' title='bbox 2836 1765 3133 1833; x_wconf 79' lang='lat' dir='ltr'><strong>stimulant,</strong></span> <span class='ocrx_word' id='word_1_229' title='bbox 3168 1786 3288 1826; x_wconf 87' lang='lat' dir='ltr'><strong>cum</strong></span> <span class='ocrx_word' id='word_1_230' title='bbox 3315 1751 3487 1844; x_wconf 60' lang='lat' dir='ltr'><strong>popu-</strong></span> 
     </span>
    </p>
   </div>
   <div class='ocr_carea' id='block_1_33' title="bbox 194 1830 1789 1935">
    <p class='ocr_par' dir='ltr' id='par_1_33' title="bbox 194 1836 1789 1923">
     <span class='ocr_line' id='line_1_33' title="bbox 194 1836 1789 1923; baseline 0.01 -32"><span class='ocrx_word' id='word_1_231' title='bbox 194 1836 432 1894; x_wconf 86' lang='lat' dir='ltr'><strong>Domino</strong></span> <span class='ocrx_word' id='word_1_232' title='bbox 466 1850 521 1895; x_wconf 91' lang='lat' dir='ltr'><strong>et</strong></span> <span class='ocrx_word' id='word_1_233' title='bbox 550 1842 763 1899; x_wconf 90' lang='lat' dir='ltr'><strong>dicente</strong></span> <span class='ocrx_word' id='word_1_234' title='bbox 795 1862 810 1899; x_wconf 92' lang='lat'><strong>:</strong></span> <span class='ocrx_word' id='word_1_235' title='bbox 849 1844 920 1899; x_wconf 85' lang='lat' dir='ltr'><strong>Et</strong></span> <span class='ocrx_word' id='word_1_236' title='bbox 965 1848 1129 1903; x_wconf 75' lang='lat' dir='ltr'><strong>scient</strong></span> <span class='ocrx_word' id='word_1_237' title='bbox 1159 1866 1335 1905; x_wconf 82' lang='lat' dir='ltr'><strong>omnes</strong></span> <span class='ocrx_word' id='word_1_238' title='bbox 1376 1849 1647 1916; x_wconf 76' lang='lat' dir='ltr'><strong>Ecclesiw,</strong></span> <span class='ocrx_word' id='word_1_239' title='bbox 1668 1852 1789 1923; x_wconf 86' lang='lat' dir='ltr'><strong>quia</strong></span> 
     </span>
    </p>
   </div>
   <div class='ocr_carea' id='block_1_34' title="bbox 1894 1830 3489 1935">
    <p class='ocr_par' dir='ltr' id='par_1_34' title="bbox 1896 1830 3489 1935">
     <span class='ocr_line' id='line_1_34' title="bbox 1896 1830 3489 1935; baseline 0.016 -40"><span class='ocrx_word' id='word_1_240' title='bbox 1896 1840 2006 1897; x_wconf 88' lang='lat' dir='ltr'><strong>lum</strong></span> <span class='ocrx_word' id='word_1_241' title='bbox 2036 1844 2245 1899; x_wconf 80' lang='lat' dir='ltr'><strong>vocibus</strong></span> <span class='ocrx_word' id='word_1_242' title='bbox 2273 1846 2548 1915; x_wconf 75' lang='lat' dir='ltr'><strong>oblectent)</strong></span> <span class='ocrx_word' id='word_1_243' title='bbox 2579 1853 2925 1909; x_wconf 85' lang='lat' dir='ltr'><strong>metuendum</strong></span> <span class='ocrx_word' id='word_1_244' title='bbox 2970 1864 3057 1912; x_wconf 88' lang='lat' dir='ltr'><strong>est</strong></span> <span class='ocrx_word' id='word_1_245' title='bbox 3081 1830 3150 1914; x_wconf 85' lang='lat' dir='ltr'><strong>ne</strong></span> <span class='ocrx_word' id='word_1_246' title='bbox 3177 1830 3340 1916; x_wconf 81' lang='lat' dir='ltr'><strong>etiam</strong></span> <span class='ocrx_word' id='word_1_247' title='bbox 3369 1830 3489 1935; x_wconf 70' lang='lat' dir='ltr'><strong>ipsa</strong></span> 
     </span>
    </p>
   </div>
   <div class='ocr_carea' id='block_1_35' title="bbox 192 1939 1787 2011">
    <p class='ocr_par' dir='ltr' id='par_1_35' title="bbox 192 1939 1787 2011">
     <span class='ocr_line' id='line_1_35' title="bbox 192 1939 1787 2011; baseline 0.009 -29"><span class='ocrx_word' id='word_1_248' title='bbox 192 1945 289 1999; x_wconf 89' lang='lat' dir='ltr'><strong>ego</strong></span> <span class='ocrx_word' id='word_1_249' title='bbox 347 1947 466 1984; x_wconf 77' lang='lat' dir='ltr'><strong>sum</strong></span> <span class='ocrx_word' id='word_1_250' title='bbox 516 1944 757 1988; x_wconf 72' lang='lat' dir='ltr'><strong>scrutatis</strong></span> <span class='ocrx_word' id='word_1_251' title='bbox 811 1952 960 1991; x_wconf 81' lang='lat' dir='ltr'><strong>renes</strong></span> <span class='ocrx_word' id='word_1_252' title='bbox 1002 1946 1051 1991; x_wconf 89' lang='lat' dir='ltr'><strong>et</strong></span> <span class='ocrx_word' id='word_1_253' title='bbox 1099 1940 1281 1994; x_wconf 88' lang='lat' dir='ltr'><strong>corda.</strong></span> <span class='ocrx_word' id='word_1_254' title='bbox 1323 1939 1492 1996; x_wconf 86' lang='lat' dir='ltr'><strong>Sonet</strong></span> <span class='ocrx_word' id='word_1_255' title='bbox 1525 1942 1787 2011; x_wconf 86' lang='lat' dir='ltr'><strong>psalmus.</strong></span> 
     </span>
    </p>
   </div>
   <div class='ocr_carea' id='block_1_36' title="bbox 194 2020 1790 2106">
    <p class='ocr_par' dir='ltr' id='par_1_36' title="bbox 194 2020 1790 2106">
     <span class='ocr_line' id='line_1_36' title="bbox 194 2020 1790 2106; baseline 0.012 -31"><span class='ocrx_word' id='word_1_256' title='bbox 194 2020 520 2080; x_wconf 85' lang='lat' dir='ltr'><strong>Convivium</strong></span> <span class='ocrx_word' id='word_1_257' title='bbox 572 2027 813 2084; x_wconf 88' lang='lat' dir='ltr'><strong>sobrium</strong></span> <span class='ocrx_word' id='word_1_258' title='bbox 865 2030 938 2085; x_wconf 88' lang='lat' dir='ltr'><strong>sit</strong></span> <span class='ocrx_word' id='word_1_259' title='bbox 994 2032 1151 2088; x_wconf 91' lang='lat' dir='ltr'><strong>nobis</strong></span> <span class='ocrx_word' id='word_1_260' title='bbox 1207 2033 1506 2105; x_wconf 88' lang='lat' dir='ltr'><strong>spiritualis</strong></span> <span class='ocrx_word' id='word_1_261' title='bbox 1554 2036 1790 2106; x_wconf 89' lang='lat' dir='ltr'><strong>auditio,</strong></span> 
     </span>
    </p>
   </div>
   <div class='ocr_carea' id='block_1_37' title="bbox 192 2114 1293 2192">
    <p class='ocr_par' dir='ltr' id='par_1_37' title="bbox 192 2114 1293 2192">
     <span class='ocr_line' id='line_1_37' title="bbox 192 2114 1293 2192; baseline 0.008 -24"><span class='ocrx_word' id='word_1_262' title='bbox 192 2114 465 2184; x_wconf 76' lang='lat' dir='ltr'><strong>prolectat</strong></span> <span class='ocrx_word' id='word_1_263' title='bbox 500 2132 660 2175; x_wconf 88' lang='lat' dir='ltr'><strong>aures</strong></span> <span class='ocrx_word' id='word_1_264' title='bbox 685 2119 937 2192; x_wconf 85' lang='lat' dir='ltr'><strong>religiosa</strong></span> <span class='ocrx_word' id='word_1_265' title='bbox 967 2122 1234 2180; x_wconf 91' lang='lat' dir='ltr'><strong>mulcedo.</strong></span> <span class='ocrx_word' id='word_1_266' title='bbox 1274 2145 1293 2177; x_wconf 72' lang='grc' dir='ltr'><strong>ι</strong></span> 
     </span>
    </p>
   </div>
   <div class='ocr_carea' id='block_1_38' title="bbox 266 2206 1789 2284">
    <p class='ocr_par' dir='ltr' id='par_1_38' title="bbox 266 2206 1789 2284">
     <span class='ocr_line' id='line_1_38' title="bbox 266 2206 1789 2284; baseline 0.013 -24"><span class='ocrx_word' id='word_1_267' title='bbox 266 2206 430 2263; x_wconf 78' lang='lat' dir='ltr'><strong>XVII.</strong></span> <span class='ocrx_word' id='word_1_268' title='bbox 474 2208 570 2265; x_wconf 88' lang='lat' dir='ltr'><strong>His</strong></span> <span class='ocrx_word' id='word_1_269' title='bbox 594 2225 724 2281; x_wconf 88' lang='lat' dir='ltr'><strong>ergo</strong></span> <span class='ocrx_word' id='word_1_270' title='bbox 765 2220 822 2268; x_wconf 91' lang='lat' dir='ltr'><strong>et</strong></span> <span class='ocrx_word' id='word_1_271' title='bbox 856 2214 1162 2284; x_wconf 79' lang='lat' dir='ltr'><strong>huiusmodi</strong></span> <span class='ocrx_word' id='word_1_272' title='bbox 1199 2217 1420 2275; x_wconf 87' lang='lat' dir='ltr'><strong>Patrum</strong></span> <span class='ocrx_word' id='word_1_273' title='bbox 1452 2223 1673 2279; x_wconf 90' lang='lat' dir='ltr'><strong>monitis</strong></span> <span class='ocrx_word' id='word_1_274' title='bbox 1702 2224 1789 2279; x_wconf 86' lang='lat' dir='ltr'><strong>in-</strong></span> 
     </span>
    </p>
   </div>
   <div class='ocr_carea' id='block_1_39' title="bbox 195 2295 1792 2385">
    <p class='ocr_par' dir='ltr' id='par_1_39' title="bbox 195 2295 1792 2385">
     <span class='ocr_line' id='line_1_39' title="bbox 195 2295 1792 2385; baseline 0.015 -34"><span class='ocrx_word' id='word_1_275' title='bbox 195 2295 437 2366; x_wconf 84' lang='lat' dir='ltr'><strong>formati,</strong></span> <span class='ocrx_word' id='word_1_276' title='bbox 470 2310 527 2356; x_wconf 90' lang='lat' dir='ltr'><strong>et</strong></span> <span class='ocrx_word' id='word_1_277' title='bbox 552 2318 740 2359; x_wconf 90' lang='lat' dir='ltr'><strong>eorum</strong></span> <span class='ocrx_word' id='word_1_278' title='bbox 769 2317 1060 2378; x_wconf 88' lang='lat' dir='ltr'><strong>sequentes</strong></span> <span class='ocrx_word' id='word_1_279' title='bbox 1087 2312 1314 2383; x_wconf 81' lang='lat' dir='ltr'><strong>vestigia</strong></span> <span class='ocrx_word' id='word_1_280' title='bbox 1342 2331 1480 2385; x_wconf 89' lang='lat' dir='ltr'><strong>quos</strong></span> <span class='ocrx_word' id='word_1_281' title='bbox 1515 2318 1583 2372; x_wconf 89' lang='lat' dir='ltr'><strong>ad</strong></span> <span class='ocrx_word' id='word_1_282' title='bbox 1608 2318 1792 2375; x_wconf 91' lang='lat' dir='ltr'><strong>Domi-</strong></span> 
     </span>
    </p>
   </div>
   <div class='ocr_carea' id='block_1_40' title="bbox 194 2398 1793 2475">
    <p class='ocr_par' dir='ltr' id='par_1_40' title="bbox 194 2398 1793 2475">
     <span class='ocr_line' id='line_1_40' title="bbox 194 2398 1793 2475; baseline 0.014 -30"><span class='ocrx_word' id='word_1_283' title='bbox 194 2407 323 2447; x_wconf 88' lang='lat' dir='ltr'><strong>num</strong></span> <span class='ocrx_word' id='word_1_284' title='bbox 369 2398 713 2464; x_wconf 55' lang='lat' dir='ltr'><strong>praecessisse</strong></span> <span class='ocrx_word' id='word_1_285' title='bbox 757 2414 865 2455; x_wconf 88' lang='lat' dir='ltr'><strong>non</strong></span> <span class='ocrx_word' id='word_1_286' title='bbox 902 2402 1245 2475; x_wconf 89' lang='lat' dir='ltr'><strong>ambigimus,</strong></span> <span class='ocrx_word' id='word_1_287' title='bbox 1278 2415 1504 2464; x_wconf 87' lang='lat' dir='ltr'><strong>cunctas</strong></span> <span class='ocrx_word' id='word_1_288' title='bbox 1532 2410 1793 2466; x_wconf 86' lang='lat' dir='ltr'><strong>adiuven-</strong></span> 
     </span>
    </p>
   </div>
   <div class='ocr_carea' id='block_1_41' title="bbox 193 2486 1790 2570">
    <p class='ocr_par' dir='ltr' id='par_1_41' title="bbox 193 2486 1790 2570">
     <span class='ocr_line' id='line_1_41' title="bbox 193 2486 1790 2570; baseline 0.013 -31"><span class='ocrx_word' id='word_1_289' title='bbox 193 2486 374 2542; x_wconf 87' lang='lat' dir='ltr'><strong>tiones</strong></span> <span class='ocrx_word' id='word_1_290' title='bbox 408 2487 687 2545; x_wconf 87' lang='lat' dir='ltr'><strong>hominum</strong></span> <span class='ocrx_word' id='word_1_291' title='bbox 732 2494 885 2562; x_wconf 89' lang='lat' dir='ltr'><strong>quasi</strong></span> <span class='ocrx_word' id='word_1_292' title='bbox 913 2496 1213 2565; x_wconf 84' lang='lat' dir='ltr'><strong>superﬂuas</strong></span> <span class='ocrx_word' id='word_1_293' title='bbox 1244 2510 1582 2570; x_wconf 89' lang='lat' dir='ltr'><strong>respuentes,</strong></span> <span class='ocrx_word' id='word_1_294' title='bbox 1606 2504 1790 2560; x_wconf 87' lang='lat' dir='ltr'><strong>verbis</strong></span> 
     </span>
    </p>
   </div>
   <div class='ocr_carea' id='block_1_42' title="bbox 194 2575 1790 2659">
    <p class='ocr_par' dir='ltr' id='par_1_42' title="bbox 194 2575 1790 2659">
     <span class='ocr_line' id='line_1_42' title="bbox 194 2575 1790 2659; baseline 0.013 -29"><span class='ocrx_word' id='word_1_295' title='bbox 194 2575 412 2632; x_wconf 90' lang='lat' dir='ltr'><strong>Domini</strong></span> <span class='ocrx_word' id='word_1_296' title='bbox 455 2593 576 2649; x_wconf 71' lang='lat' dir='ltr'><strong>quae</strong></span> <span class='ocrx_word' id='word_1_297' title='bbox 623 2581 692 2638; x_wconf 89' lang='lat' dir='ltr'><strong>ad</strong></span> <span class='ocrx_word' id='word_1_298' title='bbox 739 2585 920 2639; x_wconf 91' lang='lat' dir='ltr'><strong>omnia</strong></span> <span class='ocrx_word' id='word_1_299' title='bbox 972 2585 1260 2655; x_wconf 83' lang='lat' dir='ltr'><strong>sufﬁciunt,</strong></span> <span class='ocrx_word' id='word_1_300' title='bbox 1295 2590 1348 2644; x_wconf 91' lang='lat' dir='ltr'><strong>in</strong></span> <span class='ocrx_word' id='word_1_301' title='bbox 1393 2588 1510 2659; x_wconf 86' lang='lat' dir='ltr'><strong>ejus</strong></span> <span class='ocrx_word' id='word_1_302' title='bbox 1541 2592 1790 2651; x_wconf 89' lang='lat' dir='ltr'><strong>laudibus</strong></span> 
     </span>
    </p>
   </div>
   <div class='ocr_carea' id='block_1_43' title="bbox 194 2678 1784 2745">
    <p class='ocr_par' dir='ltr' id='par_1_43' title="bbox 194 2678 1784 2745">
     <span class='ocr_line' id='line_1_43' title="bbox 194 2678 1784 2745; baseline 0.013 -20"><span class='ocrx_word' id='word_1_303' title='bbox 194 2684 572 2740; x_wconf 86' lang='lat' dir='ltr'><strong>personemus,</strong></span> <span class='ocrx_word' id='word_1_304' title='bbox 596 2683 657 2729; x_wconf 90' lang='lat' dir='ltr'><strong>ut</strong></span> <span class='ocrx_word' id='word_1_305' title='bbox 677 2692 800 2732; x_wconf 92' lang='lat' dir='ltr'><strong>cum</strong></span> <span class='ocrx_word' id='word_1_306' title='bbox 834 2679 994 2734; x_wconf 89' lang='lat' dir='ltr'><strong>beato</strong></span> <span class='ocrx_word' id='word_1_307' title='bbox 1029 2678 1200 2738; x_wconf 91' lang='lat' dir='ltr'><strong>David</strong></span> <span class='ocrx_word' id='word_1_308' title='bbox 1236 2684 1417 2741; x_wconf 88' lang='lat' dir='ltr'><strong>dicere</strong></span> <span class='ocrx_word' id='word_1_309' title='bbox 1465 2688 1741 2745; x_wconf 83' lang='lat' dir='ltr'><strong>valeamus</strong></span> <span class='ocrx_word' id='word_1_310' title='bbox 1771 2707 1784 2745; x_wconf 90' lang='lat'>:</span> 
     </span>
    </p>
   </div>
   <div class='ocr_carea' id='block_1_44' title="bbox 194 2760 1787 2848">
    <p class='ocr_par' dir='ltr' id='par_1_44' title="bbox 194 2760 1787 2848">
     <span class='ocr_line' id='line_1_44' title="bbox 194 2760 1787 2848; baseline 0.013 -33"><span class='ocrx_word' id='word_1_311' title='bbox 194 2760 265 2816; x_wconf 79' lang='lat' dir='ltr'><strong>Et</strong></span> <span class='ocrx_word' id='word_1_312' title='bbox 291 2779 410 2835; x_wconf 79' lang='lat' dir='ltr'><strong>qua:</strong></span> <span class='ocrx_word' id='word_1_313' title='bbox 446 2764 513 2819; x_wconf 89' lang='lat' dir='ltr'><strong>de</strong></span> <span class='ocrx_word' id='word_1_314' title='bbox 541 2783 701 2821; x_wconf 83' lang='lat' dir='ltr'><strong>manu</strong></span> <span class='ocrx_word' id='word_1_315' title='bbox 735 2778 827 2825; x_wconf 89' lang='lat' dir='ltr'><strong>tua</strong></span> <span class='ocrx_word' id='word_1_316' title='bbox 856 2773 1168 2843; x_wconf 80' lang='lat' dir='ltr'><strong>accepimus,</strong></span> <span class='ocrx_word' id='word_1_317' title='bbox 1200 2775 1439 2832; x_wconf 78' lang='lat' dir='ltr'><strong>dedimus</strong></span> <span class='ocrx_word' id='word_1_318' title='bbox 1476 2778 1589 2833; x_wconf 84' lang='lat' dir='ltr'><strong>tibi.</strong></span> <span class='ocrx_word' id='word_1_319' title='bbox 1628 2778 1787 2848; x_wconf 86' lang='lat' dir='ltr'><strong>Quia,</strong></span> 
     </span>
    </p>
   </div>
   <div class='ocr_carea' id='block_1_45' title="bbox 194 2858 1786 2940">
    <p class='ocr_par' dir='ltr' id='par_1_45' title="bbox 194 2858 1786 2940">
     <span class='ocr_line' id='line_1_45' title="bbox 194 2858 1786 2940; baseline 0.011 -29"><span class='ocrx_word' id='word_1_320' title='bbox 194 2862 256 2911; x_wconf 89' lang='lat' dir='ltr'><strong>ut</strong></span> <span class='ocrx_word' id='word_1_321' title='bbox 303 2858 498 2914; x_wconf 89' lang='lat' dir='ltr'><strong>beatus</strong></span> <span class='ocrx_word' id='word_1_322' title='bbox 524 2859 857 2932; x_wconf 80' lang='lat' dir='ltr'><strong>Augustinus</strong></span> <span class='ocrx_word' id='word_1_323' title='bbox 883 2865 981 2931; x_wconf 87' lang='lat' dir='ltr'><strong>ait,</strong></span> <span class='ocrx_word' id='word_1_324' title='bbox 1017 2884 1036 2917; x_wconf 74' lang='grc' dir='ltr'>ι</span> <span class='ocrx_word' id='word_1_325' title='bbox 1069 2865 1212 2921; x_wconf 88' lang='lat' dir='ltr'><strong>Nihil</strong></span> <span class='ocrx_word' id='word_1_326' title='bbox 1236 2868 1349 2923; x_wconf 90' lang='lat' dir='ltr'><strong>Deo</strong></span> <span class='ocrx_word' id='word_1_327' title='bbox 1375 2878 1523 2926; x_wconf 89' lang='lat' dir='ltr'><strong>recte</strong></span> <span class='ocrx_word' id='word_1_328' title='bbox 1541 2870 1786 2940; x_wconf 86' lang='lat' dir='ltr'><strong>oﬁ‘ertur,</strong></span> 
     </span>
    </p>
   </div>
   <div class='ocr_carea' id='block_1_46' title="bbox 195 2947 1790 3033">
    <p class='ocr_par' dir='ltr' id='par_1_46' title="bbox 195 2947 1790 3033">
     <span class='ocr_line' id='line_1_46' title="bbox 195 2947 1790 3033; baseline 0.012 -31"><span class='ocrx_word' id='word_1_329' title='bbox 195 2947 299 3004; x_wconf 90' lang='lat' dir='ltr'><strong>nisi</strong></span> <span class='ocrx_word' id='word_1_330' title='bbox 327 2951 472 3019; x_wconf 88' lang='lat' dir='ltr'><strong>quod</strong></span> <span class='ocrx_word' id='word_1_331' title='bbox 508 2952 577 3005; x_wconf 91' lang='lat' dir='ltr'><strong>ab</strong></span> <span class='ocrx_word' id='word_1_332' title='bbox 610 2968 676 3007; x_wconf 92' lang='lat' dir='ltr'><strong>eo</strong></span> <span class='ocrx_word' id='word_1_333' title='bbox 707 2954 991 3024; x_wconf 90' lang='lat' dir='ltr'><strong>accipitur.</strong></span> <span class='ocrx_word' id='word_1_334' title='bbox 1023 2977 1041 3010; x_wconf 74' lang='grc' dir='ltr'><strong>ι</strong></span> <span class='ocrx_word' id='word_1_335' title='bbox 1071 2957 1171 3026; x_wconf 88' lang='lat' dir='ltr'><strong>Qui</strong></span> <span class='ocrx_word' id='word_1_336' title='bbox 1205 2968 1259 3015; x_wconf 90' lang='lat' dir='ltr'><strong>et</strong></span> <span class='ocrx_word' id='word_1_337' title='bbox 1289 2960 1394 3016; x_wconf 88' lang='lat' dir='ltr'><strong>alio</strong></span> <span class='ocrx_word' id='word_1_338' title='bbox 1432 2961 1551 3017; x_wconf 88' lang='lat' dir='ltr'><strong>loco</strong></span> <span class='ocrx_word' id='word_1_339' title='bbox 1588 2978 1790 3033; x_wconf 59' lang='lat' dir='ltr'><strong>praece-</strong></span> 
     </span>
    </p>
   </div>
   <div class='ocr_carea' id='block_1_47' title="bbox 195 3040 1788 3124">
    <p class='ocr_par' dir='ltr' id='par_1_47' title="bbox 195 3040 1788 3124">
     <span class='ocr_line' id='line_1_47' title="bbox 195 3040 1788 3124; baseline 0.01 -30"><span class='ocrx_word' id='word_1_340' title='bbox 195 3040 275 3109; x_wconf 91' lang='lat' dir='ltr'><strong>pit</strong></span> <span class='ocrx_word' id='word_1_341' title='bbox 297 3041 411 3097; x_wconf 90' lang='lat' dir='ltr'><strong>suis</strong></span> <span class='ocrx_word' id='word_1_342' title='bbox 441 3061 455 3096; x_wconf 90' lang='lat'><strong>:</strong></span> <span class='ocrx_word' id='word_1_343' title='bbox 488 3061 507 3094; x_wconf 74' lang='grc' dir='ltr'><strong>ε</strong></span> <span class='ocrx_word' id='word_1_344' title='bbox 537 3041 715 3100; x_wconf 83' lang='lat' dir='ltr'><strong>Nolite</strong></span> <span class='ocrx_word' id='word_1_345' title='bbox 741 3055 964 3103; x_wconf 82' lang='lat' dir='ltr'><strong>cantare</strong></span> <span class='ocrx_word' id='word_1_346' title='bbox 986 3049 1091 3103; x_wconf 89' lang='lat' dir='ltr'><strong>nisi</strong></span> <span class='ocrx_word' id='word_1_347' title='bbox 1118 3051 1259 3120; x_wconf 87' lang='lat' dir='ltr'><strong>quod</strong></span> <span class='ocrx_word' id='word_1_348' title='bbox 1287 3052 1494 3124; x_wconf 83' lang='lat' dir='ltr'><strong>legistis</strong></span> <span class='ocrx_word' id='word_1_349' title='bbox 1516 3070 1636 3110; x_wconf 89' lang='lat' dir='ltr'><strong>esse</strong></span> <span class='ocrx_word' id='word_1_350' title='bbox 1659 3071 1788 3111; x_wconf 90' lang='lat' dir='ltr'><strong>can-</strong></span> 
     </span>
    </p>
   </div>
   <div class='ocr_carea' id='block_1_48' title="bbox 198 3132 1789 3213">
    <p class='ocr_par' dir='ltr' id='par_1_48' title="bbox 198 3132 1789 3213">
     <span class='ocr_line' id='line_1_48' title="bbox 198 3132 1789 3213; baseline 0.011 -30"><span class='ocrx_word' id='word_1_351' title='bbox 198 3132 439 3187; x_wconf 88' lang='lat' dir='ltr'><strong>tandum.</strong></span> <span class='ocrx_word' id='word_1_352' title='bbox 472 3155 491 3186; x_wconf 78' lang='grc' dir='ltr'><strong><em>ι</em></strong></span> <span class='ocrx_word' id='word_1_353' title='bbox 524 3132 678 3202; x_wconf 89' lang='lat' dir='ltr'><strong>Quod</strong></span> <span class='ocrx_word' id='word_1_354' title='bbox 714 3136 933 3205; x_wconf 86' lang='lat' dir='ltr'><strong>quidam</strong></span> <span class='ocrx_word' id='word_1_355' title='bbox 972 3137 1210 3211; x_wconf 80' lang='lat' dir='ltr'><strong>religiosi</strong></span> <span class='ocrx_word' id='word_1_356' title='bbox 1232 3141 1333 3195; x_wconf 89' lang='lat' dir='ltr'><strong>viri</strong></span> <span class='ocrx_word' id='word_1_357' title='bbox 1356 3151 1645 3213; x_wconf 85' lang='lat' dir='ltr'><strong>sequentes</strong></span> <span class='ocrx_word' id='word_1_358' title='bbox 1666 3145 1789 3200; x_wconf 86' lang='lat' dir='ltr'><strong>sub-</strong></span> 
     </span>
    </p>
   </div>
   <div class='ocr_carea' id='block_1_49' title="bbox 1895 1933 3491 2030">
    <p class='ocr_par' dir='ltr' id='par_1_49' title="bbox 1895 1933 3491 2030">
     <span class='ocr_line' id='line_1_49' title="bbox 1895 1933 3491 2030; baseline 0.014 -41"><span class='ocrx_word' id='word_1_359' title='bbox 1895 1933 1987 1989; x_wconf 87' lang='lat' dir='ltr'><strong>illa</strong></span> <span class='ocrx_word' id='word_1_360' title='bbox 2027 1934 2125 1990; x_wconf 90' lang='lat' dir='ltr'><strong>Dei</strong></span> <span class='ocrx_word' id='word_1_361' title='bbox 2171 1937 2541 2008; x_wconf 73' lang='lat' dir='ltr'><strong>increpatione</strong></span> <span class='ocrx_word' id='word_1_362' title='bbox 2583 1940 2869 2011; x_wconf 73' lang='lat' dir='ltr'><strong>feriantur,</strong></span> <span class='ocrx_word' id='word_1_363' title='bbox 2901 1962 3007 2017; x_wconf 90' lang='lat' dir='ltr'><strong>qua</strong></span> <span class='ocrx_word' id='word_1_364' title='bbox 3036 1950 3214 2007; x_wconf 90' lang='lat' dir='ltr'><strong>dicit:</strong></span> <span class='ocrx_word' id='word_1_365' title='bbox 3249 1933 3491 2030; x_wconf 66' lang='lat' dir='ltr'><strong>Populus</strong></span> 
     </span>
    </p>
   </div>
   <div class='ocr_carea' id='block_1_50' title="bbox 1894 2025 3488 2118">
    <p class='ocr_par' dir='ltr' id='par_1_50' title="bbox 1894 2025 3488 2118">
     <span class='ocr_line' id='line_1_50' title="bbox 1894 2025 3488 2118; baseline 0.018 -40"><span class='ocrx_word' id='word_1_366' title='bbox 1894 2025 1979 2079; x_wconf 75' lang='lat' dir='ltr'><strong>hic</strong></span> <span class='ocrx_word' id='word_1_367' title='bbox 2003 2025 2156 2083; x_wconf 81' lang='lat' dir='ltr'><strong>labiis</strong></span> <span class='ocrx_word' id='word_1_368' title='bbox 2188 2045 2271 2083; x_wconf 86' lang='lat' dir='ltr'><strong>me</strong></span> <span class='ocrx_word' id='word_1_369' title='bbox 2316 2030 2562 2098; x_wconf 84' lang='lat' dir='ltr'><strong>honorat,</strong></span> <span class='ocrx_word' id='word_1_370' title='bbox 2598 2050 2690 2088; x_wconf 89' lang='lat' dir='ltr'><strong>cor</strong></span> <span class='ocrx_word' id='word_1_371' title='bbox 2733 2046 2909 2093; x_wconf 84' lang='lat' dir='ltr'><strong>autem</strong></span> <span class='ocrx_word' id='word_1_372' title='bbox 2938 2056 3118 2097; x_wconf 89' lang='lat' dir='ltr'><strong>eorum</strong></span> <span class='ocrx_word' id='word_1_373' title='bbox 3166 2043 3318 2118; x_wconf 85' lang='lat' dir='ltr'><strong>longe</strong></span> <span class='ocrx_word' id='word_1_374' title='bbox 3332 2025 3420 2104; x_wconf 83' lang='lat' dir='ltr'><strong>est</strong></span> <span class='ocrx_word' id='word_1_375' title='bbox 3452 2025 3488 2105; x_wconf 68' lang='grc' dir='ltr'><em>ά</em></span> 
     </span>
    </p>
   </div>
   <div class='ocr_carea' id='block_1_51' title="bbox 1894 2116 3488 2197">
    <p class='ocr_par' dir='ltr' id='par_1_51' title="bbox 1894 2116 3488 2197">
     <span class='ocr_line' id='line_1_51' title="bbox 1894 2116 3488 2197; baseline 0.018 -29"><span class='ocrx_word' id='word_1_376' title='bbox 1894 2131 1996 2169; x_wconf 85' lang='lat' dir='ltr'><strong>me.</strong></span> <span class='ocrx_word' id='word_1_377' title='bbox 2035 2116 2104 2171; x_wconf 88' lang='lat' dir='ltr'><strong>Et</strong></span> <span class='ocrx_word' id='word_1_378' title='bbox 2138 2118 2338 2174; x_wconf 91' lang='lat' dir='ltr'><strong>iterum</strong></span> <span class='ocrx_word' id='word_1_379' title='bbox 2379 2120 2593 2193; x_wconf 79' lang='lat' dir='ltr'><strong>:Aufer</strong></span> <span class='ocrx_word' id='word_1_380' title='bbox 2640 2142 2674 2178; x_wconf 93' lang='lat' dir='ltr'><strong>a</strong></span> <span class='ocrx_word' id='word_1_381' title='bbox 2725 2142 2808 2180; x_wconf 88' lang='lat' dir='ltr'><strong>me</strong></span> <span class='ocrx_word' id='word_1_382' title='bbox 2856 2130 3138 2187; x_wconf 82' lang='lat' dir='ltr'><strong>tumultum</strong></span> <span class='ocrx_word' id='word_1_383' title='bbox 3192 2116 3488 2197; x_wconf 72' lang='lat' dir='ltr'><strong>carminum</strong></span> 
     </span>
    </p>
   </div>
   <div class='ocr_carea' id='block_1_52' title="bbox 1893 2212 3488 2287">
    <p class='ocr_par' dir='ltr' id='par_1_52' title="bbox 1893 2212 3488 2287">
     <span class='ocr_line' id='line_1_52' title="bbox 1893 2212 3488 2287; baseline 0.018 -28"><span class='ocrx_word' id='word_1_384' title='bbox 1893 2215 2123 2275; x_wconf 86' lang='lat' dir='ltr'><strong>tuorum,</strong></span> <span class='ocrx_word' id='word_1_385' title='bbox 2151 2218 2201 2264; x_wconf 81' lang='lat' dir='ltr'><strong>et</strong></span> <span class='ocrx_word' id='word_1_386' title='bbox 2229 2212 2433 2266; x_wconf 85' lang='lat' dir='ltr'><strong>cantica</strong></span> <span class='ocrx_word' id='word_1_387' title='bbox 2451 2212 2582 2284; x_wconf 79' lang='lat' dir='ltr'><strong>lyra:</strong></span> <span class='ocrx_word' id='word_1_388' title='bbox 2610 2226 2716 2273; x_wconf 74' lang='lat' dir='ltr'><strong>tua:</strong></span> <span class='ocrx_word' id='word_1_389' title='bbox 2742 2235 2847 2274; x_wconf 90' lang='lat' dir='ltr'><strong>non</strong></span> <span class='ocrx_word' id='word_1_390' title='bbox 2864 2221 3101 2277; x_wconf 84' lang='lat' dir='ltr'><strong>audiam.</strong></span> <span class='ocrx_word' id='word_1_391' title='bbox 3126 2224 3262 2282; x_wconf 83' lang='lat' dir='ltr'><strong>Nam</strong></span> <span class='ocrx_word' id='word_1_392' title='bbox 3285 2237 3342 2284; x_wconf 91' lang='lat' dir='ltr'><strong>et</strong></span> <span class='ocrx_word' id='word_1_393' title='bbox 3361 2231 3488 2287; x_wconf 88' lang='lat' dir='ltr'><strong>bea-</strong></span> 
     </span>
    </p>
   </div>
   <div class='ocr_carea' id='block_1_53' title="bbox 1894 2301 3490 2390">
    <p class='ocr_par' dir='ltr' id='par_1_53' title="bbox 1894 2301 3490 2390">
     <span class='ocr_line' id='line_1_53' title="bbox 1894 2301 3490 2390; baseline 0.015 -35"><span class='ocrx_word' id='word_1_394' title='bbox 1894 2310 1981 2356; x_wconf 89' lang='lat' dir='ltr'><strong>tus</strong></span> <span class='ocrx_word' id='word_1_395' title='bbox 2006 2301 2386 2375; x_wconf 86' lang='lat' dir='ltr'><strong>Hieronymus,</strong></span> <span class='ocrx_word' id='word_1_396' title='bbox 2417 2314 2479 2360; x_wconf 91' lang='lat' dir='ltr'><strong>ut</strong></span> <span class='ocrx_word' id='word_1_397' title='bbox 2505 2323 2668 2377; x_wconf 89' lang='lat' dir='ltr'><strong>supra</strong></span> <span class='ocrx_word' id='word_1_398' title='bbox 2694 2321 3054 2368; x_wconf 88' lang='lat' dir='ltr'><strong>memoratum</strong></span> <span class='ocrx_word' id='word_1_399' title='bbox 3078 2325 3188 2383; x_wconf 90' lang='lat' dir='ltr'><strong>est,</strong></span> <span class='ocrx_word' id='word_1_400' title='bbox 3211 2320 3278 2375; x_wconf 92' lang='lat' dir='ltr'><strong>de</strong></span> <span class='ocrx_word' id='word_1_401' title='bbox 3303 2320 3490 2390; x_wconf 84' lang='lat' dir='ltr'><strong>hujus-</strong></span> 
     </span>
    </p>
   </div>
   <div class='ocr_carea' id='block_1_54' title="bbox 1891 2393 3488 2475">
    <p class='ocr_par' dir='ltr' id='par_1_54' title="bbox 1891 2393 3488 2475">
     <span class='ocr_line' id='line_1_54' title="bbox 1891 2393 3488 2475; baseline 0.014 -27"><span class='ocrx_word' id='word_1_402' title='bbox 1891 2393 2038 2450; x_wconf 88' lang='lat' dir='ltr'><strong>modi</strong></span> <span class='ocrx_word' id='word_1_403' title='bbox 2068 2395 2380 2453; x_wconf 90' lang='lat' dir='ltr'><strong>hominibus</strong></span> <span class='ocrx_word' id='word_1_404' title='bbox 2422 2399 2709 2457; x_wconf 88' lang='lat' dir='ltr'><strong>manifeste</strong></span> <span class='ocrx_word' id='word_1_405' title='bbox 2753 2403 2909 2471; x_wconf 86' lang='lat' dir='ltr'><strong>dicit,</strong></span> <span class='ocrx_word' id='word_1_406' title='bbox 2947 2407 3091 2475; x_wconf 91' lang='lat' dir='ltr'><strong>quod</strong></span> <span class='ocrx_word' id='word_1_407' title='bbox 3139 2408 3206 2464; x_wconf 90' lang='lat' dir='ltr'><strong>de</strong></span> <span class='ocrx_word' id='word_1_408' title='bbox 3242 2410 3488 2471; x_wconf 86' lang='lat' dir='ltr'><strong>Ecclesia</strong></span> 
     </span>
    </p>
   </div>
   <div class='ocr_carea' id='block_1_55' title="bbox 1892 2485 3489 2577">
    <p class='ocr_par' dir='ltr' id='par_1_55' title="bbox 1892 2485 3489 2577">
     <span class='ocr_line' id='line_1_55' title="bbox 1892 2485 3489 2577; baseline 0.013 -36"><span class='ocrx_word' id='word_1_409' title='bbox 1892 2485 1988 2542; x_wconf 91' lang='lat' dir='ltr'><strong>Dei</strong></span> <span class='ocrx_word' id='word_1_410' title='bbox 2017 2502 2237 2543; x_wconf 86' lang='lat' dir='ltr'><strong>scenam</strong></span> <span class='ocrx_word' id='word_1_411' title='bbox 2264 2488 2493 2546; x_wconf 90' lang='lat' dir='ltr'><strong>fecerint</strong></span> <span class='ocrx_word' id='word_1_412' title='bbox 2526 2493 2868 2563; x_wconf 90' lang='lat' dir='ltr'><strong>populorum.</strong></span> <span class='ocrx_word' id='word_1_413' title='bbox 2898 2496 3051 2555; x_wconf 84' lang='lat' dir='ltr'><strong>Hanc</strong></span> <span class='ocrx_word' id='word_1_414' title='bbox 3080 2501 3226 2557; x_wconf 90' lang='lat' dir='ltr'><strong>enim</strong></span> <span class='ocrx_word' id='word_1_415' title='bbox 3257 2518 3489 2577; x_wconf 86' lang='lat' dir='ltr'><strong>occupa-</strong></span> 
     </span>
    </p>
   </div>
   <div class='ocr_carea' id='block_1_56' title="bbox 1892 2577 3491 2652">
    <p class='ocr_par' dir='ltr' id='par_1_56' title="bbox 1892 2577 3491 2652">
     <span class='ocr_line' id='line_1_56' title="bbox 1892 2577 3491 2652; baseline 0.013 -19"><span class='ocrx_word' id='word_1_416' title='bbox 1892 2577 2093 2634; x_wconf 89' lang='lat' dir='ltr'><strong>tionem</strong></span> <span class='ocrx_word' id='word_1_417' title='bbox 2130 2580 2456 2651; x_wconf 87' lang='lat' dir='ltr'><strong>superﬁuam</strong></span> <span class='ocrx_word' id='word_1_418' title='bbox 2485 2583 2539 2638; x_wconf 92' lang='lat' dir='ltr'><strong>in</strong></span> <span class='ocrx_word' id='word_1_419' title='bbox 2570 2584 2774 2641; x_wconf 90' lang='lat' dir='ltr'><strong>eisdem</strong></span> <span class='ocrx_word' id='word_1_420' title='bbox 2806 2590 2978 2645; x_wconf 87' lang='lat' dir='ltr'><strong>sacris</strong></span> <span class='ocrx_word' id='word_1_421' title='bbox 3021 2591 3217 2650; x_wconf 87' lang='lat' dir='ltr'><strong>ofﬁciis</strong></span> <span class='ocrx_word' id='word_1_422' title='bbox 3244 2594 3491 2652; x_wconf 84' lang='lat' dir='ltr'><strong>devitan-</strong></span> 
     </span>
    </p>
   </div>
   <div class='ocr_carea' id='block_1_57' title="bbox 1892 2671 3490 2751">
    <p class='ocr_par' dir='ltr' id='par_1_57' title="bbox 1892 2671 3490 2751">
     <span class='ocr_line' id='line_1_57' title="bbox 1892 2671 3490 2751; baseline 0.009 -24"><span class='ocrx_word' id='word_1_423' title='bbox 1892 2678 1975 2727; x_wconf 89' lang='lat' dir='ltr'><strong>tes</strong></span> <span class='ocrx_word' id='word_1_424' title='bbox 2000 2671 2229 2743; x_wconf 91' lang='lat' dir='ltr'><strong>antiqui,</strong></span> <span class='ocrx_word' id='word_1_425' title='bbox 2272 2689 2397 2729; x_wconf 91' lang='lat' dir='ltr'><strong>cum</strong></span> <span class='ocrx_word' id='word_1_426' title='bbox 2426 2674 2506 2730; x_wconf 91' lang='lat' dir='ltr'><strong>eis</strong></span> <span class='ocrx_word' id='word_1_427' title='bbox 2550 2674 2796 2745; x_wconf 89' lang='lat' dir='ltr'><strong>profecto</strong></span> <span class='ocrx_word' id='word_1_428' title='bbox 2841 2689 3152 2751; x_wconf 88' lang='lat' dir='ltr'><strong>suppeteret</strong></span> <span class='ocrx_word' id='word_1_429' title='bbox 3186 2699 3254 2739; x_wconf 89' lang='lat' dir='ltr'><strong>ex</strong></span> <span class='ocrx_word' id='word_1_430' title='bbox 3290 2685 3490 2745; x_wconf 90' lang='lat' dir='ltr'><strong>divinis</strong></span> 
     </span>
    </p>
   </div>
   <div class='ocr_carea' id='block_1_58' title="bbox 1890 2764 3489 2848">
    <p class='ocr_par' dir='ltr' id='par_1_58' title="bbox 1890 2764 3489 2848">
     <span class='ocr_line' id='line_1_58' title="bbox 1890 2764 3489 2848; baseline 0.011 -30"><span class='ocrx_word' id='word_1_431' title='bbox 1890 2764 2044 2820; x_wconf 89' lang='lat' dir='ltr'><strong>libris</strong></span> <span class='ocrx_word' id='word_1_432' title='bbox 2069 2774 2124 2821; x_wconf 88' lang='lat' dir='ltr'><strong>et</strong></span> <span class='ocrx_word' id='word_1_433' title='bbox 2152 2766 2435 2838; x_wconf 84' lang='lat' dir='ltr'><strong>multiplex</strong></span> <span class='ocrx_word' id='word_1_434' title='bbox 2462 2769 2619 2838; x_wconf 88' lang='lat' dir='ltr'><strong>copia</strong></span> <span class='ocrx_word' id='word_1_435' title='bbox 2650 2769 2999 2839; x_wconf 88' lang='lat' dir='ltr'><strong>laudationis,</strong></span> <span class='ocrx_word' id='word_1_436' title='bbox 3043 2784 3099 2830; x_wconf 85' lang='lat' dir='ltr'><strong>et</strong></span> <span class='ocrx_word' id='word_1_437' title='bbox 3132 2777 3329 2848; x_wconf 89' lang='lat' dir='ltr'><strong>peritia</strong></span> <span class='ocrx_word' id='word_1_438' title='bbox 3373 2793 3489 2835; x_wconf 84' lang='lat' dir='ltr'><strong>mo-</strong></span> 
     </span>
    </p>
   </div>
   <div class='ocr_carea' id='block_1_59' title="bbox 1892 2859 3489 2942">
    <p class='ocr_par' dir='ltr' id='par_1_59' title="bbox 1892 2859 3489 2942">
     <span class='ocr_line' id='line_1_59' title="bbox 1892 2859 3489 2942; baseline 0.008 -27"><span class='ocrx_word' id='word_1_439' title='bbox 1892 2859 2208 2927; x_wconf 88' lang='lat' dir='ltr'><strong>dulationis,</strong></span> <span class='ocrx_word' id='word_1_440' title='bbox 2245 2861 2555 2918; x_wconf 86' lang='lat' dir='ltr'><strong>maluerunt</strong></span> <span class='ocrx_word' id='word_1_441' title='bbox 2586 2871 2768 2919; x_wconf 90' lang='lat' dir='ltr'><strong>tamen</strong></span> <span class='ocrx_word' id='word_1_442' title='bbox 2798 2865 2989 2921; x_wconf 89' lang='lat' dir='ltr'><strong>eadem</strong></span> <span class='ocrx_word' id='word_1_443' title='bbox 3032 2882 3175 2939; x_wconf 75' lang='lat' dir='ltr'><strong>saepe</strong></span> <span class='ocrx_word' id='word_1_444' title='bbox 3218 2879 3489 2942; x_wconf 82' lang='lat' dir='ltr'><strong>repetere,</strong></span> 
     </span>
    </p>
   </div>
   <div class='ocr_carea' id='block_1_60' title="bbox 1892 2952 3490 3029">
    <p class='ocr_par' dir='ltr' id='par_1_60' title="bbox 1892 2952 3490 3029">
     <span class='ocr_line' id='line_1_60' title="bbox 1892 2952 3490 3029; baseline 0.011 -24"><span class='ocrx_word' id='word_1_445' title='bbox 1892 2967 2054 3023; x_wconf 88' lang='lat' dir='ltr'><strong>quam</strong></span> <span class='ocrx_word' id='word_1_446' title='bbox 2081 2952 2308 3007; x_wconf 87' lang='lat' dir='ltr'><strong>inﬁnitis</strong></span> <span class='ocrx_word' id='word_1_447' title='bbox 2329 2960 2384 3007; x_wconf 89' lang='lat' dir='ltr'><strong>et</strong></span> <span class='ocrx_word' id='word_1_448' title='bbox 2412 2969 2519 3009; x_wconf 91' lang='lat' dir='ltr'><strong>non</strong></span> <span class='ocrx_word' id='word_1_449' title='bbox 2545 2957 2871 3013; x_wconf 89' lang='lat' dir='ltr'><strong>necessariis</strong></span> <span class='ocrx_word' id='word_1_450' title='bbox 2897 2957 3243 3029; x_wconf 89' lang='lat' dir='ltr'><strong>psallentium</strong></span> <span class='ocrx_word' id='word_1_451' title='bbox 3276 2964 3490 3022; x_wconf 84' lang='lat' dir='ltr'><strong>animos</strong></span> 
     </span>
    </p>
   </div>
   <div class='ocr_carea' id='block_1_61' title="bbox 1890 3043 2577 3116">
    <p class='ocr_par' dir='ltr' id='par_1_61' title="bbox 1890 3043 2577 3116">
     <span class='ocr_line' id='line_1_61' title="bbox 1890 3043 2577 3116; baseline 0.007 -19"><span class='ocrx_word' id='word_1_452' title='bbox 1890 3057 2184 3113; x_wconf 87' lang='lat' dir='ltr'><strong>occupare,</strong></span> <span class='ocrx_word' id='word_1_453' title='bbox 2215 3043 2300 3098; x_wconf 90' lang='lat' dir='ltr'><strong>vel</strong></span> <span class='ocrx_word' id='word_1_454' title='bbox 2330 3060 2577 3116; x_wconf 87' lang='lat' dir='ltr'><strong>gravare.</strong></span> 
     </span>
    </p>
   </div>
   <div class='ocr_carea' id='block_1_62' title="bbox 1963 3127 3488 3238">
    <p class='ocr_par' dir='ltr' id='par_1_62' title="bbox 1963 3127 3488 3238">
     <span class='ocr_line' id='line_1_62' title="bbox 1963 3127 3488 3238; baseline 0.012 -29"><span class='ocrx_word' id='word_1_455' title='bbox 1963 3153 2104 3211; x_wconf 80' lang='lat' dir='ltr'><strong>XIX.</strong></span> <span class='ocrx_word' id='word_1_456' title='bbox 2146 3155 2516 3228; x_wconf 86' lang='lat' dir='ltr'><strong>Quapropter,</strong></span> <span class='ocrx_word' id='word_1_457' title='bbox 2566 3160 2863 3217; x_wconf 86' lang='lat' dir='ltr'><strong>auxiliante</strong></span> <span class='ocrx_word' id='word_1_458' title='bbox 2921 3127 3021 3220; x_wconf 84' lang='lat' dir='ltr'><strong>Dei</strong></span> <span class='ocrx_word' id='word_1_459' title='bbox 3070 3167 3279 3238; x_wconf 90' lang='lat' dir='ltr'><strong>gratia,</strong></span> <span class='ocrx_word' id='word_1_460' title='bbox 3337 3169 3488 3229; x_wconf 90' lang='lat' dir='ltr'><strong>omni</strong></span> 
     </span>
    </p>
   </div>
   <div class='ocr_carea' id='block_1_63' title="bbox 191 3220 3488 3327">
    <p class='ocr_par' dir='ltr' id='par_1_63' title="bbox 191 3220 3488 3327">
     <span class='ocr_line' id='line_1_63' title="bbox 191 3220 3488 3327; baseline 0.012 -51"><span class='ocrx_word' id='word_1_461' title='bbox 191 3220 350 3290; x_wconf 89' lang='lat' dir='ltr'><strong>jectis</strong></span> <span class='ocrx_word' id='word_1_462' title='bbox 370 3224 471 3280; x_wconf 88' lang='lat' dir='ltr'><strong>sibi</strong></span> <span class='ocrx_word' id='word_1_463' title='bbox 496 3223 755 3282; x_wconf 86' lang='lat' dir='ltr'><strong>fratribus</strong></span> <span class='ocrx_word' id='word_1_464' title='bbox 779 3239 1109 3299; x_wconf 77' lang='lat' dir='ltr'><strong>praeceptum</strong></span> <span class='ocrx_word' id='word_1_465' title='bbox 1135 3231 1241 3285; x_wconf 88' lang='lat' dir='ltr'><strong>tale</strong></span> <span class='ocrx_word' id='word_1_466' title='bbox 1260 3232 1523 3288; x_wconf 89' lang='lat' dir='ltr'><strong>dederunt</strong></span> <span class='ocrx_word' id='word_1_467' title='bbox 1560 3253 1572 3289; x_wconf 91' lang='lat'><strong>:</strong></span> <span class='ocrx_word' id='word_1_468' title='bbox 1601 3234 1790 3293; x_wconf 91' lang='lat' dir='ltr'><strong>Nullus</strong></span> <span class='ocrx_word' id='word_1_469' title='bbox 1816 3220 1861 3260; x_wconf 52' lang='grc'><strong>(³</strong></span> <span class='ocrx_word' id='word_1_470' title='bbox 1893 3244 2071 3301; x_wconf 74' lang='lat' dir='ltr'><strong>studio</strong></span> <span class='ocrx_word' id='word_1_471' title='bbox 2096 3220 2314 3317; x_wconf 64' lang='lat' dir='ltr'><strong>pietatis</strong></span> <span class='ocrx_word' id='word_1_472' title='bbox 2338 3220 2646 3305; x_wconf 75' lang='lat' dir='ltr'><strong>instandum</strong></span> <span class='ocrx_word' id='word_1_473' title='bbox 2676 3260 2841 3321; x_wconf 89' lang='lat' dir='ltr'><strong>atque</strong></span> <span class='ocrx_word' id='word_1_474' title='bbox 2867 3220 3397 3327; x_wconf 44' lang='lat' dir='ltr'><strong>observa’ndumest,</strong></span> <span class='ocrx_word' id='word_1_475' title='bbox 3427 3270 3488 3318; x_wconf 90' lang='lat' dir='ltr'><strong>ut</strong></span> 
     </span>
    </p>
   </div>
   <div class='ocr_carea' id='block_1_64' title="bbox 195 3320 3489 3413">
    <p class='ocr_par' dir='ltr' id='par_1_64' title="bbox 195 3320 3489 3413">
     <span class='ocr_line' id='line_1_64' title="bbox 195 3320 3489 3413; baseline 0.014 -46"><span class='ocrx_word' id='word_1_476' title='bbox 195 3324 492 3384; x_wconf 80' lang='lat' dir='ltr'><strong>praesumat</strong></span> <span class='ocrx_word' id='word_1_477' title='bbox 523 3320 888 3389; x_wconf 89' lang='lat' dir='ltr'><strong>responsoria,</strong></span> <span class='ocrx_word' id='word_1_478' title='bbox 927 3330 1021 3376; x_wconf 90' lang='lat' dir='ltr'><strong>aut</strong></span> <span class='ocrx_word' id='word_1_479' title='bbox 1061 3323 1404 3394; x_wconf 88' lang='lat' dir='ltr'><strong>antiphonas,</strong></span> <span class='ocrx_word' id='word_1_480' title='bbox 1449 3343 1569 3398; x_wconf 85' lang='lat' dir='ltr'><strong>quae</strong></span> <span class='ocrx_word' id='word_1_481' title='bbox 1614 3330 1791 3387; x_wconf 87' lang='lat' dir='ltr'><strong>solent</strong></span> <span class='ocrx_word' id='word_1_482' title='bbox 1892 3340 2033 3395; x_wconf 90' lang='lat' dir='ltr'><strong>sicut</strong></span> <span class='ocrx_word' id='word_1_483' title='bbox 2053 3340 2119 3395; x_wconf 91' lang='lat' dir='ltr'><strong>ad</strong></span> <span class='ocrx_word' id='word_1_484' title='bbox 2145 3341 2473 3398; x_wconf 89' lang='lat' dir='ltr'><strong>celebranda</strong></span> <span class='ocrx_word' id='word_1_485' title='bbox 2498 3320 2787 3402; x_wconf 85' lang='lat' dir='ltr'><strong>missarum</strong></span> <span class='ocrx_word' id='word_1_486' title='bbox 2816 3348 3079 3405; x_wconf 87' lang='lat' dir='ltr'><strong>solemnia</strong></span> <span class='ocrx_word' id='word_1_487' title='bbox 3105 3352 3271 3408; x_wconf 86' lang='lat' dir='ltr'><strong>habet</strong></span> <span class='ocrx_word' id='word_1_488' title='bbox 3298 3354 3489 3413; x_wconf 79' lang='lat' dir='ltr'><strong>Eccle-</strong></span> 
     </span>
    </p>
   </div>
   <div class='ocr_carea' id='block_1_65' title="bbox 199 3409 3487 3510">
    <p class='ocr_par' dir='ltr' id='par_1_65' title="bbox 199 3409 3487 3510">
     <span class='ocr_line' id='line_1_65' title="bbox 199 3409 3487 3510; baseline 0.013 -48"><span class='ocrx_word' id='word_1_489' title='bbox 199 3409 371 3479; x_wconf 88' lang='lat' dir='ltr'><strong>aliqui</strong></span> <span class='ocrx_word' id='word_1_490' title='bbox 394 3414 684 3484; x_wconf 89' lang='lat' dir='ltr'><strong>composito</strong></span> <span class='ocrx_word' id='word_1_491' title='bbox 708 3430 840 3471; x_wconf 90' lang='lat' dir='ltr'><strong>sono</strong></span> <span class='ocrx_word' id='word_1_492' title='bbox 868 3431 967 3487; x_wconf 89' lang='lat' dir='ltr'><strong>pro</strong></span> <span class='ocrx_word' id='word_1_493' title='bbox 993 3433 1090 3473; x_wconf 91' lang='lat' dir='ltr'><strong>suo</strong></span> <span class='ocrx_word' id='word_1_494' title='bbox 1118 3418 1272 3475; x_wconf 90' lang='lat' dir='ltr'><strong>libitu</strong></span> <span class='ocrx_word' id='word_1_495' title='bbox 1295 3436 1402 3476; x_wconf 90' lang='lat' dir='ltr'><strong>non</strong></span> <span class='ocrx_word' id='word_1_496' title='bbox 1431 3437 1499 3477; x_wconf 82' lang='lat' dir='ltr'><strong>ex</strong></span> <span class='ocrx_word' id='word_1_497' title='bbox 1526 3425 1791 3480; x_wconf 87' lang='lat' dir='ltr'><strong>canonica</strong></span> <span class='ocrx_word' id='word_1_498' title='bbox 1892 3431 1969 3488; x_wconf 92' lang='lat' dir='ltr'><strong>sia</strong></span> <span class='ocrx_word' id='word_1_499' title='bbox 2000 3445 2025 3473; x_wconf 71' lang='grc' dir='ltr'>ι</span> <span class='ocrx_word' id='word_1_500' title='bbox 2049 3432 2273 3489; x_wconf 89' lang='lat' dir='ltr'><strong>Librum</strong></span> <span class='ocrx_word' id='word_1_501' title='bbox 2297 3433 2680 3506; x_wconf 83' lang='lat' dir='ltr'><strong>Mysteriorum</strong></span> <span class='ocrx_word' id='word_1_502' title='bbox 2704 3421 2810 3494; x_wconf 87' lang='lat' dir='ltr'><strong>ﬁde</strong></span> <span class='ocrx_word' id='word_1_503' title='bbox 2828 3441 3118 3510; x_wconf 88' lang='lat' dir='ltr'><strong>purissima</strong></span> <span class='ocrx_word' id='word_1_504' title='bbox 3138 3451 3194 3499; x_wconf 94' lang='lat' dir='ltr'><strong>et</strong></span> <span class='ocrx_word' id='word_1_505' title='bbox 3215 3447 3487 3504; x_wconf 82' lang='lat' dir='ltr'><strong>concinna</strong></span> 
     </span>
    </p>
   </div>
   <div class='ocr_carea' id='block_1_66' title="bbox 201 3502 3489 3600">
    <p class='ocr_par' dir='ltr' id='par_1_66' title="bbox 201 3502 3489 3600">
     <span class='ocr_line' id='line_1_66' title="bbox 201 3502 3489 3600; baseline 0.012 -41"><span class='ocrx_word' id='word_1_506' title='bbox 201 3502 482 3575; x_wconf 89' lang='lat' dir='ltr'><strong>Scriptura</strong></span> <span class='ocrx_word' id='word_1_507' title='bbox 525 3521 802 3583; x_wconf 86' lang='lat' dir='ltr'><strong>assumpta</strong></span> <span class='ocrx_word' id='word_1_508' title='bbox 848 3529 1067 3581; x_wconf 90' lang='lat' dir='ltr'><strong>canere,</strong></span> <span class='ocrx_word' id='word_1_509' title='bbox 1116 3516 1171 3570; x_wconf 92' lang='lat' dir='ltr'><strong>in</strong></span> <span class='ocrx_word' id='word_1_510' title='bbox 1212 3520 1631 3590; x_wconf 78' lang='lat' dir='ltr'><strong>congregatione</strong></span> <span class='ocrx_word' id='word_1_511' title='bbox 1685 3521 1789 3577; x_wconf 92' lang='lat' dir='ltr'><strong>ista</strong></span> <span class='ocrx_word' id='word_1_512' title='bbox 1888 3524 2157 3581; x_wconf 89' lang='lat' dir='ltr'><strong>brevitate</strong></span> <span class='ocrx_word' id='word_1_513' title='bbox 2204 3502 2494 3600; x_wconf 77' lang='lat' dir='ltr'><strong>digestum,</strong></span> <span class='ocrx_word' id='word_1_514' title='bbox 2533 3530 2697 3587; x_wconf 86' lang='lat' dir='ltr'><strong>habet</strong></span> <span class='ocrx_word' id='word_1_515' title='bbox 2723 3541 2776 3588; x_wconf 91' lang='lat' dir='ltr'><strong>et</strong></span> <span class='ocrx_word' id='word_1_516' title='bbox 2810 3502 3034 3591; x_wconf 60' lang='lat' dir='ltr'><strong>iibrum</strong></span> <span class='ocrx_word' id='word_1_517' title='bbox 3066 3535 3384 3595; x_wconf 88' lang='lat' dir='ltr'><strong>Lectionum</strong></span> <span class='ocrx_word' id='word_1_518' title='bbox 3404 3550 3489 3598; x_wconf 69' lang='lat' dir='ltr'><strong>&quot;ex</strong></span> 
     </span>
    </p>
   </div>
   <div class='ocr_carea' id='block_1_67' title="bbox 198 3600 3487 3695">
    <p class='ocr_par' dir='ltr' id='par_1_67' title="bbox 198 3600 3487 3695">
     <span class='ocr_line' id='line_1_67' title="bbox 198 3600 3487 3695; baseline 0.01 -40"><span class='ocrx_word' id='word_1_519' title='bbox 198 3600 285 3655; x_wconf 88' lang='lat' dir='ltr'><strong>vel</strong></span> <span class='ocrx_word' id='word_1_520' title='bbox 315 3603 564 3660; x_wconf 86' lang='lat' dir='ltr'><strong>meditari</strong></span> <span class='ocrx_word' id='word_1_521' title='bbox 606 3606 693 3661; x_wconf 85' lang='lat' dir='ltr'><strong>vel</strong></span> <span class='ocrx_word' id='word_1_522' title='bbox 722 3607 924 3664; x_wconf 87' lang='lat' dir='ltr'><strong>dicere.</strong></span> <span class='ocrx_word' id='word_1_523' title='bbox 956 3607 1183 3680; x_wconf 89' lang='lat' dir='ltr'><strong>Oportet</strong></span> <span class='ocrx_word' id='word_1_524' title='bbox 1204 3610 1352 3665; x_wconf 90' lang='lat' dir='ltr'><strong>enim</strong></span> <span class='ocrx_word' id='word_1_525' title='bbox 1385 3627 1486 3667; x_wconf 89' lang='lat' dir='ltr'><strong>nos</strong></span> <span class='ocrx_word' id='word_1_526' title='bbox 1516 3628 1707 3668; x_wconf 88' lang='lat' dir='ltr'><strong>sanam</strong></span> <span class='ocrx_word' id='word_1_527' title='bbox 1735 3621 1792 3670; x_wconf 91' lang='lat' dir='ltr'><strong>et</strong></span> <span class='ocrx_word' id='word_1_528' title='bbox 1891 3615 2089 3672; x_wconf 86' lang='lat' dir='ltr'><strong>divinis</strong></span> <span class='ocrx_word' id='word_1_529' title='bbox 2111 3617 2265 3673; x_wconf 91' lang='lat' dir='ltr'><strong>libris</strong></span> <span class='ocrx_word' id='word_1_530' title='bbox 2294 3634 2535 3692; x_wconf 87' lang='lat' dir='ltr'><strong>congrua</strong></span> <span class='ocrx_word' id='word_1_531' title='bbox 2562 3623 2772 3678; x_wconf 84' lang='lat' dir='ltr'><strong>ratione</strong></span> <span class='ocrx_word' id='word_1_532' title='bbox 2800 3625 3215 3695; x_wconf 32' lang='lat' dir='ltr'><strong>collectum,vita</strong></span> <span class='ocrx_word' id='word_1_533' title='bbox 3241 3632 3406 3687; x_wconf 89' lang='lat' dir='ltr'><strong>etiam</strong></span> <span class='ocrx_word' id='word_1_534' title='bbox 3429 3642 3487 3690; x_wconf 88' lang='lat' dir='ltr'><strong>et</strong></span> 
     </span>
    </p>
   </div>
   <div class='ocr_carea' id='block_1_68' title="bbox 196 3694 3484 3794">
    <p class='ocr_par' dir='ltr' id='par_1_68' title="bbox 196 3694 3484 3794">
     <span class='ocr_line' id='line_1_68' title="bbox 196 3694 3484 3794; baseline 0.009 -45"><span class='ocrx_word' id='word_1_535' title='bbox 196 3694 501 3765; x_wconf 86' lang='lat' dir='ltr'><strong>simplicem</strong></span> <span class='ocrx_word' id='word_1_536' title='bbox 531 3699 883 3769; x_wconf 83' lang='lat' dir='ltr'><strong>apostolicam</strong></span> <span class='ocrx_word' id='word_1_537' title='bbox 919 3710 976 3756; x_wconf 89' lang='lat' dir='ltr'><strong>et</strong></span> <span class='ocrx_word' id='word_1_538' title='bbox 1003 3709 1218 3772; x_wconf 88' lang='lat' dir='ltr'><strong>patrum</strong></span> <span class='ocrx_word' id='word_1_539' title='bbox 1249 3711 1563 3760; x_wconf 90' lang='lat' dir='ltr'><strong>nostrorum</strong></span> <span class='ocrx_word' id='word_1_540' title='bbox 1587 3705 1789 3761; x_wconf 88' lang='lat' dir='ltr'><strong>imitari</strong></span> <span class='ocrx_word' id='word_1_541' title='bbox 1891 3708 2034 3765; x_wconf 91' lang='lat' dir='ltr'><strong>hunc</strong></span> <span class='ocrx_word' id='word_1_542' title='bbox 2067 3710 2291 3765; x_wconf 88' lang='lat' dir='ltr'><strong>tertium</strong></span> <span class='ocrx_word' id='word_1_543' title='bbox 2319 3709 2622 3768; x_wconf 88' lang='lat' dir='ltr'><strong>Ofﬁcialem</strong></span> <span class='ocrx_word' id='word_1_544' title='bbox 2660 3712 2944 3783; x_wconf 89' lang='lat' dir='ltr'><strong>Libellum,</strong></span> <span class='ocrx_word' id='word_1_545' title='bbox 2989 3719 3044 3775; x_wconf 92' lang='lat' dir='ltr'><strong>id</strong></span> <span class='ocrx_word' id='word_1_546' title='bbox 3081 3729 3184 3788; x_wconf 90' lang='lat' dir='ltr'><strong>est,</strong></span> <span class='ocrx_word' id='word_1_547' title='bbox 3212 3722 3484 3794; x_wconf 78' lang='lat' dir='ltr'><strong>Antipho-</strong></span> 
     </span>
    </p>
   </div>
   <div class='ocr_carea' id='block_1_69' title="bbox 195 3789 3487 3883">
    <p class='ocr_par' dir='ltr' id='par_1_69' title="bbox 195 3789 3487 3883">
     <span class='ocr_line' id='line_1_69' title="bbox 195 3789 3487 3883; baseline 0.009 -39"><span class='ocrx_word' id='word_1_548' title='bbox 195 3789 526 3857; x_wconf 89' lang='lat' dir='ltr'><strong>doetrinam,</strong></span> <span class='ocrx_word' id='word_1_549' title='bbox 557 3801 613 3847; x_wconf 90' lang='lat' dir='ltr'><strong>et</strong></span> <span class='ocrx_word' id='word_1_550' title='bbox 648 3795 878 3866; x_wconf 89' lang='lat' dir='ltr'><strong>gratiam</strong></span> <span class='ocrx_word' id='word_1_551' title='bbox 923 3795 1183 3863; x_wconf 89' lang='lat' dir='ltr'><strong>stabilire,</strong></span> <span class='ocrx_word' id='word_1_552' title='bbox 1216 3811 1312 3852; x_wconf 93' lang='lat' dir='ltr'><strong>cor</strong></span> <span class='ocrx_word' id='word_1_553' title='bbox 1339 3813 1628 3869; x_wconf 89' lang='lat' dir='ltr'><strong>moresque</strong></span> <span class='ocrx_word' id='word_1_554' title='bbox 1657 3800 1787 3856; x_wconf 91' lang='lat' dir='ltr'><strong>sub-</strong></span> <span class='ocrx_word' id='word_1_555' title='bbox 1886 3798 2124 3865; x_wconf 76' lang='lat' dir='ltr'><strong>itarium,</strong></span> <span class='ocrx_word' id='word_1_556' title='bbox 2154 3802 2455 3857; x_wconf 85' lang='lat' dir='ltr'><strong>habeamus</strong></span> <span class='ocrx_word' id='word_1_557' title='bbox 2478 3804 2731 3860; x_wconf 90' lang='lat' dir='ltr'><strong>omnibus</strong></span> <span class='ocrx_word' id='word_1_558' title='bbox 2753 3805 2783 3845; x_wconf 75' lang='grc' dir='ltr'><strong>ι)</strong></span> <span class='ocrx_word' id='word_1_559' title='bbox 2813 3807 3066 3864; x_wconf 89' lang='lat' dir='ltr'><strong>humanis</strong></span> <span class='ocrx_word' id='word_1_560' title='bbox 3110 3810 3385 3883; x_wconf 90' lang='lat' dir='ltr'><strong>ﬁgmentis</strong></span> <span class='ocrx_word' id='word_1_561' title='bbox 3427 3825 3487 3873; x_wconf 87' lang='lat' dir='ltr'><strong>et</strong></span> 
     </span>
    </p>
   </div>
   <div class='ocr_carea' id='block_1_70' title="bbox 194 3880 3484 3965">
    <p class='ocr_par' dir='ltr' id='par_1_70' title="bbox 194 3880 3484 3965">
     <span class='ocr_line' id='line_1_70' title="bbox 194 3880 3484 3965; baseline 0.008 -30"><span class='ocrx_word' id='word_1_562' title='bbox 194 3880 325 3936; x_wconf 89' lang='lat' dir='ltr'><strong>dere</strong></span> <span class='ocrx_word' id='word_1_563' title='bbox 380 3881 699 3954; x_wconf 70' lang='lat' dir='ltr'><strong>disciplina).</strong></span> <span class='ocrx_word' id='word_1_564' title='bbox 752 3886 829 3940; x_wconf 87' lang='lat' dir='ltr'><strong>Ea</strong></span> <span class='ocrx_word' id='word_1_565' title='bbox 878 3885 1042 3956; x_wconf 83' lang='lat' dir='ltr'><strong>igitur</strong></span> <span class='ocrx_word' id='word_1_566' title='bbox 1079 3895 1304 3943; x_wconf 90' lang='lat' dir='ltr'><strong>cantare</strong></span> <span class='ocrx_word' id='word_1_567' title='bbox 1348 3888 1610 3947; x_wconf 89' lang='lat' dir='ltr'><strong>debemus</strong></span> <span class='ocrx_word' id='word_1_568' title='bbox 1644 3906 1806 3962; x_wconf 68' lang='lat' dir='ltr'><strong>quae,-</strong></span> <span class='ocrx_word' id='word_1_569' title='bbox 1889 3891 2188 3946; x_wconf 83' lang='lat' dir='ltr'><strong>mendaciis</strong></span> <span class='ocrx_word' id='word_1_570' title='bbox 2231 3902 2611 3963; x_wconf 76' lang='lat' dir='ltr'><strong>expurgatum,</strong></span> <span class='ocrx_word' id='word_1_571' title='bbox 2645 3904 2701 3949; x_wconf 92' lang='lat' dir='ltr'><strong>et</strong></span> <span class='ocrx_word' id='word_1_572' title='bbox 2732 3911 2831 3965; x_wconf 89' lang='lat' dir='ltr'><strong>per</strong></span> <span class='ocrx_word' id='word_1_573' title='bbox 2860 3880 3188 3955; x_wconf 77' lang='lat' dir='ltr'><strong>totum‘anni</strong></span> <span class='ocrx_word' id='word_1_574' title='bbox 3218 3904 3484 3962; x_wconf 88' lang='lat' dir='ltr'><strong>circulum</strong></span> 
     </span>
    </p>
   </div>
   <div class='ocr_carea' id='block_1_71' title="bbox 194 3975 1791 4052">
    <p class='ocr_par' dir='ltr' id='par_1_71' title="bbox 194 3975 1791 4052">
     <span class='ocr_line' id='line_1_71' title="bbox 194 3975 1791 4052; baseline 0.007 -24"><span class='ocrx_word' id='word_1_575' title='bbox 194 3975 335 4028; x_wconf 89' lang='lat' dir='ltr'><strong>sicut</strong></span> <span class='ocrx_word' id='word_1_576' title='bbox 386 3975 581 4032; x_wconf 86' lang='lat' dir='ltr'><strong>beatus</strong></span> <span class='ocrx_word' id='word_1_577' title='bbox 629 3977 964 4050; x_wconf 84' lang='lat' dir='ltr'><strong>Augustinus</strong></span> <span class='ocrx_word' id='word_1_578' title='bbox 1009 3980 1160 4046; x_wconf 89' lang='lat' dir='ltr'><strong>dicit,</strong></span> <span class='ocrx_word' id='word_1_579' title='bbox 1215 3981 1290 4035; x_wconf 88' lang='lat' dir='ltr'><strong>ita</strong></span> <span class='ocrx_word' id='word_1_580' title='bbox 1330 3981 1533 4052; x_wconf 88' lang='lat' dir='ltr'><strong>scripta</strong></span> <span class='ocrx_word' id='word_1_581' title='bbox 1575 3992 1700 4038; x_wconf 90' lang='lat' dir='ltr'><strong>sunt</strong></span> <span class='ocrx_word' id='word_1_582' title='bbox 1732 3991 1791 4039; x_wconf 93' lang='lat' dir='ltr'><strong>ut</strong></span> 
     </span>
    </p>
   </div>
   <div class='ocr_carea' id='block_1_72' title="bbox 194 4070 3479 4156">
    <p class='ocr_par' dir='ltr' id='par_1_72' title="bbox 194 4070 3479 4156">
     <span class='ocr_line' id='line_1_72' title="bbox 194 4070 3479 4156; baseline 0.006 -34"><span class='ocrx_word' id='word_1_583' title='bbox 194 4078 507 4127; x_wconf 88' lang='lat' dir='ltr'><strong>cantantur.</strong></span> <span class='ocrx_word' id='word_1_584' title='bbox 545 4091 564 4122; x_wconf 76' lang='grc' dir='ltr'><strong><em>ι</em></strong></span> <span class='ocrx_word' id='word_1_585' title='bbox 592 4070 722 4139; x_wconf 71' lang='lat' dir='ltr'><strong>Quae</strong></span> <span class='ocrx_word' id='word_1_586' title='bbox 770 4082 952 4129; x_wconf 90' lang='lat' dir='ltr'><strong>autem</strong></span> <span class='ocrx_word' id='word_1_587' title='bbox 986 4090 1095 4130; x_wconf 90' lang='lat' dir='ltr'><strong>non</strong></span> <span class='ocrx_word' id='word_1_588' title='bbox 1141 4075 1214 4130; x_wconf 89' lang='lat' dir='ltr'><strong>ita</strong></span> <span class='ocrx_word' id='word_1_589' title='bbox 1245 4077 1447 4148; x_wconf 90' lang='lat' dir='ltr'><strong>scripta</strong></span> <span class='ocrx_word' id='word_1_590' title='bbox 1491 4088 1638 4145; x_wconf 89' lang='lat' dir='ltr'><strong>sunt,</strong></span> <span class='ocrx_word' id='word_1_591' title='bbox 1676 4096 1785 4136; x_wconf 89' lang='lat' dir='ltr'><strong>non</strong></span> <span class='ocrx_word' id='word_1_592' title='bbox 1887 4089 1975 4128; x_wconf 91' lang='lat' dir='ltr'><strong>me</strong></span> <span class='ocrx_word' id='word_1_593' title='bbox 1994 4074 2337 4139; x_wconf 86' lang='lat' dir='ltr'><strong>ordinatum;</strong></span> <span class='ocrx_word' id='word_1_594' title='bbox 2366 4075 2621 4145; x_wconf 89' lang='lat' dir='ltr'><strong>quatinus</strong></span> <span class='ocrx_word' id='word_1_595' title='bbox 2645 4076 2700 4132; x_wconf 92' lang='lat' dir='ltr'><strong>in</strong></span> <span class='ocrx_word' id='word_1_596' title='bbox 2721 4077 2893 4134; x_wconf 81' lang='lat' dir='ltr'><strong>sacris</strong></span> <span class='ocrx_word' id='word_1_597' title='bbox 2911 4077 3110 4137; x_wconf 85' lang='lat' dir='ltr'><strong>ofﬁciis</strong></span> <span class='ocrx_word' id='word_1_598' title='bbox 3132 4084 3479 4156; x_wconf 80' lang='lat' dir='ltr'><strong>peragendis,</strong></span> 
     </span>
    </p>
   </div>
   <div class='ocr_carea' id='block_1_73' title="bbox 193 4164 3483 4244">
    <p class='ocr_par' dir='ltr' id='par_1_73' title="bbox 193 4164 3483 4244">
     <span class='ocr_line' id='line_1_73' title="bbox 193 4164 3483 4244; baseline 0.01 -43"><span class='ocrx_word' id='word_1_599' title='bbox 193 4170 510 4229; x_wconf 59' lang='lat' dir='ltr'><strong>cantemus;</strong></span> <span class='ocrx_word' id='word_1_600' title='bbox 552 4164 679 4234; x_wconf 70' lang='lat' dir='ltr'><strong>quia</strong></span> <span class='ocrx_word' id='word_1_601' title='bbox 710 4181 810 4222; x_wconf 74' lang='lat' dir='ltr'><strong>nec</strong></span> <span class='ocrx_word' id='word_1_602' title='bbox 856 4167 962 4223; x_wconf 65' lang='lat' dir='ltr'><strong>ano</strong></span> <span class='ocrx_word' id='word_1_603' title='bbox 1002 4169 1164 4224; x_wconf 75' lang='lat' dir='ltr'><strong>modo</strong></span> <span class='ocrx_word' id='word_1_604' title='bbox 1198 4184 1360 4239; x_wconf 72' lang='lat' dir='ltr'><strong>quam</strong></span> <span class='ocrx_word' id='word_1_605' title='bbox 1392 4185 1500 4240; x_wconf 74' lang='lat' dir='ltr'><strong>quo</strong></span> <span class='ocrx_word' id='word_1_606' title='bbox 1539 4172 1653 4242; x_wconf 71' lang='lat' dir='ltr'><strong>ipse</strong></span> <span class='ocrx_word' id='word_1_607' title='bbox 1682 4174 1786 4229; x_wconf 79' lang='lat' dir='ltr'><strong>Do-</strong></span> <span class='ocrx_word' id='word_1_608' title='bbox 1882 4166 2037 4237; x_wconf 83' lang='lat' dir='ltr'><strong>juxta</strong></span> <span class='ocrx_word' id='word_1_609' title='bbox 2072 4164 2512 4236; x_wconf 90' lang='lat' dir='ltr'><strong>probatissimam</strong></span> <span class='ocrx_word' id='word_1_610' title='bbox 2561 4167 2682 4225; x_wconf 88' lang='lat' dir='ltr'><strong>ﬁdei</strong></span> <span class='ocrx_word' id='word_1_611' title='bbox 2723 4168 2988 4241; x_wconf 90' lang='lat' dir='ltr'><strong>regulam,</strong></span> <span class='ocrx_word' id='word_1_612' title='bbox 3031 4181 3087 4227; x_wconf 90' lang='lat' dir='ltr'><strong>et</strong></span> <span class='ocrx_word' id='word_1_613' title='bbox 3121 4185 3358 4244; x_wconf 73' lang='lat' dir='ltr'><strong>paterna:</strong></span> <span class='ocrx_word' id='word_1_614' title='bbox 3384 4194 3483 4234; x_wconf 79' lang='lat' dir='ltr'><strong>au-</strong></span> 
     </span>
    </p>
   </div>
   <div class='ocr_carea' id='block_1_74' title="bbox 194 4253 3480 4342">
    <p class='ocr_par' dir='ltr' id='par_1_74' title="bbox 194 4253 3480 4342">
     <span class='ocr_line' id='line_1_74' title="bbox 194 4253 3480 4342; baseline 0.007 -37"><span class='ocrx_word' id='word_1_615' title='bbox 194 4253 375 4309; x_wconf 89' lang='lat' dir='ltr'><strong>minus</strong></span> <span class='ocrx_word' id='word_1_616' title='bbox 397 4254 564 4324; x_wconf 90' lang='lat' dir='ltr'><strong>jussit</strong></span> <span class='ocrx_word' id='word_1_617' title='bbox 603 4271 700 4326; x_wconf 90' lang='lat' dir='ltr'><strong>per</strong></span> <span class='ocrx_word' id='word_1_618' title='bbox 726 4259 1022 4330; x_wconf 87' lang='lat' dir='ltr'><strong>prophetas</strong></span> <span class='ocrx_word' id='word_1_619' title='bbox 1049 4267 1104 4315; x_wconf 89' lang='lat' dir='ltr'><strong>et</strong></span> <span class='ocrx_word' id='word_1_620' title='bbox 1150 4261 1422 4331; x_wconf 88' lang='lat' dir='ltr'><strong>apostolos</strong></span> <span class='ocrx_word' id='word_1_621' title='bbox 1450 4278 1578 4319; x_wconf 91' lang='lat' dir='ltr'><strong>suos</strong></span> <span class='ocrx_word' id='word_1_622' title='bbox 1609 4265 1786 4335; x_wconf 87' lang='lat' dir='ltr'><strong>mani-</strong></span> <span class='ocrx_word' id='word_1_623' title='bbox 1888 4259 2155 4314; x_wconf 89' lang='lat' dir='ltr'><strong>ctoritatis</strong></span> <span class='ocrx_word' id='word_1_624' title='bbox 2182 4260 2546 4316; x_wconf 86' lang='lat' dir='ltr'><strong>venerabilem</strong></span> <span class='ocrx_word' id='word_1_625' title='bbox 2571 4262 2935 4334; x_wconf 90' lang='lat' dir='ltr'><strong>disciplinam,</strong></span> <span class='ocrx_word' id='word_1_626' title='bbox 2958 4282 3062 4320; x_wconf 90' lang='lat' dir='ltr'><strong>una</strong></span> <span class='ocrx_word' id='word_1_627' title='bbox 3086 4284 3116 4321; x_wconf 89' lang='lat' dir='ltr'><strong>a</strong></span> <span class='ocrx_word' id='word_1_628' title='bbox 3139 4270 3293 4325; x_wconf 90' lang='lat' dir='ltr'><strong>nobis</strong></span> <span class='ocrx_word' id='word_1_629' title='bbox 3312 4280 3480 4342; x_wconf 91' lang='lat' dir='ltr'><strong>atque</strong></span> 
     </span>
    </p>
   </div>
   <div class='ocr_carea' id='block_1_75' title="bbox 190 4344 3478 4425">
    <p class='ocr_par' dir='ltr' id='par_1_75' title="bbox 190 4344 3478 4425">
     <span class='ocr_line' id='line_1_75' title="bbox 190 4344 3478 4425; baseline 0.01 -39"><span class='ocrx_word' id='word_1_630' title='bbox 190 4344 383 4400; x_wconf 59' lang='lat' dir='ltr'><strong>{esuri</strong></span> <span class='ocrx_word' id='word_1_631' title='bbox 430 4362 495 4401; x_wconf 64' lang='lat' dir='ltr'><strong>ea</strong></span> <span class='ocrx_word' id='word_1_632' title='bbox 550 4348 860 4405; x_wconf 73' lang='lat' dir='ltr'><strong>hominibus</strong></span> <span class='ocrx_word' id='word_1_633' title='bbox 912 4351 1129 4407; x_wconf 69' lang='lat' dir='ltr'><strong>debent,</strong></span> <span class='ocrx_word' id='word_1_634' title='bbox 1170 4353 1217 4406; x_wconf 85' lang='grc' dir='ltr'><strong>Α</strong></span> <span class='ocrx_word' id='word_1_635' title='bbox 1254 4353 1414 4408; x_wconf 73' lang='lat' dir='ltr'><strong>nobis</strong></span> <span class='ocrx_word' id='word_1_636' title='bbox 1466 4354 1785 4412; x_wconf 63' lang='lat' dir='ltr'><strong>obedientia;</strong></span> <span class='ocrx_word' id='word_1_637' title='bbox 1886 4351 2073 4405; x_wconf 89' lang='lat' dir='ltr'><strong>eadem</strong></span> <span class='ocrx_word' id='word_1_638' title='bbox 2103 4351 2442 4406; x_wconf 87' lang='lat' dir='ltr'><strong>custodiatur</strong></span> <span class='ocrx_word' id='word_1_639' title='bbox 2470 4352 2645 4409; x_wconf 92' lang='lat' dir='ltr'><strong>forma</strong></span> <span class='ocrx_word' id='word_1_640' title='bbox 2692 4356 3024 4425; x_wconf 88' lang='lat' dir='ltr'><strong>orationum,</strong></span> <span class='ocrx_word' id='word_1_641' title='bbox 3060 4358 3234 4416; x_wconf 86' lang='lat' dir='ltr'><strong>forma</strong></span> <span class='ocrx_word' id='word_1_642' title='bbox 3285 4361 3478 4419; x_wconf 85' lang='lat' dir='ltr'><strong>lectio-</strong></span> 
     </span>
    </p>
   </div>
   <div class='ocr_carea' id='block_1_76' title="bbox 191 4439 1789 4526">
    <p class='ocr_par' dir='ltr' id='par_1_76' title="bbox 191 4439 1785 4526">
     <span class='ocr_line' id='line_1_76' title="bbox 191 4439 1785 4526; baseline 0.008 -35"><span class='ocrx_word' id='word_1_643' title='bbox 191 4452 357 4507; x_wconf 87' lang='lat' dir='ltr'><strong>quam</strong></span> <span class='ocrx_word' id='word_1_644' title='bbox 384 4439 732 4496; x_wconf 89' lang='lat' dir='ltr'><strong>victimarum</strong></span> <span class='ocrx_word' id='word_1_645' title='bbox 759 4441 1087 4526; x_wconf 79' lang='lat' dir='ltr'><strong>sacriﬁcium</strong></span> <span class='ocrx_word' id='word_1_646' title='bbox 1116 4445 1340 4514; x_wconf 66' lang='lat' dir='ltr'><strong>quierit;</strong></span> <span class='ocrx_word' id='word_1_647' title='bbox 1371 4461 1471 4501; x_wconf 92' lang='lat' dir='ltr'><strong>nec</strong></span> <span class='ocrx_word' id='word_1_648' title='bbox 1501 4447 1785 4503; x_wconf 70' lang='lat' dir='ltr'><strong>cantilenae</strong></span> 
     </span>
    </p>
   </div>
   <div class='ocr_carea' id='block_1_77' title="bbox 1894 4439 3479 4526">
    <p class='ocr_par' dir='ltr' id='par_1_77' title="bbox 1894 4443 3479 4526">
     <span class='ocr_line' id='line_1_77' title="bbox 1894 4443 3479 4526; baseline 0.011 -31"><span class='ocrx_word' id='word_1_649' title='bbox 1894 4458 2034 4506; x_wconf 87' lang='lat' dir='ltr'><strong>num,</strong></span> <span class='ocrx_word' id='word_1_650' title='bbox 2060 4454 2116 4498; x_wconf 87' lang='lat' dir='ltr'><strong>et</strong></span> <span class='ocrx_word' id='word_1_651' title='bbox 2141 4443 2316 4499; x_wconf 89' lang='lat' dir='ltr'><strong>forma</strong></span> <span class='ocrx_word' id='word_1_652' title='bbox 2347 4444 2837 4503; x_wconf 88' lang='lat' dir='ltr'><strong>ecclesiasticarum</strong></span> <span class='ocrx_word' id='word_1_653' title='bbox 2864 4451 3322 4520; x_wconf 90' lang='lat' dir='ltr'><strong>modulationum;</strong></span> <span class='ocrx_word' id='word_1_654' title='bbox 3354 4469 3479 4526; x_wconf 62' lang='lat' dir='ltr'><strong>qua</strong></span> 
     </span>
    </p>
   </div>
   <div class='ocr_carea' id='block_1_78' title="bbox 190 4513 3478 4618">
    <p class='ocr_par' dir='ltr' id='par_1_78' title="bbox 190 4513 3478 4618">
     <span class='ocr_line' id='line_1_78' title="bbox 190 4513 3478 4618; baseline 0.01 -49"><span class='ocrx_word' id='word_1_655' title='bbox 190 4528 490 4584; x_wconf 69' lang='grc' dir='ltr'><strong>πιίίίεῑοεο</strong></span> <span class='ocrx_word' id='word_1_656' title='bbox 533 4531 735 4597; x_wconf 61' lang='lat' dir='ltr'><strong>studio,</strong></span> <span class='ocrx_word' id='word_1_657' title='bbox 782 4534 877 4588; x_wconf 77' lang='lat' dir='ltr'><strong>sed</strong></span> <span class='ocrx_word' id='word_1_658' title='bbox 914 4513 1268 4590; x_wconf 60' lang='grc' dir='ltr'><strong>ὀδεειςνάιιιίε</strong></span> <span class='ocrx_word' id='word_1_659' title='bbox 1312 4537 1694 4594; x_wconf 67' lang='lat' dir='ltr'><strong>mandatorum</strong></span> <span class='ocrx_word' id='word_1_660' title='bbox 1730 4546 1785 4595; x_wconf 73' lang='lat' dir='ltr'><strong>et</strong></span> <span class='ocrx_word' id='word_1_661' title='bbox 1808 4558 1862 4618; x_wconf 73' lang='grc' dir='ltr'><strong>ι)</strong></span> <span class='ocrx_word' id='word_1_662' title='bbox 1888 4549 1919 4587; x_wconf 87' lang='lat' dir='ltr'><strong>a</strong></span> <span class='ocrx_word' id='word_1_663' title='bbox 1948 4533 2074 4588; x_wconf 92' lang='lat' dir='ltr'><strong>boni</strong></span> <span class='ocrx_word' id='word_1_664' title='bbox 2104 4533 2301 4606; x_wconf 90' lang='lat' dir='ltr'><strong>ingenii</strong></span> <span class='ocrx_word' id='word_1_665' title='bbox 2331 4535 2764 4594; x_wconf 88' lang='lat' dir='ltr'><strong>adolescentibus</strong></span> <span class='ocrx_word' id='word_1_666' title='bbox 2793 4555 2966 4610; x_wconf 45' lang='lat' dir='ltr'><strong>quam.</strong></span> <span class='ocrx_word' id='word_1_667' title='bbox 2990 4540 3271 4598; x_wconf 84' lang='lat' dir='ltr'><strong>celerrime</strong></span> <span class='ocrx_word' id='word_1_668' title='bbox 3319 4544 3478 4601; x_wconf 84' lang='lat' dir='ltr'><strong>imbi-</strong></span> 
     </span>
    </p>
   </div>
   <div class='ocr_carea' id='block_1_79' title="bbox 190 4618 3479 4697">
    <p class='ocr_par' dir='ltr' id='par_1_79' title="bbox 190 4618 3479 4697">
     <span class='ocr_line' id='line_1_79' title="bbox 190 4618 3479 4697; baseline 0.007 -25"><span class='ocrx_word' id='word_1_669' title='bbox 190 4618 374 4674; x_wconf 90' lang='lat' dir='ltr'><strong>cordis</strong></span> <span class='ocrx_word' id='word_1_670' title='bbox 400 4621 668 4676; x_wconf 88' lang='lat' dir='ltr'><strong>munditia</strong></span> <span class='ocrx_word' id='word_1_671' title='bbox 694 4622 1016 4679; x_wconf 89' lang='lat' dir='ltr'><strong>delectatur.</strong></span> <span class='ocrx_word' id='word_1_672' title='bbox 1049 4643 1069 4677; x_wconf 76' lang='grc' dir='ltr'><strong><em>ι</em></strong></span> <span class='ocrx_word' id='word_1_673' title='bbox 1885 4626 2018 4692; x_wconf 86' lang='lat' dir='ltr'><strong>bila,</strong></span> <span class='ocrx_word' id='word_1_674' title='bbox 2043 4641 2137 4681; x_wconf 90' lang='lat' dir='ltr'><strong>eos</strong></span> <span class='ocrx_word' id='word_1_675' title='bbox 2178 4634 2233 4682; x_wconf 90' lang='lat' dir='ltr'><strong>et</strong></span> <span class='ocrx_word' id='word_1_676' title='bbox 2260 4627 2457 4683; x_wconf 88' lang='lat' dir='ltr'><strong>divinis</strong></span> <span class='ocrx_word' id='word_1_677' title='bbox 2486 4629 2735 4687; x_wconf 90' lang='lat' dir='ltr'><strong>laudibus</strong></span> <span class='ocrx_word' id='word_1_678' title='bbox 2763 4634 3110 4689; x_wconf 87' lang='lat' dir='ltr'><strong>coneinendis</strong></span> <span class='ocrx_word' id='word_1_679' title='bbox 3143 4634 3479 4697; x_wconf 87' lang='lat' dir='ltr'><strong>sufﬁcienter</strong></span> 
     </span>
    </p>
   </div>
   <div class='ocr_carea' id='block_1_80' title="bbox 1888 3982 3484 4055">
    <p class='ocr_par' dir='ltr' id='par_1_80' title="bbox 1888 3982 3484 4055">
     <span class='ocr_line' id='line_1_80' title="bbox 1888 3982 3484 4055; baseline 0.011 -20"><span class='ocrx_word' id='word_1_680' title='bbox 1888 3996 1956 4036; x_wconf 84' lang='lat' dir='ltr'><strong>ex</strong></span> <span class='ocrx_word' id='word_1_681' title='bbox 1994 3982 2303 4052; x_wconf 85' lang='lat' dir='ltr'><strong>purissimis</strong></span> <span class='ocrx_word' id='word_1_682' title='bbox 2328 3991 2529 4038; x_wconf 77' lang='lat' dir='ltr'><strong>sanctae</strong></span> <span class='ocrx_word' id='word_1_683' title='bbox 2555 3984 2851 4055; x_wconf 73' lang='lat' dir='ltr'><strong>Scriptura:</strong></span> <span class='ocrx_word' id='word_1_684' title='bbox 2880 3991 3061 4045; x_wconf 88' lang='lat' dir='ltr'><strong>verbis</strong></span> <span class='ocrx_word' id='word_1_685' title='bbox 3086 3990 3484 4052; x_wconf 88' lang='lat' dir='ltr'><strong>sufﬁcientissi-</strong></span> 
     </span>
    </p>
   </div>
   <div class='ocr_carea' id='block_1_81' title="bbox 260 4712 1781 4787">
    <p class='ocr_par' dir='ltr' id='par_1_81' title="bbox 260 4712 1781 4787">
     <span class='ocr_line' id='line_1_81' title="bbox 260 4712 1781 4787; baseline 0.007 -21"><span class='ocrx_word' id='word_1_686' title='bbox 260 4712 447 4767; x_wconf 79' lang='lat' dir='ltr'><strong>XVIII.</strong></span> <span class='ocrx_word' id='word_1_687' title='bbox 489 4713 617 4770; x_wconf 67' lang='grc' dir='ltr'><strong>Ηωο</strong></span> <span class='ocrx_word' id='word_1_688' title='bbox 670 4716 1035 4773; x_wconf 84' lang='lat' dir='ltr'><strong>sincerissima</strong></span> <span class='ocrx_word' id='word_1_689' title='bbox 1087 4716 1311 4774; x_wconf 87' lang='lat' dir='ltr'><strong>Patrum</strong></span> <span class='ocrx_word' id='word_1_690' title='bbox 1360 4727 1583 4787; x_wconf 88' lang='lat' dir='ltr'><strong>statuta,</strong></span> <span class='ocrx_word' id='word_1_691' title='bbox 1631 4721 1781 4777; x_wconf 89' lang='lat' dir='ltr'><strong>omni</strong></span> 
     </span>
    </p>
   </div>
   <div class='ocr_carea' id='block_1_82' title="bbox 187 4802 1782 4885">
    <p class='ocr_par' dir='ltr' id='par_1_82' title="bbox 187 4802 1782 4885">
     <span class='ocr_line' id='line_1_82' title="bbox 187 4802 1782 4885; baseline 0.007 -26"><span class='ocrx_word' id='word_1_692' title='bbox 187 4802 468 4874; x_wconf 82' lang='lat' dir='ltr'><strong>diligentia</strong></span> <span class='ocrx_word' id='word_1_693' title='bbox 498 4813 553 4860; x_wconf 90' lang='lat' dir='ltr'><strong>et</strong></span> <span class='ocrx_word' id='word_1_694' title='bbox 581 4808 931 4863; x_wconf 90' lang='lat' dir='ltr'><strong>veneratione</strong></span> <span class='ocrx_word' id='word_1_695' title='bbox 975 4808 1315 4865; x_wconf 88' lang='lat' dir='ltr'><strong>observanda</strong></span> <span class='ocrx_word' id='word_1_696' title='bbox 1343 4820 1489 4866; x_wconf 90' lang='lat' dir='ltr'><strong>sunt.</strong></span> <span class='ocrx_word' id='word_1_697' title='bbox 1519 4812 1654 4880; x_wconf 89' lang='lat' dir='ltr'><strong>Quia</strong></span> <span class='ocrx_word' id='word_1_698' title='bbox 1683 4830 1782 4885; x_wconf 92' lang='lat' dir='ltr'><strong>per</strong></span> 
     </span>
    </p>
   </div>
   <div class='ocr_carea' id='block_1_83' title="bbox 188 4895 1779 4974">
    <p class='ocr_par' dir='ltr' id='par_1_83' title="bbox 188 4895 1779 4974">
     <span class='ocr_line' id='line_1_83' title="bbox 188 4895 1779 4974; baseline 0.008 -24"><span class='ocrx_word' id='word_1_699' title='bbox 188 4895 297 4950; x_wconf 88' lang='lat' dir='ltr'><strong>hoc</strong></span> <span class='ocrx_word' id='word_1_700' title='bbox 324 4903 379 4951; x_wconf 88' lang='lat' dir='ltr'><strong>et</strong></span> <span class='ocrx_word' id='word_1_701' title='bbox 408 4896 531 4952; x_wconf 89' lang='lat' dir='ltr'><strong>ﬁdei</strong></span> <span class='ocrx_word' id='word_1_702' title='bbox 556 4899 786 4968; x_wconf 78' lang='lat' dir='ltr'><strong>paritas,</strong></span> <span class='ocrx_word' id='word_1_703' title='bbox 815 4916 881 4955; x_wconf 91' lang='lat' dir='ltr'><strong>ac</strong></span> <span class='ocrx_word' id='word_1_704' title='bbox 914 4900 1192 4972; x_wconf 84' lang='lat' dir='ltr'><strong>religionis</strong></span> <span class='ocrx_word' id='word_1_705' title='bbox 1218 4902 1503 4974; x_wconf 88' lang='lat' dir='ltr'><strong>disciplina</strong></span> <span class='ocrx_word' id='word_1_706' title='bbox 1532 4906 1779 4962; x_wconf 89' lang='lat' dir='ltr'><strong>saluber-</strong></span> 
     </span>
    </p>
   </div>
   <div class='ocr_carea' id='block_1_84' title="bbox 186 4988 1780 5064">
    <p class='ocr_par' dir='ltr' id='par_1_84' title="bbox 186 4988 1780 5064">
     <span class='ocr_line' id='line_1_84' title="bbox 186 4988 1780 5064; baseline 0.009 -24"><span class='ocrx_word' id='word_1_707' title='bbox 186 4989 333 5041; x_wconf 89' lang='lat' dir='ltr'><strong>rime</strong></span> <span class='ocrx_word' id='word_1_708' title='bbox 355 4988 677 5054; x_wconf 84' lang='lat' dir='ltr'><strong>custoditur,</strong></span> <span class='ocrx_word' id='word_1_709' title='bbox 722 4998 778 5044; x_wconf 90' lang='lat' dir='ltr'><strong>et</strong></span> <span class='ocrx_word' id='word_1_710' title='bbox 805 4992 912 5046; x_wconf 91' lang='lat' dir='ltr'><strong>duo</strong></span> <span class='ocrx_word' id='word_1_711' title='bbox 935 4992 1072 5045; x_wconf 87' lang='lat' dir='ltr'><strong>mala</strong></span> <span class='ocrx_word' id='word_1_712' title='bbox 1101 4992 1263 5048; x_wconf 89' lang='lat' dir='ltr'><strong>nimis</strong></span> <span class='ocrx_word' id='word_1_713' title='bbox 1290 4994 1476 5064; x_wconf 89' lang='lat' dir='ltr'><strong>pietati</strong></span> <span class='ocrx_word' id='word_1_714' title='bbox 1505 4998 1780 5054; x_wconf 89' lang='lat' dir='ltr'><strong>contraria</strong></span> 
     </span>
    </p>
   </div>
   <div class='ocr_carea' id='block_1_85' title="bbox 1885 4718 3476 4799">
    <p class='ocr_par' dir='ltr' id='par_1_85' title="bbox 1885 4718 3476 4799">
     <span class='ocr_line' id='line_1_85' title="bbox 1885 4718 3476 4799; baseline 0.008 -26"><span class='ocrx_word' id='word_1_715' title='bbox 1885 4724 1943 4773; x_wconf 89' lang='lat' dir='ltr'><strong>et</strong></span> <span class='ocrx_word' id='word_1_716' title='bbox 1969 4718 2453 4799; x_wconf 17' lang='lat' dir='ltr'><strong>gravitergidoneos</strong></span> <span class='ocrx_word' id='word_1_717' title='bbox 2479 4722 2684 4787; x_wconf 89' lang='lat' dir='ltr'><strong>reddat,</strong></span> <span class='ocrx_word' id='word_1_718' title='bbox 2712 4733 2766 4779; x_wconf 89' lang='lat' dir='ltr'><strong>et</strong></span> <span class='ocrx_word' id='word_1_719' title='bbox 2791 4741 2820 4778; x_wconf 90' lang='lat' dir='ltr'><strong>a</strong></span> <span class='ocrx_word' id='word_1_720' title='bbox 2849 4725 3148 4795; x_wconf 87' lang='lat' dir='ltr'><strong>potioribus</strong></span> <span class='ocrx_word' id='word_1_721' title='bbox 3171 4743 3235 4782; x_wconf 93' lang='lat' dir='ltr'><strong>ac</strong></span> <span class='ocrx_word' id='word_1_722' title='bbox 3259 4726 3476 4799; x_wconf 78' lang='lat' dir='ltr'><strong>spirita-</strong></span> 
     </span>
    </p>
   </div>
   <div class='ocr_carea' id='block_1_86' title="bbox 1887 4796 3476 4887">
    <p class='ocr_par' dir='ltr' id='par_1_86' title="bbox 1887 4796 3476 4887">
     <span class='ocr_line' id='line_1_86' title="bbox 1887 4796 3476 4887; baseline 0.01 -25"><span class='ocrx_word' id='word_1_723' title='bbox 1887 4808 2028 4865; x_wconf 90' lang='lat' dir='ltr'><strong>libus</strong></span> <span class='ocrx_word' id='word_1_724' title='bbox 2068 4796 2401 4887; x_wconf 49' lang='lat' dir='ltr'><strong>studifsiﬁn</strong></span> <span class='ocrx_word' id='word_1_725' title='bbox 2432 4812 2706 4884; x_wconf 89' lang='lat' dir='ltr'><strong>impediat.</strong></span> <span class='ocrx_word' id='word_1_726' title='bbox 2739 4815 2871 4882; x_wconf 89' lang='lat' dir='ltr'><strong>Quis</strong></span> <span class='ocrx_word' id='word_1_727' title='bbox 2895 4816 3038 4871; x_wconf 91' lang='lat' dir='ltr'><strong>enim</strong></span> <span class='ocrx_word' id='word_1_728' title='bbox 3070 4818 3145 4871; x_wconf 89' lang='lat' dir='ltr'><strong>ita</strong></span> <span class='ocrx_word' id='word_1_729' title='bbox 3172 4796 3476 4879; x_wconf 60' lang='lat' dir='ltr'><strong>contentior</strong></span> 
     </span>
    </p>
   </div>
   <div class='ocr_carea' id='block_1_87' title="bbox 1889 4904 3474 4976">
    <p class='ocr_par' dir='ltr' id='par_1_87' title="bbox 1889 4904 3474 4976">
     <span class='ocr_line' id='line_1_87' title="bbox 1889 4904 3474 4976; baseline 0.011 -18"><span class='ocrx_word' id='word_1_730' title='bbox 1889 4918 1999 4969; x_wconf 90' lang='lat' dir='ltr'><strong>sus,</strong></span> <span class='ocrx_word' id='word_1_731' title='bbox 2027 4904 2135 4960; x_wconf 91' lang='lat' dir='ltr'><strong>imo</strong></span> <span class='ocrx_word' id='word_1_732' title='bbox 2155 4905 2396 4970; x_wconf 89' lang='lat' dir='ltr'><strong>insanus,</strong></span> <span class='ocrx_word' id='word_1_733' title='bbox 2422 4915 2477 4962; x_wconf 89' lang='lat' dir='ltr'><strong>et</strong></span> <span class='ocrx_word' id='word_1_734' title='bbox 2500 4908 2568 4964; x_wconf 90' lang='lat' dir='ltr'><strong>ab</strong></span> <span class='ocrx_word' id='word_1_735' title='bbox 2588 4909 2734 4963; x_wconf 92' lang='lat' dir='ltr'><strong>omni</strong></span> <span class='ocrx_word' id='word_1_736' title='bbox 2755 4909 2997 4965; x_wconf 88' lang='lat' dir='ltr'><strong>veritatis</strong></span> <span class='ocrx_word' id='word_1_737' title='bbox 3022 4911 3234 4969; x_wconf 84' lang='lat' dir='ltr'><strong>ratione</strong></span> <span class='ocrx_word' id='word_1_738' title='bbox 3249 4930 3474 4976; x_wconf 86' lang='lat' dir='ltr'><strong>aversus</strong></span> 
     </span>
    </p>
   </div>
   <div class='ocr_carea' id='block_1_88' title="bbox 1887 4987 3474 5069">
    <p class='ocr_par' dir='ltr' id='par_1_88' title="bbox 1887 4987 3474 5069">
     <span class='ocr_line' id='line_1_88' title="bbox 1887 4987 3474 5069; baseline 0.01 -21"><span class='ocrx_word' id='word_1_739' title='bbox 1887 5001 1990 5058; x_wconf 87' lang='lat' dir='ltr'><strong>est,</strong></span> <span class='ocrx_word' id='word_1_740' title='bbox 2024 5000 2083 5047; x_wconf 91' lang='lat' dir='ltr'><strong>ut</strong></span> <span class='ocrx_word' id='word_1_741' title='bbox 2117 5009 2226 5050; x_wconf 92' lang='lat' dir='ltr'><strong>non</strong></span> <span class='ocrx_word' id='word_1_742' title='bbox 2256 4995 2359 5051; x_wconf 88' lang='lat' dir='ltr'><strong>hoc</strong></span> <span class='ocrx_word' id='word_1_743' title='bbox 2398 4998 2624 5064; x_wconf 87' lang='lat' dir='ltr'><strong>rectius,</strong></span> <span class='ocrx_word' id='word_1_744' title='bbox 2653 4987 2707 5054; x_wconf 85' lang='lat' dir='ltr'><strong>et</strong></span> <span class='ocrx_word' id='word_1_745' title='bbox 2754 5000 3182 5069; x_wconf 82' lang='lat' dir='ltr'><strong>convenientius,</strong></span> <span class='ocrx_word' id='word_1_746' title='bbox 3214 5021 3277 5062; x_wconf 91' lang='lat' dir='ltr'><strong>ac</strong></span> <span class='ocrx_word' id='word_1_747' title='bbox 3321 4990 3474 5064; x_wconf 46' lang='lat' dir='ltr'><strong>salu;-</strong></span> 
     </span>
    </p>
   </div>
   <div class='ocr_carea' id='block_1_89' title="bbox 184 5077 3472 5170">
    <p class='ocr_par' dir='ltr' id='par_1_89' title="bbox 184 5077 3472 5170">
     <span class='ocr_line' id='line_1_89' title="bbox 184 5077 3472 5170; baseline 0.011 -40"><span class='ocrx_word' id='word_1_748' title='bbox 184 5077 399 5132; x_wconf 89' lang='lat' dir='ltr'><strong>utiliter</strong></span> <span class='ocrx_word' id='word_1_749' title='bbox 419 5087 776 5148; x_wconf 89' lang='lat' dir='ltr'><strong>resecantur;</strong></span> <span class='ocrx_word' id='word_1_750' title='bbox 806 5082 1074 5151; x_wconf 85' lang='lat' dir='ltr'><strong>videlicet,</strong></span> <span class='ocrx_word' id='word_1_751' title='bbox 1107 5085 1232 5140; x_wconf 91' lang='lat' dir='ltr'><strong>dum</strong></span> <span class='ocrx_word' id='word_1_752' title='bbox 1277 5094 1333 5141; x_wconf 90' lang='lat' dir='ltr'><strong>et</strong></span> <span class='ocrx_word' id='word_1_753' title='bbox 1360 5088 1781 5146; x_wconf 89' lang='lat' dir='ltr'><strong>vanissimorum</strong></span> <span class='ocrx_word' id='word_1_754' title='bbox 1882 5086 2033 5141; x_wconf 73' lang='lat' dir='ltr'><strong>brius</strong></span> <span class='ocrx_word' id='word_1_755' title='bbox 2079 5085 2312 5142; x_wconf 61' lang='lat' dir='ltr'><strong>fateatur</strong></span> <span class='ocrx_word' id='word_1_756' title='bbox 2358 5089 2414 5143; x_wconf 78' lang='lat' dir='ltr'><strong>in</strong></span> <span class='ocrx_word' id='word_1_757' title='bbox 2470 5090 2565 5144; x_wconf 66' lang='grc' dir='ltr'><strong>θεῖ</strong></span> <span class='ocrx_word' id='word_1_758' title='bbox 2616 5091 2862 5146; x_wconf 68' lang='lat' dir='ltr'><strong>laudibus</strong></span> <span class='ocrx_word' id='word_1_759' title='bbox 2903 5093 3202 5163; x_wconf 66' lang='grc' dir='ltr'><strong>ἀθοθηῑθνὶ,</strong></span> <span class='ocrx_word' id='word_1_760' title='bbox 3235 5101 3377 5170; x_wconf 83' lang='lat' dir='ltr'><strong>quod</strong></span> <span class='ocrx_word' id='word_1_761' title='bbox 3404 5117 3472 5158; x_wconf 77' lang='lat' dir='ltr'><strong>ex</strong></span> 
     </span>
    </p>
   </div>
   <div class='ocr_carea' id='block_1_90' title="bbox 184 5168 3471 5266">
    <p class='ocr_par' dir='ltr' id='par_1_90' title="bbox 184 5168 3471 5266">
     <span class='ocr_line' id='line_1_90' title="bbox 184 5168 3471 5266; baseline 0.009 -43"><span class='ocrx_word' id='word_1_762' title='bbox 184 5168 470 5225; x_wconf 88' lang='lat' dir='ltr'><strong>hominum</strong></span> <span class='ocrx_word' id='word_1_763' title='bbox 522 5175 894 5246; x_wconf 63' lang='lat' dir='ltr'><strong>praesumptio,</strong></span> <span class='ocrx_word' id='word_1_764' title='bbox 946 5177 1038 5246; x_wconf 87' lang='lat' dir='ltr'><strong>qui</strong></span> <span class='ocrx_word' id='word_1_765' title='bbox 1096 5193 1203 5232; x_wconf 92' lang='lat' dir='ltr'><strong>non</strong></span> <span class='ocrx_word' id='word_1_766' title='bbox 1258 5179 1434 5234; x_wconf 90' lang='lat' dir='ltr'><strong>solum</strong></span> <span class='ocrx_word' id='word_1_767' title='bbox 1483 5181 1685 5252; x_wconf 90' lang='lat' dir='ltr'><strong>inepta,</strong></span> <span class='ocrx_word' id='word_1_768' title='bbox 1727 5190 1807 5247; x_wconf 53' lang='lat' dir='ltr'><strong>et,</strong></span> <span class='ocrx_word' id='word_1_769' title='bbox 1882 5180 2080 5236; x_wconf 90' lang='lat' dir='ltr'><strong>divinis</strong></span> <span class='ocrx_word' id='word_1_770' title='bbox 2105 5181 2263 5237; x_wconf 90' lang='lat' dir='ltr'><strong>dictis</strong></span> <span class='ocrx_word' id='word_1_771' title='bbox 2300 5190 2355 5237; x_wconf 90' lang='lat' dir='ltr'><strong>et</strong></span> <span class='ocrx_word' id='word_1_772' title='bbox 2384 5183 2538 5239; x_wconf 89' lang='lat' dir='ltr'><strong>libris</strong></span> <span class='ocrx_word' id='word_1_773' title='bbox 2563 5185 2742 5240; x_wconf 88' lang='lat' dir='ltr'><strong>videat</strong></span> <span class='ocrx_word' id='word_1_774' title='bbox 2774 5186 3003 5245; x_wconf 83' lang='lat' dir='ltr'><strong>ﬁdeliter</strong></span> <span class='ocrx_word' id='word_1_775' title='bbox 3030 5168 3268 5249; x_wconf 52' lang='lat' dir='ltr'><strong>assumit</strong></span> <span class='ocrx_word' id='word_1_776' title='bbox 3292 5198 3471 5266; x_wconf 90' lang='lat' dir='ltr'><strong>quati-</strong></span> 
     </span>
    </p>
   </div>
   <div class='ocr_carea' id='block_1_91' title="bbox 184 5261 3470 5349">
    <p class='ocr_par' dir='ltr' id='par_1_91' title="bbox 184 5261 3470 5349">
     <span class='ocr_line' id='line_1_91' title="bbox 184 5261 3470 5349; baseline 0.01 -33"><span class='ocrx_word' id='word_1_777' title='bbox 184 5261 486 5333; x_wconf 84' lang='lat' dir='ltr'><strong>superﬁua,</strong></span> <span class='ocrx_word' id='word_1_778' title='bbox 510 5266 606 5321; x_wconf 88' lang='lat' dir='ltr'><strong>sed</strong></span> <span class='ocrx_word' id='word_1_779' title='bbox 634 5267 799 5322; x_wconf 89' lang='lat' dir='ltr'><strong>etiam</strong></span> <span class='ocrx_word' id='word_1_780' title='bbox 820 5267 1047 5339; x_wconf 90' lang='lat' dir='ltr'><strong>profana</strong></span> <span class='ocrx_word' id='word_1_781' title='bbox 1075 5277 1131 5324; x_wconf 90' lang='lat' dir='ltr'><strong>et</strong></span> <span class='ocrx_word' id='word_1_782' title='bbox 1158 5271 1413 5328; x_wconf 69' lang='lat' dir='ltr'><strong>hieretica</strong></span> <span class='ocrx_word' id='word_1_783' title='bbox 1439 5273 1494 5327; x_wconf 92' lang='lat' dir='ltr'><strong>in</strong></span> <span class='ocrx_word' id='word_1_784' title='bbox 1523 5274 1782 5333; x_wconf 78' lang='lat' dir='ltr'><strong>Ecclesiis</strong></span> <span class='ocrx_word' id='word_1_785' title='bbox 1881 5290 1985 5329; x_wconf 87' lang='lat' dir='ltr'><strong>nus</strong></span> <span class='ocrx_word' id='word_1_786' title='bbox 2028 5275 2170 5332; x_wconf 81' lang='lat' dir='ltr'><strong>sicut</strong></span> <span class='ocrx_word' id='word_1_787' title='bbox 2200 5278 2255 5332; x_wconf 91' lang='lat' dir='ltr'><strong>in</strong></span> <span class='ocrx_word' id='word_1_788' title='bbox 2286 5276 2543 5349; x_wconf 85' lang='lat' dir='ltr'><strong>Symbolo</strong></span> <span class='ocrx_word' id='word_1_789' title='bbox 2574 5280 2839 5338; x_wconf 83' lang='lat' dir='ltr'><strong>catholico</strong></span> <span class='ocrx_word' id='word_1_790' title='bbox 2871 5283 3029 5340; x_wconf 89' lang='lat' dir='ltr'><strong>ﬁdem</strong></span> <span class='ocrx_word' id='word_1_791' title='bbox 3077 5261 3325 5345; x_wconf 77' lang='lat' dir='ltr'><strong>nostram</strong></span> <span class='ocrx_word' id='word_1_792' title='bbox 3362 5307 3470 5347; x_wconf 91' lang='lat' dir='ltr'><strong>non</strong></span> 
     </span>
    </p>
   </div>
   <div class='ocr_carea' id='block_1_92' title="bbox 183 5353 3473 5445">
    <p class='ocr_par' dir='ltr' id='par_1_92' title="bbox 183 5353 3473 5445">
     <span class='ocr_line' id='line_1_92' title="bbox 183 5353 3473 5445; baseline 0.009 -36"><span class='ocrx_word' id='word_1_793' title='bbox 183 5353 483 5412; x_wconf 87' lang='lat' dir='ltr'><strong>decantare</strong></span> <span class='ocrx_word' id='word_1_794' title='bbox 506 5357 730 5426; x_wconf 87' lang='lat' dir='ltr'><strong>audent,</strong></span> <span class='ocrx_word' id='word_1_795' title='bbox 762 5360 1004 5416; x_wconf 89' lang='lat' dir='ltr'><strong>funditus</strong></span> <span class='ocrx_word' id='word_1_796' title='bbox 1032 5362 1366 5430; x_wconf 83' lang='lat' dir='ltr'><strong>excluditur;</strong></span> <span class='ocrx_word' id='word_1_797' title='bbox 1394 5373 1449 5420; x_wconf 88' lang='lat' dir='ltr'><strong>et</strong></span> <span class='ocrx_word' id='word_1_798' title='bbox 1468 5367 1783 5423; x_wconf 88' lang='lat' dir='ltr'><strong>adolescen-</strong></span> <span class='ocrx_word' id='word_1_799' title='bbox 1882 5368 2085 5422; x_wconf 90' lang='lat' dir='ltr'><strong>nostris</strong></span> <span class='ocrx_word' id='word_1_800' title='bbox 2110 5368 2203 5423; x_wconf 89' lang='lat' dir='ltr'><strong>sed</strong></span> <span class='ocrx_word' id='word_1_801' title='bbox 2231 5368 2541 5439; x_wconf 90' lang='lat' dir='ltr'><strong>apostolicis</strong></span> <span class='ocrx_word' id='word_1_802' title='bbox 2567 5370 2747 5427; x_wconf 90' lang='lat' dir='ltr'><strong>verbis</strong></span> <span class='ocrx_word' id='word_1_803' title='bbox 2769 5374 3105 5445; x_wconf 86' lang='lat' dir='ltr'><strong>proﬁtemur,</strong></span> <span class='ocrx_word' id='word_1_804' title='bbox 3134 5387 3184 5435; x_wconf 88' lang='lat' dir='ltr'><strong>et</strong></span> <span class='ocrx_word' id='word_1_805' title='bbox 3208 5381 3262 5435; x_wconf 90' lang='lat' dir='ltr'><strong>in</strong></span> <span class='ocrx_word' id='word_1_806' title='bbox 3289 5382 3473 5437; x_wconf 92' lang='lat' dir='ltr'><strong>Domi-</strong></span> 
     </span>
    </p>
   </div>
   <div class='ocr_carea' id='block_1_93' title="bbox 185 5444 3473 5539">
    <p class='ocr_par' dir='ltr' id='par_1_93' title="bbox 185 5444 3473 5539">
     <span class='ocr_line' id='line_1_93' title="bbox 185 5444 3473 5539; baseline 0.009 -39"><span class='ocrx_word' id='word_1_807' title='bbox 185 5444 339 5513; x_wconf 87' lang='lat' dir='ltr'><strong>tulis,</strong></span> <span class='ocrx_word' id='word_1_808' title='bbox 391 5456 554 5519; x_wconf 89' lang='lat' dir='ltr'><strong>atque</strong></span> <span class='ocrx_word' id='word_1_809' title='bbox 606 5451 858 5507; x_wconf 90' lang='lat' dir='ltr'><strong>omnibus</strong></span> <span class='ocrx_word' id='word_1_810' title='bbox 907 5454 1233 5525; x_wconf 87' lang='lat' dir='ltr'><strong>generaliter</strong></span> <span class='ocrx_word' id='word_1_811' title='bbox 1273 5455 1468 5528; x_wconf 89' lang='lat' dir='ltr'><strong>quibus</strong></span> <span class='ocrx_word' id='word_1_812' title='bbox 1524 5459 1781 5514; x_wconf 87' lang='lat' dir='ltr'><strong>cantandi</strong></span> <span class='ocrx_word' id='word_1_813' title='bbox 1889 5459 2011 5514; x_wconf 89' lang='lat' dir='ltr'><strong>nica</strong></span> <span class='ocrx_word' id='word_1_814' title='bbox 2040 5459 2297 5515; x_wconf 86' lang='lat' dir='ltr'><strong>Oratione</strong></span> <span class='ocrx_word' id='word_1_815' title='bbox 2332 5476 2441 5515; x_wconf 91' lang='lat' dir='ltr'><strong>non</strong></span> <span class='ocrx_word' id='word_1_816' title='bbox 2469 5462 2670 5517; x_wconf 90' lang='lat' dir='ltr'><strong>nostris</strong></span> <span class='ocrx_word' id='word_1_817' title='bbox 2709 5466 2802 5522; x_wconf 89' lang='lat' dir='ltr'><strong>sed</strong></span> <span class='ocrx_word' id='word_1_818' title='bbox 2832 5468 3003 5539; x_wconf 91' lang='lat' dir='ltr'><strong>ipsius</strong></span> <span class='ocrx_word' id='word_1_819' title='bbox 3030 5444 3242 5526; x_wconf 88' lang='lat' dir='ltr'><strong>Doinini</strong></span> <span class='ocrx_word' id='word_1_820' title='bbox 3265 5480 3322 5527; x_wconf 91' lang='lat' dir='ltr'><strong>et</strong></span> <span class='ocrx_word' id='word_1_821' title='bbox 3351 5472 3473 5529; x_wconf 86' lang='lat' dir='ltr'><strong>Sal-</strong></span> 
     </span>
    </p>
   </div>
   <div class='ocr_carea' id='block_1_94' title="bbox 1248 5548 2129 5607">
    <p class='ocr_par' dir='ltr' id='par_1_94' title="bbox 1248 5548 2129 5607">
     <span class='ocr_line' id='line_1_94' title="bbox 1248 5548 2129 5607; baseline -0.001 -2"><span class='ocrx_word' id='word_1_822' title='bbox 1248 5597 1255 5605; x_wconf 87' lang='lat'><strong>.</strong></span> <span class='ocrx_word' id='word_1_823' title='bbox 1588 5549 1861 5607; x_wconf 81' lang='lat' dir='ltr'><strong>BALUZII</strong></span> <span class='ocrx_word' id='word_1_824' title='bbox 1896 5548 2129 5607; x_wconf 72' lang='lat' dir='ltr'><strong>NOT/E.</strong></span> 
     </span>
    </p>
   </div>
   <div class='ocr_carea' id='block_1_95' title="bbox 257 5629 3472 5720">
    <p class='ocr_par' dir='ltr' id='par_1_95' title="bbox 257 5629 3472 5720">
     <span class='ocr_line' id='line_1_95' title="bbox 257 5629 3472 5720; baseline 0.01 -39"><span class='ocrx_word' id='word_1_825' title='bbox 257 5643 288 5670; x_wconf 83' lang='grc' dir='ltr'>ιι</span> <span class='ocrx_word' id='word_1_826' title='bbox 322 5629 538 5720; x_wconf 75' lang='lat' dir='ltr'><strong>Librum</strong></span> <span class='ocrx_word' id='word_1_827' title='bbox 570 5632 962 5720; x_wconf 54' lang='lat' dir='ltr'><strong>Mysteriorum,</strong></span> <span class='ocrx_word' id='word_1_828' title='bbox 997 5637 1186 5720; x_wconf 67' lang='lat' dir='ltr'><strong>idest,</strong></span> <span class='ocrx_word' id='word_1_829' title='bbox 1214 5638 1437 5720; x_wconf 69' lang='lat' dir='ltr'><strong>Librum</strong></span> <span class='ocrx_word' id='word_1_830' title='bbox 1466 5638 1788 5720; x_wconf 45' lang='lat' dir='ltr'><strong>Sacramenf</strong></span> <span class='ocrx_word' id='word_1_831' title='bbox 1891 5642 1981 5720; x_wconf 79' lang='lat' dir='ltr'><strong>hic</strong></span> <span class='ocrx_word' id='word_1_832' title='bbox 2006 5641 2185 5720; x_wconf 74' lang='lat' dir='ltr'><strong>culpat</strong></span> <span class='ocrx_word' id='word_1_833' title='bbox 2202 5641 2535 5720; x_wconf 80' lang='lat' dir='ltr'><strong>Agebardus,</strong></span> <span class='ocrx_word' id='word_1_834' title='bbox 2564 5647 2882 5717; x_wconf 89' lang='lat' dir='ltr'><strong>respiciebat</strong></span> <span class='ocrx_word' id='word_1_835' title='bbox 2909 5652 3188 5720; x_wconf 83' lang='lat' dir='ltr'><strong>Alcuinus,</strong></span> <span class='ocrx_word' id='word_1_836' title='bbox 3209 5671 3330 5712; x_wconf 91' lang='lat' dir='ltr'><strong>cum</strong></span> <span class='ocrx_word' id='word_1_837' title='bbox 3353 5658 3472 5717; x_wconf 73' lang='lat' dir='ltr'><strong>haec</strong></span> 
     </span>
    </p>
   </div>
   <div class='ocr_carea' id='block_1_96' title="bbox 178 5704 1786 5782">
    <p class='ocr_par' dir='ltr' id='par_1_96' title="bbox 178 5704 1786 5782">
     <span class='ocr_line' id='line_1_96' title="bbox 178 5704 1786 5782; baseline 0.009 -29"><span class='ocrx_word' id='word_1_838' title='bbox 178 5709 370 5782; x_wconf 64' lang='lat' dir='ltr'><strong>torum</strong></span> <span class='ocrx_word' id='word_1_839' title='bbox 398 5720 411 5754; x_wconf 91' lang='lat'>:</span> <span class='ocrx_word' id='word_1_840' title='bbox 436 5704 645 5782; x_wconf 56' lang='lat' dir='ltr'><strong>dequo</strong></span> <span class='ocrx_word' id='word_1_841' title='bbox 673 5706 811 5762; x_wconf 88' lang='lat' dir='ltr'><strong>libro</strong></span> <span class='ocrx_word' id='word_1_842' title='bbox 837 5724 998 5779; x_wconf 88' lang='lat' dir='ltr'><strong>supra</strong></span> <span class='ocrx_word' id='word_1_843' title='bbox 1023 5710 1258 5765; x_wconf 78' lang='lat' dir='ltr'><strong>diximus</strong></span> <span class='ocrx_word' id='word_1_844' title='bbox 1281 5712 1347 5765; x_wconf 88' lang='lat' dir='ltr'><strong>ad</strong></span> <span class='ocrx_word' id='word_1_845' title='bbox 1377 5722 1539 5782; x_wconf 87' lang='lat' dir='ltr'><strong>caput</strong></span> <span class='ocrx_word' id='word_1_846' title='bbox 1563 5711 1631 5767; x_wconf 77' lang='lat'><strong>50</strong></span> <span class='ocrx_word' id='word_1_847' title='bbox 1661 5712 1786 5768; x_wconf 89' lang='lat' dir='ltr'><strong>libri</strong></span> 
     </span>
    </p>
   </div>
   <div class='ocr_carea' id='block_1_97' title="bbox 176 5770 632 5844">
    <p class='ocr_par' dir='ltr' id='par_1_97' title="bbox 176 5770 632 5844">
     <span class='ocr_line' id='line_1_97' title="bbox 176 5770 632 5844; baseline 0.002 -16"><span class='ocrx_word' id='word_1_848' title='bbox 176 5770 632 5844; x_wconf 74' lang='lat' dir='ltr'><strong>delmaginibus.</strong></span> 
     </span>
    </p>
   </div>
   <div class='ocr_carea' id='block_1_98' title="bbox 257 5841 1776 5927">
    <p class='ocr_par' dir='ltr' id='par_1_98' title="bbox 257 5841 1776 5927">
     <span class='ocr_line' id='line_1_98' title="bbox 257 5841 1776 5927; baseline 0.009 -28"><span class='ocrx_word' id='word_1_849' title='bbox 257 5841 290 5885; x_wconf 73' lang='grc' dir='ltr'><strong>ι’</strong></span> <span class='ocrx_word' id='word_1_850' title='bbox 326 5841 590 5902; x_wconf 72' lang='lat' dir='ltr'><strong>Humanis</strong></span> <span class='ocrx_word' id='word_1_851' title='bbox 626 5848 906 5922; x_wconf 72' lang='lat' dir='ltr'><strong>ﬁgmentis.</strong></span> <span class='ocrx_word' id='word_1_852' title='bbox 955 5850 1040 5908; x_wconf 84' lang='lat' dir='ltr'><strong>Ad</strong></span> <span class='ocrx_word' id='word_1_853' title='bbox 1076 5867 1142 5909; x_wconf 90' lang='lat' dir='ltr'><strong>ea</strong></span> <span class='ocrx_word' id='word_1_854' title='bbox 1178 5850 1430 5915; x_wconf 77' lang='lat' dir='ltr'><strong>fortassis</strong></span> <span class='ocrx_word' id='word_1_855' title='bbox 1473 5853 1610 5927; x_wconf 88' lang='lat' dir='ltr'><strong>ipsa,</strong></span> <span class='ocrx_word' id='word_1_856' title='bbox 1654 5869 1776 5926; x_wconf 73' lang='lat' dir='ltr'><strong>qua:</strong></span> 
     </span>
    </p>
   </div>
   <div class='ocr_carea' id='block_1_99' title="bbox 1892 5712 3466 5796">
    <p class='ocr_par' dir='ltr' id='par_1_99' title="bbox 1892 5712 3466 5796">
     <span class='ocr_line' id='line_1_99' title="bbox 1892 5712 3466 5796; baseline 0.012 -30"><span class='ocrx_word' id='word_1_857' title='bbox 1892 5713 1967 5796; x_wconf 50' lang='lat' dir='ltr'><strong>ad.</strong></span> <span class='ocrx_word' id='word_1_858' title='bbox 2007 5712 2202 5796; x_wconf 78' lang='lat' dir='ltr'><strong>fratres</strong></span> <span class='ocrx_word' id='word_1_859' title='bbox 2236 5712 2943 5796; x_wconf 44' lang='lat' dir='ltr'><strong>.Lugduiienses&#39;seriliemt</strong></span> <span class='ocrx_word' id='word_1_860' title='bbox 2983 5726 3037 5778; x_wconf 91' lang='lat' dir='ltr'><strong>in</strong></span> <span class='ocrx_word' id='word_1_861' title='bbox 3084 5712 3310 5796; x_wconf 82' lang='lat' dir='ltr'><strong>epistola</strong></span> <span class='ocrx_word' id='word_1_862' title='bbox 3356 5712 3466 5786; x_wconf 61' lang='grc' dir='ltr'><strong>ϐῧξ</strong></span> 
     </span>
    </p>
   </div>
   <div class='ocr_carea' id='block_1_100' title="bbox 1897 5781 3470 5871">
    <p class='ocr_par' dir='ltr' id='par_1_100' title="bbox 1897 5781 3470 5871">
     <span class='ocr_line' id='line_1_100' title="bbox 1897 5781 3470 5871; baseline 0.015 -38"><span class='ocrx_word' id='word_1_863' title='bbox 1897 5781 2007 5871; x_wconf 46' lang='grc' dir='ltr'><strong>ιηίη</strong></span> <span class='ocrx_word' id='word_1_864' title='bbox 2056 5781 2439 5871; x_wconf 66' lang='lat' dir='ltr'><strong>ecclesiasticis</strong></span> <span class='ocrx_word' id='word_1_865' title='bbox 2478 5786 2973 5871; x_wconf 36' lang='lat' dir='ltr'><strong>ciliciis-inauditas</strong></span> <span class='ocrx_word' id='word_1_866' title='bbox 3014 5781 3212 5867; x_wconf 64' lang='lat' dir='ltr'><strong>priscis</strong></span> <span class='ocrx_word' id='word_1_867' title='bbox 3261 5781 3470 5871; x_wconf 61' lang='lat' dir='ltr'><strong>témpo;</strong></span> 
     </span>
    </p>
   </div>
   <div class='ocr_carea' id='block_1_101' title="bbox 1880 5852 2929 5935">
    <p class='ocr_par' dir='ltr' id='par_1_101' title="bbox 1880 5852 2929 5935">
     <span class='ocr_line' id='line_1_101' title="bbox 1880 5852 2929 5935; baseline 0.003 -20"><span class='ocrx_word' id='word_1_868' title='bbox 1880 5852 2030 5915; x_wconf 82' lang='lat' dir='ltr'><strong>ribus</strong></span> <span class='ocrx_word' id='word_1_869' title='bbox 2054 5853 2374 5919; x_wconf 83' lang='lat' dir='ltr'><strong>traditiones</strong></span> <span class='ocrx_word' id='word_1_870' title='bbox 2407 5859 2573 5917; x_wconf 83' lang='lat' dir='ltr'><strong>nolite</strong></span> <span class='ocrx_word' id='word_1_871' title='bbox 2598 5860 2843 5932; x_wconf 85' lang='lat' dir='ltr'><strong>diligere.</strong></span> <span class='ocrx_word' id='word_1_872' title='bbox 2870 5883 2891 5918; x_wconf 74' lang='grc' dir='ltr'><strong><em>ι</em></strong></span> <span class='ocrx_word' id='word_1_873' title='bbox 2926 5934 2929 5935; x_wconf 15' lang='grc' dir='ltr'>ί</span> 
     </span>
    </p>
   </div>
  </div>
