4012 6338
231 299 338 357 ω

1338 299 1471 357 ΗΒε
1506 293 1897 356 ΑΙΝΕΒΞῘΞΒ·
1923 293 2362 357 AMALARIUM.

3396 302 3505 363 5b!

232 415 498 487 Sequitur
542 414 601 473 in
640 414 833 472 eadem
876 412 1163 487 Scriptura
1195 433 1210 472 :
1242 414 1314 472 Et
1351 418 1580 491 pervenit
1610 417 1821 475 verbum
1844 414 1903 480 Α
1923 415 2023 487 git,
2054 416 2202 475 illius
2226 419 2460 476 forsitan
2482 433 2639 476 error
2685 424 2768 477 est
2802 423 2895 493 qui
2947 420 3183 495 scripsit.
3233 425 3290 483 Si
3323 426 3507 485 autem

228 507 304 563 ad
336 520 507 579 regem
553 503 765 574 Ninive,
808 516 857 563 et
902 509 1129 563 surreait
1175 508 1241 564 de
1276 507 1409 563 solio
1435 526 1564 576 suo,
1594 518 1643 565 et
1671 509 1821 579 ejeeit

230 596 594 653 vestimentum
626 614 782 652 suum
803 614 836 650 a
864 614 940 665 se,
970 607 1017 652 et
1047 598 1263 653 indutus
1291 611 1366 653 est
1396 616 1570 666 sacco,
1612 608 1661 654 et
1688 599 1822 652 sedit

229 689 290 745 in
329 691 524 757 cinere,
562 700 613 746 et
644 690 908 756 clamavit,
938 701 987 746 et
1014 690 1148 746 dixit
1180 692 1237 747 in
1263 691 1456 748 Ninive
1484 708 1549 747 ea:
1574 708 1663 746 ore
1689 691 1823 761 regis

228 791 281 839 et
315 782 614 856 principum
650 799 788 853 ejus,
816 782 994 837 dicens
1020 795 1039 834 :
1075 780 1350 849 Homines,
1390 791 1439 838 et
1474 783 1739 853 jamenta,
1775 791 1825 838 et

232 874 407 939 boves,
439 883 488 929 et
511 891 705 947 pecora
727 890 830 928 non
852 882 1058 945 gustent
1077 874 1384 944 quidquam,
1408 891 1501 928 nec
1519 883 1822 945 pascantur,

231 978 283 1024 et
319 986 512 1039 aquam
554 985 659 1023 non
695 957 892 1022 bibant.
923 966 993 1021 Et
1036 967 1341 1038 aperiantur
1368 968 1535 1023 saccis
1567 968 1825 1034 homines,

232 1069 285 1115 et
307 1058 583 1131 iumenta,
624 1069 675 1114 et
724 1058 947 1114 clament
979 1058 1049 1113 ad
1090 1057 1259 1113 Deum
1289 1059 1345 1114 in
1391 1058 1697 1129 fortitudine
1728 1072 1747 1111 :
1777 1066 1827 1115 et

232 1163 573 1209 convertatur
603 1151 681 1207 vir
705 1170 743 1207 a
772 1153 854 1207 via
887 1169 984 1206 sua
1018 1150 1180 1216 mala,
1208 1162 1255 1205 et
1296 1151 1360 1205 ab
1405 1153 1681 1223 iniquitate
1706 1168 1828 1224 quis

232 1255 311 1302 est
336 1245 394 1300 in
419 1238 659 1299 manibus
682 1260 882 1299 eorum.
913 1242 1044 1309 Quis
1067 1243 1161 1297 scit
1184 1241 1231 1296 si
1267 1253 1598 1298 convertatur
1618 1253 1666 1299 et
1688 1245 1832 1315 igno-

231 1349 350 1394 scat
380 1337 543 1400 Deus,
576 1346 624 1391 et
654 1343 942 1391 revertatur
967 1352 998 1388 a
1041 1333 1218 1403 furore
1243 1335 1339 1389 ira?
1371 1352 1499 1400 sum,
1534 1344 1585 1390 et
1616 1352 1723 1389 non
1744 1352 1832 1405 pe-

233 1429 501 1485 ribimus?
527 1426 594 1482 Et
627 1426 751 1481 tridit
797 1426 941 1482 Deus
985 1442 1143 1497 opera
1188 1442 1394 1491 eorum,
1440 1428 1564 1499 quia
1601 1427 1832 1481 conversi

233 1533 359 1580 sunt
389 1523 455 1577 de
492 1522 577 1577 via
605 1537 704 1576 sua
735 1519 878 1575 mala
911 1537 929 1574 :
963 1528 1015 1573 et
1056 1520 1301 1574 misertus
1334 1528 1411 1574 est
1437 1535 1595 1590 super
1627 1518 1833 1575 malitia

230 1630 400 1687 quam
442 1612 649 1668 locutus
687 1612 863 1682 fuerat
889 1620 944 1665 ut
974 1611 1167 1681 faceret
1207 1611 1302 1676 eis,
1331 1620 1379 1665 et
1411 1628 1515 1665 non
1542 1610 1686 1682 fecit.
1724 1610 1832 1667 Sed

231 1724 338 1781 per
364 1706 483 1764 Joel
510 1708 825 1778 pmphetam
852 1705 968 1775 ipse
994 1704 1263 1760 Dominus
1284 1705 1619 1760 demonstrat
1639 1704 1830 1775 quales

1924 521 1993 562 ex
2037 510 2332 581 semetipso
2374 511 2725 582 excogitavit,
2779 513 2945 568 nimia
2999 519 3349 587 prmsnmptio
3401 528 3505 575 est.

1923 595 2063 664 Quid
2109 616 2343 671 namque
2390 603 2700 673 ingemiscit
2734 607 3029 676 gravatus?
3066 606 3228 663 Certe
3264 623 3331 665 eo
3366 612 3512 680 quod

1924 705 2033 745 non
2070 692 2183 747 vult
2231 694 2473 763 spoliari,
2502 694 2600 752 sed
2654 698 3028 766 supervestiri.
3056 694 3207 754 Etsi
3233 715 3342 755 non
3395 701 3513 755 vult

1923 782 2146 853 spoliari
2185 787 2509 843 vestimento
2554 787 2791 858 Spiritus
2827 792 3024 858 sancti,
3082 792 3215 863 quid
3256 778 3372 848 vult
3422 807 3516 848 ve-

1923 873 2058 927 stire
2080 889 2243 944 super
2274 876 2537 947 Spiritum
2572 880 2702 935 Dei?
2732 879 2851 936 Sed
2872 883 3130 952 quoniam
3171 882 3511 940 laboriosum

1923 972 2009 1019 est
2028 964 2270 1022 refutare
2292 982 2510 1025 sensum
2535 969 2671 1039 eius,
2705 972 2809 1027 hoc
2840 974 3001 1028 nobis
3025 975 3228 1030 dixisse
3258 975 3511 1045 stilliciat,

1926 1056 2069 1126 quod
2090 1056 2279 1113 doctor
2299 1059 2599 1116 catholicus
2616 1062 2811 1118 beatus
2847 1063 3193 1134 Augustinus
3212 1058 3315 1122 hoc
3340 1069 3507 1124 vesti-

1929 1157 2174 1204 mentum
2240 1153 2631 1209 mortalitatem
2696 1156 2879 1211 carnis
2936 1168 3071 1211 esse“
3118 1158 3287 1224 dicit,
3350 1174 3515 1230 quam

1929 1249 2206 1313 gestamus
2244 1242 2303 1297 in
2331 1243 2432 1299 hoc
2461 1260 2689 1315 corpore
2715 1248 2979 1303 viventes.
3018 1248 3089 1302 Et
3109 1257 3392 1319 propterea
3435 1252 3518 1306 iri-

1929 1332 2277 1401 gemiscimus
2311 1335 2542 1405 gravati,
2572 1336 2701 1405 quia
2729 1335 2992 1392 timemus
3008 1352 3107 1408 per
3127 1347 3356 1394 mortem
3383 1349 3519 1396 tem-

1929 1420 2169 1490 poralem
2196 1423 2421 1493 spoliari
2465 1425 2792 1481 vestimento
2815 1428 3037 1482 carnis:
3069 1436 3143 1492 et,
3173 1429 3218 1483 si
3242 1424 3361 1485 ﬁeri
3395 1438 3518 1502 pos-

1934 1519 2041 1579 set,
2069 1512 2334 1569 vellemus
2370 1517 2725 1586 supervestiri
2752 1517 3046 1573 immortali
3094 1520 3244 1586 vita;
3294 1535 3403 1576 non
3428 1523 3521 1579 de-

1930 1604 2108 1674 posita
2157 1621 2259 1676 per
2313 1615 2547 1664 mortem
2596 1608 2713 1678 ipsa
2765 1610 3126 1677 rnormticate',
3181 1613 3283 1669 sed
3340 1614 3522 1685 potius

1935 1696 2191 1768 absorpta
2228 1715 2259 1754 a
2286 1700 2420 1756 vita.

233 1777 554 1870 ξομιίοηέε
594 1798 723 1854 vel"
760 1798 862 1854 sibi
902 1797 1168 1863 exhiberi,
1202 1797 1437 1853 dicens;
1461 1793 1835 1854 εθηυενιίηιίηξ
1860 1777 1911 1839 Β
2008 1786 2075 1843 V.
2103 1788 2243 1844 Dicit
2287 1791 2483 1846 iterum
2520 1790 2826 1850 Amalarius
2850 1794 2908 1849 in
2949 1795 3088 1853 libro
3133 1798 3330 1867 primo,
3375 1799 3522 1870 capi-

236 1891 313 1947 ad
339 1907 421 1945 me
455 1890 512 1944 in
540 1898 649 1944 toto
676 1889 833 1943 corde
879 1896 1066 1953 vestro,
1112 1889 1167 1943 in
1216 1888 1447 1958 jejunio,
1501 1897 1550 1942 et
1591 1890 1744 1958 ﬂetu,
1786 1895 1835 1943 et

234 1981 502 2054 planctu;
546 1990 595 2035 et
629 1980 849 2035 scindite
881 1978 1043 2033 corda
1075 1988 1270 2046 vestra,
1318 1987 1369 2033 et
1400 1995 1507 2032 non
1536 1979 1838 2034 vestimenta

235 2082 454 2138 vestra;
481 2080 529 2126 et
560 2070 918 2127 convertimini
952 2069 1022 2125 ad
1053 2069 1345 2125 Dominum
1374 2069 1542 2124 Deum
1585 2080 1836 2137 vestrum,

238 2163 368 2235 quia
394 2163 643 2233 benignus
668 2171 716 2216 et
746 2161 1043 2216 misericors
1072 2169 1173 2226 est,
1199 2160 1426 2232 patiens,
1447 2170 1496 2215 et
1528 2159 1725 2216 multus
1748 2161 1841 2216 mi-

238 2254 557 2317 sericordia,
587 2262 636 2307 et
671 2251 1009 2325 deprecabilis
1038 2268 1195 2323 super
1229 2252 1455 2308 malitia.
1498 2252 1632 2308 Illud
1672 2253 1840 2309 etiam

238 2347 392 2418 quod
444 2343 742 2415 subiungit,
786 2351 1073 2415 propterea
1124 2346 1361 2416 septimo
1397 2346 1667 2404 Kalendas
1714 2346 1840 2403 Maii

240 2426 533 2508 legendam
579 2436 866 2493 lectionem
894 2438 1190 2510 Evangelii,
1225 2439 1279 2493 in
1313 2453 1418 2508 qua
1439 2435 1615 2495 datur
1654 2453 1839 2495 exem-

243 2528 399 2603 plum
430 2530 499 2586 de
520 2547 682 2602 pane,
711 2546 837 2597 ovo,
865 2540 921 2586 et
950 2532 1112 2603 pisce,
1154 2532 1283 2601 quia
1311 2546 1378 2588 eo
1408 2540 1650 2604 tempore
1678 2534 1844 2603 proli-1

243 2623 422 2688 ciunt,
454 2631 510 2678 et
538 2638 637 2694 pro
666 2623 769 2678 illis
794 2638 859 2678 eo
895 2625 1424 2695 temporaDominus
1467 2625 1843 2694 deprecandus

243 2713 342 2777 sit,
378 2721 441 2768 ut
475 2713 674 2769 nostris
698 2715 885 2771 usibus
912 2724 1319 2782 conserventur,
1349 2717 1474 2787 quis
1512 2732 1620 2773 non
1662 2717 1843 2773 videat

244 2815 456 2877 quianto
494 2805 609 2862 risu
635 2804 852 2874 dignum
880 2807 972 2872 sit,
1002 2822 1067 2863 eo
1096 2808 1242 2878 quod
1272 2823 1550 2879 nunquam
1580 2807 1843 2865 Dominus

242 2912 350 2971 pro
375 2896 460 2953 his
482 2899 761 2954 orationes
784 2900 1028 2968 publicas
1074 2900 1190 2957 ﬁeri
1212 2899 1470 2971 jusserit;
1503 2917 1627 2957 cum
1652 2916 1687 2957 e
1713 2914 1843 2966 con-

243 2990 422 3045 trario
448 2991 770 3060 praeceperit
797 3006 814 3046 :
856 2992 1033 3047 Nolite
1073 3010 1306 3066 quierere
1333 2993 1460 3065 quid
1488 2993 1842 3061 manducetis,

1939 1882 2053 1939 tulo
2103 1885 2522 1957 quadragesimo
2553 1905 2575 1959 ί
2605 1905 2625 1939 ι
2670 1887 2820 1943 Solet
2866 1891 3035 1959 quaeri
3081 1890 3226 1947 inter
3270 1892 3524 1963 vulgares

1937 1984 2147 2047 quanto
2183 1984 2424 2048 tempore
2454 1978 2686 2034 debeant
2718 1981 3029 2035 unctionem
3070 1982 3384 2037 chrismatis
3425 1983 3522 2038 ob-

1943 2081 2168 2122 servare
2196 2068 2253 2123 in
2282 2069 2494 2139 capite,
2540 2077 2601 2124 ut
2640 2085 2757 2125 non
2802 2070 3052 2126 laventur
3098 2073 3191 2142 qui
3253 2073 3527 2143 accipiunt

1940 2172 2137 2214 manus
2187 2158 2612 2229 impositionem,
2661 2162 2868 2234 absque
2906 2169 3150 2233 tempore
3196 2163 3523 2234 baptisterii.

1940 2250 2149 2317 Quibus
2193 2262 2374 2322 potest
2409 2254 2752 2323 responderi,
2782 2263 2988 2326 quanto
3014 2266 3257 2327 tempore
3301 2272 3529 2329 genera-

1941 2343 2068 2398 liter
2099 2343 2173 2413 ab
2193 2343 2436 2401 Ecclesia
2465 2346 2774 2404 celebratur
2799 2350 3062 2405 adventus
3083 2350 3317 2419 Spiritus
3353 2351 3526 2407 sancti

1943 2449 2106 2505 super
2154 2436 2431 2505 apostolos
2456 2478 2472 2503 ,
2529 2445 2679 2494 tanto
2733 2447 2976 2509 tempore
3025 2441 3331 2497 celebretur
3389 2442 3531 2513 apud

1942 2543 2387 2598 unumquemque
2433 2530 2526 2599 qui
2571 2544 2693 2585 eum
2747 2532 2968 2602 accipit,
3017 2534 3121 2587 hoc
3161 2543 3265 2599 est,
3315 2544 3525 2604 septem

1944 2616 2157 2673 diebus.
2194 2619 2261 2672 Et
2287 2634 2397 2675 non
2445 2621 2735 2677 immerito.
2784 2622 3052 2690 Quoniam
3082 2625 3136 2679 in
3166 2633 3370 2694 septem
3411 2642 3529 2681 mu—

1942 2711 2167 2767 lieribus
2195 2712 2342 2767 venit
2366 2714 2435 2769 ad
2470 2715 2737 2783 hospitem
2763 2732 2943 2782 suum,
2973 2716 3058 2773 las
3085 2726 3170 2772 est
3197 2726 3257 2772 ut
3314 2719 3529 2774 unicui-

1941 2817 2046 2874 que
2082 2803 2296 2859 mulieri
2336 2805 2651 2861 convivium
2687 2822 2844 2862 suum
2893 2817 3120 2879 paretur
3163 2822 3264 2880 per
3290 2810 3531 2881 singulos

1942 2895 2059 2950 dies
2088 2914 2101 2950 :
2129 2896 2195 2951 de
2238 2896 2440 2967 quibus
2462 2897 2781 2953 mulieribus
2825 2898 2956 2954 dicit
2991 2899 3160 2954 Isaias
3192 2917 3205 2952 :
3234 2900 3534 2969 Apprehen-

1944 2986 2072 3042 dent
2111 2997 2306 3059 septem
2329 2988 2575 3045 mulieres
2616 2990 2787 3045 virum
2814 3007 3000 3045 unum.
3054 2991 3372 3047 Convivium
3414 2993 3535 3048 illa—

244 3092 344 3137 aut
374 3082 503 3154 quid
541 3083 748 3148 bibatis,
786 3093 834 3138 et
863 3083 1022 3139 nolite
1055 3085 1112 3139 in
1142 3083 1365 3140 sublime
1386 3084 1520 3140 tolli.
1548 3083 1679 3140 Htec
1704 3086 1846 3141 enim
1889 3151 1915 3154 μ
1947 3092 2071 3133 Nm
2097 3078 2388 3134 munerum
2417 3087 2521 3147 εει»
2546 3081 2761 3149 quando
2791 3081 2922 3150 i933
2951 3082 3017 3137 de
3038 3096 3098 3137 ³ο
3122 3082 3325 3137 “liam
3352 3083 3536 3153 hospi‘

245 3151 430 3234 omnia
453 3187 631 3249 gentes
657 3178 838 3233 mundi
861 3188 1124 3251 quazrunt.
1157 3178 1321 3234 Pater
1351 3189 1526 3234 autem
1551 3186 1719 3233 vester
1745 3179 1845 3234 scit
1873 3151 1921 3214 Ct
1950 3180 2062 3229 tem
2091 3188 2272 3229 suum.
2299 3174 2451 3230 Talia
2479 3176 2730 3232 convivia
2772 3179 3063 3233 exercebat
3096 3178 3345 3235 Christus
3390 3151 3534 3250 apud

243 3270 504 3343 quoniam
544 3270 627 3325 his
658 3268 924 3340 indigetis.
976 3268 1350 3326 Verumtamen
1383 3272 1602 3343 quierite
1629 3285 1847 3341 regnum

252 3361 380 3428 Dei,
414 3371 463 3417 et
505 3364 612 3419 lucc
641 3364 823 3419 omnia
873 3364 1195 3434 adjicientur
1239 3365 1401 3420 vobis.
1433 3363 1569 3419 Nam
1611 3363 1715 3421 etsi
1746 3376 1851 3435 pro

250 3454 506 3531 trugibus
528 3464 682 3513 terra;
704 3465 758 3511 et
777 3472 875 3529 pro
898 3457 1263 3513 animantibus
1282 3458 1589 3528 quibusque
1607 3456 1846 3512 orandus

253 3544 434 3612 Deus;
464 3547 704 3616 nunquid
735 3553 793 3601 et
837 3562 935 3618 pro
978 3547 1218 3617 piscibus
1246 3547 1555 3619 rogationes
1583 3546 1845 3605 iacienda:

249 3646 405 3706 sunt,
434 3649 493 3695 ut
520 3647 914 3696 conserventur
937 3648 1160 3711 propter
1184 3640 1318 3696 nos?

324 3730 417 3788 Ill.
444 3730 590 3788 Dicit
628 3733 826 3788 iterum
877 3732 1189 3789 Amalarius
1220 3734 1281 3789 in
1333 3733 1479 3790 libro
1521 3734 1719 3806 primo,
1750 3748 1845 3789 ca-

249 3827 431 3899 pitqu
481 3827 746 3883 vicesimo
793 3827 1068 3898 septimo:
1117 3844 1137 3878 (
1185 3826 1324 3882 Eum
1380 3842 1543 3898 quem
1591 3825 1843 3897 superius

250 3928 514 3992 precatus
534 3928 619 3975 est
643 3918 888 3990 pontifex
911 3925 973 3973 ut
998 3918 1242 3974 mitteret
1269 3916 1535 3989 Spiritum
1573 3925 1844 3984 sanctum,

253 4011 313 4068 in
343 4012 697 4082 sequentibus
733 4011 869 4081 petit
906 4019 967 4066 ut
995 4011 1380 4082 suscipientem
1411 4010 1665 4081 dignetur
1717 4016 1848 4064 con-

254 4086 481 4173 signare
531 4102 588 4157 in
617 4102 787 4157 vitam
813 4113 1073 4157 aeternam
1100 4119 1115 4167 ;
1148 4101 1203 4157 id
1230 4111 1336 4167 est,
1384 4101 1635 4157 eumdem
1666 4098 1844 4171 Spiri-

254 4201 376 4251 tum
432 4209 543 4249 non
597 4195 814 4249 amittat
842 4194 1165 4265 suscipiens,
1216 4208 1388 4265 usque
1429 4194 1556 4249 dum
1584 4194 1849 4266 perducat

254 4286 532 4357 hospitem
554 4302 714 4342 suum
741 4286 810 4341 ad
830 4286 1001 4341 vitam
1023 4294 1304 4341 aeternam.
1344 4298 1369 4341 ε
1398 4287 1465 4343 Et
1486 4295 1611 4358 post
1638 4300 1842 4359 pauca:

261 4400 287 4436 ι
344 4380 477 4437 Sine
523 4382 632 4439 isto
661 4380 940 4453 signaculo
976 4397 1087 4439 non
1127 4389 1342 4453 oportet
1390 4398 1492 4439 nos
1524 4383 1848 4454 praesentari

1948 3266 2209 3322 convivas
2261 3280 2409 3333 suos,
2463 3267 2593 3322 talia
2639 3274 2695 3323 et
2737 3266 2974 3338 Spiritus
3021 3280 3242 3326 sanctus
3293 3280 3532 3329 exercet.

1947 3358 2157 3431 Hospes
2179 3360 2418 3430 Spiritus
2438 3362 2632 3428 sancti,
2658 3375 2813 3418 mens
2838 3370 2924 3418 est
2953 3364 3206 3420 hominis.
3238 3364 3391 3422 Mens
3414 3372 3538 3421 tan-

1947 3455 2258 3527 toamplius
2280 3456 2516 3513 satiatur
2559 3471 2592 3511 a
2617 3456 2813 3529 sagina
2854 3455 3091 3527 Spiritus
3134 3459 3329 3526 sancti,
3365 3476 3537 3531 quan-

1948 3553 2008 3603 to
2038 3547 2219 3603 minus
2257 3547 2424 3604 fuerit
2484 3549 2665 3604 dedita
2715 3550 3027 3607 carnalibus
3066 3551 3533 3611 delectationibus.

1944 3638 2027 3695 Ita
2045 3639 2300 3696 observet
2325 3641 2598 3712 accipiens
2623 3650 2836 3713 tempus
2860 3642 3126 3700 adventus
3143 3643 3379 3714 Spiritus
3405 3660 3534 3701 san-

1946 3737 2046 3802 cti,
2092 3742 2155 3789 ut
2188 3734 2327 3791 solet
2375 3736 2574 3792 charus
2607 3737 2815 3792 amicus
2838 3736 2987 3791 circa
3035 3739 3263 3793 charum
3291 3739 3530 3793 amicum

1946 3826 2261 3882 observare.
2279 3826 2505 3894 Quando
2525 3827 2723 3897 aliquis
2741 3829 2943 3883 charus
2963 3829 3029 3882 ad
3051 3830 3285 3884 amicum
3306 3831 3536 3884 charum

1948 3917 2119 3983 venit,
2149 3917 2205 3971 in
2242 3915 2393 3975 nullo
2426 3917 2544 3973 vult
2572 3917 2663 3972 ille
2690 3918 2783 3987 qui
2826 3918 3075 3987 suscipit,
3101 3918 3270 3988 illum
3299 3917 3539 3974 oil'ende—
3579 3905 3585 3913 '

1948 4021 2032 4075 re,
2058 4010 2155 4064 sed
2179 4008 2620 4079 quidquidnovit
2636 4010 2688 4065 ei
2712 4009 2972 4081 placitum
2993 4023 3136 4077 esse,
3161 4012 3265 4067 hoc
3290 4026 3355 4067 ex
3377 4012 3541 4068 corde

1948 4100 2186 4173 benigno
2232 4100 2286 4156 ei
2340 4100 2580 4157 adhibet.
2611 4102 2688 4156 ita
2715 4102 2979 4175 quidquid
3001 4105 3318 4176 cognoverit
3370 4106 3543 4160 susci-

1948 4194 2110 4266 piens
2138 4191 2403 4264 Spiritum
2441 4201 2723 4262 sanctum,
2753 4194 3012 4264 placitum
3041 4197 3089 4251 ei
3130 4190 3270 4263 esse,
3311 4198 3416 4252 hoc
3462 4196 3542 4252 illi

1948 4287 2205 4343 exhibeat
2222 4286 2463 4359 quandiu
2485 4301 2607 4342 cum
2626 4286 2719 4343 illo
2739 4296 2841 4343 est.
2873 4287 2929 4343 Si
2952 4289 3054 4345 hoc
3074 4290 3286 4356 fecerit,
3317 4288 3542 4343 forsitan

1951 4381 2116 4438 citius
2159 4380 2362 4451 poterit
2389 4380 2441 4437 ei
2490 4380 2804 4447 conciliari,
2844 4383 3063 4453 quando
3112 4381 3291 4452 aliqua
3337 4378 3542 4434 oﬂ‘ensa

256 4483 391 4530 ante
418 4475 608 4531 Deum.
637 4475 717 4532 De
744 4490 851 4545 quo
876 4475 1031 4546 quasi
1088 4476 1154 4532 de
1184 4475 1367 4547 aliquo
1410 4477 1737 4534 vestimento
1766 4477 1849 4533 di-
1875 4475 2245 4575 I)recesserit
2261 4474 2332 4529 ab
2349 4489 2435 4530 eo.
2468 4472 2698 4541 Quando
2719 4474 2972 4530 Christus
2991 4475 3312 4530 recordatur
3329 4472 3543 4575 unctio-

257 4569 425 4625 eebat
452 4566 652 4625 Paulus
678 4569 749 4627 ad
780 4567 1131 4626 Corinthios:
1172 4569 1386 4624 Etenim
1441 4569 1533 4641 qui
1571 4586 1754 4625 sumus
1796 4572 1852 4626 in

256 4662 367 4718 isto
389 4680 625 4734 corpore,
647 4663 1035 4736 ingemiscimus
1078 4665 1318 4738 gravati;
1347 4680 1408 4720 eo
1432 4665 1573 4738 quod
1608 4665 1855 4723 nolumus

260 4753 513 4826 spoliari,
554 4753 647 4811 sed
687 4758 1057 4826 supervestiri;
1096 4764 1159 4811 ut
1203 4756 1548 4812 absorbeatur
1573 4757 1796 4814 mortale
1819 4777 1852 4814 a

256 4848 396 4902 vita.
428 4845 507 4902 De
533 4860 642 4917 quo
680 4848 1004 4905 vestimento
1029 4848 1193 4915 dicat,
1225 4847 1282 4903 in
1311 4848 1663 4920 sequentibus
1698 4865 1855 4906 mon-

261 4945 408 4995 strat
439 4955 454 4993 :
490 4937 597 5004 Qui
627 4947 807 4995 autem
831 4940 1034 5012 perﬁcit
1057 4957 1153 4996 nos
1168 4940 1235 5013 "in
1257 4941 1355 4996 hoc
1376 4942 1550 5013 ipsum
1573 4940 1738 5010 Deus,
1762 4942 1855 5015 qui

258 5029 413 5087 dedit
458 5032 606 5086 nobis
623 5031 810 5105 pignus
837 5029 1086 5104 Spiritus.
1120 5051 1143 5086 ι

334 5120 426 5178 Ν.
480 5121 610 5178 Hinc
632 5122 798 5179 verba
826 5122 1087 5179 Amalarii
1128 5124 1309 5194 qualia
1358 5125 1493 5193 sint,
1540 5120 1717 5183 omnis
1762 5126 1855 5198 qui

260 5229 401 5287 erga
429 5215 803 5272 sinceritatem
824 5216 952 5273 ﬁdei
983 5218 1247 5275 sollicitus
1291 5226 1396 5284 est,
1432 5219 1731 5291 diiudicare
1760 5233 1859 5290 po-

262 5313 398 5364 test.
461 5306 666 5363 Tamen
699 5309 807 5365 hoc
848 5308 994 5380 quod
1040 5308 1320 5380 subiungit
1364 5310 1553 5366 dicens
1586 5310 1708 5365 :De
1752 5327 1857 5382 quo

262 5397 546 5469 signaculo
573 5400 726 5471 quasi
753 5400 820 5455 de
861 5399 1040 5472 aliquo
1072 5401 1374 5456 vestimento
1419 5401 1623 5457 dicebat
1647 5399 1857 5459 Paulus

262 5489 339 5545 ad
383 5487 684 5546 Corinthios
707 5504 727 5543 :
769 5489 981 5546 Etenim
1028 5492 1118 5564 qui
1163 5508 1347 5547 sumus
1385 5493 1441 5547 in
1482 5493 1583 5548 isto
1621 5509 1857 5566 corpore,

260 5582 661 5654 ingemiscimus
692 5584 918 5654 gravati,
946 5599 1006 5639 eo
1032 5584 1172 5655 quod
1214 5582 1457 5639 nolumus
1502 5586 1741 5657 spoliari,
1769 5588 1861 5641 sed

269 5676 641 5749 supervestiri,
681 5685 736 5731 ut
784 5675 1127 5732 absorbeatur
1174 5675 1396 5731 mortale
1422 5695 1455 5731 a
1497 5680 1638 5746 vita,
1698 5681 1862 5736 talem

264 5783 505 5854 sensum
539 5768 744 5851 habere
784 5768 1000 5845 qualum
1025 5768 1119 5827 ille
1142 5767 1458 5827 intromittit
1480 5771 1527 5828 si
1556 5773 1751 5833 alicubi
1787 5775 1863 5831 lc-

1956 4580 2084 4623 ncm
2106 4565 2423 4623 chrismatis
2447 4565 2552 4622 sibi
2579 4566 2791 4630 adesse,
2822 4573 2950 4622 tunc
2985 4566 3325 4637 potissimum
3352 4564 3546 4619 recolit

1956 4660 2156 4717 debere
2180 4675 2239 4716 se
2264 4674 2386 4715 esse
2406 4660 2508 4716 sub
2528 4659 2819 4731 disciplina
2852 4657 3097 4729 Spiritus
3116 4657 3307 4712 sancti.
3343 4655 3542 4712 Unctio

1957 4750 2051 4805 illa
2101 4750 2226 4807 ideo
2252 4750 2336 4818 lit,
2366 4758 2429 4806 ut
2454 4749 2696 4807 sciamus
2727 4750 2872 4821 quod
2916 4748 3265 4804 invisibiliter
3283 4757 3546 4819 operetur

1958 4842 2197 4915 Spiritus
2257 4848 2478 4900 sanctus
2525 4844 2582 4899 in
2620 4843 2795 4899 nobis.
2855 4841 3058 4898 Oleum
3090 4841 3229 4898 solet
3274 4841 3543 4898 fessorum

1961 4938 2208 4993 membra
2267 4936 2471 4993 fovere.
2521 4935 2809 4992 Balsamus
2859 4933 2999 4989 solet
3052 4931 3319 4990 redolere.
3379 4933 3545 4989 Fessa

1963 5039 2092 5087 sunt
2113 5029 2357 5086 membra
2381 5029 2576 5085 anima:
2592 5033 2808 5090 nostris,
2834 5025 3059 5096 quando
3075 5025 3305 5097 panitet
3326 5039 3385 5081 se
3412 5024 3549 5093 egis-

1966 5138 2028 5180 se
2055 5123 2201 5194 quod
2230 5132 2420 5179 contra
2445 5121 2540 5176 Dei
2586 5119 2921 5175 voluntatem
2946 5126 3033 5173 est
3055 5135 3069 5172 :
3097 5117 3167 5174 ad
3194 5126 3365 5189 quam
3410 5117 3550 5173 solet

1966 5215 2204 5287 Spiritus
2223 5221 2444 5270 sanctus
2464 5212 2670 5276 venire,
2695 5218 2751 5265 et
2776 5209 2828 5265 ei
2848 5216 3161 5266 monstrare
3171 5210 3396 5266 dimissa
3422 5216 3550 5280 pec-

1964 5316 2111 5374 cata,
2134 5307 2249 5362 sive
2273 5303 2613 5363 dimittenda.
2646 5300 2802 5358 Unde
2847 5309 2904 5357 et
2929 5301 3046 5374 ipse
3076 5299 3313 5373 Spiritus
3357 5312 3551 5358 conso-

1967 5399 2113 5458 lator
2132 5399 2351 5456 dicitnr.
2390 5416 2410 5450 ι

2040 5491 2169 5548 Bato
2225 5489 2390 5545 verba
2428 5484 2691 5541 Amalarii
2744 5483 2969 5542 confusa
3021 5494 3081 5541 et
3125 5484 3338 5541 inutilia
3383 5497 3551 5538 unus-

1970 5588 2203 5665 quisque
2224 5584 2316 5653 qui
2345 5580 2516 5647 audit,
2540 5580 2722 5635 videat
2744 5581 3014 5651 quomodo
3034 5580 3290 5649 corrigat,
3319 5575 3552 5646 qualiter

1944 5670 2215 5755 ‘fderideat
2239 5694 2252 5730 :
2282 5674 2409 5745 quia
2439 5689 2545 5729 non
2567 5672 2837 5730 aediﬁcant
2878 5671 3062 5739 ﬁdem,
3092 5673 3187 5728 sed
3232 5672 3549 5732 destruunt;

1972 5784 2073 5828 nec
2095 5768 2347 5842 plantam
2379 5766 2613 5829 virtutes
2642 5764 2700 5826 in
2725 5764 3021 5844 umentibus
3064 5761 3415 5831 audientium,
3456 5758 3555 5817 sed
