4012 6338
562 296 671 359 545

1525 300 1581 357 S.
1621 296 1971 358 AGOBARDI
2007 296 2317 354 EPISCOPI
2353 294 2840 357 LUGDUNENSIS

3716 304 3813 368 δη

561 411 835 472 evellant;
878 412 1116 469 maxime
1145 414 1238 469 ubi
1267 411 1322 469 in
1377 416 1672 484 postremis
1712 416 1884 471 dicit:
1916 413 2141 480 Quando
2168 412 2301 474 Ain
2346 412 2603 469 cordibus
2663 415 2991 483 auditorum,
3049 418 3217 475 verba
3271 417 3486 475 Domini
3541 420 3722 491 potius
3763 423 3812 481 id

559 502 798 559 Christus
821 504 1127 560 recordatur
1153 506 1451 560 unctionem
1485 508 1780 562 chrismatis
1798 508 1897 561 sibi
1936 508 2137 574 adesse,

558 605 682 651 tunc
710 597 1040 667 potissimum
1081 597 1259 653 recolit
1287 599 1473 655 debere
1505 617 1560 655 se
1591 617 1703 656 esse
1727 602 1823 656 sub
1860 602 2140 673 disciplina

556 683 787 757 Spiritus
806 688 997 743 sancti.

626 777 711 833 Vl.
759 779 892 835 Item
941 780 1250 839 Amalarius
1290 783 1347 838 in
1388 784 1578 839 eodem
1626 786 1899 857 capitulo:
1939 805 1959 839 ι
2018 786 2136 843 Non

456 872 465 879 ’
550 866 697 924 enim
730 867 933 925 frustra
958 870 1191 942 Spiritus
1237 882 1455 930 sanctus
1480 889 1644 946 super
1673 878 1947 948 apostolos
1989 879 2137 933 venit

549 958 605 1014 in
634 960 722 1015 die
755 960 1102 1019 Pentecostes
1127 964 1180 1018 in
1217 973 1380 1020 vento
1407 973 1461 1021 et
1480 967 1654 1037 igneis
1689 968 1907 1039 linguis.
1954 968 2136 1025 Voluit

547 1055 745 1111 futurae
792 1056 1049 1113 Ecclesiae
1076 1058 1451 1116 demonstrare
1509 1062 1640 1132 quid
1685 1071 1945 1132 operatus
1988 1070 2133 1118 esset

546 1144 602 1199 in
654 1146 914 1215 apostolis
958 1162 1058 1217 per
1102 1149 1393 1205 adventum
1438 1167 1616 1207 suum.
1662 1152 1826 1209 Venit
1878 1155 1932 1209 in
1969 1164 2130 1210 vento

543 1239 876 1307 vehementi,
942 1247 1005 1295 ut
1030 1242 1341 1298 ostenderet
1390 1258 1451 1299 se
1494 1259 1849 1300 excussurum
1887 1260 2008 1301 esse
2059 1246 2129 1301 ab

543 1330 913 1400 apostolorum
970 1334 1227 1389 cordibus
1276 1349 1495 1391 omnem
1554 1336 1904 1406 cupiditatem
1957 1347 2129 1395 terre-

540 1436 689 1475 nam.
739 1420 894 1477 Sicut
912 1423 1057 1478 enim
1076 1432 1272 1479 ventus
1301 1425 1595 1480 vehemens
1614 1426 1830 1495 projieit
1850 1428 2126 1497 pulverem

539 1511 729 1569 afacie
750 1521 932 1580 terrae,
962 1515 1044 1570 sic
1083 1516 1348 1571 adventus
1375 1514 1613 1588 Spiritus
1660 1520 1833 1575 sancti
1884 1535 1915 1575 a
1962 1521 2127 1578 corde

537 1603 774 1658 hominis
825 1603 975 1672 ejicit
1032 1620 1251 1661 omnem
1309 1614 1584 1662 terrenam
1631 1609 2003 1678 cupiditatem.
2063 1610 2125 1665 In

539 1696 712 1768 igneis
726 1696 932 1768 linguis
970 1700 1251 1769 apparuit,
1280 1708 1341 1756 ut
1370 1701 1773 1760 demonstraret
1824 1705 2013 1775 quales
2043 1706 2125 1761 fa-

536 1798 724 1846 cturus
754 1799 874 1846 erat
899 1790 1111 1863 linguas
1138 1792 1536 1861 apostolorum;
1572 1797 1674 1852 hoc
1704 1806 1787 1851 est
1815 1797 2119 1868 loquentes,

533 1890 583 1936 et
610 1881 775 1953 ignita
794 1882 959 1938 verba
980 1880 1327 1938 infundentes
1347 1883 1584 1955 inetu‘da
1604 1887 1965 1951 credentium.
1992 1889 2121 1946 Haec

531 1974 675 2029 enim
694 1975 857 2030 verba
886 1974 1053 2047 ignita
1082 1986 1406 2031 consumunt
1432 1989 1657 2049 peccata
1676 2020 1691 2045 ,
1738 1989 1794 2036 et
1818 1982 2121 2039 accendunt

530 2067 694 2123 corda
724 2067 794 2122 ad
823 2081 1067 2121 amorem
1086 2074 1306 2122 :eternze
1330 2069 1540 2138 patriae.
1593 2070 1714 2141 Ipsa
1739 2081 1825 2127 est
1878 2074 2120 2131 charitas

527 2180 647 2235 quae
683 2163 1005 2221 dilfunditur
1038 2166 1093 2220 in
1138 2164 1303 2221 corda
1360 2166 1719 2232 credentium,
1771 2173 1826 2221 et
1870 2164 2001 2220 facit
2052 2182 2118 2222 ea

528 2271 695 2310 unum
727 2271 823 2312 cor
849 2269 970 2312 esse
994 2256 1063 2312 ad
1093 2256 1450 2311 imitationem
1475 2273 1588 2312 suae
1610 2255 1847 2327 propriae
1869 2258 2121 2313 substan-

528 2347 643 2413 tiae;
679 2347 782 2403 hoc
819 2356 923 2414 est,
955 2355 1017 2403 ut
1050 2363 1220 2404 unum
1269 2348 1458 2415 velint,
1480 2350 1620 2405 sicut
1640 2356 1828 2405 sancta
1876 2348 2117 2405 Trinitas

528 2451 697 2491 unum
719 2437 853 2492 vult.
893 2458 914 2491 ι

597 2528 707 2583 V’ll.
739 2529 816 2585 De
872 2530 959 2587 his
995 2531 1179 2589 verbis
1206 2532 1464 2589 Amalarii
1491 2535 1829 2606 perpendant
1877 2536 2115 2607 pruden-

524 2631 606 2678 tes
651 2624 780 2694 quid
829 2624 1094 2694 judicent.
1134 2626 1475 2683 Manifestum
1511 2637 1693 2684 tamen
1720 2638 1825 2696 est,
1875 2630 2020 2701 quod
2053 2630 2112 2684 in

521 2728 585 2769 eo
629 2714 772 2785 quod
812 2714 984 2771 dicit:
1036 2715 1185 2771 Venit
1214 2718 1269 2772 in
1311 2726 1461 2773 vento
1499 2719 1783 2772 vehementi
1831 2726 1889 2772 ut
1933 2727 2110 2773 osten-

521 2804 663 2860 deret
697 2822 809 2860 sese
846 2822 1191 2861 excussurum
1214 2824 1325 2863 esse
1365 2808 1430 2862 ab
1460 2807 1817 2879 apostolorum
1864 2806 2109 2862 cordibus

521 2909 725 2949 omnem
764 2894 1103 2964 cupiditatem
1155 2905 1446 2963 terrenam,
1488 2895 1850 2965 obiiciendum
1896 2897 1973 2951 illi
2018 2897 2107 2952 sit.

522 2982 579 3040 Si
611 2985 803 3041 eadem
850 2986 984 3041 hora
1030 2987 1249 3057 quando
1280 2988 1472 3059 repleti
1502 2996 1629 3043 sunt
1658 2987 1864 3057 Spiritu
1892 2996 2103 3054 sancto,

520 3076 698 3135 adhuc
741 3078 1093 3135 discutiendae
1142 3088 1299 3134 erant
1346 3082 1415 3137 ab
1453 3080 1822 3152 apostolorum
1854 3082 2107 3137 cordibus

2241 500 2499 558 fecissent
2522 503 2579 557 in
2610 504 2863 560 cordibus
2907 504 3238 563 Iudaeorum.
3294 508 3402 565 Sed
3443 510 3566 580 quia
3602 527 3713 567 non
3740 522 3814 571 est

2239 593 2343 649 hoc
2396 609 2531 664 opus
2573 595 2887 663 verborum.
2930 599 3025 653 sed
3077 599 3247 655 divini
3300 601 3505 657 interni
3557 607 3809 671 muneris,

2238 688 2317 743 sic
2373 688 2538 744 debet
2589 689 2828 745 intimari
2879 692 2972 761 qui
3030 693 3190 749 docet
3236 695 3291 749 in
3343 697 3607 753 doctrina.
3659 698 3811 757 Sede

2237 788 2427 835 contra
2482 779 2793 837 Amalarius
2822 782 3022 840 docens
3078 802 3186 840 non
3237 786 3295 841 in
3324 787 3596 855 doctrina,
3621 791 3811 847 sentire

2234 870 2600 941 cognoscitur,
2634 871 2777 941 quod
2832 875 2972 929 sicut
3010 876 3273 944 eharitas,
3319 877 3373 933 id
3425 886 3529 945 est,
3585 877 3810 948 Spiritus

2235 972 2471 1029 sanctus,
2503 964 2667 1020 corda
2695 965 2931 1022 fidelium
2970 984 3070 1039 per
3099 970 3331 1041 gratiam
3380 970 3513 1027 facit
3547 988 3713 1027 unum
3738 989 3809 1029 es-

2233 1070 2312 1122 se,
2349 1064 2403 1110 et
2464 1072 2632 1112 unum
2692 1059 2849 1125 velle,
2896 1059 2970 1115 ita
3026 1061 3080 1116 in
3122 1071 3308 1118 sancta
3351 1063 3621 1119 Trinitate
3647 1065 3806 1137 gratia

2231 1145 2473 1214 ejusdem
2519 1146 2755 1218 Spiritus
2782 1149 2955 1220 ipsam
3000 1162 3247 1209 sanctam
3287 1153 3612 1211 Trinitatem
3661 1156 3809 1213 faciat

2230 1253 2397 1293 unum
2449 1255 2590 1306 esse,
2645 1249 2701 1297 et
2724 1258 2891 1297 unum
2933 1244 3099 1311 velle,
3154 1245 3298 1300 sicut
3330 1243 3521 1300 Ariani
3555 1245 3807 1317 dogmati-

2230 1342 2359 1383 zare
2389 1329 2654 1386 solebant.

2305 1417 2433 1473 Vl].
2490 1420 2625 1476 Item
2674 1421 2990 1477 Amalarius
3032 1422 3090 1478 in
3138 1421 3277 1478 libro
3325 1423 3525 1494 primo,
3584 1423 3804 1493 capitulo

2229 1510 2394 1565 tertio
2441 1511 2673 1577 decimo,
2721 1512 2891 1568 dicit:
2929 1530 2949 1564 ‹
3002 1512 3265 1569 Dominus
3301 1523 3489 1569 noster
3521 1523 3609 1569 est
3628 1530 3799 1586 agnus,

2228 1599 2323 1668 qui
2372 1599 2666 1670 incipiente
2720 1601 3123 1671 quintadecima
3171 1602 3299 1657 luna
3354 1604 3592 1658 traditus
3618 1611 3804 1669 est;et

2227 1702 2445 1744 crucem
2481 1690 2727 1745 ascendit
2773 1690 3094 1747 Paraseeve.
3137 1691 3400 1764 Sequitur
3440 1696 3801 1765 responsorius

2152 1772 2201 1832 Β
2227 1801 2350 1841 cum
2386 1794 2617 1855 quatuor
2644 1787 2913 1842 versibus.
2949 1786 3201 1858 Nullique
3229 1789 3453 1846 dubium
3483 1790 3620 1859 quin
3653 1790 3796 1846 Chri-

2228 1886 2345 1933 stus
2381 1877 2544 1934 homo
2580 1894 2643 1933 ex
2675 1887 2910 1949 quatuor
2935 1880 3219 1936 elementis
3252 1882 3602 1937 consisteret.
3652 1880 3799 1937 Natu-

2225 1971 2339 2027 rale
2386 1979 2469 2027 est
2523 1971 2729 2027 homini
2758 1980 2820 2026 ut
2846 1988 2913 2027 ex
2946 1980 3117 2039 terra,
3169 1983 3225 2028 et
3260 1989 3422 2044 aqua,
3460 1982 3518 2029 et
3569 1989 3717 2039 aere,
3752 1982 3798 2029 et

2223 2062 2348 2132 igne
2371 2063 2657 2118 consistat.
2687 2063 2916 2131 Quando
2953 2073 3203 2119 naturam
3235 2065 3470 2120 hominis
3499 2066 3798 2135 assumpsit,

2224 2153 2339 2208 haec
2360 2162 2593 2223 quatuor
2620 2155 2888 2212 elementa
2922 2157 3234 2227 assumpsit.
3278 2157 3370 2212 llla
3401 2158 3711 2228 pendebant
3749 2160 3796 2214 in

2221 2259 2383 2299 cruce
2414 2245 2558 2300 inter
2583 2247 2792 2301 medios
2815 2247 2952 2303 duos
2996 2247 3257 2302 latrones.
3294 2245 3451 2303 Unde
3494 2264 3643 2304 unus
3690 2264 3795 2305 ver-

2220 2348 2314 2389 sus
2349 2352 2361 2387 :
2391 2332 2459 2388 In
2483 2336 2654 2389 medio
2683 2336 2911 2390 duorum
2940 2336 3250 2391 animalium
3273 2340 3609 2409 cognosceris
3632 2354 3651 2392 :
3677 2340 3797 2411 quod

2165 2416 2171 2435 ⁸
2217 2426 2295 2479 ita
2319 2425 2670 2497 Hieronymus
2690 2428 2745 2481 in
2772 2426 3042 2481 Habacuc.

2290 2518 2383 2574 IX.
2415 2520 2474 2574 ln
2499 2521 2585 2575 his
2608 2522 2792 2575 verbis
2816 2520 3125 2577 Amalarius
3152 2530 3355 2593 quanta
3385 2524 3682 2595 vagatione
3702 2524 3795 2580 dis-

2216 2619 2419 2675 currat,
2453 2612 2545 2683 qui
2568 2613 2846 2667 erroribus
2878 2612 3082 2668 insana:
3109 2615 3307 2669 mentis
3329 2616 3535 2671 mederi
3573 2632 3672 2687 per
3688 2617 3794 2673 cha-

2216 2702 2434 2758 ritatem
2496 2702 2631 2769 vult,
2693 2703 2987 2774 prudenter
3040 2707 3356 2776 perpendat.
3404 2706 3669 2765 Homines
3713 2710 3792 2780 qui

2215 2802 2440 2850 cantum
2492 2803 2916 2865 composuerunt
2937 2811 3006 2852 ex
3028 2795 3208 2852 verbis
3255 2796 3691 2869 Scripturarum,
3719 2815 3793 2854 ar-

2213 2886 2378 2942 bitrio
2431 2903 2550 2952 suo,
2589 2896 2751 2957 prout
2803 2888 2912 2942 illis
2940 2902 3238 2959 congruum
3294 2891 3470 2945 visum
3514 2901 3626 2958 est,
3663 2890 3790 2947 fece-

2212 2988 2359 3036 runt.
2392 2981 2459 3035 Et
2487 2996 2586 3051 per
2612 2982 2860 3037 diversas
2888 2983 3139 3054 regiones
3174 2984 3403 3041 diversis
3455 2988 3658 3042 modis.
3688 2984 3788 3041 Non

2215 3072 2421 3145 Spiritu
2457 3074 2552 3129 Dei
2601 3074 2729 3139 acti,
2781 3074 2924 3130 sicut
2955 3076 3146 3131 beatus
3176 3075 3370 3133 Petrus
3415 3078 3485 3133 de
3518 3079 3786 3151 prophetis

518 3184 708 3227 omnes
726 3171 1054 3241 cupiditates
1084 3178 1338 3238 terrenae,
1364 3174 1495 3242 quid
1525 3182 1782 3243 operatus
1821 3174 1876 3228 in
1915 3174 1996 3229 eis
2021 3182 2105 3229 est
2132 3156 2178 3220 Ο
2210 3176 2264 3224 et
2309 3168 2593 3238 prophetia
2640 3166 2945 3223 futurarum
2999 3183 3181 3224 rerum
3234 3168 3502 3240 loquitur,
3568 3172 3782 3227 dicens:

517 3274 615 3330 per
668 3268 787 3317 tres
826 3277 997 3317 annos
1038 3263 1307 3319 mediator
1345 3262 1441 3318 Dei
1497 3272 1552 3319 et
1599 3264 1900 3331 hominum,
1943 3266 2107 3322 homo

516 3352 767 3410 Christus
784 3352 979 3410 Jesus?
1007 3354 1074 3409 Et
1093 3370 1263 3425 quare
1301 3354 1407 3410 illis
1431 3355 1563 3410 dicit
1586 3373 1600 3409 :
1627 3354 1753 3409 Iam
1806 3372 1893 3411 vos
1920 3356 2106 3410 mundi

515 3446 659 3511 estis,
712 3455 923 3516 propter
974 3462 1266 3501 sermonem
1315 3463 1469 3520 quem
1513 3445 1718 3501 locutus
1755 3463 1873 3501 sum
1920 3448 2106 3502 vobis?

516 3538 585 3593 Et
633 3539 832 3595 iterum
876 3556 894 3596 :
949 3541 1019 3595 Et
1063 3559 1150 3597 vos
1183 3543 1365 3597 mundi
1414 3544 1561 3609 estis,
1609 3543 1700 3598 sed
1742 3559 1847 3597 non
1887 3541 2108 3597 omnes?

514 3630 769 3702 Nunquid
802 3648 910 3689 non
941 3642 1100 3689 erant
1120 3634 1235 3704 jam
1263 3644 1413 3692 utres
1439 3638 1587 3703 novi,
1620 3636 1797 3706 parati
1839 3643 1897 3691 et
1944 3649 2105 3704 capa-

512 3739 605 3780 ces
651 3724 719 3780 ad
771 3726 1138 3796 recipiendum
1182 3728 1368 3783 vinum
1416 3745 1637 3794 novum,
1690 3729 1743 3784 id
1784 3737 1885 3793 est,
1922 3727 2097 3799 Spiri-

511 3827 625 3873 tum
653 3827 928 3885 sanctum,
977 3821 1072 3890 qui
1125 3834 1220 3877 eos
1248 3822 1532 3878 induceret
1566 3823 1623 3877 in
1654 3836 1872 3877 omnem
1900 3821 2104 3876 verita-

511 3911 654 3966 tem?
679 3909 737 3965 ln
777 3926 842 3966 eo
869 3918 1051 3968 autem
1082 3914 1225 3984 quod
1257 3914 1545 3991 subinfert,
1577 3914 1801 3970 dicens:
1835 3912 1903 3967 In
1934 3913 2101 3985 igneis

511 4001 703 4072 linguis
734 4006 1002 4075 apparuit,
1025 4014 1082 4059 ut
1113 4006 1495 4062 demonstraret
1519 4006 1702 4079 quales
1725 4006 1963 4076 facturus
1988 4014 2102 4060 erat

511 4093 719 4164 linguas
740 4094 1113 4164 apostolorum,
1139 4097 1237 4150 hoc
1259 4106 1356 4163 est,
1397 4096 1662 4168 loquentes
1693 4105 1742 4150 et
1773 4096 1943 4167 ignita
1989 4112 2103 4150 ver-

512 4183 578 4237 ba
598 4183 933 4254 infundentes
960 4186 1018 4239 in
1052 4187 1213 4239 corda
1242 4187 1585 4241 credentium.
1618 4186 1751 4242 Htec
1780 4189 1921 4242 enim
1946 4187 2099 4242 verba

508 4274 678 4345 ignita
702 4284 1017 4331 consumunt
1050 4286 1263 4347 peccata
1293 4294 1311 4332 :
1349 4276 1466 4333 Non
1501 4279 1634 4334 satis
1679 4280 1911 4335 attendit
1959 4294 2096 4349 quo-

510 4366 669 4422 modo
698 4365 863 4421 dicat.
891 4365 1028 4421 Nam
1051 4369 1276 4438 apostoli
1292 4369 1612 4439 jamdudum
1636 4371 1849 4428 fuerant
1872 4372 2098 4441 loquen-

508 4464 614 4517 tes.
632 4455 748 4526 jam
777 4460 1228 4531 praedicaverunt,
1266 4464 1380 4534 jam
1410 4465 1577 4521 multa
1603 4475 1658 4522 et
1687 4482 1883 4538 magna
1941 4466 2093 4536 signa

508 4548 784 4619 fecerant;
813 4553 888 4609 ita
922 4565 985 4610 ut
1018 4556 1262 4612 dicerent
1298 4556 1529 4615 Domino
1562 4579 1576 4615 :
1611 4561 1789 4615 Etiam
1831 4559 2094 4615 dwmonia

506 4641 861 4712 subjiciuntur
878 4647 1027 4703 nobis
1079 4649 1137 4702 in
1172 4651 1378 4705 nomine
1406 4660 1517 4706 tuo.
1550 4651 1667 4707 Non
1700 4660 1906 4718 autem,
1953 4651 2096 4706 sicut

508 4737 613 4790 iste
642 4736 796 4804 dicit,
818 4741 984 4796 verba
1018 4750 1348 4798 consumunt
1370 4752 1626 4813 peccata;
1654 4744 1749 4799 sed
1779 4743 1940 4799 fidem
1985 4742 2091 4797 mi-

508 4832 742 4886 nistrant
768 4873 784 4897 ,
835 4831 994 4888 fidem
1022 4832 1316 4901 :edilicant,
1353 4850 1476 4905 quae
1506 4834 1790 4889 audientes
1812 4840 1965 4903 aptat
2019 4832 2088 4888 ad

507 4923 739 4994 gratiam
768 4924 1040 4993 baptismi,
1075 4942 1140 4983 ex
1163 4935 1291 4984 tunc
1321 4937 1377 4983 et
1399 4929 1673 4998 deinceps.
1709 4926 1863 4994 Quod
1904 4936 2088 4984 autem

506 5013 808 5084 subjungit,
865 5013 1052 5072 dicens
1101 5020 1247 5091 quod
1290 5020 1456 5075 verba
1508 5020 1676 5090 ignita
1722 5021 2089 5091 apostolorum

505 5104 807 5161 accendant
844 5108 1008 5164 corda
1040 5111 1108 5165 ad
1162 5125 1402 5165 amorem
1435 5118 1651 5165 mternee
1692 5111 1905 5180 patriae.
1962 5111 2090 5183 Ipsa

502 5205 581 5253 est
614 5198 849 5256 charitas
884 5217 1003 5273 qua:
1046 5201 1365 5272 diffunditur
1408 5202 1463 5254 in
1526 5203 1687 5257 corda
1743 5203 2086 5271 credentium,

499 5298 550 5345 et
573 5289 703 5361 facit
729 5309 791 5347 ea
812 5308 976 5348 unum
1001 5310 1093 5349 cor
1117 5309 1227 5347 esse
1258 5292 1326 5345 ad
1348 5294 1694 5349 imitationem
1720 5312 1831 5350 sua:
1860 5297 2087 5366 propria:

500 5382 842 5453 substantiae;
898 5385 998 5440 hoc
1041 5393 1138 5451 est,
1198 5393 1254 5438 ut
1306 5403 1465 5440 unum
1503 5388 1676 5455 velint,
1719 5390 1853 5442 sicut
1903 5398 2087 5443 sancta

503 5474 735 5532 Trinitas
773 5493 937 5533 unum
960 5475 1067 5531 vult
1096 5490 1115 5529 :
1143 5476 1189 5529 si
1220 5476 1357 5531 bene
1379 5479 1564 5543 sentit,
1598 5480 1796 5535 bonum
1822 5480 1957 5534 bene
1978 5495 2084 5534 non

501 5566 756 5637 loquitur.
787 5567 922 5623 Nam
949 5565 1175 5620 multum
1206 5566 1380 5621 differt
1416 5569 1558 5624 inter
1589 5571 1753 5625 verba
1783 5571 2086 5639 praedican-

499 5660 657 5726 tium,
681 5669 737 5715 et
768 5659 1078 5716 unctionem
1128 5657 1362 5729 Spiritus
1415 5662 1608 5716 sancti.
1648 5661 1705 5715 Si
1743 5662 1887 5715 enim
1916 5660 2085 5716 verba

498 5749 866 5829 apostolorum
924 5749 1104 5816 facere
1153 5751 1455 5827 potuissent
1494 5752 1649 5827 'quod
1694 5750 1797 5812 iste
1849 5751 2103 5821 somniat,

2118 4516 2175 4578 D

2214 3258 2339 3313 Non
2359 3260 2498 3313 enim
2524 3258 2784 3314 voluntate
2812 3262 3047 3314 humana
3081 3260 3248 3315 allata
3273 3271 3349 3315 est
3371 3261 3666 3334 aliquando
3685 3278 3788 3335 pro-

2208 3354 2404 3423 phetia,
2442 3353 2532 3409 sed
2557 3353 2760 3423 Spiritu
2799 3363 2981 3409 sancto
3006 3356 3252 3425 inspirati
3291 3354 3453 3410 locuti
3481 3367 3611 3411 sunt
3640 3354 3792 3413 sancti

2207 3445 2308 3501 Dei
2338 3447 2596 3502 homines.
2638 3447 2706 3502 Et
2730 3448 2851 3503 ideo
2895 3449 2941 3502 si
2983 3449 3148 3504 homo
3175 3450 3267 3504 uni
3295 3452 3649 3520 responsorio
3673 3466 3789 3522 qua-

2206 3542 2330 3591 tuor
2350 3551 2538 3591 versus
2566 3535 2828 3607 adjungit,
2877 3552 2986 3592 non
3019 3548 3103 3592 est
3145 3540 3337 3595 umbra
3363 3538 3600 3608 alicujus
3636 3541 3785 3610 :enig-

2206 3628 2389 3695 matis,
2419 3629 2560 3683 sicut
2586 3629 2690 3684 iste
2714 3636 2889 3700 putat,
2930 3637 2985 3684 et
3028 3630 3445 3685 mendaeissime
3485 3633 3673 3700 putari
3706 3645 3784 3687 co-

2204 3721 2301 3791 git.
2330 3721 2389 3775 In
2415 3723 2518 3777 hoc
2547 3729 2728 3776 autem
2754 3728 2937 3775 autem
2963 3720 3107 3790 quod
3133 3720 3283 3785 dicit,
3309 3719 3560 3792 Sequitur
3588 3738 3785 3793 respon-

2203 3813 2376 3867 sorius
2415 3830 2536 3867 cum
2567 3822 2798 3885 quatuor
2823 3812 3073 3867 versibus.
3130 3811 3384 3883 Nullique
3411 3811 3637 3867 dubium
3674 3813 3785 3884 quin

2204 3902 2445 3958 Christus
2474 3904 2629 3958 homo
2653 3920 2719 3957 ea:
2750 3913 2981 3974 quatuor
3009 3902 3276 3957 elementis
3327 3904 3655 3960 consisteret.
3685 3904 3785 3960 Na-

2204 3996 2375 4051 turale
2401 4006 2476 4051 est
2503 3997 2702 4050 homini
2728 4005 2786 4049 ut
2813 4012 2879 4050 ex
2901 4006 3061 4061 terra,
3092 4005 3139 4051 et
3161 4014 3321 4069 aqua,
3349 4005 3398 4051 et
3424 4014 3569 4061 aere,
3607 4008 3653 4052 et
3678 3998 3780 4069 igne

2202 4089 2474 4141 consistat.
2526 4086 2751 4152 Quando
2791 4097 3037 4141 naturam
3084 4088 3310 4142 hominis
3337 4091 3649 4160 assumpsit,
3684 4090 3781 4143 hac

2199 4184 2429 4246 quatuor
2476 4174 2729 4229 elementa
2780 4177 3064 4247 assumpsit
3114 4194 3133 4232 :
3189 4178 3511 4248 opponenda
3557 4187 3649 4234 est
3672 4193 3781 4234 sen-

2199 4267 2369 4321 tentia
2394 4264 2637 4336 Apostoli
2666 4266 2753 4323 his
2779 4268 3117 4324 stultissimis
3145 4278 3201 4324 et
3229 4268 3563 4339 blasphemis
3588 4284 3781 4325 sermo-

2198 4360 2378 4426 nibus,
2429 4376 2536 4430 qua
2584 4360 2754 4416 dicit:
2794 4360 2977 4416 Videte
3018 4378 3082 4416 ne
3115 4362 3232 4432 quis
3284 4378 3371 4417 vos
3425 4360 3659 4431 decipiat
3701 4375 3783 4431 per

2200 4452 2606 4524 philosophiam,
2638 4462 2685 4507 et
2706 4454 2918 4508 inanem
2958 4452 3254 4523 fallaciam,
3292 4452 3585 4508 secundum
3638 4449 3784 4506 tradi

2198 4546 2389 4599 tionem
2411 4545 2703 4609 hominum,
2730 4544 3017 4599 secundum
3044 4542 3298 4599 elementa
3330 4543 3536 4608 mundi,
3590 4552 3639 4597 et
3688 4556 3780 4596 non

2197 4635 2482 4690 secundum
2506 4632 2793 4690 Christum.
2828 4634 2985 4690 Dicat
3004 4634 3313 4691 Amalarius
3342 4634 3619 4705 quomodo
3639 4630 3784 4688 Chri-

2197 4733 2313 4780 stus
2343 4726 2505 4780 homo
2548 4740 2617 4780 ex
2642 4733 2878 4795 quatuor
2916 4726 3200 4782 elementis
3247 4726 3525 4781 consistat.
3582 4724 3777 4793 Nempe

2194 4816 2311 4871 veri
2332 4816 2538 4883 fideles,
2568 4817 2623 4873 id
2649 4827 2761 4884 est,
2815 4818 3091 4884 catholici,
3135 4817 3413 4874 Christum
3455 4818 3532 4872 ita
3576 4822 3775 4880 tenent,

2193 4909 2336 4965 sicut
2353 4925 2477 4966 eum
2488 4910 2681 4967 beatus
2696 4910 3032 4983 Augustinus
3052 4911 3361 4975 conﬁtetur,
3381 4911 3567 4966 dicens
3591 4908 3772 4982 (Serm.

2196 5001 2231 5056 8
2262 5001 2327 5055 de
2346 5002 2585 5074 diversis)
2613 5022 2627 5057 :
2667 5021 2687 5054 ι
2720 5002 3097 5070 Agnoseamus
3124 5004 3395 5074 geminam
3420 5000 3773 5057 substantiam

2198 5091 2429 5160 Christi,
2462 5094 2699 5149 divinam
2724 5095 2954 5160 scilicet,
2977 5110 3084 5166 qua
3105 5096 3331 5165 aequalis
3355 5102 3439 5149 est
3469 5094 3651 5158 Patri;
3678 5093 3771 5146 hu-

2196 5199 2415 5240 manam
2441 5227 2455 5252 ,
2487 5200 2593 5255 qua
2619 5185 2793 5255 major
2845 5196 2929 5241 est
2953 5194 3129 5257 pater.
3158 5189 3459 5259 Utrumque
3486 5196 3667 5244 autem
3709 5186 3775 5242 si-

2196 5284 2330 5351 mul,
2360 5301 2468 5340 non
2488 5285 2614 5351 duo,
2640 5286 2733 5340 sed
2755 5300 2895 5339 unus
2914 5282 3162 5341 Christus
3187 5303 3201 5351 ;
3224 5301 3293 5341 ne
3327 5287 3398 5341 sit
3420 5285 3772 5356 quaternitas,

2195 5392 2303 5432 non
2329 5377 2545 5431 trinitas
2571 5376 2733 5431 Deus.
2777 5375 2929 5432 Sicut
2956 5377 3101 5431 enim
3145 5393 3285 5433 unus
3314 5386 3398 5432 est
3428 5380 3611 5442 homo,
3660 5374 3772 5431 ani-

2190 5485 2279 5524 ma
2324 5469 2623 5534 rationalis,
2655 5477 2710 5524 et
2734 5484 2894 5536 caro;
2926 5471 3005 5525 sic
3031 5486 3170 5525 unus
3196 5479 3280 5525 est
3331 5469 3598 5533 Christus,
3631 5468 3771 5523 Deus

2189 5570 2244 5616 et
2281 5564 2463 5617 homo.
2490 5562 2569 5616 Ac
2601 5579 2698 5633 per
2719 5562 2844 5629 hoc,
2888 5563 3139 5620 Christus
3183 5572 3265 5618 est
3295 5563 3459 5630 Deus,
3489 5571 3545 5617 et
3589 5561 3768 5614 anima

2191 5653 2492 5719 rationalis,
2517 5662 2570 5708 et
2591 5671 2740 5710 caro.
2775 5676 2793 5709 ›
2826 5657 3102 5711 Christum
3129 5658 3181 5711 in
3204 5655 3290 5711 his
3318 5656 3588 5717 omnibus,
3615 5650 3772 5709 Chri-

2188 5757 2334 5809 stum
2366 5747 2423 5813 in
2444 5749 2671 5827 singulis
2699 5748 3040 5807 confitemur.
3069 5749 3203 5821 Quis
3236 5756 3322 5810 est
3344 5763 3476 5827 ergo
3500 5762 3596 5825 per
3609 5755 3770 5823 quem
