4012 6338
182 315 289 376 545

1277 311 1407 368 LIB.
1451 310 1820 370 ADVERSUS
1856 313 2291 373 AMALARIUM.

3344 288 3487 384 ωε

184 433 356 489 factus
401 437 487 487 est
521 427 787 485 mundus?
833 427 1085 484 Christus
1140 426 1320 493 Jesus,
1354 430 1447 485 sed
1493 430 1547 483 in
1588 428 1779 484 forma
1791 432 1845 491 Α
1866 430 2104 486 medium
2135 430 2366 487 duorum
2394 430 2708 489 animalium
2734 443 3134 507 cognoscentur
3179 438 3450 502 elementa

183 525 295 579 Dei.
327 523 459 591 Quis
482 531 566 577 est
592 521 692 576 sub
720 520 914 575 Pontio
939 520 1116 574 Pilato
1153 521 1478 575 cruciﬁxus?
1516 519 1765 575 Christus

182 618 356 685 Jesus,
409 617 504 673 sed
541 617 596 671 in
623 615 797 671 lorma
836 615 999 670 servi.
1029 614 1161 669 Item
1211 614 1279 669 de
1315 614 1541 684 singulis
1568 613 1764 683 quibus

182 714 339 767 homo
382 718 617 765 constat.
665 708 798 776 Quis
846 724 954 763 non
994 716 1078 763 est
1102 708 1394 763 derelictus
1433 708 1489 762 in
1522 706 1765 762 inferno?

182 804 426 860 Christus
459 800 638 867 Jesus,
673 802 767 857 sed
797 801 853 855 in
897 801 1075 855 anima
1112 801 1248 856 sola.
1275 801 1408 867 Quis
1430 808 1766 855 resurrectu-

182 913 294 964 rus,
354 895 534 950 triduo
558 892 731 963 jacuit
767 894 824 949 in
853 894 1139 964 sepulcro?
1167 893 1419 949 Christus
1458 892 1638 958 Jesus,
1671 893 1764 948 sed

182 990 236 1044 in
290 1004 452 1044 carne
502 987 634 1043 sola.
666 986 947 1042 Subinfert
974 986 1139 1041 etiam
1179 986 1507 1051 Amalarius,
1537 987 1761 1040 dicens:

186 1082 443 1138 Naturale
479 1092 554 1137 est
581 1083 804 1147 homini,
853 1090 911 1135 ut
955 1098 1020 1135 e.'c
1046 1090 1209 1146 terra,
1252 1090 1297 1134 et
1324 1098 1483 1151 aqua,
1525 1089 1574 1133 et
1622 1096 1761 1145 aere,

182 1187 229 1231 et
270 1177 387 1246 igne
410 1175 683 1229 consistat.
730 1173 886 1240 Quod
926 1172 1155 1227 multum
1180 1188 1212 1226 a
1236 1187 1386 1242 pura:
1440 1172 1640 1227 mentis
1688 1172 1767 1225 in-

181 1267 478 1338 telligentia
541 1267 831 1336 discrepat.
901 1265 1016 1320 Hoc
1064 1264 1208 1319 enim
1260 1273 1623 1320 commentum
1684 1272 1766 1318 est

180 1358 653 1428 philosophorum;
687 1357 830 1426 quod
854 1355 981 1410 licet
1018 1355 1376 1411 ecclesiastici
1417 1356 1670 1411 doctores
1697 1370 1764 1410 ex

181 1460 292 1508 toto
318 1466 427 1505 non
474 1457 756 1514 evacuent,
800 1464 907 1504 non
952 1449 1034 1504 eis
1081 1458 1263 1504 tamen
1314 1465 1381 1504 ex
1425 1450 1570 1504 omni
1612 1456 1764 1520 parte

180 1549 501 1605 consonant,
551 1555 652 1596 nec
682 1540 869 1596 dicunt
892 1541 996 1596 hoc
1022 1540 1274 1595 naturale
1296 1556 1417 1595 esse
1460 1540 1514 1594 in
1540 1540 1764 1594 exordio

178 1631 422 1702 originis.
482 1631 557 1686 De
599 1645 705 1700 qua
754 1646 814 1685 re
872 1646 1019 1686 nunc
1069 1630 1280 1700 longius
1329 1631 1532 1699 aliquid
1583 1631 1763 1686 dicere

176 1724 418 1794 ineptum
444 1730 571 1777 est:
606 1722 861 1792 quoniam
908 1724 1207 1777 auctoritas
1257 1722 1554 1792 Scriptura:
1604 1724 1763 1777 aliter

1868 523 2135 592 pendere?

1940 613 2006 668 Χ.
2037 615 2169 671 Item
2182 617 2489 674 Amalarius
2505 620 2557 674 in
2572 619 2711 675 libro
2723 621 2918 692 primo,
2937 623 3175 693 capitulo
3195 625 3451 684 duodeci-

1867 722 1956 761 mo
1983 726 1995 760 :
2019 725 2037 757 ι
2060 706 2116 761 Si
2132 710 2515 776 seexinanivit,
2529 712 2682 781 juxta
2695 712 3029 783 Apostolum,
3048 725 3332 787 postquam
3348 717 3456 774 ior-

1867 814 2009 853 mam
2035 801 2418 872 serviaccepit,
2436 813 2639 872 quanto
2659 805 2832 873 magis
2855 822 2976 860 cum
2994 806 3168 862 factus
3193 816 3278 864 est
3301 810 3453 866 Patri

1866 888 2124 945 obcdiens
2149 907 2319 961 usque
2348 894 2417 946 ad
2443 902 2698 961 mortem,
2730 903 2959 950 mortem
2983 906 3164 953 autem
3191 900 3447 955 crucis?»

1936 981 2232 1036 Dicendum
2261 992 2345 1039 est
2392 985 2689 1052 Amalario,
2736 1003 2845 1048 non
2886 989 2965 1044 sic
3000 990 3183 1047 dicere
3223 992 3454 1062 Apostoo

1866 1071 1977 1126 lum
2020 1080 2079 1125 ut
2121 1073 2211 1127 ille
2264 1075 2371 1139 ait;
2406 1076 2457 1129 id
2509 1085 2613 1142 est,
2665 1077 2957 1149 Postquam
3018 1079 3253 1137 formam
3305 1083 3453 1139 servi

1868 1167 2098 1236 accepit,
2144 1167 2381 1237 seipsum
2415 1170 2742 1238 exinauivit;
2795 1175 2910 1238 sed,
2957 1177 3295 1247 semetipsum
3340 1177 3454 1232 eati-

1867 1258 2063 1311 nanirit
2108 1258 2333 1327 formam
2369 1262 2501 1315 serui
2532 1263 2833 1334 accipiens:
2865 1263 2920 1319 id
2961 1274 3065 1331 est,
3096 1267 3149 1320 in
3192 1268 3309 1336 ipsa
3362 1282 3455 1326 ao-

1865 1351 2170 1418 ceptatione
2216 1351 2400 1408 formae
2453 1355 2685 1422 servilis,
2730 1364 2787 1411 ct
2810 1371 2921 1412 non
2942 1368 3129 1428 postea
3172 1358 3352 1417 factus
3369 1367 3456 1419 est

1865 1434 2121 1497 ohed'iens
2149 1458 2318 1512 usque
2351 1444 2419 1499 ad
2451 1454 2702 1501 mortem.
2799 1496 2804 1500 .

1936 1532 2026 1587 XI.
2068 1535 2206 1589 Dicit
2231 1536 2364 1591 item
2394 1536 2698 1593 Amalarius
2734 1540 2787 1594 in
2821 1540 2960 1597 libro
2989 1540 3189 1609 'tertio,
3217 1544 3456 1614 capitulo

1864 1627 2122 1682 vicesimo
2145 1628 2338 1683 tertio:
2369 1647 2387 1679 ι
2411 1629 2564 1684 Nunc
2582 1630 2651 1685 de
2671 1630 2740 1685 Te
2752 1633 2913 1703 igitur
2933 1634 3217 1689 dicendum
3241 1643 3344 1691 est.
3370 1635 3456 1693 Ab

1865 1718 2019 1773 initio
2058 1721 2321 1776 orationis
2358 1734 2528 1791 usque
2569 1721 2635 1776 ad
2674 1723 2854 1779 locum
2889 1727 2981 1781 ubi
3015 1726 3251 1782 dicitur:
3284 1727 3354 1781 Et
3397 1727 3457 1783 in

177 1815 520 1871 sentiendum
567 1814 905 1870 demonstrat
933 1831 949 1880 ;
1004 1813 1097 1870 illo
1144 1813 1395 1869 videlicet
1463 1814 1583 1869 loco
1606 1856 1619 1880 ,
1670 1815 1761 1869 ubi
1791 1804 1837 1864 B
1865 1810 2143 1866 electorum
2172 1822 2383 1867 tuarum
2405 1813 2594 1884 jubeas
2622 1832 2774 1886 grege
2812 1820 3110 1884 numerari,
3149 1819 3461 1876 celebratur

178 1908 521 1976 omnipotens
568 1904 795 1961 Creator
832 1906 1087 1971 hominis,
1130 1906 1336 1961 homini
1385 1922 1547 1976 quem
1587 1908 1653 1962 de
1700 1906 1764 1960 li-

178 2015 263 2055 mo
310 2008 473 2055 terra:
522 1999 885 2063 formaverat,
938 1998 1079 2071 (vel,
1132 1999 1273 2055 sicut
1325 1999 1430 2054 alia
1478 2000 1763 2056 translatio

178 2092 361 2155 habet,
419 2090 487 2144 de
529 2089 767 2162 pulvere)
829 2091 950 2144 ait:
986 2088 1168 2145 Pulsis
1215 2107 1286 2155 es,
1331 2092 1461 2145 etin
1500 2091 1763 2162 pulverem

177 2185 447 2240 reverteris
487 2198 508 2235 :
561 2184 705 2253 quod
758 2199 867 2239 non
910 2192 1139 2254 possunt
1186 2184 1367 2240 facere
1421 2200 1591 2255 aqua,
1646 2201 1760 2252 aer,

177 2276 337 2346 ignis,
401 2277 496 2331 sed
542 2291 643 2330 nec
687 2277 866 2330 anima
916 2292 1078 2346 quam
1119 2275 1344 2331 Creator
1379 2278 1665 2347 inspiravit
1708 2278 1762 2332 in

176 2369 371 2425 faciem
421 2368 628 2423 homini
677 2367 909 2424 formato
932 2368 999 2423 de
1040 2368 1261 2438 pulvere
1304 2369 1438 2423 :sed
1484 2370 1556 2422 ita
1596 2369 1656 2423 ﬁt
1704 2377 1765 2423 ut

178 2463 281 2517 alio
335 2462 456 2517 loco
509 2462 791 2532 Scriptura
845 2462 1103 2531 loquitur,
1164 2462 1350 2517 dicens
1392 2482 1404 2516 :
1454 2462 1766 2516 Revertatur

171 2550 340 2621 pulvis
374 2550 431 2604 in
478 2560 673 2604 terram
703 2567 854 2604 suam
888 2550 1024 2604 unde
1056 2559 1167 2605 erat
1209 2566 1228 2603 :
1257 2560 1303 2604 et
1345 2551 1557 2621 spiritus
1589 2551 1766 2605 redeat

170 2641 244 2693 ad
288 2640 458 2693 Deum
513 2642 603 2712 qui
658 2640 802 2694 dedit
852 2640 1023 2695 illum.
1098 2641 1159 2696 Si
1205 2652 1382 2697 autem
1437 2642 1505 2697 de
1547 2644 1765 2699 homine

173 2732 417 2801 quolibet
478 2731 644 2787 nimis
672 2732 875 2788 insulse
927 2733 1127 2788 dicitur
1174 2735 1317 2804 quod
1366 2749 1431 2789 ex
1480 2734 1763 2789 elementis

172 2824 499 2879 naturaliter
533 2824 809 2889 subsistat,
843 2834 1046 2895 quanto
1084 2827 1257 2897 magis
1288 2826 1353 2881 de
1387 2826 1605 2882 Christo
1652 2827 1763 2882 Do-

172 2916 353 2982 mino,
389 2915 545 2984 cujus
572 2933 703 2973 caro
744 2918 944 2973 nullam
975 2920 1140 2973 habet
1164 2919 1452 2988 originem,
1484 2919 1590 2974 nisi
1634 2935 1763 2990 ope-

174 3012 444 3066 rationem
473 3011 653 3066 Patris
695 3018 751 3066 et
786 3010 908 3066 Filii
937 3020 993 3066 et
1022 3011 1258 3081 Spiritus
1282 3014 1479 3078 sancti,
1503 3022 1559 3067 et
1583 3028 1764 3069 susce-

166 3103 412 3172 ptionem
460 3104 628 3159 sotius
676 3105 875 3160 Verbi?
912 3105 1151 3162 Verbum
1200 3107 1345 3161 enim
1395 3124 1524 3163 caro
1554 3107 1757 3162 factum

1865 1901 2192 1957 sacriﬁcium
2218 1903 2534 1971 electorum,
2565 1905 2656 1973 qui
2678 1922 2787 1959 non
2814 1907 3014 1962 habent
3040 1908 3096 1963 in
3120 1924 3287 1965 carne
3311 1907 3457 1980 quod

1863 2001 1943 2055 eis
1975 2010 2257 2070 repugnet,
2288 2016 2463 2071 neque
2498 2003 2554 2055 tn
2594 2003 2924 2058 conscientia
2964 2005 3107 2074 quod
3145 2005 3453 2060 conturbet.

1866 2092 2017 2147 Sicut
2052 2094 2193 2147 enim
2232 2092 2339 2147 duo
2368 2093 2559 2147 altaria
2595 2101 2753 2148 erant
2792 2094 2845 2148 in
2883 2094 3228 2150 tabernaculo
3261 2094 3456 2166 Moysi,

1864 2186 1979 2240 sive
2010 2185 2064 2239 in
2094 2185 2292 2256 templo
2331 2185 2659 2250 Salomonis,
2693 2202 2859 2240 unum
2890 2188 3281 2258 thymiamatis,
3314 2187 3458 2242 alte-

1865 2291 1984 2329 rum
2019 2276 2319 2331 holocausti
2345 2291 2360 2330 :
2389 2276 2464 2329 ita
2505 2283 2633 2330 sunt
2667 2276 2774 2331 duo
2809 2276 3078 2332 sacriﬁcia
3112 2286 3315 2335 sanctre
3352 2277 3457 2332 Ec-

1864 2367 2058 2422 clesiae.
2082 2387 2104 2418 ›
2145 2367 2214 2421 Et
2254 2375 2375 2437 post
2414 2383 2620 2437 pauca,
2669 2368 2867 2423 iterum
2913 2370 3148 2440 capitulo
3197 2367 3457 2424 vicesimo

1864 2468 2057 2528 quarto
2088 2459 2375 2524 subinfert,
2415 2458 2601 2513 dicens
2627 2473 2642 2511 :
2672 2477 2691 2509 ‹
2712 2459 2994 2515 Immolato
3034 2461 3218 2531 priore
3249 2454 3459 2514 sacriﬁ-

1864 2549 1950 2602 cio
1969 2548 2336 2617 quodconstat
2363 2548 2701 2603 orationibus
2723 2549 3112 2619 perfectorem,
3139 2561 3194 2606 et
3219 2558 3302 2605 est
3332 2561 3458 2603 con-

1858 2637 2103 2707 junctum
2127 2636 2395 2692 sacriﬁcio
2421 2636 2758 2707 angelorum,
2787 2640 3132 2705 descenditur
3151 2642 3220 2696 ad
3240 2644 3459 2702 univer-

1865 2731 1975 2785 sale
1998 2731 2348 2796 sacriﬁcium,
2378 2730 2803 2785 immolationem
2830 2732 3040 2787 scilicet
3056 2731 3282 2799 Christi,
3308 2736 3455 2805 quod

1863 2822 2167 2877 celebratur
2194 2830 2319 2876 ante
2352 2820 2520 2875 Nobis
2540 2838 2745 2893 quoque
2764 2823 3143 2892 peccatoribus.
3174 2844 3195 2878 ι
3240 2826 3307 2879 Et
3334 2835 3457 2895 post

1862 2915 2081 2984 paulqu
2125 2914 2403 2986 SUlljllngll
2436 2933 2447 2968 :
2480 2934 2497 2965 ‹
2525 2916 2792 2982 Quoniam
2841 2932 2947 2971 una
2990 2917 3167 2973 hostia
3204 2917 3458 2978 Christus

1862 3004 2040 3060 oblata
2066 3012 2148 3058 est
2169 3020 2268 3073 pro
2285 3005 2450 3075 justis
2471 3014 2527 3060 et
2553 3005 2789 3075 injustis.
2817 3026 2836 3058 ι

1935 3096 2045 3151 XII.
2087 3098 2288 3152 Contra
2311 3099 2427 3154 haec
2454 3101 2618 3155 verba
2645 3100 2907 3156 Amalarii
2931 3103 3154 3159 confusa
3182 3112 3238 3161 et
3267 3107 3457 3162 turbu-

165 3165 255 3251 εει
302 3203 364 3251 ιιι
417 3196 692 3252 habitaret
718 3199 771 3253 in
825 3199 1002 3255 nobis.
1044 3199 1197 3255 Sicut
1220 3216 1351 3271 ergo
1398 3201 1528 3256 dicit
1566 3202 1760 3257 beatus
1787 3165 1833 3228 C
1863 3189 2039 3244 lenws
2064 3205 2255 3245 sensus
2281 3192 2715 3261 respondendum
2754 3202 2857 3259 θεῖν
2900 3196 3044 3264 (ιιιοά
3070 3212 3169 3252 τ’εο
3207 3196 3457 3269 Pelagius

159 3287 524 3355 Augustinus,
562 3286 813 3346 Christus
843 3298 926 3345 est
975 3290 1139 3354 Deus,
1178 3299 1233 3345 et
1276 3292 1480 3356 anima,
1506 3299 1561 3346 et
1589 3307 1758 3348 caro:

160 3379 271 3437 sed
320 3377 468 3433 Deus
501 3395 603 3435 non
630 3388 716 3435 est
754 3397 821 3436 ex
852 3382 1155 3448 elementis,
1189 3391 1388 3452 'neque
1418 3384 1618 3437 anima.
1654 3384 1763 3438 Ve-

158 3471 319 3526 ritas
340 3479 516 3527 autem
544 3474 745 3540 carnis,
775 3475 841 3530 de
872 3490 1102 3545 corpore
1136 3484 1351 3547 sumpta
1389 3486 1473 3532 est
1496 3478 1758 3548 Virginis,

155 3563 292 3618 sine
343 3563 449 3618 ullo
469 3579 633 3634 opere
657 3566 896 3621 humano
920 3567 1005 3623 vel
1032 3568 1295 3638 angelico,
1348 3570 1444 3625 sed
1469 3586 1654 3641 opere,
1702 3580 1765 3628 ut

153 3655 375 3711 dictum
402 3665 505 3721 est,
544 3664 754 3712 tantum
785 3658 984 3714 divino.
1021 3658 1174 3725 Quod
1220 3669 1400 3716 autem
1441 3661 1574 3717 dicit
1594 3661 1759 3717 Ama-

151 3748 360 3813 larius,
394 3747 621 3815 Quando
648 3748 889 3805 Christus
922 3761 1166 3806 naturam
1187 3754 1412 3809 hominis
1455 3756 1761 3826 assumpsit,

151 3845 273 3898 hec
295 3843 802 3914 quatuorelementa
846 3848 1160 3917 assumpsit;
1194 3850 1630 3918 respondendum
1676 3858 1760 3905 est

151 3934 259 4001 illi,
302 3934 451 4004 quod
487 3949 593 3990 non
631 3946 786 3992 erant
837 3937 1148 3993 redimenda
1178 3939 1443 3995 elementa
1495 3956 1525 3995 a
1580 3950 1753 3998 morte

147 4026 403 4096 peccati,
461 4027 603 4083 sicut
647 4029 809 4083 homo
856 4029 949 4099 qui
977 4045 1077 4099 per
1118 4032 1620 4100 praevaricationem
1658 4033 1759 4089 sub

148 4119 380 4174 diabolo
433 4122 677 4191 captivus
728 4125 1032 4180 tenebatur.
1087 4126 1382 4181 Erraverat
1422 4129 1567 4182 enim
1619 4130 1760 4184 sicut

145 4210 277 4264 ovis
336 4225 460 4280 quae
487 4213 651 4280 periit
682 4231 695 4267 :
733 4223 956 4285 propter
983 4231 1143 4286 quem
1176 4218 1326 4272 venit
1350 4228 1535 4288 pastor
1558 4220 1754 4287 bonus,

146 4314 215 4359 ut
240 4314 527 4376 quaereret
551 4316 608 4362 et
641 4309 930 4377 inveniret,
955 4318 1012 4367 et
1039 4313 1324 4367 reduceret
1347 4314 1414 4367 ad
1462 4329 1756 4383 supernam

144 4398 456 4468 patriam;
508 4399 597 4455 ubi
660 4400 777 4456 sine
833 4403 1305 4459 administratione
1361 4405 1756 4461 elementorum

1863 3298 1963 3337 nec
1988 3283 2274 3339 Caelestius
2306 3285 2423 3341 ausi
2455 3294 2581 3340 sunt
2610 3295 2716 3341 tam
2753 3288 3118 3345 irreverenter
3153 3306 3304 3347 suam
3339 3295 3452 3350 ha:—

1861 3375 2027 3429 resim
2076 3375 2397 3445 praedicare.
2458 3376 2594 3432 Nam
2641 3378 2716 3433 illi
2772 3381 3187 3449 possibilitatem
3242 3392 3452 3443 tantum

1861 3468 2196 3533 astruebant,
2225 3468 2453 3525 dicendo
2480 3485 2642 3539 posse
2669 3486 2791 3527 esse
2815 3473 3091 3529 hominem
3116 3475 3233 3530 sine
3260 3491 3452 3548 pecca-

1861 3568 1917 3615 to
1944 3560 1990 3614 si
2020 3559 2150 3614 velit
2178 3574 2191 3613 :
2220 3576 2328 3615 non
2359 3570 2541 3616 tamen
2563 3564 2837 3619 audebant
2864 3565 3069 3632 dicere,
3103 3581 3162 3621 se
3188 3567 3306 3623 sine
3328 3584 3457 3640 pec-

1861 3662 1982 3708 cato
1999 3669 2138 3708 esse.
2167 3652 2474 3710 Amalarius
2499 3663 2679 3711 autem
2701 3657 2870 3713 multo
2890 3658 3043 3729 pejus
3064 3660 3247 3717 dicere
3268 3663 3450 3732 audet,

1860 3746 1952 3816 qui
1998 3748 2193 3802 asserit
2230 3748 2416 3817 plures
2453 3764 2573 3805 esse
2609 3751 2700 3819 qui
2742 3768 2843 3806 nec
2882 3753 2935 3807 in
2984 3769 3211 3824 corpore
3252 3756 3455 3812 habent

1860 3836 2003 3905 quod
2024 3845 2304 3906 repugnet,
2330 3853 2430 3893 nec
2451 3838 2504 3892 in
2526 3839 2854 3895 conscientia
2878 3843 3021 3912 quod
3045 3846 3348 3899 conturbet.
3384 3846 3453 3903 Et

1860 3924 1986 3980 licet
2014 3925 2167 3995 pejus
2202 3927 2304 3981 iste
2343 3943 2507 3996 quam
2547 3930 2642 3994 illi,
2677 3939 2857 3987 tamen
2896 3934 2953 3988 in
3001 3951 3288 3992 commune
3321 3952 3452 3994 con-

1860 4017 2133 4071 tradicunt
2160 4018 2403 4086 apostolo
2423 4018 2637 4086 Joanni,
2667 4023 2865 4079 dicenti
2888 4041 2902 4080 :
2928 4025 2987 4081 Si
3013 4028 3301 4085 dixerimus
3326 4033 3451 4104 quia

1857 4117 2127 4177 peccatum
2165 4125 2269 4162 non
2299 4109 2567 4177 habemus,
2600 4112 2699 4183 ipsi
2730 4132 2822 4169 nos
2847 4117 3155 4189 decipimus,
3185 4131 3233 4177 et
3261 4124 3453 4180 veritas

1857 4199 1913 4252 in
1944 4199 2091 4254 nobis
2120 4218 2223 4255 non
2250 4211 2346 4256 est.
2396 4202 2465 4257 Et
2494 4206 2738 4275 apostolo
2768 4207 2955 4277 Paulo,
2995 4214 3086 4282 qui
3124 4213 3200 4268 ait
3233 4234 3244 4268 :
3286 4214 3451 4270 Video

1860 4289 2021 4344 aliam
2049 4291 2210 4363 legem
2240 4294 2297 4348 in
2321 4296 2564 4351 membris
2597 4298 2746 4365 meis,
2775 4313 3144 4372 repugnantem
3178 4305 3279 4376 legi
3305 4322 3451 4362 men-

1860 4384 1926 4438 tis
1958 4401 2107 4450 metu,
2137 4395 2186 4440 et
2216 4387 2476 4456 captivum
2514 4405 2597 4443 me
2632 4391 2905 4447 ducentem
2936 4396 2993 4449 in
3027 4396 3188 4466 legem
3226 4399 3452 4468 peccati;

144 4492 538 4561 corporalium
584 4495 748 4559 vivat,
801 4496 1028 4553 fruendo
1072 4498 1184 4553 Deo
1214 4514 1314 4568 per
1361 4502 1609 4555 eumdem
1651 4502 1759 4557 Be-
1783 4526 1838 4585 Ι)
1862 4490 1979 4585 ﬁt”
2012 4485 2087 4529 ⁸⁵⁸
2109 4477 2164 4585 δί’
2186 4478 2434 4585 ζηξωθνίδ
2457 4481 2607 4585 rm."
2634 4481 2763 4585 .Ubi.
2791 4494 2846 4539 ⁸⁸
2875 4487 3132 4585 “illm”?
3157 4488 3448 4585 S‘fhj‘mgi‘v

140 4581 526 4652 demptorem,
576 4585 717 4640 sicut
755 4587 1017 4657 scriptum
1047 4595 1130 4643 est
1162 4614 1174 4641 ;
1216 4588 1288 4642 Et
1327 4590 1493 4644 simus
1545 4592 1598 4645 in
1638 4608 1758 4647 vero

138 4672 304 4729 Filio
334 4673 452 4745 ejus
493 4676 621 4731 Jesu
646 4676 875 4733 Christo.
928 4678 1030 4733 Hic
1067 4690 1143 4735 est
1166 4698 1315 4736 verus
1364 4682 1525 4748 Deus,
1564 4693 1613 4737 et
1654 4686 1759 4739 vita

140 4775 385 4819 (eterna.
417 4764 553 4820 Nam
584 4768 650 4822 de
669 4769 953 4826 elementis
984 4772 1114 4827 illud
1154 4776 1481 4830 credendum
1511 4785 1595 4832 est
1617 4776 1760 4848 quod

138 4856 420 4926 princeps
450 4858 815 4927 apostolorum
869 4863 1063 4919 beatus
1107 4864 1301 4920 Petrus
1346 4866 1466 4920 ait:
1508 4867 1758 4922 Adveniet

136 4955 340 5000 autem
390 4945 503 5001 dies
550 4946 766 5003 Domini
805 4960 863 5005 ut
892 4950 1025 5020 fur:
1063 4953 1117 5006 in
1142 4970 1247 5025 qua
1291 4954 1406 5008 caeli
1450 4956 1758 5026 magnoim-

131 5046 273 5106 petis
339 5038 619 5104 transient,
647 5040 899 5096 elementa
947 5059 1064 5097 vero
1102 5044 1274 5099 calore
1305 5044 1589 5101 solventur.
1616 5045 1758 5102 Sub-

126 5127 339 5199 jnngit
397 5145 615 5201 quoque
669 5132 978 5189 Amalarius
1024 5154 1037 5189 :
1083 5135 1211 5203 Illa,
1264 5138 1319 5192 id
1380 5145 1465 5193 est
1515 5140 1753 5195 elemen-

133 5227 218 5283 ta,
254 5221 565 5291 pendebant
612 5224 668 5278 in
710 5242 862 5279 cruce
884 5227 1022 5281 inter
1071 5228 1268 5283 medios
1317 5230 1450 5284 duos
1500 5230 1750 5287 latrones.

132 5307 308 5363 Unde
358 5328 495 5366 unus
537 5331 717 5369 versus
737 5329 756 5367 :
788 5314 855 5369 In
881 5317 1051 5371 medio
1078 5318 1304 5373 duorum
1328 5321 1638 5375 animalium
1668 5339 1755 5376 co—

128 5400 450 5467 gnosceris.
490 5400 631 5467 Quid
674 5404 1018 5460 ridiculosius
1050 5407 1231 5463 dicere
1255 5410 1449 5479 potuit,
1484 5426 1646 5479 quam
1695 5418 1758 5465 ut

129 5503 242 5543 aer
298 5499 361 5545 et
413 5492 555 5562 ignis
601 5495 668 5549 de
712 5512 874 5553 cruce
929 5499 1249 5568 penderent,
1281 5517 1514 5572 quorum
1560 5511 1753 5559 natura

128 5590 252 5645 est,
291 5591 359 5635 ut
402 5600 620 5639 sursum
671 5602 859 5643 versus
902 5589 1183 5644 ferantur?
1233 5592 1298 5645 Et
1350 5594 1625 5665 subjungit
1672 5594 1754 5648 di-

126 5687 308 5739 cens,
351 5680 492 5745 quod
537 5679 612 5732 ita
651 5679 1087 5751 Ilierongmas‘in
1134 5682 1407 5737 Habacuc.
1444 5685 1559 5749 Dic,
1597 5701 1749 5757 rogo,

125 5766 281 5834 quid
350 5766 714 5831 Hicronvmus
756 5782 811 5830 et
850 5772 1137 5833 llabacuc?
1186 5774 1441 5848 Nunquid
1491 5776 1642 5846 dicit,
1690 5776 1748 5838 in

1862 4565 2083 4622 dicens:
2109 4567 2307 4639 Infelix
2334 4587 2425 4640 ego
2449 4570 2603 4626 homo
2626 4573 2646 4627 .'
2673 4575 2788 4645 quis
2810 4594 2891 4631 me
2916 4577 3153 4633 liberabit
3178 4580 3241 4633 de
3273 4598 3454 4652 corpo-

1849 4675 1917 4711 -re
1953 4661 2133 4714 mortis
2173 4661 2379 4732 hujus?
2415 4663 2704 4722 Psalmista
2743 4685 2958 4738 quoque
2991 4685 3058 4725 ex
3097 4686 3229 4727 voce
3274 4673 3453 4743 perfe-

1862 4760 2097 4818 cturum,
2123 4755 2215 4823 qui
2240 4755 2420 4811 dicere
2446 4767 2695 4826 possunt,
2728 4758 2872 4815 Sicut
2900 4778 3077 4816 cervus
3098 4763 3359 4818 desiderat
3379 4766 3449 4821 ad

1860 4846 2029 4916 fontes
2051 4863 2329 4918 aquarum,
2358 4849 2431 4902 ita
2456 4850 2721 4906 desiderat
2742 4853 2919 4906 anima
2943 4870 3058 4908 mea
3085 4854 3155 4908 ad
3187 4855 3447 4926 te,-Deus,

1862 4939 2190 5012 subjungens
2217 4942 2293 4995 ait
2317 4959 2329 4994 :
2354 4941 2436 4996 Ad
2466 4960 2548 4997 me
2580 4945 2750 5014 ipsum
2779 4945 2957 4999 anima
2986 4962 3101 5000 mea
3137 4949 3448 5004 conturbata

1861 5043 1956 5087 est.
1999 5034 2065 5087 Et
2104 5035 2298 5089 iterum
2324 5051 2337 5087 :
2363 5033 2542 5100 Quare
2565 5036 2728 5090 tristis
2756 5052 2812 5089 es
2845 5036 3023 5093 anima
3044 5055 3181 5105 mea,
3208 5050 3257 5096 et
3285 5057 3449 5113 quare

1860 5126 2139 5182 conturbas
2162 5144 2242 5181 me
2261 5128 2286 5181 ξ’

1930 5215 2063 5270 Xlll.
2108 5216 2248 5272 Dicit
2270 5219 2446 5274 adhuc
2471 5219 2610 5274 idem
2636 5220 2940 5278 Amalarius
2964 5241 2977 5277 :
3006 5220 3151 5279 Sicut
3180 5226 3317 5281 enim
3339 5227 3445 5282 duo

1861 5306 2053 5362 altaria
2079 5320 2227 5363 erant
2258 5311 2312 5364 in
2338 5310 2673 5365 tabernaculo
2702 5311 2896 5384 Moysi,
2924 5316 3030 5369 sive
3053 5318 3107 5371 in
3128 5317 3317 5388 templo
3349 5316 3448 5373 Sa-

1858 5397 2102 5464 lomonis,
2130 5418 2292 5455 unum
2331 5402 2704 5473 thymiamatis,
2747 5404 2971 5461 alterum
3004 5407 3295 5481 holocausti
3323 5423 3341 5461 :
3370 5409 3448 5464 ita

1855 5503 1974 5545 sunt
1995 5493 2099 5546 duo
2122 5494 2385 5562 sacrificia
2415 5505 2610 5547 sancta:
2638 5496 2909 5552 Ecclesia.
2956 5497 3040 5554 Ad
3065 5514 3185 5569 qua}
3220 5513 3444 5568 respon-

1855 5586 2087 5640 dendum
2118 5596 2204 5640 est
2234 5586 2327 5639 illi.
2379 5586 2619 5642 Ecclesia
2655 5590 2919 5645 catholica
2955 5591 3095 5645 sicut
3133 5606 3239 5646 non
3279 5590 3446 5649 habet

1853 5680 1988 5735 duas
2046 5680 2196 5741 ﬁdes,
2251 5687 2344 5733 aut
2405 5681 2509 5736 duo
2565 5682 2930 5753 baptismate;
2990 5684 3069 5739 sic
3118 5700 3225 5740 non
3274 5685 3443 5741 habet

1851 5773 1958 5830 duo
1990 5772 2201 5831 altaria.
2227 5780 2319 5828 aut
2346 5772 2453 5831 duo
2476 5774 2762 5832 sacriﬁcia.
2801 5777 2881 5833 lta
2909 5793 3145 5851 namque
3164 5786 3221 5834 et
3247 5779 3447 5840 beatus
