4012 6338
561 317 672 377 διτ

1523 308 1584 368 S.
1619 306 1972 367 AGOBARDI
2007 299 2321 364 EPISCOPI
2349 300 2842 365 LUGDUNENSIS

3733 306 3832 369 348

564 432 926 503 Hieromus
947 427 1005 483 in
1023 426 1361 499 expositione
1383 424 1541 482 lsaia
1563 426 1864 497 propheta,
1892 423 1987 479 ubi
2015 424 2148 479 dici-
2174 420 2228 482 Α
2249 430 2334 478 est
2378 423 2726 494 coniunctum
2769 419 3037 477 sacriﬁcio
3069 420 3405 493 angelorum,
3442 430 3499 479 et
3536 428 3718 480 tamen
3756 439 3833 484 est

564 532 689 580 tur:
718 521 784 576 In
818 520 902 575 die
937 518 1030 574 illo
1068 519 1167 573 erit
1199 518 1365 572 altare
1392 517 1604 572 Domini
1636 518 1692 571 in
1727 527 1867 571 terra
1905 514 2146 587 Egypti,

564 614 725 671 docet
746 613 971 668 dicens:
1003 631 1022 661 ι
1043 611 1120 665 ita
1155 617 1336 664 autem
1366 624 1531 664 unum
1575 609 1745 663 altare
1783 608 1983 663 dicitur
2017 622 2150 677 quo-

561 708 727 765 modo
747 722 851 761 una
880 705 1031 770 ﬁdes,
1057 713 1114 759 et
1137 720 1303 760 unum
1332 704 1618 773 baptisma,
1640 710 1695 757 et
1715 718 1816 756 una
1840 701 2100 756 Ecclesia.
2123 720 2142 753 ι

564 799 634 858 Et
673 800 915 856 iterum:
946 798 1162 855 «Unum
1201 804 1383 852 autem
1425 796 1597 849 altare
1636 794 1879 865 Egypti,
1928 794 1983 847 id
2033 800 2143 858 est,

564 891 749 950 mundi
786 892 961 956 istius,
999 888 1229 955 dicitur;
1262 897 1323 943 ut
1351 896 1542 942 cuncta
1570 887 1787 950 altaria,
1818 900 1939 956 qua
1960 892 2149 940 contra

563 986 823 1042 Ecclesia
854 986 1139 1056 eriguntur
1169 984 1358 1047 altare,
1394 982 1630 1037 sciamus
1665 996 1771 1035 non
1813 995 1935 1035 esse
1968 980 2150 1035 Domi-

564 1083 642 1139 ni.
672 1103 692 1136 ι
744 1082 943 1138 Audiat
976 1082 1140 1137 etiam
1168 1081 1271 1135 hoc
1299 1077 1623 1141 Amalarius,
1657 1076 1783 1147 quia
1813 1076 1952 1131 sicut
1980 1090 2148 1129 unum

563 1176 736 1233 altare
772 1174 1046 1237 Ecclesia,
1082 1174 1158 1227 ita
1195 1187 1333 1226 unus
1360 1170 1519 1241 panis
1554 1168 1798 1239 corporis
1834 1167 2055 1231 Christi,
2094 1173 2150 1223 et

563 1284 706 1325 Inus
733 1269 875 1324 calix
904 1266 1180 1338 sanguinis
1216 1264 1350 1333 eius.
1392 1265 1483 1320 Sic
1512 1264 1665 1319 enim
1682 1262 1969 1333 Apostolus
1997 1276 2149 1316 acce-

563 1361 647 1431 pit
666 1378 695 1417 a
723 1360 972 1424 Domino,
995 1369 1049 1414 et
1076 1356 1299 1412 tradidit
1321 1355 1573 1410 Ecclesia
1597 1368 1615 1408 :
1642 1371 1663 1406 ι
1684 1353 1946 1420 Quoniam
1968 1353 2150 1406 Domi-

564 1469 663 1508 nus
700 1462 876 1507 noster
905 1450 1059 1506 Iesus
1100 1448 1359 1513 Christus,
1395 1447 1449 1499 in
1489 1461 1595 1517 qua
1636 1453 1785 1499 nocte
1824 1443 2146 1509 tradebatur,

560 1544 763 1614 accepit
795 1557 1003 1613 panem,
1035 1550 1085 1595 et
1112 1540 1311 1610 gratias
1348 1553 1526 1608 agens,
1558 1535 1734 1605 fregit,
1760 1544 1807 1588 et
1837 1534 1969 1587 dixit
1993 1551 2009 1587 :
2035 1533 2149 1587 Hoc

559 1645 635 1690 est
665 1651 853 1705 corpus
880 1648 1075 1697 meum,
1099 1630 1238 1702 quod
1264 1646 1358 1701 pro
1384 1629 1525 1684 robis
1552 1627 1808 1682 tradetur.
1854 1626 1966 1680 Hoc
1991 1627 2148 1696 facile

558 1726 619 1782 in
633 1742 801 1780 meam
814 1723 1377 1780 commemorationem.
1401 1719 1657 1775 Similiter
1680 1728 1729 1773 et
1745 1717 1979 1781 calicem,
2004 1727 2148 1787 post-

2249 512 2554 569 universale
2568 522 2623 569 et
2635 513 2848 569 immola
2857 513 2929 568 tio
2945 512 3188 569 Christi?
3217 514 3349 582 Quis
3370 514 3572 571 audivit
3596 533 3833 588 unquam

2249 604 2402 660 tale?
2424 604 2531 659 Aut
2553 621 2673 676 qua
2692 620 2927 674 unquam
2950 606 3176 662 baresis
3199 607 3253 662 in
3275 616 3385 662 tam
3407 607 3831 667 irrationabilem

2248 709 2309 752 se
2332 696 2592 752 demersit
2615 697 3027 757 confusionem?

2319 788 2437 842 XV.
2478 788 2765 861 Subiungit
2802 798 2981 845 autem
3026 790 3202 845 adhuc
3238 790 3324 846 bis
3361 790 3564 856 verbis,
3606 792 3829 850 dicens:

2255 898 2278 933 s
2303 880 2569 947 Quoniam
2603 898 2709 935 una
2738 882 2910 936 hostia
2946 881 3197 937 Christus
3224 880 3404 936 oblata
3430 890 3516 937 est
3549 898 3649 954 pro
3679 885 3833 955 iustis

2250 983 2304 1029 et
2328 972 2561 1043 iniustis.
2593 994 2612 1026 ι
2655 972 2772 1029 Non
2798 974 2871 1028 ita
2899 973 3083 1029 dicunt
3103 975 3267 1044 primi
3296 975 3545 1046 apostoli,
3572 975 3768 1031 Petrus
3786 986 3835 1033 et

2249 1066 2467 1129 Paulus,
2509 1080 2740 1136 quorum
2769 1066 2956 1136 prior:
2983 1064 3245 1131 Christus,
3277 1067 3371 1131 ait,
3403 1066 3563 1121 semet
3587 1084 3687 1134 pro
3719 1084 3832 1137 pec-

2250 1160 2380 1213 catis
2417 1160 2610 1213 nostris
2648 1169 2886 1213 mortuus
2921 1167 3017 1223 est,
3056 1159 3237 1230 justus
3278 1176 3372 1229 pro
3416 1160 3650 1230 injustts.
3694 1161 3832 1216 Alter

2250 1265 2379 1306 vero
2404 1267 2416 1304 :
2446 1250 2514 1305 Ut
2537 1252 2662 1322 quid
2686 1254 2823 1306 enim
2845 1249 3110 1319 Christus,
3138 1269 3257 1306 cum
3282 1252 3455 1306 adhuc
3481 1252 3683 1323 inﬁrmi
3709 1270 3835 1309 esse—

2249 1358 2389 1407 mus,
2431 1342 2715 1396 secundum
2762 1352 2965 1413 tempus
3008 1359 3103 1414 pro
3144 1344 3315 1413 impiis
3355 1354 3595 1399 mortuus
3634 1354 3733 1399 est.
3776 1344 3835 1400 Et

2250 1444 2373 1505 post
2398 1449 2568 1505 pauca
2602 1454 2612 1487 :
2646 1434 2906 1500 Quoniam
2941 1438 2985 1490 si
3015 1451 3131 1490 cum
3164 1437 3337 1491 adhuc
3372 1448 3673 1506 peccatores
3710 1455 3836 1493 esse-

2250 1542 2387 1589 mus,
2412 1526 2650 1581 Christus
2672 1544 2766 1598 pro
2790 1528 2933 1581 nobis
2954 1536 3195 1582 mortuus
3220 1537 3337 1594 est;
3364 1529 3531 1582 multo
3551 1529 3721 1599 igitur
3740 1548 3835 1585 ma-

2250 1619 2328 1689 gis
2349 1618 2629 1688 justi/icati
2660 1635 2797 1673 nunc
2824 1620 2878 1673 in
2906 1621 3160 1689 sanguine
3181 1619 3366 1689 ipsius,
3397 1619 3530 1673 salvi
3556 1622 3758 1674 erimus
3776 1622 3831 1675 ab

2250 1711 2333 1764 ira
2361 1728 2453 1781 per
2472 1712 2659 1781 ipsum.
2700 1709 2758 1767 Si
2793 1712 2928 1766 enim
2959 1728 3077 1765 cum
3106 1712 3305 1766 inimici
3331 1728 3583 1777 essemus,
3614 1716 3834 1769 reconci-

555 1834 717 1889 quam
747 1818 985 1882 sanavit,
1014 1818 1191 1871 dicens
1213 1829 1232 1867 :
1256 1814 1361 1870 Hic
1380 1814 1519 1868 calix
1560 1828 1747 1868 novum
1781 1822 2143 1867 testamentum
2175 1788 2222 1847 Β
2250 1800 2365 1855 “ali
2395 1818 2574 1856 sumus
2602 1802 2712 1856 Deo
2741 1818 2832 1873 per
2855 1812 3072 1857 mortem
3113 1801 3241 1857 Filii
3282 1805 3418 1874 ejus,
3462 1806 3632 1860 multo
3680 1807 3834 1877 magis

558 1921 633 1966 est
650 1911 704 1964 in
715 1927 828 1964 meo
845 1910 1122 1981 sanguine.
1144 1906 1261 1962 Hoc
1284 1907 1442 1976 facite
1456 1906 1857 1977 quotiescunque
1872 1907 2078 1959 sumitis
2094 1908 2147 1959 in

554 2016 726 2057 meam
740 2001 1300 2057 commemorationem.
1332 1998 1485 2055 Unde
1499 2007 1555 2053 et
1570 1997 1812 2053 Ecclesia
1831 2014 1894 2053 ex
1912 1999 2150 2054 traditio-

554 2094 1006 2163 Ieapostolorum
1024 2092 1107 2145 his
1119 2092 1295 2146 verbis
1309 2105 1639 2146 consecrans
1668 2092 1983 2160 mysterium
2006 2092 2148 2145 sacri

554 2184 803 2255 corporis
831 2192 891 2240 et
918 2184 1194 2253 sanguinis
1232 2184 1464 2247 Domini,
1502 2182 1850 2249 designauter
1887 2184 2020 2239 dicit
2053 2184 2152 2237 Do-

550 2273 764 2329 minum
779 2274 981 2331 dixisse
1004 2273 1288 2343 apostolis:
1304 2272 1531 2341 Accipite
1559 2284 1606 2325 et
1634 2273 1945 2327 manducate
1968 2290 2032 2329 ea:
2053 2275 2149 2328 hoc

553 2380 753 2421 omnes.
774 2365 889 2421 Hoc
900 2369 1124 2421 est‘enim
1140 2384 1328 2439 corpus
1340 2381 1531 2421 meum.
1560 2363 1731 2420 Simili
1748 2367 1901 2419 modo
1912 2376 1960 2421 et
1972 2377 2151 2437 postea

553 2470 714 2527 quam
728 2466 985 2513 cornutum
998 2468 1094 2523 est,
1108 2459 1369 2527 accipiens
1378 2468 1425 2512 et
1435 2458 1572 2511 hunc
1585 2454 1897 2525 praclarum
1910 2457 2146 2512 calicem.

554 2546 817 2605 Attendat
829 2550 1001 2607 fidelis
1014 2552 1244 2622 quisque
1259 2551 1385 2620 quid
1402 2559 1485 2606 est
1506 2546 1648 2620 quod
1668 2548 1799 2604 dicit
1818 2550 1974 2605 hunc.
1996 2552 2152 2606 Vide-

551 2637 683 2696 licet
706 2642 832 2711 quia
859 2642 1001 2697 calix
1023 2657 1185 2712 quem
1201 2643 1458 2697 sacerdos
1484 2644 1776 2708 sacriﬁcat,
1791 2657 1900 2697 non
1915 2649 1997 2697 est
2013 2641 2151 2696 alius

552 2732 659 2788 nisi
677 2733 791 2803 ipse
810 2749 975 2804 quem
994 2736 1251 2790 Dominus
1278 2736 1537 2805 apostolis
1564 2736 1805 2792 tradidit.
1837 2735 1989 2791 Sicut
2021 2751 2151 2806 ergo

554 2821 624 2879 de
650 2825 914 2894 sanguine
931 2863 947 2888 ,
984 2827 1066 2880 sic
1088 2841 1303 2895 quoque
1326 2828 1392 2882 de
1416 2843 1646 2898 corpore
1667 2830 2009 2885 sentiendum
2042 2835 2145 2883 est.

552 2912 567 2941 ί
630 2912 769 2968 XIV.
817 2913 1022 2970 Deinde
1067 2916 1345 2988 sul-iungit
1379 2916 1709 2986 Amalarius,
1746 2920 1972 2976 dicens:
2003 2918 2150 2973 clm-

557 3002 761 3058 molato
802 3004 985 3073 priore
1025 3008 1296 3062 sacrilicio
1319 3050 1335 3073 ,
1376 3011 1521 3079 quod
1560 3020 1773 3067 constat
1811 3012 2147 3068 orationibus

555 3102 888 3162 sanctorum,
921 3104 976 3152 et
1010 3107 1095 3153 est
1130 3097 1473 3166 coniunctum
1506 3102 1776 3159 sacriﬁcio
1804 3103 2137 3171 angelorum,

2250 1895 2573 1948 reconciliati
2610 1895 2739 1949 salvi
2776 1898 2971 1950 erimus
3018 1898 3073 1950 in
3108 1897 3213 1951 vita
3252 1897 3436 1967 ipsius.
3477 1898 3545 1953 Et
3579 1899 3835 1955 Dominus

2249 1984 2302 2038 in
2332 1985 2626 2056 Evangelio
2655 2004 2668 2038 :
2698 1985 2819 2040 Non
2844 1987 2955 2042 veni
2981 2003 3168 2041 vocare
3185 1988 3381 2058 justas,
3420 1990 3512 2043 sed
3543 2001 3836 2061 peccatores

2246 2077 2303 2129 in
2327 2078 2702 2147 panitentiam.
2732 2078 2867 2133 Nam
2894 2080 2995 2134 etsi
3018 2089 3144 2134 ante
3165 2082 3472 2150 passionem
3490 2082 3710 2137 Domini
3736 2082 3836 2139 fue-

2249 2178 2375 2224 runt
2393 2170 2725 2239 mullijusti;
2757 2172 2843 2226 illa
2863 2172 2964 2228 ﬁde
2980 2174 3171 2229 salvati
3200 2184 3343 2240 sunt,
3368 2190 3471 2245 qua
3497 2176 3837 2232 crediderunt

2249 2262 2523 2317 Christum
2552 2267 2874 2320 moriturum
2908 2280 3008 2336 pro
3039 2266 3253 2335 iniustis
3285 2277 3340 2323 et
3380 2269 3581 2339 impiis,
3629 2279 3693 2325 et
3733 2270 3835 2342 ipsa

2249 2353 2386 2410 ﬁdes
2419 2355 2544 2410 libet
2558 2358 2667 2411 avit
2694 2370 2790 2412 eos
2810 2357 2881 2412 ab
2908 2357 3168 2426 iniustitia
3198 2367 3253 2413 et
3279 2360 3574 2430 impietate.

2322 2448 2461 2504 XVI.
2513 2447 2655 2505 Dicit
2684 2450 2877 2506 iterum
2905 2451 3212 2508 Amalarius
3254 2454 3307 2507 in
3335 2462 3527 2524 quarto
3561 2453 3731 2520 libro,
3757 2469 3837 2510 ca-

2247 2541 2420 2612 pitulo
2456 2550 2690 2612 quarto:
2722 2563 2741 2595 ι
2765 2543 2861 2599 Est
2895 2544 3148 2602 sacerdos
3187 2546 3239 2601 in
3275 2555 3442 2613 terra,
3480 2548 3567 2603 cui
3602 2549 3835 2619 quotidie

2249 2648 2471 2688 necesse
2497 2643 2579 2688 est
2607 2649 2706 2705 pro
2731 2651 2790 2691 se
2813 2644 2867 2691 et
2890 2652 2991 2707 pro
3016 2638 3211 2708 populo
3235 2637 3329 2692 Dei
3353 2639 3718 2695 intercedere.
3753 2638 3835 2694 Est

2251 2726 2590 2779 sacerdosin
2634 2727 2792 2789 coelo,
2836 2728 2919 2781 cui
2958 2744 3062 2782 non
3106 2735 3188 2783 est
3222 2742 3444 2784 necesse
3486 2728 3832 2796 intercedere,

2250 2817 2343 2872 sed
2370 2824 2548 2871 tamen
2576 2818 2711 2884 vult,
2740 2828 2792 2873 et
2816 2819 3119 2889 interpellat
3142 2820 3382 2889 quotidie
3406 2835 3508 2891 pro
3530 2821 3714 2877 nobis.
3752 2820 3834 2877 Sa-

2250 2916 2443 2971 cerdos
2465 2912 2556 2983 qui
2581 2912 2744 2967 estin
2770 2918 2935 2977 terra,
2964 2926 3069 2968 non
3100 2912 3215 2968 vult
3243 2929 3419 2984 neque
3443 2923 3628 2985 potest
3666 2917 3832 2972 dicere

2249 3007 2392 3076 quod
2421 3007 2626 3074 absque
2659 3012 2884 3075 peccato
2908 3004 2999 3069 sit,
3029 3005 3238 3060 dicente
3267 3004 3473 3062 Joanne
3506 3025 3520 3060 :
3561 3005 3620 3062 Si
3652 3008 3835 3062 dixeri-

2249 3114 2366 3152 mus
2391 3098 2638 3169 quoniam
2669 3106 2939 3167 peccatum
2969 3112 3073 3150 non
3100 3096 3368 3161 habemus,
3400 3114 3495 3152 nos
3520 3098 3671 3169 ipsos
3694 3099 3834 3153 scdu-

558 3185 904 3244 descenditur
941 3190 1009 3244 ad
1044 3191 1347 3245 universale
1381 3193 1725 3248 sacriﬁcium.
1749 3215 1767 3247 ι
1810 3156 1936 3251 Hdie
1975 3156 2142 3250 verba
2172 3156 2219 3222 ϐ
2250 3192 2437 3255 cimus,
2465 3198 2513 3244 et
2541 3190 2728 3243 veritas
2755 3190 2810 3242 in
2831 3187 2978 3241 nobis
2999 3197 3223 3242 nonest.
3263 3188 3364 3256 Qui
3387 3201 3572 3245 tamen
3596 3190 3832 3261 quamvis

558 3277 818 3336 Amalarii
850 3297 958 3335 non
998 3291 1297 3337 consonant
1321 3283 1630 3339 'sinceritati
1664 3286 1962 3341 catholica.
2006 3286 2142 3342 Cum

559 3372 705 3427 enim
731 3373 865 3427 dicit
896 3374 1069 3443 priore
1104 3374 1387 3439 sacri/icio,
1414 3375 1653 3431 ostendit
1680 3393 1737 3433 se
1764 3377 1907 3432 aliud
1934 3377 2147 3433 sacriﬁ-

556 3462 702 3521 cium
738 3477 949 3533 sapere,
985 3465 1128 3534 quod
1162 3466 1235 3520 sit
1262 3467 1547 3526 posterius.
1589 3467 1723 3524 Cum
1758 3483 1890 3523 vero
1920 3468 2146 3537 subiun-

559 3554 657 3623 git,
696 3555 834 3626 quod
866 3565 1071 3610 constat
1091 3559 1415 3613 oratlonibus
1453 3560 1824 3630 perfectorum,
1852 3569 1901 3615 et
1925 3569 1998 3614 est
2021 3577 2147 3614 con-

553 3646 801 3719 iunctum
831 3648 1091 3719 sacri/icio
1117 3664 1455 3721 angetorum;
1492 3654 1689 3707 mirum
1717 3656 1762 3707 si
1792 3652 1878 3707 vel
1907 3653 2022 3722 ipse
2061 3653 2149 3707 in-

559 3736 755 3809 telligit
782 3740 910 3809 quid
936 3740 1203 3810 loquatur.
1254 3741 1387 3796 Nam
1415 3744 1683 3811 quomo-lo
1704 3751 1914 3798 constat
1937 3743 2147 3798 sacriﬁ-

562 3828 707 3884 cium
742 3830 1078 3886 oratiouibus
1107 3831 1515 3902 perfectorum?
1554 3833 1803 3905 Nunquid
1837 3835 1980 3890 aliud
2017 3851 2146 3892 con-

554 3924 667 3974 stat
691 3921 1028 3977 orationibus
1046 3924 1438 3991 peccatorum?
1475 3925 1545 3979 Et
1575 3926 1624 3979 si
1650 3926 1976 3981 sacriﬁcium
2002 3929 2143 3996 quod

555 4018 768 4066 constat
795 4012 1129 4066 orationibus
1157 4012 1543 4081 perfectorum,
1575 4012 1919 4082 coniunctum
1948 4025 2031 4072 est
2056 4032 2146 4071 sa-

555 4089 764 4158 criﬁcio
788 4104 1123 4175 angelorum,
1151 4106 1294 4175 quod
1340 4113 1557 4162 constat
1591 4108 1925 4163 orationibus
1950 4124 2145 4178 pecca-

554 4201 759 4260 torum,
788 4195 1029 4266 nunquid
1052 4182 1395 4269 tioniungitur
1420 4199 1687 4254 sacriﬁcio
1714 4202 2145 4256 damoniorum?

561 4285 770 4342 Deinde
801 4287 965 4342 infert
991 4287 1213 4343 dicens:
1239 4289 1585 4344 Descenditur
1620 4292 1689 4346 ad
1726 4293 2018 4350 universale
2049 4310 2142 4350 sa-

557 4382 814 4453 criﬁcium
841 4423 858 4449 ,
906 4384 1320 4440 immolationem
1360 4388 1554 4442 scilicet
1605 4388 1822 4444 Christi.
1870 4389 2010 4458 Quid
2059 4399 2143 4447 est

557 4475 702 4546 quod
719 4474 1001 4545 loquitur?
1041 4476 1193 4533 Unde
1218 4478 1605 4536 descenditur?
1639 4481 1708 4536 Et
1728 4497 1836 4552 quo
1860 4483 2142 4539 descendi—

558 4569 686 4623 tur?
719 4568 918 4639 Aperte
943 4568 1076 4625 dicit
1100 4587 1113 4623 :
1137 4569 1487 4626 Descenditur
1511 4574 1581 4627 ad
1619 4574 1910 4630 universale
1940 4577 2142 4645 sacriﬁ-

556 4660 718 4714 cium.
760 4659 819 4715 Si
848 4660 1194 4717 descenditur
1232 4663 1300 4717 ad
1325 4664 1646 4729 universale,
1685 4666 1739 4721 id
1774 4676 1879 4734 est,
1914 4668 2141 4723 catholi-

558 4764 682 4805 cum
730 4746 895 4821 (quod
912 4752 1059 4808 enim
1082 4751 1274 4809 Latine
1294 4754 1491 4810 dicitur
1511 4756 1840 4822 universale,
1865 4758 1967 4812 hoc
1992 4757 2141 4812 Gra-

558 4852 623 4893 ce
636 4840 1006 4911 catholicum),
1023 4842 1372 4899 descenditur
1400 4859 1528 4916 ergo
1553 4846 1619 4901 de
1645 4861 1752 4901 non
1778 4846 2045 4901 catholico
2072 4846 2140 4900 ad

558 4927 907 4995 catholicum,
935 4931 1358 4991 immolationem
1387 4936 1593 4991 scilicet
1618 4936 1837 4991 Christi.
1870 4935 1925 4991 Si
1955 4945 2139 5004 poste-

556 5020 676 5076 rius
704 5021 1047 5091 sacrificium,
1079 5026 1253 5095 ipsum
1283 5036 1368 5082 est
1396 5027 1722 5091 universale,
1758 5034 1813 5081 et
1839 5027 2140 5083 immolatio

558 5108 781 5166 Christi.
811 5112 952 5185 Ergo
987 5116 1137 5185 prius
1171 5118 1519 5184 sacriﬁcium,
1557 5133 1660 5173 nec
1695 5118 1999 5175 universale
2031 5126 2136 5187 est,

554 5214 662 5259 nec
682 5202 976 5263 immolatio
998 5207 1218 5264 Christi.
1256 5208 1327 5262 Et
1354 5210 1623 5277 quomodo
1647 5211 1920 5267 constabit
1936 5212 2141 5269 oratio-

554 5294 719 5352 nibus
766 5296 1127 5368 perl‘ectorum
1155 5341 1172 5368 ,
1218 5308 1275 5356 et
1324 5300 1432 5355 erit
1476 5302 1820 5373 coniunctum
1873 5306 2140 5363 sacriﬁcio

555 5389 892 5461 angelorum,
918 5393 963 5449 si
989 5408 1097 5448 non
1129 5402 1213 5449 est
1236 5394 1539 5450 universale
1567 5405 1621 5451 ct
1658 5396 1954 5452 immolatio
1981 5397 2138 5453 Chri-

553 5483 669 5540 sti?
705 5483 823 5553 Dic,
846 5502 999 5559 ergo,
1025 5487 1187 5557 quale
1225 5488 1552 5545 sacriﬁcium
1586 5500 1670 5545 est
1708 5492 1920 5558 melius,
1955 5501 2132 5547 utrum

554 5574 686 5634 illud
710 5580 882 5649 prius,
910 5589 1168 5635 constans
1200 5581 1533 5638 orationibus
1571 5581 1959 5653 pel-lectorum,
1989 5584 2136 5653 quod

555 5674 740 5724 tamen
766 5686 872 5726 non
899 5678 984 5726 est
1004 5669 1326 5736 universale,
1350 5686 1450 5726 nec
1472 5672 1766 5729 immolatio
1785 5674 2029 5729 Christi?
2051 5673 2134 5728 An

554 5765 852 5840 posterius,
876 5764 1024 5845 quod
1044 5774 1260 5826 constat
1279 5767 1612 5826 orationibus
1634 5777 1977 5841 peccatorum
1990 5810 2007 5840 ,
2036 5785 2136 5827 nec

2165 4520 2218 4580 D

2247 3284 2320 3337 sit
2344 3289 2621 3352 peccator,
2660 3295 2766 3335 non
2793 3279 2953 3335 debet
2982 3294 3012 3333 a
3040 3280 3369 3335 conscientia
3393 3295 3491 3336 sua
3516 3281 3759 3338 morderi
3783 3288 3832 3336 ut

2246 3381 2456 3429 tantum
2496 3373 2568 3427 sit
2599 3379 2871 3442 peccator,
2903 3377 3167 3442 quantum
3197 3371 3395 3428 multos
3418 3373 3706 3444 cognoscit
3724 3385 3829 3428 esse

2245 3466 2301 3521 in
2327 3464 2523 3535 populo
2550 3473 2726 3518 terra.
2752 3484 2771 3517 ι

2316 3557 2478 3613 Xl’ll.
2519 3556 2576 3610 lu
2600 3556 2685 3611 his
2700 3555 2880 3611 verbis
2899 3556 3157 3612 Amalarii
3180 3558 3330 3627 vagis
3354 3565 3407 3612 et
3432 3554 3765 3622 furibundis,
3786 3564 3833 3612 et

2245 3649 2393 3704 omni
2420 3647 2765 3716 despectione
2805 3646 3001 3717 dignis,
3047 3647 3136 3701 illa
3180 3649 3414 3717 pessima
3460 3657 3591 3704 sunt
3636 3649 3829 3720 quibus

2245 3742 2362 3795 ait:
2387 3740 2492 3805 Qui
2520 3750 2695 3793 tamen
2722 3738 2799 3809 (id
2828 3747 2930 3805 est,
2961 3740 3253 3814 sacerdos),
3282 3742 3520 3812 quamvis
3552 3743 3622 3796 sit
3652 3758 3831 3812 pecca-

2246 3842 2347 3898 tor,
2373 3848 2477 3886 non
2505 3832 2650 3885 debet
2678 3848 2711 3884 a
2740 3833 3056 3886 conscientia
3075 3848 3173 3887 sua
3196 3833 3445 3899 τηου-ἀειῆ,
3470 3840 3528 3886 ut
3548 3844 3758 3887 tantum
3774 3833 3835 3888 sit

2243 3933 2506 3995 peccator,
2553 3929 2808 3993 quantum
2851 3922 3042 3977 multos
3086 3925 3348 3994 cognoscit
3398 3939 3510 3977 esse
3555 3924 3612 3976 in
3650 3921 3834 3994 populo

2246 4024 2421 4070 teme.
2464 4012 2588 4067 Hac
2605 4011 2773 4066 verba
2797 4025 2904 4066 non
2928 4020 3135 4068 tantum
3161 4012 3370 4068 inutilia
3398 4020 3556 4077 sunt;
3584 4014 3684 4068 sed
3711 4010 3832 4067 mal.

2245 4117 2361 4165 tum
2390 4110 2571 4173 noxia,
2614 4115 2670 4160 ct
2705 4108 2922 4164 veritati
2955 4108 3250 4162 contraria.
3290 4107 3567 4163 Catholica
3602 4121 3831 4176 namque

2243 4199 2380 4255 ﬁdes
2416 4200 2494 4255 sic
2524 4215 2581 4255 se
2610 4202 2793 4265 habet,
2829 4207 2891 4253 ut
2920 4197 3119 4253 nullius
3151 4198 3339 4252 credat
3369 4196 3637 4267 acceptari
3666 4212 3701 4251 a
3728 4196 3830 4250 Deo

2245 4293 2571 4348 sacriﬁcium
2611 4294 2697 4349 vel
2742 4293 3065 4356 orationem,
3102 4292 3207 4346 nisi
3246 4292 3361 4362 eius
3397 4291 3488 4360 qui
3519 4288 3832 4361 cognoverit

2244 4386 2587 4456 iniquitatem
2616 4402 2803 4453 suam;
2835 4386 2975 4441 sicut
3000 4384 3282 4440 manifeste
3309 4386 3639 4440 demonstrat
3664 4381 3832 4439 David

2246 4477 2300 4532 in
2330 4479 2576 4534 oratione
2614 4479 2948 4548 pmnitentia
2993 4493 3123 4542 sua,
3172 4475 3358 4531 dicens
3388 4494 3401 4529 :
3435 4474 3685 4547 Amplius
3722 4474 3832 4529 lane

2246 4587 2329 4624 me
2355 4570 2419 4625 ab
2447 4570 2721 4641 iniquitate
2758 4586 2894 4635 mea,
2933 4578 2983 4623 et
3027 4584 3060 4623 α
3091 4577 3303 4640 peccato
3341 4576 3454 4623 meo
3489 4567 3693 4623 munda
3734 4583 3828 4621 me.

2248 4660 2511 4726 Quoniam
2532 4661 2861 4732 iniquitatem
2883 4676 3050 4715 meam
3076 4677 3169 4731 ego
3198 4676 3471 4731 cognosco,
3494 4669 3545 4713 et
3565 4666 3829 4729 peccatum

2245 4767 2417 4807 meum
2439 4762 2620 4807 contra
2648 4769 2732 4808 me
2750 4761 2825 4808 est
2850 4768 3068 4824 semper.
3113 4752 3191 4808 Ac
3226 4753 3270 4807 si
3301 4752 3508 4807 diceret
3533 4770 3546 4805 :
3570 4749 3700 4805 ideo
3725 4762 3831 4803 me-

2246 4858 2371 4898 rear
2412 4842 2799 4915 indulgentiam
2842 4854 3009 4911 tuam,
3055 4846 3181 4915 quia
3232 4843 3457 4916 cognovi
3491 4843 3828 4913 iniquitatem

2246 4948 2443 4988 meam.
2489 4933 2621 4988 Nam
2654 4936 2699 4990 si
2736 4951 2836 5008 ego
2864 4951 2972 4991 non
2999 4948 3289 5007 agnovere,
3327 4944 3383 4989 tu
3418 4950 3527 4989 non
3562 4934 3826 5005 ignosces.

2244 5022 2338 5081 Sic
2363 5034 2420 5082 et
2443 5028 2705 5085 Dominus
2726 5043 2827 5101 per
2851 5029 3066 5102 Moysen
3095 5032 3356 5102 pracipit,
3380 5029 3567 5085 dicens
3595 5046 3610 5082 τ
3635 5024 3694 5083 Si
3714 5042 3830 5100 pec-

2241 5119 2435 5173 caverit
2462 5121 2718 5192 princeps,
2753 5131 2801 5176 et
2828 5120 3009 5191 fecerit
3036 5137 3202 5176 unum
3237 5138 3265 5177 e
3293 5119 3532 5193 pluribus
3561 5136 3658 5190 per
3683 5119 3830 5189 igno-

2241 5212 2471 5267 rantiam
2496 5214 2636 5285 quod
2673 5211 2886 5268 Domini
2908 5212 3016 5285 lege
3035 5214 3358 5285 prohibetur,
3390 5222 3439 5268 et
3462 5221 3644 5284 postea
3673 5209 3830 5264 intel-

2239 5302 2424 5359 lexerit
2460 5314 2727 5374 peccatum
2765 5320 2939 5373 suum,
2977 5306 3164 5375 offerat
3207 5306 3431 5360 hostiam
3476 5302 3723 5358 Domino.
3764 5299 3830 5356 Et

2239 5405 2359 5465 post
2386 5412 2595 5466 pauca:
2620 5394 2842 5468 Rogabit
2877 5415 2971 5470 pro
3009 5414 3069 5453 eo
3106 5398 3371 5464 sacerdos,
3402 5406 3450 5451 et
3483 5412 3579 5468 pro
3614 5401 3827 5467 peccato

2236 5490 2375 5558 ejus,
2401 5506 2464 5543 ac
2490 5489 2781 5543 dimittetur
2811 5490 2877 5544 ei.
2919 5490 2987 5544 Et
3016 5491 3209 5545 iterum
3238 5507 3252 5545 :
3280 5490 3471 5544 Anima
3508 5488 3554 5543 si
3584 5500 3828 5558 peccare-

2236 5583 2303 5635 rit
2333 5599 2426 5654 per
2452 5584 2827 5652 ignorantiam,
2858 5583 3138 5654 feceritque
3160 5599 3323 5638 unum
3350 5600 3416 5639 ea:
3440 5583 3522 5637 his
3558 5595 3673 5653 qua:
3718 5577 3829 5632 Do-

2238 5675 2369 5728 mini
2388 5673 2497 5744 lege
2518 5674 2875 5744 prohibentur,
2896 5687 2944 5729 et
2968 5675 3164 5746 peccati
3189 5691 3276 5729 rea
3297 5673 3609 5729 intellexerit
3638 5669 3828 5739 iniqui-

2238 5768 3037 5846 tatem.suam,ro/]'erat-arietem
3064 5767 3463 5826 immaculatum
3492 5768 3557 5826 de
3576 5762 3823 5840 gregibus
