4012 6338
1634 337 1983 417 ,οΑειωΜ

3318 336 3427 398 550

141 460 441 527 sacerdoti,
457 459 621 533 juxta
647 475 949 516 mansuram
975 459 1475 530 (estimationemque
1501 458 1739 528 peccati:
1768 474 1820 528 Α
1843 474 2015 530 usque.
2043 458 2169 514 dum
2198 456 2491 513 involvitur
2522 455 2664 513 calix
2689 455 2759 512 de
2786 455 3002 513 sudario
3030 457 3259 524 diaconi,
3305 445 3431 516 vice

142 553 243 627 qui
273 551 445 607 orabit
472 568 567 624 pro
597 568 657 607 eo
681 552 820 624 quod
859 553 1092 607 nesciens
1116 551 1332 621 fecerit;
1367 559 1417 604 et
1454 549 1744 603 dimittetur

143 645 199 700 ei
220 644 316 716 qui
343 659 438 715 per
461 659 691 702 errorem
718 642 935 714 deliquit
959 643 1014 696 in
1037 642 1282 696 Domino.
1324 639 1579 696 Salomon
1606 655 1742 710 quo-

144 751 261 810 que
287 736 342 790 in
363 735 701 791 dedicatione
732 734 914 804 templi
943 749 1108 790 orans
1132 733 1265 788 dicit
1290 751 1302 786 :
1330 731 1388 785 Si
1415 731 1531 799 quis
1561 745 1747 800 cogno-

142 828 286 884 uerit
328 826 542 898 plagam
588 826 759 880 cordis
794 826 900 890 sui,
952 834 999 879 et
1038 822 1324 879 extenderit
1381 837 1585 898 manus»
1620 836 1745 875 suas

140 920 209 975 in
236 896 402 975 lauto
423 896 546 985 hac,
583 928 642 973 tu
680 918 927 973 exaudiet
957 917 1013 972 in
1040 917 1153 972 loco
1179 913 1515 969 habitationis
1545 896 1668 977 tuae,
1697 919 1746 965 et

146 1010 596 1085 repropitiaberis.
634 1009 938 1080 Perpendat
960 1008 1197 1078 prudens
1220 1006 1414 1071 fidelis,
1437 1019 1602 1075 quam
1624 1018 1750 1058 con-

145 1103 388 1158 trarium
439 1103 511 1158 sit
555 1102 768 1157 veritati
810 1100 1005 1156 divina:
1049 1098 1336 1155 consilium
1384 1095 1666 1161 Amalarii,
1693 1100 1750 1150 et

146 1206 417 1268 quantum
445 1205 705 1266 congruat
730 1194 965 1251 suasioni
996 1192 1215 1249 diaboli.

221 1289 413 1345 XVII].
452 1289 510 1343 In
535 1288 673 1343 libro
694 1297 911 1359 quarto,
932 1287 1172 1357 capitulo
1199 1286 1413 1351 ultimo,
1434 1285 1566 1343 dicit
1585 1282 1751 1340 Ama-

147 1379 326 1435 larius
358 1398 372 1432 :
411 1398 429 1430 ι
457 1379 775 1450 Nuperrime
805 1387 1162 1435 monstratum
1199 1388 1282 1434 est
1313 1378 1464 1443 mihi,
1501 1385 1559 1432 ut
1595 1386 1746 1448 puto,

148 1473 222 1527 ab
250 1488 320 1528 eo
345 1473 437 1542 qui
469 1473 612 1542 quod
632 1473 827 1543 aperit,
852 1488 1011 1528 nemo
1035 1472 1261 1538 claudit,
1292 1472 1420 1542 quid
1450 1471 1748 1526 rationabi-

147 1560 279 1618 liter
320 1565 495 1634 possit
525 1564 629 1619 dici
661 1565 728 1619 de
758 1579 985 1634 corpore
1017 1564 1229 1621 Domini
1262 1564 1441 1633 posito
1480 1564 1532 1617 in
1568 1562 1747 1629 altari,

148 1663 209 1708 et
237 1653 306 1709 de
337 1654 509 1710 calice
535 1670 600 1709 ex
636 1654 805 1710 latere
836 1653 974 1723 ejus,
1016 1655 1164 1711 salvo
1208 1653 1521 1726 magisterio
1561 1667 1748 1707 eorum

145 1747 243 1816 qui
280 1746 419 1803 alias
456 1755 512 1803 et
538 1748 730 1803 melius
757 1748 885 1802 mihi
917 1747 1101 1803 volunt
1133 1747 1366 1819 aperire,
1398 1745 1668 1820 quomodo
1695 1750 1753 1798 et

1842 549 2062 621 Ioseph,
2093 551 2182 622 qui
2215 549 2438 605 involvit
2456 564 2653 620 corpus
2678 546 2891 604 Domini
2915 547 3161 616 sindone,
3189 557 3247 605 et
3268 549 3429 605 suda-

1844 645 1945 698 rio.
1968 663 1988 694 ι
2037 642 2104 695 Ει
2141 649 2262 712 post
2286 657 2456 712 pauca
2484 659 2499 696 :
2528 660 2547 693 ‹
2568 639 2730 696 Panis
2753 648 3012 698 extensus
3039 655 3201 713 super
3236 639 3426 707 altare,

1843 750 2040 804 corpus
2075 734 2278 788 domini
2329 742 2595 789 monstrat
2638 744 2920 789 extensum
2966 734 3021 789 in
3059 750 3241 800 cruce,
3283 731 3430 805 quod

1814 822 1943 879 'nos
1961 823 2363 880 manducamus.
2393 824 2589 880 Vinum
2614 833 2672 881 et
2699 841 2837 897 aqua
2864 827 2917 881 in
2946 825 3432 892 calice,monStrat

1845 926 2207 981 sacramenta,
2229 933 2349 988 qua:
2373 917 2439 972 de
2466 916 2629 974 latere
2655 917 2857 974 Christi
2880 919 2932 973 in
2955 928 3115 974 cruCe
3134 916 3429 985 ﬂuxerunt,

1845 1009 1900 1064 id
1926 1019 2032 1074 est,
2060 1009 2372 1078 sanguinem
2397 1018 2451 1065 et
2478 1026 2694 1081 aquam,
2721 1011 2917 1082 quibus
2945 1026 3044 1067 nos
3069 1019 3223 1083 potat
3249 1008 3433 1067 Domi-

1845 1116 1948 1155 nus
1968 1108 2170 1155 noster.
2194 1120 2215 1153 δ

1917 1191 2056 1247 XIX.
2107 1191 2188 1247 Ad
2220 1193 2335 1247 hate
2362 1188 2528 1248 verba
2553 1192 2813 1249 Amalarii
2842 1195 3276 1267 respondendum
3306 1200 3389 1250 est
3413 1213 3427 1250 :

1849 1283 1905 1340 Si
1927 1293 2081 1356 putat
2107 1286 2176 1339 ab
2203 1300 2269 1339 eo
2299 1284 2402 1340 sibi
2428 1285 2853 1342 demonstratum
2883 1290 2973 1359 qui
2996 1288 3169 1358 aperit
3190 1294 3245 1343 et
3270 1301 3430 1343 nemo

1849 1377 2066 1441 claudit,
2100 1378 2189 1433 cui
2229 1376 2523 1448 subjungit,
2562 1378 2747 1436 dicens
2777 1397 2790 1433 :
2818 1378 2977 1435 Salvo
3015 1378 3316 1450 magisterio
3347 1394 3437 1435 eo-

1849 1490 1966 1527 rum
1999 1474 2088 1545 qui
2114 1473 2249 1528 alias
2269 1483 2314 1527 et
2338 1472 2526 1527 meiius
2554 1475 2679 1528 mihi
2710 1473 2886 1529 volunt
2912 1475 3115 1546 aperire
3138 1476 3163 1528 ?
3207 1472 3309 1530 Ubi
3336 1473 3437 1528 ite-

1849 1584 1971 1623 rum
2026 1577 2180 1639 putat
2236 1568 2481 1624 inveuirc
2526 1569 2616 1637 qui
2660 1568 2853 1624 melius
2891 1567 2968 1622 illi
3008 1568 3178 1638 possit
3224 1566 3437 1638 aperire

1850 1676 2011 1733 quam
2040 1661 2320 1728 Dominus,
2350 1661 2442 1731 qui
2470 1661 2663 1729 aperit,
2697 1671 2750 1715 et
2782 1676 2947 1716 nemo
2974 1659 3221 1719 claudit?
3258 1655 3437 1725 Quare

1850 1768 1963 1809 non
1993 1762 2078 1808 est
2106 1751 2421 1808 recordatus
2444 1751 2766 1823 evangelicae
2789 1752 3086 1817 sententiae,
3117 1766 3237 1821 quae
3263 1749 3433 1804 dicit:

151 1853 327 1909 quam
365 1838 524 1894 aliter
564 1839 717 1910 Panis
759 1839 1040 1909 Ροηθηδης
1070 1840 1139 1894 δίε
1180 1840 1233 1892 in
1276 1838 1455 1901 altari,
1504 1845 1562 1892 ει
1608 1835 1751 1891 03”"
1779 1846 1827 1905 B
1857 1846 1940 1902 Ne
1980 1849 2230 1903 uocemiui
2266 1848 2526 1919 magistri,
2564 1847 2691 1919 quia
2726 1847 2971 1918 magister
2998 1855 3162 1901 vester
3200 1860 3334 1900 unus
3359 1851 3436 1899 est

143 1927 309 1999 juxta
352 1943 500 1983 eum.
548 1928 755 1993 Altare,
794 1945 928 1983 crux
956 1927 1159 1983 Christi
1187 1935 1290 1992 est,
1327 1928 1395 1981 ab
1425 1942 1490 1981 eo
1514 1926 1632 1981 loco
1659 1924 1751 1980 ubi

148 2021 423 2093 scriptum
468 2030 551 2077 est
594 2022 649 2077 in
688 2035 938 2078 canone:
969 2018 1123 2075 Unde
1161 2029 1209 2076 et
1248 2034 1505 2075 memores
1547 2033 1751 2084 mnus,

1854 1938 2115 1996 Christus.

168 2130 3425 2171 ΝΜ

1077 2262 1169 2346 S.
1247 2256 1880 2346 AGOBARDI
1956 2249 2536 2339 CARMINA.

321 2657 351 2688 ι
391 2643 734 2715 Epitaphium
788 2639 969 2697 Caroli
996 2642 1180 2715 Magni
1228 2642 1582 2713 imperatoris.

155 2739 339 2796 Aurea
385 2736 650 2793 caelorum
701 2741 983 2805 postquam
1031 2735 1096 2790 de
1129 2734 1351 2805 Virgine
1400 2732 1650 2788 Christus

160 2829 487 2900 Sumpserat
533 2834 659 2896 apta
700 2827 803 2882 sibi
835 2826 1020 2880 mundi
1046 2841 1144 2895 pro
1171 2826 1400 2880 crimine
1420 2825 1709 2894 membra,

159 2918 284 2976 Jam
330 2920 576 2976 decimus
600 2925 825 2989 quartus
852 2926 975 2987 post
1005 2919 1209 2973 centies
1236 2928 1359 2973 octo
1387 2918 1604 2974 volabat

156 3014 375 3077 Annus,
401 3011 671 3082 ﬂuctivagi
717 3010 915 3066 meruit
944 3026 1041 3081 per
1081 3009 1287 3066 fervida
1314 3010 1437 3066 coeli

156 3103 414 3162 Etberci
457 3102 702 3168 Carolus,
751 3101 1088 3158 Francorum
1122 3102 1293 3173 gloria
1339 3102 1534 3173 gentis,

160 3194 410 3268 Equ'ora
436 3196 689 3262 transire,
712 3203 769 3251 et
795 3195 1063 3266 placidum
1094 3195 1487 3265 comprendere
1507 3200 1752 3264 portum.

161 3289 271 3360 Qui
307 3291 591 3361 deciesque
616 3298 808 3362 quater
842 3304 942 3361 per
982 3303 1076 3345 sex
1103 3288 1334 3344 feliciter
1362 3302 1535 3343 annos

1856 2548 1925 2604 Et
1948 2545 2152 2603 Christi
2188 2546 2419 2601 subeunt
2444 2543 2750 2599 veneranda
2772 2540 2988 2613 templa,

1855 2640 2097 2697 Cernunt
2133 2647 2197 2691 ut
2221 2645 2331 2701 tua,
2355 2633 2627 2706 Cypriane
2646 2639 2875 2703 martyr,

1855 2730 2112 2788 Servaret
2140 2727 2345 2782 loculus
2378 2725 2657 2796 neglectus
2700 2738 2843 2779 ossa.

1854 2822 1993 2879 Tum
2022 2835 2152 2875 vero
2177 2818 2346 2873 nimio
2376 2815 2563 2872 dolore
2599 2815 2752 2881 moti,

1854 2915 1923 2973 Et
1960 2928 2155 2984 magno
2190 2910 2395 2980 gemitu
2459 2907 2641 2977 polum
2679 2905 2973 2971 intuentes,

1854 3011 2094 3068 Poscant
2142 3006 2403 3062 auxilium
2430 3003 2529 3059 Dei
2558 3002 2834 3072 perennis,

1854 3104 1965 3161 Pro
1990 3118 2097 3172 quo
2126 3106 2316 3156 sancte
2346 3096 2445 3152 tibi
2476 3103 2641 3167 caput
2680 3095 2913 3150 recisum
2948 3098 3053 3149 est.

1823 3182 1925 3252 Ἐῑ
1971 3208 2095 3250 mox
2136 3190 2433 3263 poplitibus
2472 3189 2748 3260 precando
2783 3185 2962 3251 flexis,

1854 3288 2108 3346 Pandunt
2132 3285 2545 3355 sarcophagum,
2576 3281 2899 3350 studentque
2922 3288 3115 3334 sacres

162 3383 407 3454 Sceptra
427 3392 611 3439 tenens
634 3384 813 3454 regni,
844 3394 898 3440 et
920 3397 1089 3454 regno
1139 3399 1235 3439 rex
1260 3398 1423 3453 regna
1452 3379 1758 3453 rejungens,
1788 3391 1833 3455 (ζ
1863 3382 2028 3439 Artus
2056 3379 2324 3449 stringere
2353 3374 2531 3430 linteis
2560 3372 2785 3445 paratis,

162 3475 361 3532 Febru
392 3476 639 3545 migravit
682 3476 875 3547 quinto
895 3477 996 3531 arii
1048 3492 1116 3531 ex
1149 3477 1281 3531 orbe
1319 3474 1613 3543 Kalendas,

169 3571 528 3645 Septuaginta
571 3586 737 3629 senex
777 3573 904 3629 vitte
932 3573 1024 3644 qui
1055 3573 1313 3628 terminat
1334 3586 1525 3627 annos.

164 3663 513 3736 Quapropter
548 3664 754 3737 ﬂagito,
774 3666 1029 3737 precibus
1062 3666 1108 3722 si
1139 3665 1372 3721 ﬂecteris
1406 3664 1555 3731 ullis,

162 3753 385 3826 Quique
422 3757 586 3827 hujus
614 3756 813 3828 relegis
838 3772 1030 3812 versus
1058 3757 1455 3829 epigrammata
1477 3756 1673 3823 lector,

164 3846 496 3905 Asti-lteram
508 3847 688 3905 Caroli
716 3855 919 3916 teneat,
963 3848 1069 3915 dic,
1091 3847 1315 3919 spiritus
1336 3861 1542 3902 arcem.

959 3959 1024 4015 ll.

164 4069 209 4113 ἲν
248 4066 330 4141 De
355 4069 703 4141 translatione
730 4067 1082 4141 reliquiarum
1109 4074 1435 4141 sanctorum_
1461 4071 1762 4141 martyrum

244 4139 522 4213 Cypriani,
544 4140 776 4214 Sperati,
797 4134 849 4196 ei
881 4138 1230 4195 Pantaleonis
1254 4138 1323 4193 ad
1350 4136 1532 4193 urbem
1555 4134 1767 4207 Lugdu-

244 4230 481 4267 nantem.

165 4302 380 4360 Rector
402 4302 721 4376 magniﬁcus
762 4301 992 4375 piusque
1024 4301 1309 4375 princeps,

166 4397 424 4469 Augusto
453 4395 684 4451 Camlus
728 4396 923 4451 decore
952 4392 1151 4459 fultus,

172 4489 468 4559 δίψει-ηπ]
522 4488 707 4544 nobile
733 4487 1065 4543 Francorum
1092 4486 1337 4558 regebat,

172 4578 470 4652 Subiectos
496 4580 724 4656 populos
756 4580 843 4650 pie
869 4580 1195 4651 gubernans.

170 4672 380 4731 Lectos
428 4687 647 4742 aquom
675 4672 914 4743 iusserat
942 4686 1129 4728 secare

172 4768 259 4825 Ac
279 4766 396 4837 jam
426 4768 660 4838 propitio
714 4768 818 4823 sibi
862 4774 1102 4833 tonante,

174 4859 313 4917 Post
334 4860 531 4916 multos
577 4859 759 4916 nimia:
793 4859 1160 4927 viatlabores,

175 4950 436 5026 lngressu
482 4954 671 5009 reduci
711 4954 884 5008 salum
908 4960 1180 5023 petentes,

174 5042 463 5101 Iurat-unt
496 5045 728 5118 Libycos
756 5048 979 5116 repente
1014 5045 1153 5103 ﬁnes
1183 5063 1197 5100 ;

178 5138 307 5206 Qua
339 5138 612 5210 Carthago
641 5138 793 5210 gravi
821 5137 1198 5208 jacensruina

178 5226 363 5286 Deilet
402 5233 693 5300 praeterita:
720 5231 895 5286 decus
928 5227 1192 5299 juventa.

181 5323 293 5381 llic
312 5324 441 5381 dum
465 5324 721 5381 basilicas
748 5325 861 5380 Deo
873 5323 1085 5380 dicatas

1861 3473 2324 3540 Committuntque
2377 3483 2535 3525 sacro
2576 3482 2779 3537 corpus
2798 3463 3010 3523 locello.

1861 3564 2075 3637 Sperati
2104 3577 2318 3635 quoque
2378 3560 2635 3632 martyris
2688 3559 2853 3625 beati,

1858 3656 1971 3714 Nec
2006 3671 2116 3711 non
2140 3653 2487 3712 Pantaleonis
2539 3667 2664 3708 ossa
2701 3651 2898 3721 raptim

1859 3749 2083 3806 Tullunt
2107 3755 2301 3804 cuncta
2322 3745 2504 3811 simul,
2544 3745 2816 3815 ligantque
2840 3740 3056 3813 pannis.

1859 3840 2243 3900 Conscendunt
2272 3839 2477 3894 celeres
2504 3846 2683 3892 ratem
2704 3846 2973 3907 paratam,

1861 3931 1971 3988 Nec
2001 3933 2129 3988 saevi
2185 3938 2432 3986 metuunt
2457 3929 2663 3999 pericla
2685 3929 2853 3998 ponti.

1861 4025 2112 4095 Egressis
2149 4022 2341 4078 Arelas
2367 4021 2549 4090 opima
2578 4028 2739 4089 portu

1863 4116 2115 4174 Occurrit
2134 4113 2367 4186 placido,
2399 4113 2631 4182 sinuque
2666 4108 2817 4166 laeto

1862 4209 2063 4267 Fessos
2089 4208 2312 4279 excipit,
2337 4221 2402 4262 ac
2428 4205 2574 4261 fovet
2619 4203 2873 4275 benigne.

1865 4301 1996 4361 Haec
2038 4319 2167 4359 mox
2205 4318 2329 4358 cum
2350 4299 2522 4355 audiit
2547 4298 2784 4369 optimus
2806 4293 3086 4364 sacerdos,

1866 4398 2112 4468 Lugduni
2169 4395 2434 4466 placidam
2492 4402 2685 4448 tenens
2714 4390 3052 4457 cathedram,

1869 4486 2196 4544 Sanctorum
2242 4483 2449 4540 eximio.
2493 4483 2677 4538 calore
2705 4482 2959 4553 ﬂagrans,

1868 4575 2265 4646 lntendensque
2290 4575 2465 4629 sacris
2496 4574 2698 4645 ubique
2736 4572 2920 4639 rebus,

1871 4667 2154 4723 Ledradus
2182 4667 2455 4736 specimen
2494 4665 2767 4735 decusque
2796 4661 2959 4730 cieri,

1794 4760 2026 4831 D-Orat,
2059 4759 2317 4830 postulat,
2351 4759 2715 4828 impetratque
2753 4754 2970 4824 raptim,

1878 4856 1952 4912 Ut
1977 4853 2321 4908 sanctissima
2362 4859 2661 4921 martyrum
2682 4849 2905 4920 piorum

1875 4942 2091 5002 Nostris
2129 4944 2401 4999 moenibus
2434 4958 2557 4998 ossa
2580 4940 2962 5003 conderentur,

1876 5038 2128 5110 ltugduni
2150 5038 2217 5091 ad
2240 5034 2508 5105 placidam
2562 5032 2787 5088 Joannis
2820 5042 2993 5095 aram,

1878 5131 1983 5200 Qui
2031 5130 2304 5185 Christum
2334 5129 2507 5183 vitrea
2533 5125 2728 5195 rigavit
2764 5122 2925 5178 unda.

1876 5220 1990 5279 lllic
2037 5238 2162 5277 cum
2198 5220 2361 5276 Sociis
2394 5220 2600 5274 honore
2633 5216 2783 5271 claro

1884 5315 2135 5381 Florens,
2162 5313 2348 5368 inclite
2374 5310 2643 5382 Cypriane
2662 5305 2900 5375 ,dormis.

1584 5430 1865 5491 BALUZII:
1892 5427 2129 5487 NOTJE.

261 5565 295 5596 ε
323 5551 664 5625 Epitaphium
688 5549 883 5625 Caroli.
910 5548 1047 5605 Huic
1075 5546 1433 5625 cat-mining}
1463 5545 1675 5625 titulum
1708 5544 1783 5625 fe-
1882 5550 2062 5625 exstat
2086 5541 2139 5595 in
2163 5535 2547 5625 glartyrol‘ogio
2565 5506 3469 5625 adonisjiennensisjuqdedeﬂt:

182 5618 387 5688 cimus;
428 5618 599 5680 secuti
645 5622 1023 5678 auctoritatem
1072 5619 1323 5676 Chronici
1370 5618 1773 5679 Novaliciensis,

1882 5596 2132 5671 estinter
2161 5596 2365 5679 Elegia.
2409 5596 2514 5679 δέ]
2563 5607 2892 5679 posteriores
2922 5608 3242 5679 qualum-eg
3279 5596 3470 5679 vista“

184 5669 245 5753 in
270 5669 387 5767 qui;
426 5669 699 5767 reperitur
746 5695 1004 5767 insertum
1031 5707 1046 5746 :
1078 5691 1570 5767 cujusueliamppe
1598 5669 1782 5767 corrc;
1878 5669 2093 5747 versus,
2118 5682 2208 5767 (ιῖιὶ
2242 5669 2294 5764 in
2321 5669 2688 5767 superioril‘rus
2712 5669 3043 5767 editioni‘léus
3082 5669 3469 5767 desiderabit)?“

184 5760 376 5826 ximus
409 5760 590 5824 eriata
616 5782 734 5835 quae
756 5760 1166 5835 irrepserantiu
1188 5762 1422 5835 editione
1453 5760 1704 5835 Massoni.

1881 5735 2001 5830 iui};
2015 5735 2743 5830 supplevimus'cxﬁeditione
2768 5746 3017 5830 Pamelii.
3046 5744 3136 5830 qui
3161 5740 3281 5830 illos
3304 5735 3473 5797 edidit

260 5815 461 5919 illo"
478 5815 1163 5899 Eibliiio’iii’nis‘wus
1195 5815 1357 5909 hujus
1413 5815 1781 5891 translationis
1880 5815 2026 5886 inter
2050 5815 2443 5927 Prolegouiena
2465 5820 2701 5895 Operum
2729 5818 2905 5879 sancti
2925 5815 3200 5895 Cypriani»
