3960 6346
50 4344 55 4348 ο
131 4319 497 4374 'haristallio
520 4318 572 4372 7.
649 4321 671 4352 ⁸
712 4328 959 4376 sanctum

135 326 262 390 593

655 454 892 502 AIINALES
927 459 1013 499 EGI
1021 458 1219 499 NBARDI
1228 480 1243 496 ο

133 538 278 594 dum
322 536 556 593 inveniri
594 551 700 591 non
735 542 937 606 posset.
971 533 1082 591 Sed
1130 547 1199 588 ne
1238 530 1443 586 diutius
1481 528 1573 585 siti
1609 540 1739 584 con-

132 628 326 685 fectus
369 627 643 683 laboraret
679 626 974 690 exercitus,
1017 624 1275 679 divinitus
1320 619 1522 675 factum
1562 618 1741 674 credis

132 727 255 784 tur,
288 726 349 774 ut
377 718 611 788 quadam
654 712 761 782 die,
795 731 918 772 cum
944 717 1093 770 iuxta
1121 725 1328 769 morem
1356 722 1599 781 tempore
1627 721 1740 763 me-

128 813 363 868 ridiano
387 807 570 867 cuncti
596 812 976 882 quiescerent,
1005 810 1153 863 iuxta
1180 809 1198 839 ί
1226 813 1466 862 montem
1507 803 1598 873 qui
1646 817 1739 858 cae

124 906 275 961 stris
314 912 439 961 erat
471 904 782 974 contiguus,
810 910 961 956 tanta
998 902 1082 956 vis
1108 915 1280 969 aquae
1304 900 1326 930 ⁸
1355 900 1421 953 in’
1453 912 1693 953 concavo
1714 895 1737 927 ³

124 996 430 1051 cuiusdam
466 994 726 1049 torrentis
748 1005 777 1033 δ
806 992 1080 1061 eruperit,
1106 999 1166 1044 ut
1200 997 1398 1044 cuncto
1425 987 1687 1043 exercitui
1715 985 1737 1018 ⁸

123 1085 439 1141 snmceret.
490 1084 628 1140 Tum
650 1080 672 1115 ⁸
700 1099 817 1147 rex,
848 1082 991 1139 idolo
1023 1082 1318 1144 destructo,
1347 1079 1416 1133 ad
1458 1077 1737 1134 Wisuram

121 1175 205 1229 tiu
216 1178 369 1231 vium
392 1177 624 1232 accessit
641 1215 656 1240 ,
687 1176 869 1245 ibique
895 1176 916 1205 ⁸
940 1191 973 1228 a
1003 1173 1311 1229 Saxonibus
1335 1170 1621 1227 duodecim
1643 1171 1737 1226 oh—

120 1267 291 1322 sides
336 1268 566 1338 aecepit.
610 1268 739 1323 Inde
778 1268 833 1321 in
871 1264 1159 1321 Franciarn
1202 1280 1477 1331 reversus,
1520 1265 1576 1319 in
1609 1263 1735 1319 villa

122 1356 457 1413 Heristallio
480 1359 500 1390 ⁷
528 1366 583 1414 et
612 1357 844 1414 natalem
872 1357 1083 1412 Domini
1109 1365 1165 1412 et
1191 1364 1432 1413 sanctam
1462 1354 1736 1427 paschalis

120 1446 267 1504 festi
298 1448 700 1504 solemnitatem
724 1449 745 1480 ⁸
768 1447 1083 1504 celebravit.

761 1892 1122 1957 DCCLXXIII.

199 1985 525 2049 [Iadrianus
557 2005 696 2063 papa
728 2007 853 2046 cum
897 1991 1244 2047 insolentiam
1284 1988 1551 2050 Desiderii
1591 1988 1735 2067 regis

117 2084 729 2159 etLangobardorum’
745 2085 1155 2155 oppressionem
1180 2076 1223 2116 “
1249 2085 1394 2142 ferre
1413 2085 1454 2119 ¹¹
1484 2069 1591 2142 non
1617 2103 1739 2158 pos-

117 2186 248 2243 set,
270 2176 515 2233 decrevit
535 2185 595 2231 ut
622 2177 662 2207 “
687 2173 1009 2246 legationem
1032 2177 1098 2231 ad
1115 2176 1335 2232 Karlum
1362 2193 1546 2250 regem
1569 2178 1737 2236 Fran-

121 2286 334 2327 corum
356 2266 927 2339 mitteret”,eumque
957 2269 1060 2324 sibi
1086 2269 1129 2302 ³⁸
1153 2277 1316 2341 atque
1353 2271 1613 2329 Romanis
1642 2275 1736 2329 ad—

120 2377 336 2417 versus
377 2360 763 2431 Langobardos
791 2377 948 2432 opem
977 2362 1123 2421 ferre
1165 2374 1384 2436 rogaret
1412 2358 1476 2420 ¹¹¹.
1503 2366 1573 2423 Ει
1609 2368 1736 2438 quia

119 2452 181 2506 id
229 2458 458 2507 terreno
490 2452 687 2508 itinere
710 2468 811 2523 per
832 2451 1040 2508 Italiam
1066 2448 1185 2510 ﬁeri
1211 2470 1319 2511 non
1345 2464 1581 2526 poterat,
1611 2472 1736 2513 eum

117 2554 306 2613 quem
357 2536 582 2598 miserat
634 2542 899 2615 legatum,
957 2546 1178 2601 nomine
1227 2544 1487 2615 Petrum,
1531 2540 1735 2606 Romae

122 2648 341 2689 navem
357 2633 787 2689 “conScendere
809 2642 865 2688 et
885 2630 1179 2690 Massiliam
1198 2651 1371 2707 usque
1400 2637 1439 2670 ¹⁷
1461 2648 1561 2707 per
1585 2652 1737 2694 mare

122 2726 255 2790 ire,
299 2732 467 2795 atque
508 2723 635 2781 inde
682 2734 896 2781 terreno
936 2727 1135 2782 itinere
1175 2728 1230 2781 in
1276 2727 1565 2784 Franciam
1607 2720 1737 2785 fecit

120 2816 451 2885 pervenire.
476 2815 578 2883 Qui
603 2829 728 2870 cum
754 2816 821 2870 ad
850 2830 1032 2886 regem
1062 2815 1116 2870 in
1139 2804 1433 2873 Theodone
1460 2818 1502 2849 ¹⁸
1532 2816 1657 2874 villa
1682 2819 1733 2887 δ,

122 2908 232 2963 ubi
270 2915 403 2964 tunc
441 2906 808 2971 hiemaverat,
847 2905 1217 2976 pervenisset,
1256 2914 1313 2961 et
1354 2907 1405 2961 ei
1447 2904 1735 2979 legationis

124 3015 275 3057 suae
307 3013 533 3055 causam
574 2998 908 3070 aperuisset,
939 2999 1162 3065 eadem,
1200 3014 1307 3070 qua
1351 3009 1607 3067 venerat,
1647 3003 1735 3057 via

123 3087 374 3148 Romam
398 3098 681 3163 regressus
706 3088 746 3121 ⁸⁸
776 3096 878 3144 est.
904 3084 1022 3144 Rex
1051 3104 1183 3145 vero
1196 3084 1240 3121 ’°
1265 3091 1447 3156 rebus,
1478 3105 1619 3162 quae
1650 3092 1735 3147 in-

126 3192 224 3239 ter
265 3182 543 3237 Romanos
581 3197 645 3237 ac
684 3181 1066 3252 Langobardos
1096 3183 1443 3261 gerebantur,
1487 3184 1732 3256 diligenti

125 3290 277 3332 cura
317 3273 682 3345 pertractatis,
728 3273 931 3329 bellum
976 3268 1078 3329 sibi
1125 3281 1315 3329 contra
1350 3270 1734 3347 Langobardos

126 3379 247 3435 pro
300 3361 611 3418 defensione
677 3363 1045 3418 Romanorum
1106 3363 1511 3434 suscipiendum
1560 3374 1730 3434 ratus,

127 3465 277 3510 Cum
308 3458 419 3507 toto
443 3451 777 3509 Francorum
797 3454 1037 3509 eXercitu
1060 3449 1302 3510 Genuam
1328 3456 1373 3487 ’ί
1405 3462 1455 3523 ο,
1489 3455 1737 3529 Burgum

132 3542 274 3602 diae
299 3544 573 3601 civitatem
601 3546 753 3600 iuxta
778 3545 1100 3601 Rhodanum
1136 3546 1297 3601 sitam
1325 3548 1493 3603 venit.
1547 3549 1736 3620 Ibique

128 3635 207 3689 de
232 3633 379 3688 bello
398 3634 742 3704 suscipiendo
768 3634 1094 3702 deliberans,
1111 3636 1296 3706 copias
1324 3644 1461 3707 quas
1490 3652 1673 3694 secum
1688 3640 1734 3670 “

129 3724 508 3778 adduxerat"
525 3724 726 3790 divisit,
745 3732 799 3780 et
815 3732 976 3779 unam
1000 3733 1207 3796 partem
1228 3742 1350 3781 cum
1366 3727 1735 3786 Bernhardo“

128 3824 338 3886 patruo
381 3829 481 3871 suo
525 3831 623 3887 per
656 3812 898 3872 montem
941 3815 1080 3872 lovis
1104 3817 1131 3857 ἀ
1163 3817 1245 3873 ire
1285 3818 1471 3886 iussit;
1502 3806 1733 3878 alteram

130 3902 256 3976 ipse
303 3907 514 3961 ducens
535 3904 600 3971 ³⁸,
631 3914 729 3976 per
763 3913 1004 3962 montem
1036 3906 1301 3963 Cinisium
1323 3909 1369 3939 ²⁶
1399 3909 1607 3965 Italiam
1653 3913 1734 3967 inl-

132 4002 290 4053 trare
310 3998 361 4030 ¹⁷
387 3998 683 4073 contendit.
712 3996 1087 4069 Superatoque
1109 3999 1325 4069 Alpium
1351 4000 1496 4071 iugo,
1512 4002 1735 4059 Deside-

549 4082 935 4144 VARIANTES
970 4080 1373 4145 LECTIONES.

221 4179 443 4251 {pi-Ope
483 4187 720 4251 montem
757 4176 808 4251 7.
833 4181 904 4251 5?
976 4182 997 4213 ’
1025 4197 1287 4251 aquarum
1313 4184 1381 4237 5?
1411 4180 1463 4239 7.
1542 4178 1563 4218 ⁸
1597 4202 1731 4243 con-

131 4249 382 4304 cavitate
411 4249 463 4301 7.
542 4248 564 4280 ‘
595 4265 644 4304 e.
679 4265 728 4303 c.
773 4250 823 4304 7.
852 4250 921 4305 5?
994 4251 1017 4282 ⁸
1047 4248 1175 4307 tunc
1201 4252 1270 4306 εει
1307 4255 1375 4308 5?
1401 4253 1452 4307 7.
1530 4255 1550 4287 ⁸
1579 4257 1650 4311 ibi
1682 4259 1727 4312 l.

131 4322 154 4352 '
182 4319 497 4374 haristallio
520 4318 572 4372 7.
649 4321 671 4352 ⁸
712 4328 959 4376 sanctum
994 4324 1198 4382 pascha
1238 4322 1289 4376 7.
1386 4324 1407 4355 ’
1441 4325 1727 4382 lonnnbar-

131 4324 154 4352 '
182 4324 497 4374 haristallio
520 4324 572 4372 7.
649 4324 671 4352 ⁸
712 4328 959 4376 sanctum
994 4324 1198 4393 pascha
1238 4324 1289 4376 7.
1386 4324 1407 4355 ’
1441 4325 1730 4397 longnbar—

130 4392 333 4446 dorum
380 4389 435 4443 4.
467 4389 546 4475 ‘5.“
556 4389 605 4444 6.
638 4393 1081 4475 constanter-3°
1110 4393 1329 4475 deest
1353 4396 1422 4451 5?
1457 4396 1730 4475 _“_l‘erret

129 4476 247 4513 non
304 4468 491 4528 posset
513 4460 565 4513 2.
645 4460 687 4490 ³⁸
718 4460 858 4514 deest
897 4461 948 4514 7.
975 4463 1043 4515 5‘?
1117 4463 1161 4493 ⁸³
1208 4465 1427 4519 mittere
1457 4466 1507 4519 7.
1541 4468 1609 4522 5?
1683 4468 1727 4500 “

130 4509 462 4602 -.δηξίῨῖ-
630 4531 673 4563 ³⁸
709 4509 876 4586 {Ei-Et
904 4509 1110 4602 rogare
1151 4509 1427 4587 7:37.“;
1464 4509 1643 4593 navim
1671 4539 1722 4593 7.
1751 4509 1805 4570 Β

130 4601 202 4655 5?
282 4601 325 4631 "
369 4614 539 4668 usque
567 4602 860 4656 massiliam
898 4601 952 4655 4.
978 4601 1030 4657 5.
1083 4604 1136 4656 6.
1217 4605 1513 4662 "thedoue
1538 4608 1590 4662 5.
1617 4610 1729 4664 the-

132 4671 297 4725 donis
324 4670 379 4722 7.
459 4672 500 4746 ⁸⁸
524 4674 846 4746 reversus_6.
923 4673 967 4746 ⁸⁸
991 4674 1133 4726 deest
1158 4673 1236 4746 7.__
1285 4676 1329 4706 ¹¹
1348 4678 1647 4746 gehennam
1670 4680 1725 4734 7.

133 4756 408 4819 geneuam
447 4741 721 4819 civitatem
765 4744 854 4819 5._
897 4741 1097 4819 _'_'_ttno
1140 4742 1269 4812 folio
1298 4741 1491 4819 ex'ciso,
1517 4765 1732 4819 sequen-

132 4812 415 4888 tia‘asqr‘te
452 4811 523 4888 od
558 4828 699 4867 voces
729 4814 866 4888 arani
897 4812 1001 4867 775
1030 4811 1230 4888 virtute
1253 4811 1532 4888 compulsi
1560 4811 1654 4875 eas
1675 4820 1729 4875 in

134 4880 320 4934 codice
346 4880 402 4933 3.
431 4882 639 4935 desunt.
740 4883 786 4913 ⁸³
835 4884 1067 4938 duxerat
1090 4883 1145 4938 4.
1249 4880 1296 4917 ’⁸
1344 4880 1638 4945 bérnharto
1671 4889 1723 4943 7.

134 4951 184 4982 "
234 4951 383 5005 deest
440 4952 494 5007 ὅ.
570 4951 615 4982 ⁸⁸
643 4952 908 5024 cynisium
938 4954 990 5008 6.
1020 4956 1254 5013 cinisum
1281 4957 1334 5012 7.
1409 4958 1452 4991 ³⁷
1485 4958 1626 5015 deest
1671 4960 1723 5014 7.

1223 323 1367 379 cum
1404 288 1998 377 LAUltlSSENSlBUS
2034 312 2350 376 CDLLA'I‘I.

1769 441 1821 502 Δ
1924 442 1929 446 .

3312 316 3422 373 59‘

2282 445 2520 490 ANNALIS
2555 426 2952 490 tacuissessss.

1841 525 2127 593 destruxit,
2151 534 2207 581 et
2234 541 2427 581 aurum
2446 525 2533 582 vel
2553 535 2837 597 argentum
2861 530 2879 560 ⁸
2905 567 2923 594 ,
2964 528 3109 600 quod
3132 528 3208 585 ibi
3226 543 3451 601 reppee.

1841 616 1951 671 rit’
1988 616 2230 672 abstulit.
2270 616 2339 671 Et
2375 616 2479 674 fuit
2521 617 2741 674 siccitas
2786 633 3004 691 magna,
3047 619 3121 675 ita
3169 627 3230 675 ut
3279 636 3424 691 aqua

1839 706 2138 764 deﬁcereta
2161 709 2216 764 in
2251 710 2563 780 supradicto
2585 710 2722 777 loco,
2762 710 2853 765 ubi
2889 710 3219 768 Ermensul‘
3240 713 3423 768 stabat
3484 776 3487 777 ν

1837 807 1895 855 et
1914 798 2042 853 dum
2060 799 2231 856 voluit
2250 802 2325 857 ibi
2343 801 2479 858 duos
2500 811 2596 858 aut
2620 811 2735 859 tres
2751 804 3064 874 praedictus
3108 804 3378 878 gloriosus
3398 805 3422 836 ⁸

1837 904 1935 945 rex
1960 899 2111 947 stare
2135 892 2252 948 dies
2268 892 2289 924 '
2326 891 2511 950 fanum
2561 894 2735 966 ipsum
2759 895 2827 949 ad
2863 895 3348 966 perdestruendum
3374 897 3422 965 ⁷,

1837 991 1893 1038 et
1919 998 2114 1053 aquam
2144 1000 2253 1040 non
2273 985 2570 1053 haberent;
2596 994 2725 1043 tunc
2745 989 2925 1044 subito
2952 989 3133 1045 divina
3162 988 3427 1062 largiente

1836 1074 2013 1144 gratia
2038 1075 2215 1130 media
2243 1075 2347 1139 die,
2373 1084 2570 1132 cuncto
2593 1078 2834 1132 exemita
2860 1078 3194 1147 quiescente,
3219 1079 3275 1135 in
3288 1096 3427 1152 quo-
3454 1144 3459 1151 V

1836 1165 1961 1220 dam
2008 1173 2282 1232 torrente,
2332 1170 2586 1227 omnibus
2624 1170 2979 1227 hominibus“
3025 1172 3421 1243 ignorantibus,

1836 1273 2010 1329 aquae
2029 1258 2231 1316 ell‘usae
2249 1270 2376 1316 sunt
2398 1262 2753 1335 largissimae,
2773 1265 2846 1319 ita
2870 1272 2931 1320 ut
2957 1276 3187 1323 cunctus
3215 1267 3427 1325 exerci-

1834 1355 1922 1405 tus
1948 1348 2276 1408 sulﬁcienter
2300 1352 2322 1384 ⁸
2376 1354 2618 1411 haberet.
2669 1356 2821 1412 Tunc
2863 1366 3026 1427 super
3070 1357 3343 1415 Wisoram
3377 1360 3422 1392 “

1834 1440 2059 1497 ﬂuvium
2091 1444 2241 1500 venit
2267 1446 2670 1517 suprascriptus
2704 1462 2934 1519 magnus
2955 1448 2997 1479 “
3024 1462 3122 1504 rex
3158 1450 3200 1482 "
3225 1484 3241 1517 ,
3265 1457 3323 1506 et
3348 1449 3459 1515 ibi;

1833 1550 1960 1590 cum
2001 1533 2307 1593 Saxonibus
2354 1537 2611 1608 placitum
2650 1540 2860 1608 habuit,
2889 1550 2945 1597 et
2972 1544 3178 1613 recepit
3205 1545 3427 1603 obsides

1835 1623 2122 1682 duodecim
2147 1624 2215 1693 ³³,
2237 1636 2293 1683 et
2323 1643 2576 1684 reversus
2601 1639 2687 1685 est
2712 1631 2767 1686 in
2793 1632 3079 1689 Franciam
3108 1634 3153 1665 ιδ
3176 1642 3268 1702 ,et
3299 1651 3426 1692 ese-

1836 1713 2067 1771 lebravit
2115 1718 2351 1774 natalem
2375 1718 2589 1775 Domini
2616 1721 2672 1776 in
2696 1720 3006 1779 Haristallio
3027 1724 3092 1791 η,
3123 1732 3181 1780 et
3218 1728 3422 1796 pascha

1768 1795 1818 1856 B
1846 1805 2114 1863 similiter.
2139 1809 2209 1865 Et
2234 1808 2524 1866 inmutavit
2543 1825 2603 1866 se
2623 1824 2882 1869 numerus
2899 1828 3165 1871 annorum
3186 1795 3245 1873 in

2474 1898 2817 1957 DCCLXXIII

1904 1984 2057 2045 Tunc
2103 1987 2334 2045 domnus
2386 1988 2611 2047 Carolus
2641 1991 2685 2024 “
2710 2007 2808 2048 rex
2840 1993 2881 2025 ¹⁷
2921 1996 3166 2064 perrexit
3209 1996 3278 2052 ad
3313 1997 3423 2053 bie-

1836 2082 2091 2135 mandum
2117 2081 2159 2113 ⁸³
2176 2082 2229 2136 in
2255 2080 2384 2137 villa
2423 2097 2564 2153 quae
2590 2081 2791 2138 dicitur
2815 2084 3105 2142 Theodone
3122 2086 3165 2119 "
3200 2087 3424 2155 villa";

1836 2172 2017 2241 ibique
2042 2173 2265 2229 veniens
2291 2174 2493 2230 missus
2516 2174 2701 2232 domui
2733 2175 2958 2232 Adriani
2997 2178 3303 2248 apostolici.
3326 2195 3425 2237 no-

1835 2267 1982 2321 mine
2009 2266 2224 2335 Petrus,
2251 2282 2350 2339 per
2368 2280 2521 2324 mare
2545 2283 2718 2339 usque
2745 2269 2815 2325 ad
2849 2270 2892 2302 "
2933 2269 3227 2327 Massiliam
3248 2272 3316 2337 “,
3367 2280 3426 2329 et

1835 2358 1961 2413 inde
1985 2365 2202 2415 terreno
2230 2360 2277 2391 ³³
2305 2360 2374 2414 ad
2408 2359 2668 2414 damnum
2692 2361 2736 2392 “
2768 2359 3020 2417 Carolum
3061 2374 3244 2433 regem
3263 2357 3311 2393 ⁸⁸
3329 2376 3427 2418 usa

1836 2462 1941 2517 que
1966 2450 2013 2479 “
2046 2450 2373 2521 periungens
2396 2450 2441 2481 ²⁷
2470 2450 2747 2506 invitando
2773 2452 2982 2507 scilicet
3006 2452 3426 2523 supranomina-

1836 2549 1954 2596 tum
1982 2540 2276 2611 gloriosum
2303 2541 2350 2573 ⁸⁸
2372 2556 2553 2612 regem
2581 2555 2688 2596 una
2727 2556 2850 2596 cum
2900 2543 3126 2599 Francis
3171 2558 3274 2614 pro
3325 2544 3453 2600 Dei.

1836 2632 2060 2687 servitio
2078 2639 2136 2687 et
2157 2630 2361 2686 iustitia
2378 2631 2551 2687 sancti
2577 2630 2721 2686 Petri
2743 2647 2839 2687 seu
2873 2632 3066 2689 solatio
3087 2634 3133 2665 "
3160 2634 3427 2690 ecclesiae

1838 2736 2001 2793 super
2019 2720 2356 2775 Desiderium
2379 2734 2560 2791 regem
2579 2727 2635 2775 et
2658 2719 3042 2793 Langobardos
3058 2720 3122 2778 ³⁸.
3148 2723 3214 2778 Et
3233 2723 3357 2780 ideo
3377 2724 3423 2757 ³⁸

1836 2813 2110 2867 maritime
2126 2812 2293 2881 Venit,
2308 2814 2433 2885 quia
2447 2815 2567 2869 viae
2580 2814 2797 2870 clausae
2818 2814 3035 2871 fuerunt
3050 2816 3095 2849 ³⁸
3112 2817 3373 2874 Romanis
3390 2834 3425 2875 a

1836 2902 2223 2974 Langobardis.
2250 2903 2401 2960 Tunc
2430 2904 2658 2961 domnus
2674 2919 2740 2960 ac
2758 2906 3069 2976 praecelsus
3088 2906 3313 2963 Carolus
3325 2922 3425 2964 rex

1837 2993 2144 3050 consiliavit
2165 2995 2211 3027 ³³
2233 3009 2341 3049 una
2382 3009 2507 3050 eum
2551 2993 2798 3062 Francis,
2849 2996 2978 3066 quid
3017 3004 3300 3069 perageret
3326 2996 3426 3066 ’δε

1837 3093 1893 3141 et
1914 3093 2129 3157 sumpto
2148 3085 2444 3153 consilio",
2462 3093 2521 3140 ut
2541 3085 2616 3140 ita
2630 3084 2676 3118 '°
2693 3085 2834 3143 sicut
2854 3087 3056 3143 missus
3079 3087 3360 3159 apostolici
3375 3088 3424 3129 ⁸⁷-

2226 3211 2622 3277 VARIANTES
2656 3211 3063 3279 LECTIONES.

1909 3316 2157 3389 taurum
2198 3314 2481 3389 _et_arg.I._
2552 3313 2671 3389 fibi
2698 3304 2884 3370 retulit
2910 3304 2963 3370 1.
3035 3310 3318 3389 h’magna
3369 3327 3427 3375 et

1836 3388 1986 3439 tanta
2014 3386 2160 3454 Quod
2179 3384 2437 3440 deﬁceret
2460 3385 2511 3454 1.
2536 3384 2793 3441 deﬁceret
2809 3395 2872 3440 ut
2894 3401 3015 3454 sup.
3031 3386 3085 3442 ὅ.
3160 3386 3183 3419 ⁸
3206 3384 3425 3443 ermen-

1835 3455 1925 3526 stil
1968 3453 2372 3526 I.’hermensul
2416 3453 2502 3508 10.
2566 3456 2888 3526 Pgloriosus
2926 3453 3068 3512 deest
3106 3456 3161 3513 6.
3238 3458 3260 3490 ⁸
3305 3460 3424 3516 dies

1834 3525 1980 3600 deest
2002 3526 2050 3579 1.
2079 3592 2122 3600 μ
2152 3524 2666 3600 fperdistruendum
2706 3524 2759 3581 5.
2856 3527 2881 3600 ξ
2917 3528 3245 3600 hominibus,
3274 3528 3422 3600 deest

1834 3594 1887 3649 6.
1961 3595 1984 3627 ⁸
2007 3592 2326 3652 suﬁitlehtcr
2353 3596 2406 3651 6.
2486 3595 2530 3628 ⁸⁸
2570 3598 2822 3653 wiseram
2856 3596 2911 3652 9.
2949 3599 3200 3653 wisaram
3228 3599 3317 3655 10.
3345 3601 3425 3655 ita

1834 3666 2094 3737 deinceps.
2137 3737 2140 3738 ν
2174 3668 2215 3699 ¹¹
2245 3666 2647 3737 suprascriptus
2674 3675 2901 3738 magnus
2925 3669 3068 3724 deest
3089 3669 3142 3723 6.
3224 3671 3267 3702 “
3324 3686 3423 3727 rex

1834 3751 2061 3806 magnus
2122 3737 2176 3791 1.
2252 3738 2298 3769 ⁸³
2332 3738 2612 3792 duodecim
2659 3737 2801 3792 deest
2843 3738 2895 3792 7.
2985 3738 3030 3771 ⁸⁵
3067 3740 3324 3795 Irantiam
3362 3740 3419 3795 5.

1836 3805 1881 3838 "‘
1907 3805 2205 3863 haristalho
2244 3808 2295 3862 1.
2325 3807 2527 3862 domini
2556 3816 2609 3862 et
2634 3810 2834 3877 pascha
2864 3809 2918 3862 in
2947 3810 3245 3864 haristallio
3281 3819 3339 3865 et
3364 3811 3421 3866 in

1834 3879 2078 3932 numeris
2105 3885 2341 3933 mutatus
2368 3885 2452 3932 est
2477 3892 2651 3932 annus
2690 3879 2891 3933 domini
2916 3879 3039 3933 775.
3068 3880 3122 3934 9.
3200 3881 3243 3912 “
3270 3880 3423 3935 Tunc

1834 3962 1929 4000 rex
1992 3947 2214 4003 karolus
2267 3947 2319 4002 6.
2436 3947 2477 3980 "
2546 3947 2762 4003 carolus
2838 3948 3160 4005 mitissimus
3214 3964 3311 4005 rex
3364 3950 3418 4004 7.

1835 4016 1879 4088 ⁸⁸
1920 4019 2284 4088 hyemandum
2320 4018 2376 4088 l_.
2452 4015 2495 4048 "
2528 4016 2761 4088 teodone
2786 4017 2839 4071 6.
2913 4018 2960 4088 ⁸⁸
2991 4019 3116 4073 villa
3173 4020 3315 4075 deest
3363 4020 3417 4074 1.

1832 4086 1877 4119 ⁸⁸
1926 4085 1993 4143 ad
2049 4088 2188 4141 deest
2227 4088 2295 4144 1.
2335 4086 2387 4139 7.
2493 4088 2538 4119 “
2580 4085 2858 4141 maxiliam
2906 4087 2960 4142 ὅ.
3014 4088 3279 4145 arelatum
3327 4091 3415 4145 11.

1831 4157 1880 4189 ⁸³
1915 4157 2040 4213 inde
2076 4173 2200 4213 cum
2236 4158 2387 4230 Bene
2427 4157 2476 4230 1.
2510 4158 2635 4212 inde
2668 4167 2883 4213 terreno
2908 4170 3097 4230 gressu
3149 4163 3201 4217 9.
3254 4162 3290 4217 i.
3331 4162 3419 4217 iti-

1830 4242 1962 4284 nere
2006 4230 2221 4299 terreno
2254 4227 2339 4282 I0.
2372 4228 2494 4299 inde
2546 4243 2646 4299 per
2669 4234 2869 4283 terram
2903 4227 2991 4284 11.
3089 4231 3136 4265 ³⁵
3157 4232 3419 4288 domuum

1831 4301 1971 4373 deest
1992 4298 2045 4353 6.
2121 4300 2169 4373 '_‘
2194 4314 2373 4369 regem
2390 4298 2553 4373 deest
2584 4300 2636 4352 l.
2658 4299 2720 4373 _7.
2753 4299 2838 4373 10.
2915 4301 2960 4333 ²⁶
2981 4317 3154 4373 usque
3189 4304 3330 4357 deest
3363 4304 3414 4358 1.

1830 4371 1882 4443 6.
1959 4372 2001 4403 ⁸⁷
2029 4370 2361 4443 coniungens
2378 4370 2769 4443 l_,perveniens
2783 4371 2834 4424 6.
2850 4370 3095 4441 pervenit
3115 4374 3169 4429 9.
3244 4375 3291 4405 ⁸⁸
3305 4373 3419 4443 glo-

1831 4442 2034 4500 riosum
2077 4440 2217 4494 deest
2243 4441 2295 4493 6.
2371 4440 2558 4510 "per
2604 4440 2690 4495 dei
2737 4440 3024 4498 servicium
3053 4451 3108 4497 et
3149 4440 3418 4499 iusticiam

1831 4513 2005 4567 sancti
2054 4511 2195 4583 petri
2222 4514 2316 4564 seu
2369 4509 2562 4583 solatio
2586 4511 2639 4564 6.
2674 4510 2761 4583 _“
2792 4512 3137 4583 longibardos
3163 4515 3214 4568 I.
3291 4515 3335 4546 “
3364 4527 3419 4569 et

1829 4584 1954 4641 inde
2046 4582 2091 4612 ³⁸
2112 4581 2330 4636 clausae
2372 4582 2594 4636 erant6.
2671 4580 2717 4612 ³³
2746 4580 3030 4638 consilium
3061 4584 3181 4638 iniit
3206 4600 3327 4639 eum
3361 4586 3413 4639 1.

1829 4652 2142 4710 consiliatus
2171 4661 2251 4705 est
2269 4666 2374 4705 una
2389 4667 2509 4707 cum
2534 4653 2586 4706 6-.
2633 4652 2918 4707 conisilium
2948 4654 3136 4709 habuit
3160 4669 3265 4709 una
3292 4655 3418 4710 cum

1831 4723 1917 4779 10.
2007 4722 2054 4754 ³⁸
2079 4728 2301 4793 peraget
2336 4723 2387 4776 1.
2423 4731 2607 4791 ageret
2634 4722 2686 4776 6.
2765 4722 2812 4754 ³⁵
2846 4724 3070 4779 consilio
3095 4725 3251 4779 iussit
3277 4726 3419 4781 sicut

1830 4796 1883 4850 1.
1909 4810 1958 4849 c.
1987 4794 2145 4871 iussit
2174 4793 2400 4871 ut_sicut
2423 4793 2489 4871 _7.
2568 4794 2622 4871 ⁸⁸⁵¹
2662 4794 2738 4848 ita
2796 4794 2937 4871 deest
2968 4795 3055 4871 10.
3123 4796 3175 4871 ,³⁷
3204 4797 3415 4851 adriani

1868 4864 2164 4939 apae_7._9.
2195 4864 2392 4939 missus
2406 4864 2587 4919 domui
2615 4864 2896 4935 apostolici
2926 4864 3137 4920 adriani
3168 4882 3268 4939 per
3294 4882 3417 4923 ver-

1868 4879 2000 4935 apae
2029 4879 2079 4918 Ἰ.
2111 4879 2164 4919 9.
2195 4879 2392 4919 missus

1829 4879 1961 4993 gum
1998 4935 2167 5007 ipsius
2188 4943 2312 5006 post
2344 4933 2397 4989 6.

1670 5048 1899 5107 ΝΟΤᾸΕ.

208 5150 246 5215 ι.
271 5134 351 5190 De
391 5144 641 5215 torrente
677 5145 781 5215 Isto
803 5144 974 5215 prope
1001 5138 1305 5215 qldenbeke
1348 5156 1543 5215 pagum
1589 5144 1732 5215 haud

131 5208 373 5264 multum
402 5223 431 5283 a_
468 5206 725 5283 Foﬁnlihus
758 5206 1305 5283 Li’ppiiedistaritem,
1340 5206 1448 5282 qui
1454 5212 1565 5283 jam
1611 5213 1733 5269 fons

128 5291 373 5363 resonas
396 5278 491 5331 der
523 5276 835 5363 Bu‘ller‘born'
850 5276 1029 5363 audit,
1055 5276 1555 5363 efglt‘urstenbehrgii
1580 5283 1734 5363 prin-

132 5350 276 5423 cipis
301 5348 645 5402 Monumeuta
668 5347 1007 5423 I’aderborn.
1038 5366 1093 5421 p.
1114 5352 1242 5406 2I6.
1272 5367 1392 5423 sqq.
1425 5347 1598 5421 cujus
1617 5350 1730 5408 l‘on-

134 5422 210 5476 tis
246 5428 447 5474 natura
495 5433 618 5472 cum
666 5419 743 5472 ita
786 5419 1102 5493 comparata
1140 5423 1243 5489 sit,
1286 5419 1513 5478 u‘t’eum‘
1551 5423 1726 5493 ipsum

132 5498 439 5545 torrentem
471 5496 713 5560 nostrum
739 5504 861 5545 esse
888 5490 1163 5560 ambigere
1190 5509 1298 5549 non
1327 5494 1506 5560 liceat,
1538 5490 1729 5550 Irmin-

250 5573 471 5634 quoque
495 5574 603 5634 non
626 5558 937 5634 Eresburgi,
955 5558 1062 5634 sed
1085 5564 1288 5634 aliqudt
1322 5558 1580 5634 passuum
1606 5565 1727 5619 mil-

134 5629 283 5687 libus
310 5646 344 5685 a
378 5629 580 5701 Lippia:
619 5629 857 5687 fontibus
872 5629 1157 5689 'orientem
1177 5629 1253 5689 ἐι
1287 5629 1568 5690 meridiem
1607 5651 1728 5691 ver-

133 5715 234 5771 sus
256 5701 571 5771 constitisse
592 5709 758 5771 patet.
788 5702 925 5757 Hinc
948 5711 1004 5760 et
1030 5704 1279 5771 Irminsul
1306 5706 1420 5761 sive
1444 5706 1729 5762 Ermensul

134 5770 328 5830 Irmini
363 5772 480 5829 sive
505 5770 733 5826 Arminii
758 5773 1065 5830 columnam
1105 5770 1289 5845 fuisse,
1315 5784 1367 5833 et
1400 5792 1586 5833 verum
1630 5777 1736 5834 Va-

515 5860 793 5922 PATBOL.
840 5862 998 5926 CIV.

1835 5142 2003 5197 rianaa
2028 5134 2199 5211 cladis
2220 5137 2891 5211 locumdoeerividemur.
2920 5138 3144 5211 Signum
3168 5158 3296 5201 vero
3317 5146 3422 5201 im-

1834 5211 2082 5288 mortalis
2109 5209 2292 5288 herois
2315 5216 2369 5262 et
2398 5208 2580 5288 fanum
2605 5209 2665 5288 in
2699 5224 2813 5288 quo
2832 5208 3177 5288 consisteret,
3210 5231 3422 5288 magna:

1835 5281 2006 5336 fuisse
2034 5280 2211 5345 melis,
2240 5280 2311 5333 ita
2342 5278 2515 5358 ut__vel
2542 5279 2702 5335 hodie
2720 5278 2845 5358 ejus
2864 5278 3211 5358 [undamenta
3233 5278 3422 5358 super-

1833 5361 2047 5417 essent,
2088 5366 2156 5407 ex
2202 5348 2621 5422 eo_colligitur,
2651 5348 2806 5422 quod
2859 5351 3087 5409 Carolus
3134 5368 3258 5412 cum
3300 5348 3423 5414 'toto

1832 5423 2074 5478 exercitu
2100 5437 2201 5497 suo
2233 5420 2468 5475 triduum
2494 5421 2563 5475 ad
2589 5420 2770 5478 minus
2814 5423 2868 5479 in
2896 5423 3013 5497 ejus
3055 5426 3422 5487 destructione

1832 5493 2185 5562 consumpsit.

1905 5564 1932 5604 1³
1967 5556 2270 5625 ΤΙιῶηινὶιΙε,
2304 5556 2692 5620 Diedcnhol'en.

1844 5646 1853 5649 '
1907 5645 1929 5672 ε
1961 5632 2120 5697 Genf,
2144 5631 2365 5687 Ceneve.

1840 5703 2237 5845 miioﬁummus
2285 5703 2591 5775 Penninus,
2643 5709 2804 5765 modo
2852 5725 3010 5768 mons
3058 5710 3117 5769 S.
3160 5711 3423 5787 Bernud.‘

2880 5875 2954 5933 13
