3960 6346
161 257 293 313 397
1238 248 1384 313 CUM
1420 245 2017 313 LAURISSENSIBUS
2057 246 2368 313 COLLATI.
2859 296 2865 301 .
3325 210 3432 321 598

687 380 918 422 AXNALES
955 375 1261 423 EGINIIAlibi.
1785 372 1836 432 A

1785 372 1836 432 Α
2299 383 2534 424 Ακιηιεδ
2568 380 2948 428 ιλυωεεεηδεε

158 469 325 525 tum,
362 457 455 529 qui
502 457 771 513 incendiis
816 474 883 513 ac
924 458 1315 529 direptionibus
1354 468 1549 517 cuncta
1595 455 1758 517 deva-
1856 476 2050 517 norum
2074 460 2089 493 '
2114 476 2249 533 gens
2289 462 2557 532 coepisset
2589 462 2837 518 saeviens
2872 464 3061 521 domos
3083 467 3103 496 ³
3128 465 3436 530 forinsecus

155 558 340 605 stans
365 588 380 612 ,
410 547 774 617 compluribus
819 547 981 603 etiam
1013 546 1309 615 Saxonum,
1360 549 1455 619 qui
1502 551 1757 608 resistere
1856 549 2105 606 incendio
2131 562 2399 616 cremare,
2433 560 2703 607 venerunt
2731 553 2800 608 ad
2841 554 3112 624 quandam
3154 559 3435 619 basilicam

151 639 369 697 conati
394 648 544 708 sunt,
588 640 908 708 interiectis,
935 656 1061 697 cum
1088 641 1291 714 ingenti
1317 643 1516 716 praeda
1547 657 1756 715 regres-s
1852 637 1910 695 in
1940 639 2060 696 ioco
2102 641 2197 710 qui
2232 641 2434 696 dicitur
2456 640 2751 698 Fricdislar
2783 644 2805 675 ³
2828 684 2846 710 ,
2884 659 3045 715 quam
3077 657 3299 707 sanctae
3325 667 3440 711 me-

152 745 273 788 m
299 730 321 763 ι
347 736 437 788 οη
455 729 505 788 ο,
1853 731 2060 786 moriae
2103 731 2424 788 Bonei‘acius
2458 733 2786 791 novissimus
2813 744 3021 808 martyr
3061 742 3402 797 consecravit
3427 782 3446 809 ,

980 814 985 817 ’
1853 826 2018 892 atque
2061 836 2160 891 per
2200 824 2452 893 spiritum
2511 825 2828 896 prophetiae
2869 826 2889 859 ³
2945 830 3250 898 praedixit,
3289 833 3434 902 quod

1851 927 2131 983 nunquam
2189 915 2438 970 incendio
2464 914 2485 948 ⁵
2513 925 2867 972 cremaretur.
2914 918 3223 990 Coeperunt
3251 932 3432 981 autem

1852 1004 1999 1060 idem
2026 1004 2046 1035 ⁸
2072 1004 2300 1075 praefati
2351 1006 2596 1064 Saxones
2636 1023 2758 1063 cum
2804 1010 2970 1065 nimia
3012 1012 3311 1071 intentione
3339 1017 3436 1072 ad-

1854 1099 2042 1149 versus
2087 1096 2310 1151 eandem
2359 1105 2568 1152 certare
2615 1097 2925 1163 basilicam,
2978 1104 3437 1171 quemadmodum

1850 1200 1974 1240 eam
2023 1198 2123 1257 per
2163 1186 2442 1256 quodlibet
2490 1186 2765 1258 ingenium
2812 1190 2920 1257 igni
2949 1192 2967 1220 ⁷
3016 1195 3308 1248 cremare'
3342 1210 3437 1264 po-

1854 1276 2104 1331 tuissent.
2132 1276 2269 1332 Dum
2300 1278 2437 1332 haec
2480 1277 2644 1346 igitur
2669 1277 2689 1308 ⁹
2734 1288 3041 1346 agerentur,
3069 1293 3439 1351 apparuerunt

1852 1366 2174 1437 quibusdam
2216 1365 2532 1421 Christianis
2558 1368 2649 1436 qui
2690 1377 2845 1423 erant
2881 1369 2936 1423 in
2976 1371 3219 1437 castello,
3250 1372 3440 1429 simili-

1854 1472 1939 1518 ter
1963 1463 2005 1495 ³³
2027 1472 2082 1519 et
2105 1463 2426 1533 quibusdam
2453 1462 2679 1534 paganis
2702 1464 2793 1534 qui
2821 1463 2873 1518 in
2898 1464 3015 1534 ipso
3037 1466 3264 1521 aderant
3285 1482 3441 1524 exero

1855 1557 1966 1612 citu
1985 1596 1999 1621 ,
2026 1554 2134 1610 duo
2164 1555 2386 1610 iuvenes
2428 1554 2481 1609 in
2526 1554 2683 1617 albis,
2716 1555 2809 1624 qui
2839 1555 3012 1625 ipsam
3056 1556 3334 1613 basilicam
3367 1556 3440 1612 ab

1856 1645 1979 1717 igne
2013 1644 2367 1716 protegebant
2392 1645 2457 1709 “,
2487 1651 2541 1699 et
2567 1653 2852 1714 propterea
2880 1644 3078 1701 ibidem
3103 1662 3213 1703 non
3250 1655 3439 1717 potue-

1786 1710 1836 1778 Β
1864 1710 1992 1789 runt
2012 1710 2196 1803 neque
2206 1733 2435 1789 interius
2457 1710 2632 1802 neque
2652 1710 2891 1788 exterius
2912 1733 3091 1805 ignem
3116 1710 3436 1801 accendere.

1859 1841 1963 1882 nec
2009 1824 2227 1897 aliquod
2265 1827 2523 1882 damnum
2555 1826 2597 1857 ³³
2619 1824 2796 1881 eidem
2824 1826 2869 1857 ³³
2897 1825 3102 1883 inferre
3138 1829 3395 1884 basilicae
3416 1847 3436 1882 ς

1858 1918 1956 1977 sed
2003 1928 2137 1975 nutu
2184 1901 2401 1975 divinae
2449 1918 2749 1973 maiestatis
2789 1931 2990 1988 pavore
3034 1915 3342 1987 perterriti,
3384 1921 3440 1975 in

1859 2008 2041 2080 fugam
2069 2009 2316 2065 conversi
2343 2017 2497 2072 sunt,
2526 2009 2744 2062 nemine
2768 1998 3148 2077 persequente.
3183 2009 3444 2064 inventus

1857 2107 1941 2153 est
1963 2106 2143 2153 autem
2168 2106 2357 2168 postea
2383 2112 2523 2152 unus
2544 2113 2607 2152 ex
2631 2096 2837 2152 eisdem
2863 2095 3166 2152 Saxonibus
3191 2106 3442 2154 mortuus

1858 2189 2006 2244 iuxta
2038 2189 2210 2258 ipsam
2252 2187 2555 2253 basilicam,
2599 2185 2827 2258 genibus
2867 2187 3050 2243 curvis
3078 2187 3308 2243 adclinis
3349 2203 3442 2243 suo

1855 2297 1954 2353 pra
1994 2281 2037 2313 “
2073 2281 2261 2351 pedes,
2302 2282 2511 2336 habens
2552 2282 2729 2353 ignem
2769 2288 2825 2334 et
2874 2280 3017 2350 ligna
3061 2280 3115 2335 in
3165 2282 3441 2359 manibus,

1855 2373 2004 2427 velut
2030 2386 2125 2427 ore
2154 2369 2331 2426 ﬂando
2371 2371 2599 2426 eandem
2626 2370 2905 2425 basilicam
2951 2371 3061 2441 igni
3103 2371 3318 2427 tradere
3344 2386 3442 2426 vo-

1856 2460 2122 2517 luisset“.
2141 2461 2209 2516 Et
2228 2468 2532 2516 reverteute
2554 2459 2754 2517 domno
2771 2460 2814 2492 ³³
2825 2459 3020 2517 Carolo
3042 2473 3166 2533 rege
3187 2476 3218 2515 a
3243 2459 3440 2527 Roma.

1856 2552 2054 2607 iterum
2082 2552 2122 2585 "
2150 2552 2219 2607 ad
2255 2550 2476 2622 Papiam
2508 2551 2754 2622 pervenit
2781 2551 2845 2617 ³³,
2884 2553 3057 2622 ipsam
3087 2552 3130 2584 ”
3165 2549 3443 2608 civitatem

1856 2645 2018 2714 cepit,
2054 2651 2109 2699 et
2135 2642 2472 2699 Desiderium
2517 2656 2699 2712 regem
2725 2656 2849 2698 cum
2890 2658 3061 2700 uxore
3087 2653 3144 2699 et
3188 2643 3323 2710 tilia,
3355 2643 3442 2697 vei

1856 2751 1980 2792 eum
2006 2734 2050 2767 '°
2071 2736 2220 2791 omni
2242 2735 2496 2790 thesauro
2515 2733 2635 2790 eius
2657 2733 2845 2805 palatii
2869 2734 2935 2788 “.
2958 2734 3144 2805 ibique
3167 2735 3444 2791 venientes

1854 2838 2047 2880 omnes
2089 2822 2430 2893 Langobardi
2454 2823 2521 2880 de
2558 2824 2770 2879 cunctis
2799 2825 2847 2854 "
2875 2824 3187 2879 civitatibus
3228 2824 3437 2888 Italiae.

1856 2915 2213 2971 subdiderunt
2256 2929 2316 2970 se
2350 2915 2405 2969 in
2441 2913 2681 2970 dominio
2700 2914 2747 2946 ³³
2769 2915 2950 2971 domni
2993 2915 3214 2985 gloriosi
3258 2913 3441 2970 Caroli

1856 3006 2004 3077 regis
2041 3012 2096 3060 et
2139 3003 2492 3059 Francorum.
2539 3002 2861 3074 Adalgbisus
2896 3003 2941 3035 ³³
2986 3003 3130 3059 iiiius
3172 3002 3442 3058 Desiderii

1780 3060 1827 3123 Ο
1858 3060 2021 3166 regis,
2062 3092 2188 3165 fuga
2216 3093 2398 3164 lapsus
2423 3106 2573 3148 mare
2600 3060 2788 3149 introit
2808 3094 2876 3159 ³³,
2907 3101 2962 3147 et
2986 3091 3441 3163 Constantinopo-

1855 3185 1949 3240 lim
1981 3183 2239 3255 perrexit.
2271 3183 2422 3239 Tunc
2447 3183 2712 3254 gloriosus
2738 3183 2968 3239 domnus
2993 3183 3037 3213 ³³
3061 3180 3284 3237 Carolus
3313 3196 3435 3248 rex,

1853 3278 1971 3347 ipsa
1996 3272 2211 3331 italia”
2242 3276 2524 3346 subiugata
2548 3284 2604 3331 et
2630 3277 2900 3342 ordinata,
2927 3275 3170 3331 custodia
3199 3275 3246 3308 ³⁸
3269 3276 3440 3333 Fran-

1852 3382 2040 3423 corum
2068 3368 2122 3421 in
2150 3367 2315 3436 Papia
2342 3367 2561 3422 civitate
2585 3366 2888 3433 dimittens,
2919 3380 3042 3422 cum
3070 3381 3239 3423 uxore
3268 3375 3325 3422 et
3355 3382 3444 3423 re-

1851 3454 2018 3526 liquis
2051 3454 2278 3510 Francis
2308 3454 2418 3510 Deo
2456 3455 2748 3511 adiuvante
2773 3471 2896 3511 cum
2924 3470 3140 3525 magno.
3164 3455 3440 3525 triumpho

1853 3546 2144 3604 Franciam
2170 3562 2426 3602 reversus
2451 3556 2555 3603 est.
2583 3547 2651 3602 Et
2675 3548 2802 3604 dum
2824 3547 2869 3579 ³³
2892 3547 3233 3619 pervenisset
3258 3548 3327 3605 ad
3359 3548 3439 3604 lo—

1854 3654 1978 3694 cum
2006 3638 2050 3669 ³³
2084 3638 2179 3708 qui
2218 3637 2417 3693 dicitur
2460 3637 2801 3708 ingiiinhaim
2825 3638 2869 3671 ³³
2896 3650 2948 3704 ι,
2992 3639 3214 3695 mittens
3241 3637 3287 3672 ³³
3312 3654 3446 3709 φης

1855 3738 1979 3787 tuor
2002 3730 2048 3763 ³³
2072 3744 2254 3785 scaras
2285 3730 2341 3786 in
2371 3728 2685 3798 Saxoniam,
2715 3739 2829 3787 tres
2849 3730 2896 3763 "
2917 3746 3150 3802 pugnam
3177 3747 3301 3787 cum
3340 3729 3443 3787 Sa.

2243 3902 2633 3962 VARIANTES
2668 3899 3072 3961 LECTIONES.

1930 4014 1948 4048 ³
1998 4028 2261 4072 saxonum
2298 4014 2332 4068 6
2364 4045 2434 4055 -—
2481 4015 2568 4069 12.
2663 4015 2685 4046 ³
2722 4014 2912 4071 domos
2961 4014 3104 4070 deest
3148 4013 3202 4069 6.
3298 4016 3319 4049 ³
3347 4016 3443 4073 fri-

1859 4086 2025 4159 dislar
2069 4085 2119 4140 7.
2158 4084 2246 4139 12.
2269 4082 2546 4159 _fredisiar
2589 4085 2647 4159 91
2690 4081 2961 4159 friedislar
2992 4086 3079 4159 10.
3110 4086 3200 4159 11.
3236 4157 3247 4159 _
3299 4086 3446 4159 fpet

1859 4156 2109 4280 gpiritum
2133 4154 2446 4237 prophetiae
2464 4154 2602 4209 deest
2617 4153 2670 4209 6.
2790 4154 2812 4187 ⁸
2837 4154 3083 4211 incendia
3099 4157 3152 4211 6.
3231 4157 3253 4189 ⁸
3277 4153 3441 4212 iid'em

1901 4266 1916 4280 .
1941 4230 2047 4280 etc.
2159 4227 2180 4258 τ
2205 4241 2330 4280 tunc
2356 4224 2407 4279 7.
2435 4225 2489 4280 9.
2513 4233 2621 4280 etc.
2649 4225 2788 4279 deest
2814 4224 2865 4280 6.
2956 4225 2977 4257 ⁸
3006 4240 3356 4280 eoneremare
3387 4228 3440 4280 6.

1901 4224 1916 4280 ζ
1941 4230 2047 4281 etc.
2136 4224 2180 4258 “τ
2205 4224 2330 4296 igne
2356 4224 2407 4279 7.
2435 4225 2489 4296 9.
2513 4233 2621 4280 etc.
2649 4225 2788 4296 deest
2814 4224 2865 4296 6_.
2956 4225 2977 4257 ⁸
3006 4240 3356 4283 concremare
3387 4228 3440 4281 6.

1859 4294 1883 4330 ⁸
1908 4296 2097 4369 ἱείὶιιιζ
2117 4292 2258 4369 dces}
2302 4294 2354 4349 6.
2434 4294 2477 4327 ³³
2505 4294 2749 4369 simulAS.
2847 4292 2889 4328 “
2919 4299 3281 4369 protegebant
3314 4312 3443 4369 ρτοα

1783 4399 1838 4462 D
1861 4365 2048 4489 gtérea
2068 4367 2122 4421 7.
2203 4366 2245 4397 ¹³
2274 4379 2448 4434 neque
2472 4365 2688 4434 aliquod
2716 4365 3005 4437 dampnum
3030 4365 3101 4421 6.‘
3160 4366 3206 4399 “
3231 4365 3444 4449 hisdem

1862 4472 1876 4491 ι
1903 4478 1916 4490 .
1948 4434 2142 4491 Iisdem
2182 4434 2236 4490 9.
2272 4432 2480 4506 10.11.
2555 4433 2600 4467 ³³
2647 4448 2811 4506 super
2855 4437 2909 4490 7.
2945 4436 2999 4492 9.
3033 4505 3042 4506 ί
3079 4432 3125 4468 ³⁸
3160 4436 3442 4491 voluisset.

1860 4506 2163 4562 Revertens
2204 4519 2333 4560 vero
2366 4504 2591 4560 domnos
2637 4504 2851 4561 car-olus
2897 4521 2990 4561 rex
3030 4505 3081 4559 7.
3159 4506 3204 4538 ³³
3246 4507 3445 4561 domno

1861 4576 2005 4631 deest
2052 4573 2104 4628 6.
2184 4572 2225 4606 "
2272 4583 2328 4629 et
2373 4574 2569 4629 iterum
2617 4576 2670 4629 i.
2748 4576 2791 4607 ³⁸
2817 4574 3061 4644 pervenit
3097 4575 3147 4629 1.
3179 4574 3231 4629 7.
3264 4572 3317 4629 9.
3353 4574 3441 4629 10.

1860 4645 1908 4678 ³³
1928 4652 1984 4700 et
2011 4645 2182 4715 ipsam
2206 4644 2258 4698 7.
2285 4645 2341 4700 9.
2392 4644 2459 4715 7"
2491 4644 2599 4700 [ilia
2622 4652 2677 4715 et
2705 4642 2902 4715 curui.
2923 4645 2974 4696 7.
3001 4642 3086 4715 10.
3114 4645 3207 4715 11.
3279 4644 3324 4677 ³³
3349 4659 3445 4715 pa-

1863 4715 1979 4769 latii
2018 4711 2134 4771 eius
2164 4714 2215 4769 i.
2256 4715 2309 4768 7.
2346 4714 2432 4770 10.
2464 4715 2553 4769 11.
2629 4711 2676 4747 ³³
2701 4713 2770 4769 de
2797 4714 2876 4769 eis
2904 4714 3008 4769 civ.
3039 4714 3089 4767 1.
3166 4713 3213 4745 ³³
3249 4729 3307 4768 se
3342 4711 3443 4769 do.

1866 4786 2035 4841 minio
2079 4783 2130 4839 5.
2172 4782 2225 4839 6.
2268 4784 2355 4840 10.
2433 4784 2480 4816 ³³
2526 4783 2824 4853 adaigulfus
2858 4784 2909 4838 1.
2959 4782 3228 4853 adalgisus
3263 4784 3316 4839 6.
3352 4783 3442 4839 10.

1866 4855 2136 4928 adalgisus
2171 4868 2302 4928 vero
2330 4855 2362 4909 7
2388 4853 2491 4928 (8.)
2523 4856 2577 4928 9.
2606 4852 2723 4928 11.Δ
2765 4852 3063 4928 “intravit
3202 4853 3448 4928 introivit

575 4973 966 5038 mansuras
1002 4971 1404 5044 LECTIONES-
1784 4978 1789 4983 '
1867 4925 1921 5029 ἷέ
1940 4921 2247 5052 ﬁssilis;
2271 4922 2790 5051 i?‘i‘."§3s'$5i§fh.
2816 4922 3359 5049 Ᾰῖ-ἇέἓξῗεῗῗειῗάῖέ
3387 4926 3443 5050 32

238 5071 263 5108 ³
290 5082 554 5128 reversus
572 5069 628 5126 6.
694 5072 839 5126 'est.
865 5070 1096 5127 Karoius
1132 5068 1378 5126 abitalia
1425 5063 1758 5140 regrediens,
1866 5066 1956 5140 10.
1985 5067 2230 5140 custodia
2252 5065 2444 5140 relicta
2481 5064 2568 5140 l_i.
2644 5064 2702 5140 "_
2724 5063 2787 5140 Et
2818 5077 2940 5140 cum
2963 5063 3027 5140 _i.
3066 5064 3117 5140 ἶ.
3151 5063 3238 5140 10.
3285 5063 3372 5140 _”_
3389 5065 3445 5119 in

162 5141 578 5202 dedicationem
630 5140 891 5197 ecclesiae
943 5143 1112 5197 sancti
1142 5139 1381 5210 ‘Nazarii
1424 5129 1683 5210 martyris
1709 5129 1766 5193 et
1866 5135 2045 5210 locum
2074 5136 2131 5210 β.
2165 5133 2486 5210 1Αο.,11.--ἰη-
2507 5133 2626 5210 loco
2664 5134 2723 5210 :1.
2753 5133 2811 5210 _9.
2845 5130 2930 5210 m“
2957 5129 3330 5210 ingqlheim‘i.
3357 5134 3446 5210 in;

164 5198 597 5271 translationem
637 5211 882 5281 corporis
929 5210 1097 5281 ipsius
1136 5208 1189 5265 in
1223 5209 1549 5267 monasterio
1569 5198 1764 5263 'nos'tro
1868 5205 2145 5331 gilinheim
2173 5205 2225 5261 6.
2255 5204 2545 5277 ingeihaim
2579 5202 2630 5257 7.
2660 5202 2712 5257 9.
2753 5198 3150 5271 ingiiheim‘li.
3224 5202 3271 5237 ³³
3299 5203 3448 5259 misit

165 5279 555 5331 Laureshevm
588 5279 882 5331 celebravit
910 5322 926 5331 .
957 5296 1099 5331 anno
1135 5276 1522 5331 incarnationis
1550 5276 1763 5331 Domini
1910 5316 1924 5331 .
1956 5276 2009 5330 7.
2040 5277 2126 5331 10.
2173 5276 2262 5331 11.
2338 5274 2384 5306 ⁸³
2414 5280 2645 5331 quatuor
2673 5272 2726 5328 5.
2804 5272 2851 5305 ³³
2893 5272 3171 5329 saxoniam
3214 5285 3445 5331 auarum

165 5279 555 5346 Lauresbeym
588 5272 926 5346 celebravit,
948 5272 1099 5337 'anuo
1135 5276 1522 5336 incarnationis
1550 5276 1763 5334 Domini
1871 5272 1924 5331 1.
1956 5276 2009 5330 7.
2040 5277 2134 5346 10.
2173 5276 2262 5331 11.
2316 5272 2389 5346 ⁷³³.
2414 5272 2726 5346 (ιυειμοιῄῥ.
2804 5272 2851 5305 ³³
2893 5272 3171 5346 saxoniam
3214 5285 3445 5345 quarum

170 5341 557 5409 DCCLXXIV.
604 5350 720 5406 Cal.
749 5341 983 5421 Sept.'7.
1872 5355 1983 5402 tres
2020 5346 2071 5400 i.
2106 5342 2159 5400 7.
2204 5341 2505 5402 saxoniarn.
2536 5341 2605 5397 At
2634 5341 2711 5399 iiii
2744 5350 2859 5400 tres
2898 5343 2951 5399 9.

1702 5450 1934 5512 NOTAE.

122 5608 123 5611 η
252 5590 283 5620 ι
305 5577 389 5647 De
430 5574 837 5647 ingeiheimensi
866 5573 1078 5647 palatio
1096 5572 1344 5647 Caesareo
1371 5569 1444 5628 ri.
1478 5566 1804 5638 Schoepilini
1834 5565 2352 5643 dissertationem‘in
2386 5534 2941 5624 Commentationibus
2962 5559 3450 5621 academie-Thco-

176 5649 323 5705 dom
360 5641 646 5705 Palatinae.
706 5654 745 5701 ι.
788 5645 832 5712 ι,
865 5641 987 5717 pag.
1017 5641 1141 5700 eoo.
2280 5641 2289 5643 ‘
3378 5678 3379 5683 ,
