3960 6346
669 520 903 565 Δημιεε
936 520 1248 563 εςιΝιιΑιωι.

120 609 505 665 I-‘raucoruni
568 610 747 659 castra
792 599 1023 671 ingressi
1073 605 1202 654 sunt
1237 612 1253 662 ;
1297 594 1743 662 dormientesque

148 714 231 755 ac
281 696 640 756 semisomnos
686 690 862 747 adorti
921 690 964 756 ⁸,
1023 705 1133 745 non
1180 686 1449 743 modicam
1496 684 1745 740 incautae

149 786 539 848 multitudinis
571 783 792 840 caedem
836 780 1034 838 fecisse
1064 781 1340 836 dicuntur.
1385 776 1491 831 Sed
1517 774 1746 844 vigilan-

153 883 309 941 tium
329 893 396 934 ac
417 876 647 933 viriliter
690 872 1056 929 resistentium
1082 870 1285 924 virtute
1314 864 1519 935 repulsi
1552 867 1598 929 ‘,
1654 876 1746 917 ca-

126 971 300 1028 -atris
326 973 699 1031 excesserunt,
728 972 803 1029 _ct
826 978 896 1018 ex
937 956 1098 1031 pact'o
1139 959 1283 1029 quod
1338 957 1480 1013 inter
1511 970 1609 1010 eos
1637 954 1694 1013 iu
1725 953 1746 984 ³

149 1060 267 1116 tali
293 1057 620 1117 necessitate
644 1054 1008 1127 fieripoterat,
1030 1052 1419 1107 discesserunt.
1451 1045 1605 1114 Quod
1623 1060 1746 1103 cum

148 1157 283 1228 regi
314 1155 506 1211 fuisset
535 1152 796 1217 adlatum,
821 1158 1019 1221 quanta
1048 1146 1225 1218 potuit
1245 1144 1527 1202 celeritate
1554 1142 1748 1198 adcur-

148 1264 320 1313 rens,
368 1244 689 1316 fugientium
723 1252 872 1314 terga
925 1242 1243 1310 insequutus
1300 1237 1343 1302 ‘,
1377 1250 1627 1307 magnam
1676 1249 1746 1289 ex
1824 1292 1829 1295 _

1233 410 1379 468 CUM
1417 401 2011 465 LAURISSENSIBUS
2049 398 2365 456 COLLATI.

1778 502 1830 559 Α
2316 503 2553 545 ΑΝΝΑιεε
2588 502 2993 545 ιΑυιιιεεεΝεεε.

3328 396 3437 454 £02

1848 590 2095 638 vertente
2127 581 2144 614 ¹
2193 580 2438 654 praefato
2468 595 2615 652 rege,
2648 580 2856 635 invenit
2901 580 3064 635 aliam
3108 588 3321 650 partem
3364 582 3434 638 de

1848 688 1946 729 suo
1982 671 2225 728 exercitu
2269 686 2433 742 super
2464 668 2685 725 ﬂuvium
2716 668 2950 733 Wisora,
2986 669 3328 726 continentes
3362 670 3439 727 ri-

1847 778 1971 834 pam
2002 778 2161 835 quam
2198 762 2331 819 iussi
2372 760 2653 817 fuerant’.
2694 759 2939 817 Saxones
2995 774 3120 815 cum
3168 760 3303 833 ipsis
3330 776 3436 832 pu—

1849 873 2010 932 gnam
2051 854 2295 913 fecerunt
2333 855 2389 911 in
2423 853 2560 921 loco,
2593 853 2684 926 qui
2724 853 2925 910 dicitur
2966 852 3207 916 Lidbacb
3253 854 3315 921 ³,
3374 863 3433 910 et

1847 947 2043 1007 Franci
2070 947 2183 1003 Deo
2219 946 2433 1002 volente
2458 946 2741 1003 victoriam
2782 946 3113 1011 habuerunt,
3159 955 3215 1001 et
3244 945 3435 1017 plures
3485 964 3497 973 ’

1848 1053 1914 1093 ex
1937 1037 2067 1110 ipsis
2088 1038 2110 1068 ⁸
2134 1035 2379 1094 Saxones
2407 1037 2429 1068 ⁸
2457 1036 2795 1093 occiderunt.
2823 1035 2936 1091 Hoc
2958 1036 3213 1092 audiente
3234 1037 3434 1092 domno

1847 1126 2041 1183 Carolo
2064 1142 2213 1199 rege,
2243 1128 2438 1183 iterum
2467 1142 2631 1197 super
2647 1124 2904 1183 Saxones
2929 1141 3053 1182 cum
3091 1125 3333 1183 exercitu
3364 1127 3437 1181 ir-

1848 1234 2033 1284 ruens,
2061 1227 2118 1274 et
2142 1218 2163 1247 ⁸
2193 1233 2300 1273 non
2347 1217 2612 1272 minorem
2645 1224 2883 1288 stragem
2915 1232 2982 1272 ex
3035 1217 3117 1272 eis
3149 1218 3169 1247 ⁷
3202 1215 3351 1283 fecit,
3383 1226 3439 1273 et

1846 1309 2104 1380 praedam
2134 1307 2361 1366 multam
2393 1307 2721 1383 conquisivit
2766 1322 2929 1380 super
2957 1304 3283 1363 Westfalaos
3305 1308 3351 1373 ⁸,
3383 1318 3439 1363 et

1846 1399 2064 1457 obsides
2090 1397 2392 1477 dederunt,
2440 1398 2582 1453 sicut
2624 1406 2680 1452 et
2726 1397 2866 1453 alii’
2921 1397 3196 1464 Saxones;
3227 1406 3283 1454 et
3309 1406 3437 1453 tunc

1846 1489 2126 1549 obsidibus
2155 1488 2196 1520 ι’
2224 1488 2478 1559 receptis,
2524 1495 2580 1543 et
2624 1488 2824 1558 praeda
2856 1488 3024 1544 multa
3053 1490 3335 1559 adsumpta
3369 1492 3433 1554 “,

1847 1590 1903 1639 et
1946 1590 2165 1653 praeter
2193 1590 2276 1636 ter
2319 1590 2558 1653 stragem
2604 1580 2877 1638 Saxonum
2924 1587 3126 1638 laetam
3156 1584 3223 1650 ",
3248 1600 3437 1656 supra-

1848 1675 2026 1731 dictus
2071 1675 2300 1729 domnus
2327 1673 2369 1705 ¹²
2405 1673 2633 1729 Carolus
2666 1689 2762 1730 rex
2802 1675 2871 1730 ad
2917 1677 3135 1747 propria
3185 1691 3436 1733 reversus

1850 1775 1960 1831 est,
1988 1766 2284 1822 auxiliante
2312 1764 2566 1831 Domino,
2594 1765 2647 1819 in
2672 1765 2977 1820 Franciam.
3007 1766 3159 1822 Tunc
3186 1767 3433 1832 audiens,

1777 1866 1822 1924 Β
1848 1857 1993 1927 quod
2024 1855 2379 1928 Hrodgaudus
2411 1854 2454 1886 ιδ
2477 1854 2864 1927 Langobardus
2898 1856 2943 1887 ³⁸
2977 1856 3249 1912 fraudavit
3274 1856 3437 1913 ﬁdem

1850 1963 2023 2014 suam,
2048 1955 2104 2003 et
2126 1946 2308 2002 omnia
2333 1956 2671 2003 sacramenta
2700 1962 2977 2018 rumpens,
3001 1956 3056 2002 et
3081 1947 3248 2003 voluit
3272 1948 3314 1979 ¹⁴
3333 1948 3438 2002 Ita-

1850 2038 1978 2093 liam
2014 2037 2299 2105 rebellare,
2341 2046 2470 2094 tunc
2511 2037 2613 2099 illis
2646 2039 2700 2093 in
2731 2037 2975 2110 partibus
3017 2054 3137 2093 cum
3168 2038 3438 2115 aliquibus

1854 2129 2079 2185 Francis
2115 2130 2153 2160 ”
2211 2129 2443 2184 domnus
2477 2127 2703 2187 Carolus
2757 2141 2853 2183 rex
2913 2129 3015 2183 iter
3056 2144 3344 2203 peragens,
3382 2140 3439 2185 et

1850 2219 2177 2277 caelebravit
2222 2218 2457 2277 natalem
2507 2217 2720 2273 Domini
2776 2216 2830 2272 in
2879 2217 3005 2272 villa
3047 2233 3185 2288 quae
3240 2219 3440 2274 dicitur

1850 2308 2180 2368 Scladdistat
2220 2309 2263 2340 ¹⁸
2300 2319 2347 2364 α.
2392 2308 2459 2365 Et
2516 2307 2804 2365 inmutavit
2851 2323 2911 2364 se
2957 2323 3216 2364 numerus
3262 2324 3435 2365 anno-

1786 2419 1790 2423 ‘
1852 2421 1973 2463 rum
2011 2404 2068 2463 in

142 1341 244 1397 eis
276 1336 576 1409 prostravit
608 1334 1017 1391 multitudinem
1038 1332 1097 1398 ⁸;
1126 1339 1185 1389 et
1229 1339 1342 1387 tum
1369 1329 1585 1405 demum
1614 1327 1746 1385 We-

118 1430 487 1488 stfalaorum
515 1428 536 1459 ‘
561 1427 837 1484 obsidibus
864 1424 1121 1496 acceptis,
1175 1422 1246 1481 ad
1287 1419 1636 1479 biemandum
1690 1421 1746 1478 in

141 1518 405 1577 Francia
432 1518 454 1552 "
482 1516 791 1575 revertitur.

767 2467 1117 2529 DCCLXXVI
1144 2510 1161 2525 .

236 2558 381 2631 Regi
413 2559 634 2616 domum
650 2565 944 2620 revertenti
970 2567 1272 2633 nuntiatur,
1294 2552 1716 2639 llruodgaudum
1730 2567 1752 2600 ⁸

146 2650 587 2721 Langobardum
608 2650 651 2718 ’,
680 2668 841 2723 quem
868 2655 983 2725 ipse
1020 2656 1061 2688 ⁸⁸
1098 2657 1560 2713 Foroiuliensibus
1590 2657 1630 2689 “
1657 2657 1756 2714 du-

151 2756 288 2797 cem
315 2741 566 2809 dederat,
595 2742 650 2798 in
672 2741 824 2800 Italia
858 2761 948 2801 res
966 2762 1136 2803 novas
1161 2748 1361 2814 moliri,
1394 2756 1451 2805 et
1482 2748 1592 2804 iam
1620 2763 1769 2804 con-
1853 2750 2001 2805 cisus
2031 2756 2137 2814 est,
2165 2755 2220 2802 et
2263 2747 2609 2817 supradictus
2651 2746 2882 2801 domnus
2907 2746 2953 2777 “
2981 2743 3210 2801 Carolus
3239 2759 3336 2800 rex
3367 2744 3436 2805 ad

153 2832 357 2902 plures
387 2834 432 2865 ²¹
467 2834 537 2889 ad
562 2849 686 2891 eum
707 2836 958 2894 civitates
986 2838 1269 2895 defecisse.
1309 2840 1392 2895 Ad
1417 2856 1553 2911 quos
1576 2848 1756 2897 motus
1856 2839 1902 2871 "
1931 2838 2239 2892 Tarvisium
2266 2838 2312 2869 ’δ
2333 2837 2607 2892 civitatem
2628 2824 2830 2909 pascha
2846 2835 3197 2902 caelebravit,
3228 2844 3284 2891 et
3311 2850 3437 2905 cap-

157 2926 613 2995 comprimendos
634 2942 756 2983 cum
785 2930 888 2985 sibi
911 2929 1274 2986 festinandum
1304 2932 1587 2998 iudicaret,
1615 2940 1751 2987 stre-

1856 2933 1939 2982 tas
1972 2926 2220 2982 civitates
2249 2926 2296 2958 "
2324 2924 2655 2991 Foroinlem,
2698 2924 3043 2979 Taravisium
3085 2924 3134 2957 ²⁶
3159 2938 3284 2980 cum
3311 2924 3439 2980 reli-

159 3017 497 3073 nuissimum
517 3032 787 3091 quemque
811 3022 856 3054 η
870 3038 1090 3078 suorum
1112 3039 1296 3080 secum
1313 3025 1536 3090 ducens,
1559 3024 1756 3095 raptim
1856 3017 1979 3088 quis
2014 3016 2328 3074 civitatibus
2357 3030 2497 3086 quae
2521 3015 2564 3047 "
2589 3013 2879 3070 rebellatae
2894 3014 2941 3046 ’⁸
2969 3012 3186 3076 fuerant
3217 3032 3229 3068 :
3258 3022 3315 3071 et
3334 3014 3440 3071 dis-

160 3106 382 3163 ltaliam
402 3108 841 3179 “proﬁciscitur,
870 3112 1396 3185 Hruodgaudoque“
1418 3116 1509 3185 qui
1531 3131 1756 3186 regnum
1856 3112 2038 3183 posuit
2071 3127 2165 3168 eas
2187 3126 2378 3168 omnes
2400 3126 2499 3182 per
2525 3109 2782 3176 Francos,
2812 3118 2868 3165 et
2907 3110 3105 3166 iterum
3134 3124 3258 3165 cum
3284 3123 3439 3178 pros-

164 3198 485 3254 adfectabat
512 3200 821 3267 interfecto,
867 3204 1177 3260 civitatibus
1219 3221 1434 3276 quoque
1453 3246 1468 3271 ,
1521 3220 1660 3275 quae
1685 3205 1753 3261 ad
1780 3216 1826 3278 (ς
1855 3204 2088 3275 peritate
2115 3212 2171 3259 et
2191 3203 2420 3259 victoria
2446 3216 2698 3257 reversus
2734 3208 2820 3256 est
2857 3200 2914 3255 in
2941 3198 3250 3255 Franciam.
3284 3196 3440 3253 Tunc

164 3302 301 3343 eum
368 3286 721 3355 defecerant,
780 3291 897 3347 sine
955 3292 1211 3349 dilatione
1264 3293 1308 3325 ¹⁶
1359 3294 1626 3364 receptis,
1694 3302 1752 3350 et
1857 3294 2080 3349 nuntius
2106 3293 2347 3360 veniens,
2367 3292 2459 3363 qui
2476 3290 2519 3323 “
2540 3282 3005 3349 dixit“S‘axOnes
3029 3286 3432 3350 rebellantes“,

165 3377 233 3433 in
278 3378 365 3433 eis
417 3377 745 3437 Francorum
800 3380 1093 3437 comitibus
1157 3383 1500 3449 constitutis,
1564 3384 1753 3439 eadem
1857 3395 1911 3443 et
1937 3402 2127 3443 omnes
2145 3385 2362 3443 obsides
2396 3399 2523 3441 suos
2544 3383 2841 3455 dulgtos“,
2868 3390 2923 3436 et
2945 3388 3283 3437 sacramenta
3310 3396 3442 3457 rup-

167 3483 290 3540 qua
335 3477 551 3524 venerat
598 3470 886 3526 velocitate
915 3472 955 3504 ⁸⁷
982 3486 1233 3529 reversus
1259 3483 1362 3531 est.
1422 3474 1521 3535 Cui
1548 3476 1640 3531 vix
1661 3476 1756 3532 ΑΙ·
2257 3472 2649 3535 VARIANTES
2681 3469 3090 3530 LECTIONE-S.

167 3575 278 3631 pes
299 3567 637 3632 transgresso
663 3571 1019 3619 occurrerunt
1039 3564 1102 3630 “,
1151 3565 1245 3634 qui
1276 3566 1620 3632 nunciarent,
1649 3564 1756 3624 Ae-

2450 2472 2818 2532 DCCLXXVI.

1924 2567 2074 2625 Tunc
2104 2568 2336 2624 domnus
2377 2567 2418 2599 ¹⁹
2447 2566 2673 2623 Carolus
2702 2583 2799 2623 rex
2824 2564 3030 2622 italiam
3058 2567 3335 2639 ingressus
3352 2575 3437 2622 est

1930 3571 1948 3602 ⁸
1986 3568 2308 3624 revertendo
2353 3567 2406 3622 6.
2492 3567 2531 3637 γ’
2562 3581 2726 3637 quam
2776 3564 2909 3627 iussi
2960 3562 3436 3637 fuerantdeestii.

1851 2660 2099 2731 partibus
2118 2658 2163 2690 ὀ
2192 2656 2626 2713 Foroiulensium
2655 2664 2846 2726 petens
2874 2657 2942 2721 ²¹,
2971 2654 3330 2726 Hrodgaudus
3349 2670 3438 2710 oc-
3492 2654 3521 2698 ‘J
3582 2680 3587 2689 ί

166 3652 501 3722 rcsburgum
526 3660 768 3708 castrum
801 3652 843 3685 ¹⁹
866 3668 897 3708 a
922 3652 1227 3711 Saxonibus
1256 3665 1650 3727 expugnatum,
1690 3674 1757 3715 ac

168 3742 512 3816 praesidium
552 3742 888 3799 Francorum
913 3745 1057 3814 quod
1083 3746 1137 3800 in
1172 3761 1240 3803 eo
1271 3756 1529 3817 posuerat
1562 3749 1753 3820 expul-

167 3849 327 3900 sum;
361 3832 712 3906 Sigiburgum
751 3834 897 3891 aliud
922 3836 1203 3892 castellum
1243 3823 1607 3909 oppugnatum
1636 3841 1756 3909 qui-

167 3925 318 3991 dem,
352 3924 475 3989 sed,
507 3941 615 3980 non
636 3934 853 3997 captum
873 3967 888 3992 ,
934 3926 1010 3981 eo‘
1025 3929 1171 3997 quod
1194 3928 1270 3983 hii
1299 3930 1390 3999 qui
1412 3930 1466 3984 in
1492 3945 1559 3986 eo
1588 3946 1753 3987 causa

166 4016 435 4089 praesidii
463 4016 509 4046 “
536 4014 752 4071 fuerant
772 4018 1072 4083 constituti,
1102 4017 1244 4074 facta
1265 4020 1547 4090 eruptione
1576 4022 1760 4076 incau-

168 4118 258 4163 tos
278 4116 449 4178 atque
475 4107 859 4178 obpugnationi
891 4108 1125 4163 intentos
1151 4107 1394 4165 Saxones
1427 4125 1459 4164 a
1491 4118 1645 4181 tergo
1674 4112 1758 4166 in-

167 4205 438 4254 vaserunt
463 4198 506 4229 "
531 4239 547 4263 ,
584 4206 637 4253 et
656 4197 903 4267 plurimis
939 4199 1238 4255 interfectis
1266 4201 1505 4271 reliquos
1533 4218 1641 4257 non
1669 4218 1756 4259 so-

168 4291 285 4346 lum
346 4277 802 4361 oppugnationem
842 4291 1150 4358 dimittere,
1222 4292 1319 4347 sed
1360 4294 1526 4349 etiam
1570 4294 1757 4366 fugere

166 4382 575 4453 compulerunt,
592 4382 941 4453 palantesque
965 4399 1031 4440 ac
1051 4385 1323 4453 dispersos
1345 4387 1413 4440 ad
1438 4386 1683 4458 Lippiam
1710 4391 1755 4421 "

154 4489 350 4543 usque
376 4472 598 4528 ﬂuvium
624 4474 890 4543 persecuti
925 4481 1069 4529 sunt.
1112 4474 1257 4531 llaec
1282 4492 1404 4531 cum
1435 4478 1549 4549 regi
1577 4477 1756 4533 adlata

571 4630 963 4688 VARIANTES
998 4630 1394 4688 LECTIONES.

249 4753 264 4781 ι
305 4747 751 4821 dormientesque
813 4748 1147 4821 aggresgti71
1234 4748 1256 4779 '
1296 4754 1558 4821 compulsi
1599 4753 1651 4807 5.
1697 4756 1751 4811 7.

170 4820 374 4876 :35?
420 4817 471 4872 7,
548 4816 871 4891 {insecutus
888 4816 1056 4891 2—7.
1106 4818 1149 4891 νδ
1177 4835 1248 4874 m.
1280 4836 1339 4891 p.
1367 4816 1436 4875 7.’
1474 4838 1529 4891 p.
1576 4840 1645 4881 ex
1676 4827 1759 4881 eis

170 4903 434 4960 magnam
464 4886 860 4960 multitudinem
889 4887 942 4942 5.
1038 4889 1059 4921 ⁸
1093 4889 1192 4945 hac
1217 4886 1423 4960 quidem
1471 4886 1579 4947 i'i'ce
1601 4905 1759 4951 westr

171 4957 439 5022 falomm,
480 4958 535 5012 in
564 4957 892 5029 sequentibus
931 4967 1107 5029 autem
1140 4969 1195 5012 ut
1230 4957 1289 5014 in
1331 4970 1476 5016 textu
1510 4964 1757 5020 scribitur

170 5034 225 5088 1.
298 5101 311 5103 _
332 5030 354 5061 '
384 5027 651 5103 franciani
682 5028 756 5103 5._
797 5028 931 5103 4.5.
958 5029 1018 5103 6.__
1045 5027 1096 5083 7.
1152 5029 1641 5103 “__hyuodgaudutn
1697 5038 1753 5092 5.

167 5099 553 5169 modgaudnm
623 5097 679 5155 4.
742 5097 1113 5170 brudgaudum
1175 5098 1227 5154 5.
1265 5097 1633 5174 'rodéaudum
1700 5107 1755 5162 6.

166 5170 501 5251 rptgaudum
538 5168 615 5251 7.“
693 5167 1194 5251 ‘langobardorltm
1218 5168 1360 5251 2.n5.
1414 5173 1480 5251 1°
1513 5173 1663 5251 deest_
1699 5177 1754 5231 7.

170 5245 214 5277 ιι
240 5238 702 5297 foroviniensibus
735 5238 788 5293 6.
844 5238 1052 5294 “cum
1080 5239 1262 5309 plures
1282 5241 1336 5296 5.
1413 5242 1458 5275 ¹³
1486 5246 1756 5313 quendam

170 5314 228 5367 αἱ.
256 5311 314 5367 5.
342 5309 399 5365 6.
494 5308 537 5340 ³⁸
566 5325 612 5363 ι·.
643 5309 697 5363 in
725 5308 927 5363 italiam
957 5310 1007 5363 7.
1038 5310 1107 5364 5?
1198 5310 1243 5343 "
1293 5312 1756 5368 hvuodgaudoane

166 5314 228 5367 αἱ.
256 5311 314 5367 5.
342 5309 399 5365 6.
494 5309 537 5340 ³⁸
566 5325 612 5363 ι·.
643 5309 697 5363 in
725 5309 927 5363 italiam
957 5310 1007 5363 7.
1038 5310 1107 5364 5?
1198 5310 1243 5343 "
1293 5309 1757 5384 hyuodgaudoque

260 5379 682 5467 metuemus
718 5377 771 5467 ἐς
803 5379 1196 5467 redissem
1226 5380 1278 5436 δ·
1311 5384 1677 5467 visendaque
1697 5387 1749 5467 Z-

180 5453 221 5483 ¹⁶
241 5450 562 5507 dilatatione
581 5450 636 5505 2.
731 5450 771 5481 ¹⁷
803 5450 1088 5506 velocitate
1114 5450 1362 5506 venerat
1391 5450 1444 5509 4.
1480 5450 1650 5509 veloci
1696 5457 1750 5512 2.

180 5524 223 5554 "
244 5529 608 5596 occurrerunt
638 5519 692 5596 ei
723 5520 814 5596 qui
844 5520 897 5575 4.
922 5519 976 5573 5.
1004 5522 1091 5596 _6_.__
1139 5520 1180 5551 ¹⁹
1210 5536 1390 5596 arcem
1403 5539 1756 5596 —_expugna-

181 5540 222 5554 "
244 5540 608 5577 οαῖυῖηιγιιηι
642 5540 692 5574 8|
723 5540 814 5596 (IIII
844 5540 897 5575 ιι.
922 5540 976 5573 ἰ).
1005 5540 1058 5573 ο.
1139 5540 1179 5551 ⁵’
1210 5540 1755 5626 arcem—expugna-

176 5602 289 5647 tam
327 5621 404 5631 -—
432 5605 496 5645 ea
527 5591 594 5643 5?
638 5589 689 5642 7.
766 5588 831 5649 “r
881 5590 1094 5645 raesidii
1126 5606 1290 5645 causa
1318 5594 1441 5647 5—-
1470 5594 1522 5649 7.
1557 5634 1560 5638 λ
1598 5596 1617 5626 ²
1674 5597 1755 5653 in-

176 5678 369 5717 vasere
399 5660 453 5715 3.
544 5662 585 5691 “
614 5660 796 5717 [iniam
921 5660 972 5715 5.
1016 5661 1197 5717 libiani
1224 5663 1274 5717 2.
1411 5672 1419 5676 ’

175 5678 369 5722 rasere
399 5680 453 5715 0.
544 5677 585 5691 "
614 5677 796 5731 uptam
842 5677 888 5715 1ο
921 5677 972 5715 ἱ).
1016 5677 1197 5718 “Diam
1224 5677 1274 5717 Ζ.

731 5448 771 5481 ¹⁷
803 5448 1088 5506 velocitate
1110 5448 1121 5451 ⁷
1141 5460 1362 5506 venerat

1859 3641 1882 3672 ³
1907 3640 2121 3708 lidpach
2148 3640 2199 3693 1.
2227 3638 2441 3693 liddach
2484 3636 2538 3691 5.
2570 3632 2801 3708 diddacb
2828 3651 2965 3708 corr.
3006 3633 3299 3708 lidbach_6.
3332 3632 3438 3708 lid-

1856 3710 1962 3766 bad
1986 3702 2045 3764 7.
2074 3708 2255 3764 lidbah
2285 3709 2339 3763 8.
2375 3709 2428 3762 9.
2461 3708 2549 3762 10.
2580 3707 2704 3762 litca
2734 3706 2822 3760 11.
2899 3704 2921 3736 ’⁵
2948 3719 3017 3759 ex
3050 3705 3182 3766 ipsis
3201 3703 3342 3758 deest
3380 3702 3433 3756 1.

1855 3780 2027 3834 7.11.
2105 3780 2125 3812 ⁸
2166 3778 2458 3833 saxonibus
2502 3778 2554 3831 9.
2602 3777 2669 3831 de
2699 3775 2992 3831 saxonibus
3018 3772 3104 3827 if.
3182 3772 3437 3827 “irruens

1857 3857 1913 3905 et
1940 3850 2081 3903 deest
2116 3850 2168 3903 1.
2204 3856 2260 3903 et
2283 3845 2424 3900 deest
2451 3848 2503 3901 7.
2539 3846 2573 3901 9
2644 3847 2672 3877 "’
2695 3861 2763 3900 ex
2807 3844 2941 3905 ipsis,
2968 3844 3018 3896 1.
3063 3843 3114 3898 7.
3220 3842 3243 3873 ⁸
3270 3850 3436 3896 west-

1857 3919 2081 3989 phaleos
2116 3920 2169 3989 1.
2206 3916 2478 3989 westfalos
2524 3916 2575 3989 6.
2649 3914 2755 3989 {et
2804 3910 2882 3967 illi
2916 3912 3037 3989 alii_
3063 3926 3131 3989 su
3258 3911 3312 3965 9.
3391 3910 3436 3941 ³⁸

1828 4024 1833 4029 ι
1857 3980 1914 4043 et
1933 4004 2055 4043 cum
2079 3988 2198 4042 aliis
2211 3985 2488 4041 obsidibus
2518 3985 2569 4038 1.
2647 3985 2687 4016 ¹¹
2717 3990 2991 4053 assumpta
3006 3982 3067 4053 1.
3099 3980 3153 4036 6.
3172 3981 3226 4035 9.
3254 3995 3439 4051 sump-

1859 4068 1916 4113 ta
1939 4058 1991 4110 7.
2090 4058 2132 4089 η
2158 4067 2213 4111 et
2231 4056 2436 4126 pariter
2459 4063 2639 4126 strage
2661 4052 2881 4126 s._fa(_'.ta
2902 4051 2976 4106 ⁷1.
3004 4051 3057 4105 7;
3090 4059 3146 4106 et
3171 4058 3256 4105 ter
3289 4060 3435 4106 stra-

1893 4129 1977 4187 iae
1998 4122 2262 4183 saxonum
2290 4124 2434 4180 facta
2453 4125 2504 4180 6.
2532 4122 2597 4179 et'
2608 4124 2769 4179 tertio
2798 4122 2941 4177 facta
2968 4130 3148 4193 strage
3170 4137 3436 4177 saxonum

1902 4199 1947 4252 l.
1973 4200 2027 4252 in
2070 4196 2155 4251 10.
2184 4197 2324 4251 deest
2352 4212 2369 4259 ;
2394 4196 2449 4248 in
2475 4195 2537 4266 5.
2577 4193 2779 4266 syllaba
2818 4201 2903 4266 ter
2934 4192 3109 4266 deest.'_
3173 4192 3217 4224 ¹³
3241 4207 3433 4266 supra-

1859 4270 2037 4324 dictus
2084 4269 2316 4322 domnus
2343 4267 2485 4320 deest
2517 4265 2569 4319 6.
2607 4263 2619 4266 ⁷
2650 4264 2693 4297 ³⁸
2712 4264 3058 4335 ruodgandus
3089 4263 3139 4319 1.
3166 4263 3438 4335 rodhgau-

1858 4341 1959 4418 dus
1981 4349 2029 4418 et
2076 4336 2381 4418 rodgaudus
2479 4405 2492 4418 _
2513 4337 2805 4418 rotgaudus
2920 4334 2974 4389 9.
2994 4334 3091 4418 1.
3128 4334 3438 4406 rodgaudus

1857 4410 1945 4463 10.
1977 4410 2050 4462 im
2080 4417 2128 4461 et
2156 4405 2318 4463 infra.
2397 4406 2441 4438 ¹⁸
2478 4405 2823 4475 longibardus
2864 4405 2915 4460 1.
2962 4475 2967 4476 ί
2994 4405 3038 4437 ⁸⁸
3061 4405 3318 4476 rumpens
3342 4418 3438 4459 vo-

1858 4479 1959 4533 luit
2002 4479 2052 4531 7.
2084 4479 2137 4532 9.
2218 4477 2258 4507 "
2291 4476 2493 4530 francis
2527 4474 2655 4531 tunc
2702 4476 2920 4533 carolus
2950 4475 2999 4530 1.
3083 4477 3127 4508 ³⁸
3157 4474 3438 4530 scladistat

1857 4550 1909 4603 7.
1935 4548 1986 4604 9.
2005 4546 2356 4603 scladdistatb
2377 4546 2431 4601 8.
2454 4545 2725 4603 sclezistat
2746 4547 2804 4603 in
2828 4545 3082 4605 elisatio9
3108 4546 3163 4601 b.
3189 4544 3438 4607 selexeis-

1778 4595 1834 4658 1)
1863 4595 2356 4687 ἱόιᾝῖἶεῐεῖιῖξιῗίὶῖ
2376 4595 2726 4673 suam;
2747 4595 3076 4681 ’ἇοῌῐιῖιὲἐῐ
3094 4595 3210 4687 ge;
3225 4595 3436 4687 Ξῐιῆἐιῖἰι

1863 4689 1948 4743 hic
1972 4697 2019 4742 et
2043 4684 2161 4743 aliis
2190 4688 2244 4741 in
2265 4686 2393 4741 locis
2418 4687 2605 4743 desunt
2635 4690 2688 4745 6.
2767 4689 2810 4721 ¹⁹
2833 4689 3059 4746 domnus
3090 4684 3228 4739 deest
3263 4686 3311 4738 1.
3339 4700 3433 4740 rex

1862 4768 1924 4813 ut
1944 4756 2312 4830 praediximus
2333 4757 2399 4812 ad
2424 4758 2642 4830 Papiam
2662 4759 2933 4830 civitatem
2961 4757 3108 4830 venit
3133 4764 3187 4810 et
3209 4754 3308 4830 sub
3328 4754 3435 4830 fes-

1862 4826 2126 4899 tinatione
2180 4828 2235 4882 in
2294 4826 2542 4899 partibus
2601 4828 3043 4899 Foroiulensium,
3087 4826 3191 4880 iter
3238 4826 3438 4899 direxit

1862 4899 2001 4969 Ann.
2036 4897 2273 4969 Meuiin
2297 4897 2610 4969 narratione
2637 4901 2702 4956 de
2737 4898 3046 4967 Aeresburgi
3088 4897 3433 4969 oppugnatio-

1862 4984 1926 5023 ne
1971 4968 2113 5041 Ann.
2153 4966 2675 5041 Meu.rlieginonem
2711 4966 3017 5041 sequuntur.
3090 4968 3136 4997 ’θ
3191 4966 3276 5022 est
3304 4982 3436 5041 per

1861 5046 2046 5111 partes
2089 5038 2192 5094 fori
2224 5040 2339 5096 iulii
2378 5038 2483 5095 iter
2522 5039 2866 5111 peragenﬁs'l.
2940 5038 2985 5068 “
3016 5053 3245 5109 pergens
3279 5038 3344 5111 A6.
3377 5038 3431 5111 7.

1832 5109 1959 5180 ’(8ο)
1992 5109 2045 5165 9.
2079 5126 2203 5166 cum
2229 5120 2410 5180 partes
2431 5108 2855 5180 foroiulie'nsium
2884 5108 3225 5180 peragraSSet
3271 5108 3357 5163 10.
3387 5108 3433 5180 ’ἑ

1856 5177 2493 5261 supradictusdomnus‘
2521 5179 2817 5261 ἀθεεῑρεϐ.
2886 5177 3105 5261 “apud
3132 5180 3176 5261 1,.
3384 5177 3430 5260 ξε

1859 5249 2288 5331 taravjsiunLhic
2313 5259 2377 5331 et_
2408 5249 2640 5331 infra].
2681 5249 2766 5331 1
2804 5249 3107 5331 tarvvisium
3128 5250 3180 5331 t9
3227 5249 3432 5331 tbarvi:

1856 5334 1978 5374 sum
2000 5320 2087 5374 10.
2164 5320 2210 5352 ’⁸
2238 5320 2410 5388 captis
2458 5318 2675 5374 Civitate
2701 5318 2821 5375 foro
2863 5319 2985 5387 iulii
3007 5318 3228 5385 tarvisto
3256 5320 3307 5373 1.
3384 5318 3430 5350 ¹⁶

1854 5389 2238 5446 foroiulensem
2285 5391 2335 5443 7.
2367 5389 2672 5445 foroiulium
2715 5388 2800 5444 10.
2878 5391 2920 5423 ’⁷
2965 5397 3021 5445 et
3059 5405 3198 5459 quae
3253 5390 3306 5445 5.
3382 5389 3429 5421 ⁸³

1858 5460 2186 5515 rebellarant
2222 5460 2273 5513 1.
2301 5459 2601 5530 rebellatae
2630 5468 2785 5515 erant
2807 5460 2861 5515 6.
2935 5460 2982 5491 ’θ
3003 5462 3094 5530 qui
3122 5459 3344 5530 deest'l.
3373 5459 3427 5515 'I.

1863 5530 1916 5585 9.
1948 5538 2051 5585 etc.
2127 5530 2171 5561 ³⁰
2192 5528 2341 5584 venit
2367 5538 2421 5584 et
2446 5530 2580 5585 dixit
2603 5530 2654 5584 5.
2730 5530 2775 5562 ³¹
2806 5528 3068 5586 rebellare
3094 5531 3140 5584 l.
3173 5529 3429 5591 rebellas—

1858 5613 1923 5722 ἒξ
1945 5599 2106 5724 illis).
2133 5598 2415 5724 rgbcllctas
2439 5600 2487 5655 6.
2509 5602 2561 5656 0.
2640 5601 2683 5632 "
2705 5601 2913 5673 dulgtos
2938 5602 3140 5657 etdeest
3170 5600 3219 5656 1.
3252 5600 3429 5657 duitas

1904 5710 1916 5723 .
2060 5686 2120 5724 os
2186 5705 2200 5721 .

1904 5710 1916 5723 .
1958 5678 2120 5724 tuitus
2146 5678 2200 5724 ἶ).

1689 5758 1918 5817 ΝΟΤέΕ.

228 5873 260 5911 ι
308 5851 631 5915 Scklctstadt
663 5852 716 5907 in
748 5850 968 5907 Alsatia.
