3960 6346
710 495 947 545 διειαιη
982 495 1266 537 ΕΕΙΜΙΑΠΜ
1275 520 1288 533 .

1285 366 1430 423 CUM
1469 364 2062 424 LACRISSE‘NSIBUS
2098 364 2409 421 COLLATI.

1822 494 1871 549 A

3362 361 3472 425 406

2360 492 2592 533 ΑΝΝΛιΕδ
2626 493 3019 536 ιΑωιιεδεΝθεδ.

1891 567 2122 622 diversis
2143 566 2339 621 ictibus
2353 566 2494 620 inter
2515 580 2572 621 se
2589 576 2716 621 sunt
2736 568 3013 637 percussi‘
3028 575 3086 623 et
3105 567 3287 623 divina
3306 567 3471 625 ultio-

1890 672 1960 711 ne
1988 656 2228 712 iudicati.
2265 658 2332 710 Et
2357 666 2618 727 quantum
2662 674 2825 727 super
2856 659 2952 711 Dei
2988 673 3081 713 eos
3114 659 3289 713 virtus
3312 673 3475 729 prop-

1890 756 1976 801 ter
2019 747 2251 801 salutem
2295 750 2316 780 ³
2366 749 2789 802 christianornm
2838 759 3061 816 operata
3110 754 3197 801 est
3222 789 3239 808 .
3291 748 3471 804 nullus

1889 851 2115 892 narrare
2156 844 2373 905 potest;
2416 843 2655 890 attamen
2686 845 2949 905 quantum
2982 836 3057 890 illi
3107 836 3228 905 plus
3266 840 3470 905 pavere

1891 926 2168 999 perterriti
2209 925 2450 991 fuerunt,
2480 934 2633 981 tanto
2652 926 2824 997 magis
2852 926 3137 982 christiani
3177 925 3469 981 confortati

1888 1015 2311 1085 omnipotentem
2351 1016 2520 1070 Deum
2566 1014 2945 1080 laudaverunt,
2984 1013 3079 1084 qui
3103 1014 3356 1085 dignatus
3383 1022 3471 1068 est

1888 1121 2045 1162 suam
2072 1104 2425 1162 manifestare
2471 1105 2769 1177 potentiam
2793 1117 2960 1174 super
2983 1117 3172 1160 servos
3198 1102 3378 1175 suom]
3405 1105 3476 1159 Et

1893 1198 2019 1259 inde
2044 1192 2225 1267 fugam
2251 1197 2576 1266 arripientes
2618 1195 2883 1260 Saxones,
2914 1195 3186 1265 persecuti
3217 1202 3345 1249 sunt
3380 1208 3476 1249 eos

1893 1287 2110 1352 Franci,
2161 1285 2549 1341 interﬁcientes
2574 1284 2696 1339 illos
2742 1298 2915 1353 usque
2942 1283 3013 1338 ad
3060 1281 3262 1339 ﬂumen
3290 1281 3313 1315 ⁸
3348 1282 3477 1353 Lip-
3512 1304 3519 1311 ι

1892 1382 2062 1447 piam,
2105 1385 2286 1433 castro
2316 1377 2567 1443 salvato;
2593 1385 2801 1432 etcum
2845 1375 3073 1431 victoria
3115 1374 3321 1431 reversi
3352 1382 3481 1431 sunt

1893 1470 2110 1526 Franci.
2157 1470 2223 1525 Et
2271 1485 2397 1526 eum
2435 1456 2774 1541 pervenisset
2818 1468 3050 1524 domnus
3097 1467 3327 1524 Carolus
3378 1483 3478 1523 rex

1896 1560 2274 1626 \Vormatiam,
2302 1569 2358 1616 et
2375 1575 2566 1615 omnes
2587 1560 2720 1616 istas
2753 1574 2948 1616 causas
2980 1559 3002 1591 δ
3027 1560 3254 1615 audiens
3272 1560 3315 1625 ⁸,
3355 1574 3479 1615 con-

1902 1651 2079 1706 iunxit
2129 1651 2377 1706 sinodum
2408 1652 2477 1705 ad
2520 1653 2748 1713 eandem
2787 1651 3065 1706 civitatem
3094 1664 3115 1707 t
3141 1658 3196 1705 et
3225 1648 3298 1706 ibi
3319 1650 3482 1720 placio

1897 1749 2015 1797 tum
2035 1741 2310 1811 publicum
2337 1748 2530 1795 tenens
2554 1780 2569 1806 ,
2599 1748 2658 1795 et
2682 1740 2908 1795 consilio
2935 1740 2958 1772 ⁸
3009 1739 3189 1803 facto.
3225 1755 3349 1794 eum
3383 1739 3479 1794 Dei

1822 1829 2168 1903 Badiutorio
2221 1830 2321 1885 sub
2369 1830 2651 1886 celeritate
2698 1832 2794 1886 et'
2847 1830 3014 1885 nimia
3056 1829 3079 1861 ⁸
3132 1828 3481 1885 festinatione

1897 1921 2176 1977 Saxonum
2216 1938 2407 1979 caesas
2442 1923 2463 1954 ’
2497 1935 2524 1963 ιι
2553 1938 2647 1977 seu
2680 1923 2723 1954 ιθ
2752 1922 3036 1978 ﬁrmitates
3069 1920 3249 1977 subito
3292 1921 3483 1977 introi-

1898 2015 1998 2069 vit.
2027 2014 2095 2068 Et
2119 2016 2158 2046 ¹¹
2190 2013 2436 2070 Saxones
2461 2014 2738 2085 perterriti
2775 2016 2841 2080 ",
2874 2028 3064 2069 omnes
3086 2014 3155 2069 ad
3181 2013 3362 2069 locum
3387 2012 3483 2068 ubi

1894 2101 2089 2174 Lippia
2115 2106 2399 2175 consurgit
2422 2106 2701 2159 venientes
2730 2120 2798 2159 ex
2825 2104 2972 2159 omni
2990 2112 3166 2173 parte,
3198 2112 3252 2158 et
3284 2104 3331 2135 "
3358 2103 3483 2159 red-

1893 2193 2150 2249 diderunt
2175 2195 2409 2264 patriam
2455 2209 2556 2265 per
2598 2194 2838 2249 wadium
2866 2192 2909 2225 ⁸⁸
2935 2208 3127 2250 omnes
3155 2193 3202 2229 “
3230 2193 3485 2249 manibus

1892 2298 2108 2349 eorum,
2121 2293 2178 2340 et
2192 2285 2596 2356 spoponderunt
2617 2300 2678 2342 se
2696 2298 2820 2341 esse
2844 2283 3263 2350 cbristianos,et
3279 2285 3383 2340 sub
3400 2282 3487 2341 di-

1894 2374 2043 2429 cioni
2058 2375 2101 2406 ¹⁶
2118 2375 2298 2430 domui
2313 2374 2492 2431 Caroli
2518 2376 2665 2446 regis
2676 2384 2732 2430 et
2744 2374 3080 2431 Francorum
3101 2374 3483 2430 subdiderunt.

1786 2464 1801 2473 ’
1897 2464 1967 2519 Et
1981 2465 2020 2496 ⁸⁷
2045 2472 2174 2519 tunc
2189 2465 2419 2520 domnus
2432 2463 2660 2520 Carolus
2672 2479 2768 2519 rex
2783 2478 2887 2523 una
2904 2478 3027 2519 cum
3042 2462 3270 2519 Francis
3282 2462 3490 2521 τεκαὶ·

1896 2550 2081 2607 ticavit
2103 2552 2146 2585 ι’
2175 2553 2585 2623 Aeresburgum
2618 2561 2860 2608 castrum
2891 2553 3068 2608 denuo
3093 2552 3160 2618 ι’,
3182 2560 3241 2608 et
3259 2551 3408 2608 aliud
3442 2551 3487 2583 '°

1896 2654 2139 2701 castrum
2204 2660 2369 2714 super
2412 2644 2659 2715 Lippiam
2685 2685 2701 2710 ,
2759 2645 2943 2715 ibique
2988 2644 3267 2700 venientes
3317 2642 3491 2698 Saxe-

1898 2752 1999 2793 nes
2021 2752 2126 2792 una
2149 2753 2274 2792 cum
2298 2736 2561 2792 uxoribus
2585 2745 2642 2791 et
2666 2734 2968 2792 infantibus
3000 2734 3413 2791 innumerabiis
3433 2734 3480 2766 ⁸¹

1898 2828 2188 2883 multitudo
2209 2827 2465 2897 baptizati
2486 2835 2613 2882 sunt
2642 2828 2709 2891 “,
2744 2835 2800 2881 et
2822 2826 3064 2892 obsides,
3088 2835 3326 2897 quantos
3354 2825 3490 2881 iam-

1888 2921 2080 2983 dictus
2106 2921 2339 2977 domnus
2357 2917 2460 2976 'rex
2482 2921 2562 2976 eis
2592 2920 2638 2952 “
2673 2920 2962 2990 quaesivit,
2983 2919 3266 2985 dederunt,
3288 2929 3347 2975 et
3370 2935 3493 2992 per-

1901 3008 2043 3067 fecta
2079 3010 2388 3081 supradicta
2423 3010 2647 3066 castella
2681 3019 2738 3064 et
2762 3010 3022 3080 disposita
3051 3011 3097 3042 ”
3125 3024 3223 3080 per
3250 3010 3490 3067 Francos

1901 3115 2088 3157 scaras
2116 3101 2163 3132 "
2194 3100 2223 3141 δ
2256 3101 2554 3156 residentes
2576 3109 2630 3155 et
2655 3101 2770 3170 ipsa
2798 3103 3170 3159 custodientes
3193 3103 3237 3133 ²⁶
3258 3143 3273 3166 ,
3304 3117 3492 3159 rever-

1732 3232 1735 3237 .
1823 3210 1868 3272 C
1900 3204 1996 3246 sas
2018 3200 2102 3247 est
2138 3190 2370 3246 domnus
2402 3206 2494 3247 rex
2529 3191 2572 3222 ⁸⁷
2606 3191 2662 3246 in
2688 3190 2971 3248 Franciam
2999 3233 3015 3257 ,
3055 3200 3110 3248 et
3156 3191 3493 3251 caelebravit

712 3614 717 3621 ί
814 3549 1201 3607 nccnxxvu.

289 3638 409 3696 Rex
452 3640 630 3711 prima
678 3640 823 3699 veris
851 3641 1163 3713 adspirante
1205 3642 1464 3715 temperie
1508 3641 1797 3700 Novioma-

206 3746 346 3804 gum
393 3731 670 3801 profectus
705 3740 824 3799 est,
863 3740 920 3789 et
953 3741 1076 3805 post
1121 3733 1452 3791 celebratam
1487 3734 1686 3791 ibidem
1711 3749 1803 3804 pa-

207 3820 423 3881 wbalis
464 3822 587 3879 festi
633 3822 1047 3880 sollemnitatem
1071 3865 1088 3890 ,
1156 3834 1380 3897 propter
1428 3824 1801 3881 fraudulentas

211 3912 502 3969 Saxonum
551 3916 936 3985 promissiones
960 3956 974 3982 ,
1022 3916 1217 3987 quibus
1260 3917 1422 3973 ﬁdem
1466 3916 1668 3973 habere
1692 3930 1800 3972 non

209 4016 456 4081 poterat,
486 4008 556 4064 ad
580 4008 757 4065 lorum
782 4010 875 4081 qui
915 4010 1233 4067 Padrabrun
1267 4012 1285 4043 ⁸
1311 4017 1539 4067 vocatur
1581 4023 1805 4081 genera-

211 4100 327 4156 lem
350 4099 531 4170 populi
558 4101 642 4156 sui
665 4109 989 4158 conventum
1032 4102 1088 4158 in
1116 4118 1182 4160 eo
1217 4103 1532 4171 habiturus,
1567 4117 1691 4158 cum
1722 4102 1803 4156 in-

210 4193 373 4265 genti
396 4194 638 4249 exercitu
682 4195 737 4250 in
778 4193 1072 4251 Saxoniam
1106 4194 1382 4267 profectus
1418 4203 1522 4252 est.
1571 4195 1652 4251 Eo
1678 4210 1803 4251 cum

212 4284 485 4349 venisset,
508 4292 679 4340 totum
702 4284 939 4355 perﬁdae
961 4287 1138 4358 gentis
1161 4296 1410 4343 senatum
1432 4302 1497 4343 ac
1521 4287 1803 4359 populum,

213 4391 387 4446 quem
414 4376 481 4431 ad
514 4392 574 4431 se
601 4378 789 4436 venire
828 4377 1063 4434 iusserat
1088 4419 1104 4445 ,
1152 4378 1480 4449 morigerum
1506 4394 1572 4435 ac
1598 4377 1806 4434 fallaci-

213 4474 310 4524 ter
337 4467 361 4500 ’
387 4468 489 4523 sibi
539 4468 792 4524 devotum
818 4468 1045 4524 invenit.
1098 4467 1235 4524 Nam
1261 4468 1442 4525 cuncti
1471 4469 1540 4523 ad
1561 4484 1685 4524 eum
1712 4483 1805 4524 ve-

1899 3286 2134 3342 natalem
2167 3286 2381 3342 Domini
2418 3286 2472 3340 in
2502 3284 2816 3343 liaristaliio
2842 3288 2910 3353 “,
2949 3298 3003 3344 et
3035 3289 3235 3357 pascha
3269 3288 3322 3344 in
3356 3288 3482 3350 villa

1898 3392 2039 3448 quae
2071 3376 2270 3433 dicitur
2302 3374 2563 3445 Niumaga
2593 3376 2640 3408 "
2670 3387 2716 3430 ε.
2738 3377 2803 3432 Et
2826 3378 3115 3435 inmutavit
3142 3394 3200 3434 se
3227 3395 3489 3437 numerus

1900 3484 2164 3527 amorum
2190 3471 2244 3524 in

2497 3538 2882 3595 DCCLXXVII.

1971 3630 2125 3686 Tunc
2151 3630 2384 3687 domnus
2403 3629 2625 3687 Carolus
2655 3647 2749 3685 rex
2770 3630 3017 3687 sinodum
3042 3631 3315 3702 publicum
3336 3630 3381 3664 ⁸⁰
3398 3631 3492 3688 ba-

1899 3722 2016 3777 buit
2035 3721 2101 3776 ad
2125 3721 2550 3777 Paderbrunnen
2571 3720 2615 3751 ³¹
2641 3721 2812 3791 prima
2832 3721 2980 3787 vice;
3006 3721 3195 3792 ibique.
3214 3721 3260 3752 “
3288 3736 3487 3776 conve-
3524 3715 3533 3721 ’

1899 3812 2111 3867 nientes
2140 3811 2186 3843 ³³
2210 3826 2400 3868 omnes
2429 3810 2623 3865 Franci
2647 3851 2662 3877 ,
2687 3819 2743 3867 et
2773 3826 2839 3865 ex
2861 3811 3007 3867 omni
3033 3819 3187 3882 parte
3214 3809 3484 3865 Saxoniae

1900 3904 2137 3973 undique
2158 3903 2201 3935 ”
2227 3903 2472 3959 Saxones
2491 3912 2861 3958 convenerunt
2875 3902 2944 3966 ³³,
2968 3910 3196 3973 excepto
3212 3902 3356 3971 quod
3379 3901 3490 3957 Wi-

1900 3993 2185 4050 docltindis
2200 3992 2246 4025 ³⁸
2267 3992 2484 4048 rebellis
2504 3993 2685 4048 extitit
2709 3994 2751 4025 ³⁷
2770 4007 2893 4047 cum
2913 3993 3100 4063 paucis
3119 3991 3242 4047 aliis
3264 3992 3310 4023 ³⁸
3329 4010 3342 4045 :
3363 3992 3417 4047 in
3437 3992 3482 4024 "

2263 4085 2655 4141 VARIANTES
2692 4083 3097 4143 LECTIONES.

1975 4158 1992 4188 ί
2018 4157 2474 4258 ςζιηιινρτρθεδίηϐ.
2502 4158 2553 4212 7.
2596 4157 2651 4258 8,ξ
2679 4159 2738 4258 9‘.‘
2857 4156 3173 4258 dei‘v._’p.lg.
3191 4158 3483 4258 \ch.fttper

1900 4242 1996 4283 eos
2017 4225 2082 4310 .7.
2161 4225 2376 4297 {usque
2400 4227 2595 4311 ﬂumen
2620 4227 2673 4282 5.
2705 4227 2926 4283 ﬂuvium
2943 4225 3076 4311 1.7.
3107 4227 3229 4351 (8.1).
3308 4229 3331 4260 ⁸
3358 4225 3491 4283 cau-

1901 4313 1993 4351 sas
2017 4306 2150 4351 istas
2178 4297 2231 4351 5.
2312 4298 2334 4330 ⁸
2358 4298 2598 4351 audisset
2643 4298 2695 4351 6.
2773 4298 2795 4329 ⁸
2822 4298 3052 4351 concilio
3086 4300 3137 4351 1.
3206 4338 3220 4351 .
3296 4300 3319 4330 ⁷
3348 4298 3491 4351 cele-

1901 4313 1993 4354 sas
2017 4298 2150 4353 istas
2178 4297 2231 4352 5.
2312 4298 2334 4330 ⁸
2358 4298 2598 4354 audisset
2643 4298 2695 4353 6.
2773 4298 2795 4329 ⁸
2822 4298 3052 4354 concilio
3086 4297 3137 4353 1⁷.
3168 4297 3220 4352 7.
3296 4300 3319 4330 ⁷
3348 4298 3491 4354 cele-

1899 4370 2062 4423 ritate
2092 4376 2147 4422 et
2190 4368 2331 4423 deest
2363 4368 2414 4423 6.
2491 4370 2513 4400 ⁸
2548 4369 2782 4424 nimiaet
2805 4369 2854 4423 l.
2956 4369 2976 4400 ’
3008 4384 3166 4424 casas
3198 4369 3249 4423 7.
3284 4368 3337 4423 9.
3379 4376 3490 4424 ter-

1904 4453 1997 4494 ras
2038 4439 2124 4492 10.
2206 4438 2248 4470 ⁸⁸
2277 4453 2468 4494 caesas
2493 4454 2589 4494 seu
2622 4439 2763 4494 deest
2793 4439 2843 4493 1.
2923 4441 2965 4472 ¹¹
2992 4438 3142 4494 Tunc
3166 4438 3410 4494 Saxones
3433 4438 3486 4492 7.

1906 4509 1959 4580 ρ.
2038 4508 2335 4580 "sationes
2363 4524 2461 4580 per
2489 4517 2664 4563 terras
2692 4510 2740 4563 1.
2788 4510 2833 4541 ¹³
2867 4519 2923 4566 et
2964 4510 3102 4564 deest
3132 4509 3210 4580 7.“
3283 4508 3326 4539 “
3348 4507 3485 4562 wai-

2176 4282 2185 4289 ρ

212 4566 425 4616 aerum
454 4559 477 4591 ι
521 4567 735 4630 praeter
792 4558 1193 4615 Widicmndum
1222 4559 1275 4626 ι,
1319 4575 1487 4615 unum
1525 4560 1641 4613 οι·
1687 4559 1802 4629 ρνί-
1828 4573 1881 4635 1)
1906 4558 2055 4632 an...
2081 4558 2662 4638 Litterassnér
2698 4558 3229 4635 “hominum.
3267 4558 3485 4633 omasi.

213 4648 469 4706 moribus
491 4647 910 4705 Westfalaorum
937 4688 953 4715 ,
1002 4648 1094 4718 qui
1139 4649 1431 4704 multorum
1470 4647 1574 4703 sibi
1601 4646 1805 4705 facino-

215 4753 348 4797 rum
379 4739 628 4794 conscius
647 4780 662 4806 ,
690 4746 752 4795 et
778 4740 848 4794 ob
873 4739 928 4795 id
969 4753 1151 4809 regem
1177 4738 1384 4794 veritus
1412 4739 1456 4805 ⁸,
1486 4738 1555 4795 ad
1584 4737 1803 4811 Sigil‘ri-

212 4827 357 4887 dum
409 4828 431 4862 '
484 4828 757 4893 Dacorum
810 4843 996 4899 regem
1056 4826 1390 4898 profugerat.
1462 4827 1643 4885 Ceteri
1710 4830 1805 4899 qui

212 4929 509 4985 uenerant,
545 4920 601 4974 in
651 4927 858 4974 tantum
889 4918 912 4950 ‘
959 4934 1020 4974 se
1059 4918 1202 4989 regis
1241 4920 1494 4990 potestati
1525 4920 1547 4950 ’
1598 4920 1799 4991 permi-

490 5226 505 5238 ,
611 5156 1004 5215 vsmrss
1040 5156 1445 5219 LECTIONES.

290 5271 718 5347 {padrabrunno
737 5272 815 5347 β..
840 5272 1189 5347 padabrunno
1215 5273 1269 5347 ξ.
1310 5272 1718 5347 patberbrunno
1743 5275 1796 5347 4.

200 5341 576 5451 Isadrabunno
623 5341 676 5397 5.
730 5342 781 5396 6.
804 5341 1202 5426 ipadrabrunna
1229 5342 1282 5398 7.
1310 5341 1329 5344 ’
1360 5344 1411 5427 ,⁷
1443 5343 1718 5427 {aclaciter
1743 5346 1801 5401 2.

269 5421 531 5451 armarant
554 5413 589 5451 ι
706 5411 728 5443 ι
754 5412 1138 5451 ωιηιριηηιιιιηι
1187 5413 1221 5451 ,ι
1306 5413 1691 5451 πιηδιριιιηιω.
1747 5415 1781 5451 a

269 5421 538 5469 venerant
554 5413 609 5468 4.
706 5411 728 5443 ⁸
754 5411 1141 5470 winich'mdum
1186 5413 1243 5467 4.
1306 5413 1703 5472 windicbinum.
1747 5415 1798 5470 6.

140 5544 153 5553 ,
211 5483 583 5553 \vidikindum
628 5482 682 5537 7.
780 5483 801 5515 ⁸
830 5498 860 5539 e
882 5482 1024 5539 5?7.
1103 5483 1123 5516 '
1152 5500 1205 5538 v.
1234 5500 1281 5540 r.
1316 5483 1371 5539 4.
1401 5484 1461 5541 5.
1481 5482 1546 5544 6.,
1608 5484 1631 5519 ⁷
1662 5485 1734 5539 si-

210 5554 491 5631 gel‘ridum
507 5552 563 5608 ἓ.
639 5553 662 5585 ⁸
683 5553 757 5608 ita
781 5554 835 5607 7.
910 5554 932 5587 ’
957 5562 1224 5627 potestate
1254 5555 1306 5611 3.

1905 4648 1960 4703 in
1986 4647 2041 4702 9.
2122 4648 2165 4679 "
2189 4648 2403 4704 dicione
2426 4648 2476 4702 l.
2516 4649 2569 4703 6.
2602 4648 2632 4701 7
2655 4650 2789 4705 —9.
2819 4661 2923 4705 etc.
3020 4650 3061 4682 "
3096 4657 3151 4703 et
3177 4648 3315 4702 deest
3339 4649 3390 4700 1.
3429 4647 3483 4702 6.

1909 4719 1952 4753 ⁷⁸
1976 4717 2295 4777 rectiticavit
2342 4718 2392 4774 1.
2435 4718 2784 4776 reediﬂicavit
2817 4721 2869 4773 6.
2970 4718 3013 4750 “
3040 4718 3213 4774 denuo
3260 4716 3403 4771 deest
3430 4717 3483 4772 1.

1906 4789 1956 4820 ³⁵
1980 4787 2148 4843 alium
2184 4788 2235 4843 6.
2312 4789 2357 4821 “
2392 4796 2449 4845 et
2474 4789 2530 4844 in
2552 4790 2900 4845 numerabilis
2924 4788 2976 4843 6.
3002 4778 3488 4844 innumerabilibus

1907 4858 1959 4913 1.
2054 4859 2102 4889 ³³
2132 4858 2405 4915 baptizata
2439 4870 2522 4915 est
2565 4860 2617 4914 6.

1906 4928 1988 5002 eis
2013 4927 2066 4982 7.
2095 4929 2161 5002 *9.
2196 4926 2282 5002 16.
2337 4928 2733 5002 jﬂperfeetis
2779 4928 3104 5002 supradictis
3145 4926 3382 5002 castellis
3432 4940 3490 5002 et

1908 4998 2187 5082 dispositis
2232 5001 2283 5054 1,
2438 4997 2495 5056 9ῖ
2524 5000 2724 5082 (l0.).“
2782 4997 3127 5082 ‘i:scat'_os'_6;
3156 5069 3169 5082 ι
3234 4997 3488 5082 “__scaris

1910 5069 2269 5125 residentibus
2282 5077 2338 5126 et
2359 5070 2503 5143 ipsas
2516 5069 3021 5152 custodientibusj.
3038 5069 3195 5194 Si
3271 5070 3315 5103 "
3338 5071 3488 5154 dotu-

1910 5155 2009 5194 nus
2026 5154 2124 5194 rex
2145 5140 2352 5194 deestl.
2429 5139 2788 5194 “bartstalho
2812 5139 2863 5193 l.
2882 5148 3046 5194 arista
3070 5138 3141 5194 luo
3166 5139 3219 5194 5.
3295 5141 3341 5172 ”
3368 5156 3485 5194 mo-

1808 5162 1809 5165 η
1908 5155 2009 5195 nus
2026 5154 2124 5194 rex
2145 5140 2352 5195 deestl.
2378 5138 2397 5143 ⁷
2429 5139 2788 5195 “baristalho
2812 5139 2863 5193 l.
2882 5138 3141 5195 aristallio
3166 5139 3219 5195 5.
3295 5141 3341 5172 ”
3368 5141 3485 5196 nio-

1903 5209 2151 5283 magaAl.
2189 5225 2450 5283 neumaga
2500 5210 2551 5283 7.
2645 5208 3156 5283 '°_publicami.g5.
3253 5211 3296 5243 "
3341 5210 3483 5283 apud

1904 5278 2316 5348 padesbrunnen
2344 5278 2414 5333 1.“
2500 5280 2549 5315 ³⁸
2588 5278 2870 5335 venientes
2916 5280 2967 5335 1.
3068 5281 3115 5313 ³⁸
3162 5278 3484 5338 convenien—

1905 5357 2095 5420 tesque
2132 5350 2297 5433 ibi-6.-
2324 5430 2332 5433 Δ
2356 5350 2402 5433 ³)
2433 5349 2692 5433 sax-cuiae
2728 5350 3139 5433 undiquedeeat
3159 5352 3219 5433 l._
3245 5422 3258 5433 .
3283 5350 3483 5433 ³ξιθοειιι

1903 5416 2169 5475 venerunt
2192 5420 2333 5476 deest
2367 5416 2418 5476 1.
2495 5419 2541 5451 ³⁸
2563 5416 2923 5478 vindobundis
2960 5421 3011 5476 1.
3039 5420 3383 5478 witochindis
3423 5417 3478 5477 7.

1905 5490 2280 5545 windochinus
2314 5492 2365 5545 9.
2423 5488 2800 5547 widocbindus
2846 5493 2902 5548 8.
2978 5492 3023 5526 ⁸⁷
3055 5491 3273 5549 rebellis
3315 5498 3486 5549 resta-

1909 5567 1991 5614 ret
2020 5561 2069 5615 1.
2147 5560 2192 5593 ³⁵
2216 5560 2336 5615 aliis
2352 5560 2491 5616 deest
2518 5561 2567 5616 1.
2631 5560 2675 5594 ⁸⁸
2699 5570 2753 5617 et
2785 5561 2839 5617 in
2866 5563 3090 5623 7.9.10.

1757 5674 1963 5733 NOTAE
1974 5715 1987 5733 .

285 5780 323 5814 ι
365 5766 690 5822 Munimenta
717 5782 782 5821 ex
803 5766 1084 5819 arboribus
1106 5764 1308 5819 stratis.

286 5838 341 5886 ι
368 5837 555 5907 Scara,
586 5836 1081 5905 nostrumSchaar,
1111 5845 1308 5892 turma.

1977 5777 2000 5807 ι
2042 5767 2095 5821 Ν
2099 5770 2380 5839 imwegrn..

2713 4860 2761 4892 ’³
2790 4861 2870 4914 eis
2897 4860 3037 4913 deest
3064 4858 3113 4912 i.
3138 4860 3204 4913 de
3233 4857 3312 4912 eis
3336 4857 3390 4912 6.
3416 4857 3488 4913 ab
3599 4885 3605 4891 -
