3960 6346
124 346 247 411 ιω

635 500 873 542 Ακκλιῑθ
906 501 1218 542 EGINHARDI.

126 588 301 631 versa
349 574 589 645 dilapsus
631 584 735 630 est.
788 576 954 632 Cuius
980 577 1222 633 vulneris
1254 577 1498 648 acceptio
1525 576 1545 608 ¹
1598 592 1715 632 ma-

129 680 304 737 gnam
336 673 547 736 partem
583 681 763 721 rerum
782 665 1013 722 feliciter
1039 669 1094 721 in
1122 667 1377 736 Hispania
1396 670 1416 698 '
1440 674 1716 737 gestarum

127 772 189 811 tu
224 757 394 811 corde
434 757 580 828 regis
624 758 974 812 obnubilavit.
1016 758 1225 813 interea
1272 762 1536 823 Saxones,
1572 758 1719 812 velut

124 850 483 904 occasionem
508 850 691 903 nancti
727 854 777 929 ξ,
804 851 998 905 sumtis
1041 851 1208 906 armis
1246 852 1315 905 ad
1344 852 1594 906 Rhenum
1624 866 1717 905 us-

124 954 243 1009 que
275 939 509 1010 profecti
554 947 698 994 sunt.
755 939 862 995 Sed
908 956 1030 994 cum
1076 955 1289 995 amnem
1332 941 1562 996 traicere
1610 955 1719 995 non

123 1037 379 1099 possent.
426 1030 682 1099 quicquid
722 1045 752 1083 a
801 1030 980 1084 Diutia
1023 1030 1045 1062 ⁸
1090 1043 1117 1071 ει
1161 1031 1382 1086 civitate
1424 1046 1596 1101 usque
1651 1031 1719 1086 ad

121 1119 399 1177 ﬂuentem
421 1123 442 1153 '
473 1121 723 1177 Mosellae
748 1122 991 1178 vicorum
1025 1121 1379 1193 villarumque
1412 1122 1545 1189 fuit,
1573 1123 1721 1179 ferro

122 1217 185 1265 et
221 1210 340 1278 igni
369 1210 675 1281 depopulati
702 1220 847 1266 sunt.
873 1212 996 1266 Pari
1021 1218 1180 1268 modo
1209 1227 1364 1268 sacra
1389 1212 1720 1283 profanaque

122 1298 507 1368 pessumdata.
549 1298 766 1354 Nullum
811 1300 1007 1355 aetatis
1045 1308 1138 1355 aut
1188 1316 1350 1356 sexus
1378 1302 1399 1333 '
1426 1302 1723 1357 discrimen

121 1390 215 1444 ira
242 1390 424 1445 hostis
445 1388 666 1457 fecerat,
685 1399 746 1446 ut
768 1391 974 1461 liquido
996 1399 1298 1462 appareret,
1320 1407 1414 1448 eos
1439 1409 1546 1449 non
1568 1408 1722 1464 prae-

125 1479 342 1545 dandi,
372 1479 471 1534 sed
498 1479 757 1535 ultionem
783 1481 803 1512 ⁷
833 1481 1123 1537 exercendi
1163 1484 1335 1552 gratia
1384 1482 1721 1538 Francorum

122 1570 404 1625 terminos
428 1570 700 1627 introisse.
730 1570 895 1627 Cuius
919 1572 998 1627 rei
1025 1573 1291 1627 nuncium
1310 1589 1434 1628 cum
1463 1586 1555 1627 rex
1580 1574 1721 1643 apud

121 1658 557 1716 Autesiodorum
600 1662 623 1694 ⁸
662 1650 935 1718 civitatem
1002 1666 1330 1736 accepisset,
1393 1667 1666 1736 extemplo
1696 1667 1718 1699 ’

121 1750 382 1808 Francos
406 1746 695 1809 orientales
727 1755 768 1786 ¹⁰
797 1763 959 1825 atque
983 1755 1313 1813 Alamannos
1337 1758 1378 1790 υ
1401 1759 1469 1813 ad
1495 1758 1720 1830 propul-

1226 354 1372 415 CUM
1408 355 2006 417 LAL'RISSENSIBUS
2043 359 2356 419 COLLATI.

1650 514 1673 537 ,
1742 471 1795 531 Α

3292 374 3399 432 110

2269 489 2508 532 ΑΝΝΑιεε
2544 493 2944 537 ιωκιεεεκεεε.

1819 575 1943 616 nem
1976 562 1993 594 ί
2035 564 2331 634 supradicti
2379 565 2688 626 Widoltindi
2725 573 2745 602 '
2780 572 2864 627 vel
2895 573 2916 604 ³
2961 573 3235 630 sociorum
3279 576 3399 634 eius

1819 654 2115 710 secundum
2163 660 2606 714 consuetudinem
2669 663 2867 718 malam
2913 665 3110 720 iterum
3155 668 3401 725 rebellati

1819 752 1945 797 sunt
1972 742 2016 809 ⁸,
2036 752 2093 799 et
2125 748 2431 803 nuntiatum
2472 759 2557 805 est
2588 752 2690 808 hoc
2712 754 2733 785 ⁵
2779 756 2977 812 domno
3005 773 3132 829 rege
3153 759 3175 790 ⁸
3204 758 3400 817 Carolo

1819 832 1887 887 ad
1898 832 1979 887 Au
1988 835 2339 892 tosiodorum'
2356 840 2650 896 civitatem.
2668 843 2820 901 Tunc
2839 848 3150 916 praedictus
3162 851 3393 910 domnus

1820 938 1914 978 rex
1938 925 2157 981 mittens
2202 942 2417 984 scarum
2441 931 2462 962 ⁸
2495 931 2861 1001 Franciscam,
2895 946 2957 993 ut
2981 940 3083 994 sub
3107 940 3398 997 velocitate

1819 1010 2103 1068 festinaret
2125 1015 2191 1069 ad
2214 1018 2545 1075 resistendos
2570 1025 2914 1092 supradictos
2935 1025 3179 1084 Saxones
3211 1029 3232 1061 ’
3258 1048 3272 1084 :
3303 1029 3402 1086 sed

1819 1100 1895 1157 illi
1922 1101 2147 1158 rebelles
2175 1105 2244 1161 ad
2281 1104 2491 1161 Renum
2530 1125 2700 1179 usque
2751 1113 3012 1170 Diviciam
3049 1116 3092 1148 ¹⁰
3141 1132 3406 1188 pervene-

1819 1202 1950 1249 runt
1973 1235 1989 1261 ,
2043 1203 2172 1251 tunc
2218 1199 2544 1267 praedantes
2581 1217 2741 1258 secus
2769 1205 2980 1261 Renum
3018 1208 3082 1273 “,
3114 1218 3169 1265 et
3198 1208 3417 1267 multas'

1819 1285 2057 1343 malitias
2085 1287 2366 1356 facientes,
2398 1293 2660 1350 ecclesias
2681 1296 2777 1351 Dei
2804 1297 3151 1354 incendentes
3182 1299 3237 1356 in
3278 1315 3403 1356 san-

1821 1376 2234 1432 ctemonialibus
2257 1379 2324 1444 ι’,
2348 1387 2397 1434 et
2430 1381 2574 1450 quod
2615 1382 2893 1438 fastidium
2920 1384 3147 1455 generat
3179 1398 3403 1443 enume-

1820 1467 1976 1523 randi
2007 1468 2070 1521 η.
2111 1469 2332 1525 Etcum
2366 1470 2411 1502 “
2438 1472 2620 1528 subito
2663 1474 2945 1530 audientes
2983 1476 3050 1531 de
3091 1477 3403 1533 reversione

1821 1557 2004 1614 domui
2030 1557 2207 1614 Caroli
2230 1561 2396 1632 regis,
2422 1570 2479 1617 et
2500 1563 2566 1618 de
2588 1578 2743 1619 scara
2773 1566 2893 1620 eius
2916 1581 3080 1636 quam
3118 1567 3269 1623 misit
3300 1569 3401 1623 ob-

1819 1648 1965 1705 viam
1988 1649 2033 1680 ¹⁵
2055 1648 2180 1716 illis,
2211 1659 2340 1706 tunc
2359 1667 2391 1705 a
2416 1651 2723 1709 Saxonibus
2742 1654 2964 1711 dimisso
2994 1655 3167 1723 Reno,
3196 1657 3402 1712 reversi

1821 1747 1949 1794 sunt
1974 1754 2075 1809 per
2101 1739 2375 1811 Logenehi
2406 1741 2449 1771 ιθ
2480 1752 2504 1780 θ
2529 1742 2774 1811 partibus
2803 1743 2844 1775 ⁸⁷
2873 1742 3172 1811 Saxoniae,
3205 1751 3261 1801 et
3288 1761 3404 1800 sca-

120 1840 369 1897 nandum
397 1842 606 1899 hostem
642 1842 899 1921 festinare
927 1845 1102 1901 iussit.
1130 1846 1248 1920 Ipse
1283 1848 1515 1903 caeteris
1547 1848 1715 1919 c0piis

1821 1844 1915 1885 rae
1944 1830 1986 1861 ⁸⁸
2010 1830 2344 1887 Francorum
2369 1846 2477 1886 non
2502 1831 2545 1862 ¹⁹
2572 1841 2930 1888 occurrerunt
2952 1835 3165 1890 obviam
3181 1835 3282 1902 eis,
3302 1836 3401 1892 sed

119 1932 399 1999 dimissis,
423 1933 791 1989 lleristallium
820 1936 863 1969 "
886 1936 1088 2002 villam,
1109 1938 1164 1992 in
1198 1953 1304 2008 qua
1327 1940 1567 1995 hiemare
1587 1956 1717 1996 cou-

120 2023 388 2078 stituerat
419 2022 486 2089 ³³,
516 2024 683 2079 venit.
708 2026 778 2080 At
794 2025 993 2083 Franci
1021 2036 1079 2084 et
1105 2028 1149 2058 ”
1169 2028 1454 2085 Alamanni
1479 2031 1571 2101 qui
1592 2047 1718 2087 cou-

121 2118 215 2166 tra
260 2110 506 2168 Saxones
536 2114 688 2170 missi
724 2124 913 2182 erant,
952 2119 1163 2187 magnis
1209 2119 1497 2177 itineribus
1524 2122 1593 2178 ad
1621 2137 1716 2177 eos

121 2201 213 2256 ire
236 2203 594 2269 contendunt,
639 2205 687 2260 si
725 2204 865 2260 forte
904 2207 959 2262 in
992 2209 1188 2264 finibus
1213 2211 1326 2266 suis
1352 2226 1447 2266 eos
1475 2213 1716 2268 invenire

121 2302 376 2364 possent.
410 2293 518 2350 Sed
541 2296 638 2363 illi,
668 2297 774 2352 iam
810 2314 869 2354 re
897 2310 1116 2368 peracta
1137 2342 1151 2367 ,
1194 2305 1605 2360 revertebantur
1647 2307 1716 2362 ad

123 2399 252 2440 sua.
299 2384 542 2452 Quorum
570 2389 795 2460 vestigia
824 2392 1037 2459 sequuti
1064 2393 1155 2461 qui
1191 2409 1223 2449 a
1264 2409 1390 2463 rege
1417 2396 1568 2452 missi
1593 2397 1712 2453 fue-

124 2486 283 2544 runt,
312 2477 369 2532 in
391 2492 530 2549 pago
551 2479 863 2537 Hassiorum
891 2499 1053 2553 super
1078 2485 1295 2540 fluvium
1316 2487 1588 2542 Ademam
1610 2489 1716 2546 iter

123 2576 359 2640 agentes
384 2570 707 2626 invenerunt
732 2573 797 2638 “’,
823 2587 1024 2643 eosque
1048 2576 1229 2630 statim
1256 2578 1309 2631 in
1333 2578 1450 2647 ipso
1476 2578 1714 2634 ﬂuminis

122 2663 269 2719 vado
296 2663 499 2730 adorti,
526 2673 675 2721 tanta
704 2674 883 2737 strage
908 2669 1221 2723 ceciderunt
1252 2670 1315 2736 ",
1340 2678 1399 2724 ut
1416 2686 1482 2725 ex
1510 2671 1713 2741 ingenti

124 2755 481 2811 multitudine
524 2756 765 2826 ipsorum
794 2758 882 2812 vix
928 2760 1085 2828 pauci
1124 2760 1341 2818 domum
1384 2760 1639 2835 fugiendo
1666 2763 1708 2798 ¹⁷

126 2845 451 2915 pervenisse
476 2847 745 2904 dicantur.

726 2937 1073 2995 DCCLXXIX
1091 2977 1108 2995 .

194 3031 270 3085 At
306 3045 407 3085 rex
427 3030 494 3086 de
521 3029 850 3098 Reristalllo,
875 3032 967 3086 ubi
1000 3033 1334 3088 hiemaverat
1383 3042 1439 3088 et
1472 3035 1563 3089 ubi
1609 3049 1710 3089 na-

124 3122 291 3177 talem
321 3121 536 3177 Domini
558 3137 623 3175 ac
648 3132 894 3178 sanctum
918 3124 1121 3193 pascha
1156 3122 1546 3189 celebraverat,
1595 3126 1710 3195 pri-

122 3223 216 3263 ma
234 3207 386 3262 veris
422 3207 683 3277 temperie
705 3222 945 3272 movens,
969 3207 1357 3276 Compendium
1386 3208 1415 3248 ι)
1442 3209 1610 3263 venit.
1642 3210 1711 3265 Et
1736 3195 1781 3257 Ο

121 3314 257 3354 cum
282 3296 431 3362 inde,
476 3304 697 3367 peracto
737 3305 962 3366 propter
1010 3298 1156 3366 quod
1206 3305 1429 3352 venerat
1464 3300 1706 3369 negotio,

119 3387 446 3444 revertisset
468 3387 513 3419 "
538 3426 555 3453 ,
582 3388 820 3442 occurrit
846 3387 898 3442 ei
938 3386 1321 3444 Hildibrandus
1351 3387 1393 3419 ¹⁹
1420 3388 1528 3442 dux
1573 3388 1712 3460 Spo-

118 3478 322 3534 litinus
346 3477 389 3507 ³⁸
411 3491 531 3532 cum
552 3476 764 3547 magnis
789 3478 1102 3533 muneribus
1144 3477 1202 3531 in
1246 3477 1373 3533 villa
1419 3477 1711 3534 Wircinia.

118 3588 189 3630 eo
215 3574 262 3604 ²¹
295 3583 346 3625 ο.
379 3571 551 3639 Quem
572 3579 628 3625 et
648 3570 879 3639 benigne
906 3571 954 3606 υ
979 3570 1300 3640 suscepit",
1319 3579 1374 3626 et
1392 3572 1712 3629 muneribus

118 3666 389 3721 donatum
422 3664 476 3717 in
497 3662 753 3716 ducatum
780 3677 936 3716 suum
977 3662 1206 3716 remisit.
1250 3662 1369 3731 lpse
1416 3663 1597 3719 animo
1643 3666 1712 3719 ad

118 3752 460 3808 Saxonicam
474 3750 868 3820 expeditionem
897 3750 1121 3815 intento,
1157 3748 1381 3804 Dnriam
1410 3751 1577 3816 venit,
1610 3751 1712 3806 ha-

114 3845 353 3913 bitoque
373 3842 525 3895 iuxta
550 3856 761 3896 morem
806 3839 1047 3911 generali
1099 3849 1387 3905 conventu,
1460 3841 1708 3896 Rhenum

114 3936 177 3991 in
206 3950 277 3992 eo
307 3934 432 3990 loco
464 3934 557 4004 qui
588 3933 885 4003 Lippeham
923 3932 970 3968 ³⁸
995 3931 1024 3971 ά
1062 3940 1311 3999 vocatur,
1373 3948 1497 3989 cum
1554 3948 1712 3990 exer-

492 4040 885 4099 VARIANTES
922 4040 1303 4105 LECTIONES

192 4137 213 4170 ³
244 4131 548 4215 accepti};
574 4131 629 4215 ᾖ.
674 4131 728 4186 4.
759 4132 812 4186 5.
955 4132 1364 4215 accepti7dolo7r
1408 4132 1461 4187 7.
1503 4136 1712 4215 accepti

112 4200 440 4262 recordatio
472 4200 548 4256 3?
593 4203 662 4267 9;
705 4219 820 4255 cum
848 4202 943 4254 hoc
972 4200 1481 4257 loco’substanlivum
1510 4200 1715 4259 deside-

112 4284 294 4339 retur,
357 4274 560 4327 reiectis
616 4272 857 4326 codicum
901 4270 953 4325 7.
996 4280 1043 4331 et
1072 4271 1124 4325 9.
1156 4272 1495 4340 coniecturis,
1536 4292 1714 4340 una_o

111 4338 306 4425 littera
330 4343 535 4425 addita
584 4358 802 4425 sensum.
833 4340 1226 4425 restituendum
1278 4338 1486 4425 centeni,
1518 4413 1529 4424 7
1653 4338 1714 4425 In

112 4414 381 4495 inspania
422 4412 475 4466 2.
609 4412 631 4443 ³
660 4411 804 4467 nacti
832 4410 997 4465 5-10.
1100 4410 1122 4441 ’⁵
1151 4411 1327 4465 dinoia
1355 4412 1408 4475 6,
1442 4413 1619 4471 dnicia
1654 4413 1711 4469 5.

112 4485 175 4541 9.
218 4484 394 4538 dnttla
436 4481 487 4536 7.
565 4482 586 4513 ⁸
625 4481 826 4542 ﬂuenta
853 4480 928 4534 5?
965 4480 1019 4535 9.
1042 4479 1239 4534 ﬂumen
1263 4481 1314 4534 7.
1393 4481 1412 4513 ⁸
1438 4498 1599 4537 sexus
1619 4499 1715 4538 seu

114 4568 415 4610 sacrarum
460 4553 729 4622 virginum
782 4550 832 4604 7.

112 4625 139 4658 ⁸
181 4619 594 4678 antesiodorufn
624 4623 676 4675 1.
710 4621 763 4681 9.
812 4620 1195 4677 autisiodorum
1247 4619 1301 4674 4.
1349 4620 1401 4674 5.
1451 4622 1504 4677 6.
1555 4630 1709 4679 autc-

114 4694 396 4748 ﬁoderum
432 4692 486 4746 5.
535 4692 932 4747 altissiodorum
979 4691 1028 4743 7.
1106 4689 1127 4719 ⁹
1158 4690 1402 4759 exemplo
1434 4693 1482 4748 1.
1515 4694 1710 4749 extim?

154 4764 214 4819 lo
242 4764 299 4817 ι1.
335 4762 388 4817 5.
420 4763 472 4817 6.
600 4763 641 4793 ¹⁰
679 4777 760 4815 or.
795 4760 863 4814 fr.
898 4760 950 4814 4.
987 4759 1041 4814 5.
1079 4758 1131 4814 6.
1237 4761 1278 4792 ¹¹
1310 4758 1624 4818 alemanuos
1654 4763 1706 4819 7.

157 4874 173 4889 .
251 4835 308 4909 ξ’
340 4831 700 4909 haristallium
737 4833 790 4888 5.
898 4830 1318 4909 ξιᾳ-εοηεεαηιεν.
1378 4831 1440 4909 Α¹³
1488 4832 1711 4909 hyema-

110 4913 209 4963 ret
244 4904 306 4959 9.
385 4904 429 4935 ”
460 4912 629 4973 atque
654 4903 705 4957 9.
735 4918 799 4973 ac
823 4900 876 4954 6.
897 4971 904 4973 _
928 4972 933 4973 7
955 4900 998 4973 ‘f
1028 4909 1353 4973 repererunt
1373 4901 1425 4958 9.
1459 4900 1711 4972 reppere.

110 4982 259 5029 runt
280 4975 340 5028 5.
419 4974 462 5005 ¹⁶
489 4968 732 5029 cecidere
762 4972 813 5026 7.
892 4971 934 5006 ¹⁷
966 4968 1162 5025 ΐιιθηᾶο
1192 4970 1241 5024 1.
1320 4971 1362 5003 ¹⁸
1410 4968 1710 5029 revertere-

108 5053 214 5098 tur
242 5044 313 5098 5?
353 5042 407 5099 9.
485 5044 526 5075 ¹⁹
565 5041 950 5103 hildebrandus
974 5041 1027 5103 2,
1077 5041 1130 5096 5.
1173 5039 1225 5095 6.
1259 5041 1310 5094 7.
1343 5041 1395 5096 9.
1425 5042 1708 5098 hiltibrau-

107 5116 228 5169 dus
284 5113 343 5168 5.
406 5183 411 5184 7
456 5114 500 5145 ’θ
536 5113 846 5184 spoletanus
905 5112 958 5184 5.
990 5111 1043 5184 5.
1101 5110 1151 5184 7_.
1196 5110 1256 5184 79.
1305 5112 1605 5184 spolitanus
1652 5114 1705 5168 6.

105 5185 156 5217 ³³
196 5183 517 5241 wirtiniaco
535 5180 588 5238 5'.
665 5185 710 5215 ”
734 5197 893 5251 quem
921 5180 1300 5251 benignissime
1322 5180 1376 5234 5.
1410 5182 1464 5236 9.
1542 5183 1587 5214 ³³
1619 5198 1708 5238 re-

104 5255 270 5327 cepit
296 5256 355 5327 5_._
384 5254 439 5327 9.
502 5255 581 5327 ξ’*
606 5251 857 5326 lippeltan
906 5251 960 5314 2.
1022 5251 1270 5323 lipphean
1319 5252 1372 5307 5.
1408 5251 1627 5327 lippiam
1650 5252 1705 5307 4.

103 5323 293 5399 tip‘pia
323 5324 377 5379 δ.
409 5323 461 5380 6.
500 5325 553 5380 7.

1816 1921 2103 1992 vestigium
2125 1936 2314 1977 eorum
2343 1922 2388 1953 ⁸⁸
2413 1923 2767 1979 observantes
2789 1963 2805 1989 ,
2850 1926 3127 1981 consecuti
3153 1934 3281 1981 sunt
3305 1940 3402 1982 eos

1817 2026 1980 2082 super
2018 2010 2240 2066 ﬂuvium
2269 2052 2286 2078 ,
2328 2012 2484 2068 cuius
2529 2012 2850 2068 vocabulum
2878 2021 2963 2069 est
2999 2012 3219 2069 Adarna
3249 2016 3316 2080 ²¹,
3344 2015 3402 2071 in

1815 2102 1936 2158 loco
1977 2102 2070 2172 qui
2111 2103 2307 2158 dicitur
2334 2103 2514 2160 Lihesi
2538 2105 2582 2135 "
2619 2103 2664 2158 τ.
2717 2104 2795 2159 Ibi
2826 2119 3006 2177 pugna
3029 2106 3076 2137 ’³
3104 2107 3319 2176 incepta
3345 2114 3404 2162 et

1816 2195 1974 2252 valde
1999 2194 2048 2227 ”
2071 2196 2211 2251 bene
2235 2193 2408 2262 finita,
2434 2196 2731 2253 auxiliante
2751 2196 2982 2253 Domino
3007 2196 3207 2253 Franci
3232 2198 3402 2252 victo-

1815 2301 1907 2341 res
1933 2285 2261 2353 extiterunt;
2315 2294 2372 2341 et
2406 2285 2696 2345 multitudo
2737 2285 3016 2355 saxonum
3043 2287 3120 2343 ibi
3159 2286 3326 2343 occisi
3352 2287 3402 2318 "

1814 2386 1974 2442 sunt,
2023 2386 2080 2433 et
2123 2377 2390 2449 fugientes
2420 2378 2466 2410 ²⁶
2494 2395 2620 2434 cum
2647 2394 2845 2451 magno
2881 2378 3212 2435 contnmelio
3236 2379 3280 2410 ⁸⁷
3309 2393 3398 2434 re-

1813 2470 1957 2523 versi
2015 2477 2141 2524 sunt
2191 2467 2487 2527 Saxoniam
2527 2469 2596 2522 ’⁸.
2649 2469 2719 2527 Et
2776 2469 3107 2526 caelebravit
3152 2466 3402 2538 supradi-

1813 2568 1932 2615 ctus
1972 2559 2017 2590 ²⁹
2056 2558 2507 2614 clementissimus
2554 2574 2649 2614 rex
2677 2559 2917 2613 natalem
2942 2557 3159 2615 Domini
3187 2556 3244 2611 in
3270 2554 3401 2611 villa

1813 2664 1951 2719 quae
1982 2649 2178 2704 dicitur
2225 2649 2270 2681 ⁸⁰
2319 2648 2627 2707 Haristallio
2674 2648 2744 2715 ³¹,
2795 2656 2851 2707 et
2886 2649 3090 2718 pascha
3114 2647 3388 2705 similiter.

1813 2738 1884 2794 Et
1902 2738 2192 2794 inmutavit
2221 2753 2279 2797 se
2303 2751 2561 2797 numerus
2581 2752 2848 2797 annorum
2877 2737 2934 2797 in

2423 2957 2795 3013 DCCLXXIX.

1884 3049 2038 3105 Tunc
2064 3048 2289 3103 domnus
2315 3046 2538 3103 Carolus
2581 3064 2679 3103 rex
2725 3049 2832 3103 iter
2867 3061 3131 3119 peragens
3153 3049 3400 3119 partibus

1811 3140 2085 3196 Niustriae
2111 3141 2181 3206 ³²,
2211 3149 2266 3196 et
2298 3141 2345 3172 ³³
2379 3143 2625 3213 pervenit
2651 3141 2700 3174 “
2727 3157 2896 3213 usque
2925 3142 2978 3196 in
3013 3142 3139 3196 villa
3168 3143 3217 3173 ³⁵
3258 3158 3399 3213 quae

1814 3232 2012 3287 dicitur
2080 3230 2391 3300 Conpendio
2422 3231 2499 3299 ³⁸;
2546 3240 2601 3287 et
2646 3240 2775 3287 tunc
2821 3234 3019 3286 iterum
3073 3232 3400 3289 revertendo

1811 3322 2057 3393 partibus
2080 3322 2123 3353 ³⁷
2150 3321 2421 3388 Austriae,
2460 3322 2653 3377 obtulit
2689 3339 2746 3379 se
2786 3323 3181 3382 Hildebraudus
3211 3324 3258 3357 ³⁸
3289 3325 3397 3382 dux

2197 3430 2585 3487 VARIANTES
2619 3432 3022 3489 LECTIONES.

1885 3525 1901 3555 ί
1932 3523 2267 3580 snassionem
2297 3523 2351 3577 2.
2429 3525 2449 3555 ⁸
2474 3524 2784 3582 vindeltindi
2824 3526 2872 3579 1.
2916 3525 3206 3582 widokindi
3250 3544 3392 3583 corr.

1808 3592 2101 3664 widokiugi
2131 3592 2479 3664 2.widokiugi
2504 3595 2556 3648 5.
2586 3595 2880 3649 widukindi
2908 3595 3307 3664 4.widoc_hindi
3339 3597 3392 3652 5.

1809 3663 2120 3719 vvidichindi
2142 3663 2194 3717 6.
2211 3663 2562 3718 witbochindi
2589 3665 2640 3717 7.
2658 3666 2984 3720 widechinni
3002 3668 3053 3722 9.
3068 3666 3396 3722 widocbindi

1812 3734 1898 3788 10.
1918 3735 1941 3786 1
1958 3732 2287 3787 vaidikindi
2310 3733 2396 3787 l2.
2474 3734 2926 3790 'w.etsociorum
2950 3737 3059 3790 1.7.
3078 3744 3185 3791 etc.
3261 3737 3283 3767 ⁸
3306 3751 3396 3789 re—

1811 3804 2149 3876 bellaverunt
2183 3803 2232 3856 5.
2311 3803 2463 3876 “hoc
2508 3803 2648 3876 deest
2899 3805 3062 3876 ‘77regi
3092 3805 3224 3876 47.75.
3255 3805 3307 3858 6.
3337 3806 3392 3858 7.

1811 3875 1830 3905 "
1861 3873 2281 3927 annosiodorum
2341 3874 2391 3926 1.
2444 3874 2875 3927 authisiodorum
2909 3874 2961 3928 5.
3001 3873 3395 3928 autisiodorum

1812 3941 1865 3997 6.
1892 3943 1943 3995 7.
1969 3953 2075 3996 etc.
2191 3942 2213 3973 ⁸
2243 3957 2455 3998 scaram
2494 3941 2806 3997 fraucorum
2848 3943 3107 3997 velociter
3139 3952 3195 3996 et
3233 3941 3389 3996 festi-

1813 4022 2008 4067 nanter
2034 4012 2101 4066 ad
2129 4012 2489 4065 resistendum
2532 4012 2857 4081 supradictis
2895 4013 3188 4067 saxouibus
3231 4013 3297 4065 ad
3339 4011 3392 4065 1.

1812 4081 1834 4117 θ
1858 4081 2167 4136 francorum
2209 4089 2270 4135 ut
2294 4080 2394 4136 sub
2415 4080 2761 4135 festinatione
2778 4089 3023 4138 curreret
3043 4080 3110 4137 ad
3135 4081 3394 4136 resisten-

1815 4152 1940 4207 dum
1966 4151 2257 4207 saxonibus
2276 4193 2290 4217 ,
2340 4151 2435 4205 sed
2466 4151 2541 4205 illi
2570 4151 2797 4221 rebelles
2830 4159 3195 4221 pervenerunt
3224 4166 3397 4220 usque

1815 4224 2044 4279 diuciam
2066 4222 2118 4275 6.
2199 4222 2242 4252 ²⁰
2264 4222 2478 4277 diuoam
2505 4223 2555 4274 1.
2580 4220 2975 4277 άὶιιίοἰδηηῶ.
3001 4221 3224 4276 diutiam
3249 4237 3388 4274 corr.

1817 4294 2021 4348 dutiam
2067 4293 2120 4347 5.
2166 4291 2401 4345 diuciam
2445 4291 2499 4345 6.
2530 4291 2805 4346 dureciam
2840 4292 2892 4346 7.
2930 4292 3153 4347 duitiam
3186 4291 3239 4345 8.
3275 4289 3396 4343 dui-

1817 4364 1951 4417 tium
1977 4363 2029 4417 9.
2070 4431 2076 4432 7
2110 4363 2152 4392 “
2183 4376 2372 4432 renum
2413 4370 2712 4417 constanter
2734 4363 2789 4416 in
2831 4362 3095 4432 codicibus
3125 4377 3255 4432 quos
3284 4360 3396 4432 ipse

1816 4433 2017 4503 inspexi
2057 4431 2111 4484 ἓ.
2145 4431 2217 4507 5.7
2243 4430 2295 4484 6.
2391 4432 2435 4462 “
2482 4431 2975 4512 sanctimonialibus
3008 4428 3240 4500 grassati
3291 4428 3393 4514 (et)

1820 4503 1962 4556 nuod
1986 4504 2036 4554 l.
2070 4502 2123 4554 7.
2171 4515 2290 4554 cum
2325 4501 2824 4556 sanctimonialihus
2852 4501 2904 4555 9.
3001 4501 3046 4532 "
3073 4499 3395 4555 numerandt

930 4551 965 4626 ⁷-
1000 4550 1218 4626 ultionis
1260 4554 1599 4626 exerceam
1655 4555 1707 4609 9-
1737 4540 1793 4600 D
1816 4540 2940 4626 δῖνῑι·1.;;ηνξίιῑίδ”-κη’·πῑῑίιξΐῑιξίι
2969 4540 3392 4625 omnes“:

1812 4640 2095 4711 longenbri
2120 4640 2399 4711 i.7loinahi
2423 4640 2476 4694 5.
2503 4640 2739 4711 loginahi
2767 4639 2819 4711 6.7
2858 4639 3139 4711 longenehi
3166 4639 3241 4711 7.7
3276 4637 3396 4711 long

1812 4707 1946 4782 gene
1967 4714 2020 4782 8.
2057 4709 2447 4782 ll.7lingonem
2473 4712 2527 4766 9.
2562 4707 2750 4782 logene
2773 4709 2859 4762 10.
2939 4710 3192 4782 "partes
3221 4707 3271 4782 1.
3346 4707 3395 4782 ξ’

1811 4777 1967 4836 scara
1996 4781 2049 4835 2.
2128 4780 2170 4811 ¹⁹
2194 4777 2298 4835 ιιοῇ
2331 4781 2472 4835 deest
2505 4782 2557 4836 9.
2620 4777 2677 4813 ’³⁸³
2704 4780 2938 4848 ipsorum
2978 4777 3029 4831 lI
3050 4846 3062 4848 _
3101 4777 3145 4807 “
3173 4777 3397 4848 adarnia

1813 4852 1865 4904 7.
1942 4853 1987 4884 "
2021 4850 2136 4906 liesi
2177 4850 2228 4905 5.
2274 4851 2409 4906 liesu
2431 4851 2487 4905 6.
2560 4850 2606 4885 ³³
2636 4849 2695 4903 1..
2726 4846 2783 4903 in
2817 4862 2995 4918 pugna
3039 4846 3096 4918 2.7
3170 4846 3397 4918 '7‘77valde

1811 4922 1952 4976 deest
1964 4921 2034 4982 .6.
2070 4991 2103 4995 __
2129 4921 2176 4959 "
2195 4923 2371 4975 occisa
2397 4930 2454 4995 et
2486 4920 2676 4995 reliqui
2701 4920 2752 4972 1.
2818 4916 2990 4995 f’ret
3004 4916 3197 4995 reliqui
3220 4916 3311 4995 7.__

1813 4991 2141 5047 contumelia
2168 5006 2362 5061 magna
2394 4992 2451 5046 5.
2488 4986 2682 5061 magna
2706 4987 3030 5061 contumel‘a
3051 4988 3109 5061 Δ1.
3137 4986 3189 5041 6.
3267 4987 3313 5061 ξ’
3340 4986 3398 5041 in

1816 5062 2096 5117 saxoniam
2168 5056 2373 5117 revérsi
2419 5068 2547 5114 sunt
2584 5056 2642 5112 1.
2759 5056 2804 5088 ⁸⁸
2868 5057 3209 5158 supradictus
3254 5056 3397 5139 deest

1817 5130 1850 5158 ⁸7
1980 5131 2023 5158 an
2076 5131 2199 5158 ..ζΙΙΑ
2239 5145 2374 5158 human
2407 5130 2603 5158 ιιῑηζιηιι
2645 5128 2782 5158 Αρηοο
2813 5126 2847 5158 R
2950 5128 2967 5157 1
2998 5127 3315 5158 Ιιαιηαιηιιιιη
3342 5126 3364 5158 Ι

1817 5130 1869 5186 7.
1980 5131 2023 5163 ³ο
2076 5131 2203 5185 villa
2237 5145 2377 5200 quae
2405 5130 2603 5185 dicitur
2642 5128 2782 5182 deest
2813 5126 2881 5200 6.7
2921 5126 3316 5200 “Aharistalhio
3342 5126 3393 5181 1.

1817 5172 1869 5237 δέ
1890 5172 2538 5257 ῐιθιιεῑτίείξϊι
2554 5215 2690 5252 corr.
2714 5197 2953 5252 austriae
2973 5195 3026 5251 6.
3102 5197 3149 5228 ⁸³
3175 5204 3232 5251 et
3249 5196 3396 5253 deest
3495 5202 3506 5208 ’

1816 5272 1869 5326 6.
1900 5273 1952 5326 7.
2029 5271 2075 5303 ³⁵

1922 5274 1952 5326 ν.
2029 5271 2075 5303 ³⁵
2101 5277 2463 5341 pervenerunt
2487 5269 2540 5322 in
2564 5268 2618 5329 l.
2693 5268 2740 5304 ³⁸
2769 5267 2949 5322 villam
2971 5266 3023 5320 5.
3048 5266 3104 5320 6.
3178 5266 3224 5298 ³⁸
3245 5281 3397 5321 com-

1922 5341 2168 5398 diumJ.
2267 5340 2310 5373 ⁸⁷
2349 5354 2447 5398 per
2490 5344 2670 5398 partes
2718 5339 2767 5392 1.
2874 5337 2921 5368 ³⁸
2946 5336 3307 5395 hiltibrandus
3337 5334 3396 5398 6.

1813 5356 2096 5412 penatum-
2117 5356 2168 5396 ι.

2267 5340 2310 5373 ιτ
2349 5354 2447 5409 per
2490 5344 2670 5407 partes
2718 5339 2767 5392 1.
2874 5337 2921 5368 ³⁸
2946 5336 3307 5395 hiltibrandus
3337 5334 3396 5400 6.

1645 5456 1848 5515 NOTAE

184 5565 218 5594 ι
253 5547 422 5605 Duilz
445 5556 633 5603 contra
657 5547 958 5608 Coloniam.

186 5624 223 5663 ιι
251 5618 596 5699 ρωρὶὶρηε.

189 5704 215 5731 ε
255 5684 413 5762 Situs
437 5684 923 5762 eiusnecYalesio
940 5702 1039 5740 nec
1062 5687 1704 5762 Bonqueto_cxploratu7s;

101 5762 268 5839 quod
303 5756 480 5813 sinon
508 5758 847 5828 Virisiacum,
884 5756 1065 5826 l’erzy,
1115 5773 1281 5827 prope
1330 5756 1565 5817 Rhémos
1610 5761 1699 5825 sit,

1816 5556 1963 5609 certe
1988 5549 2041 5605 in
2070 5549 2265 5603 itinere
2292 5546 2623 5617 compendio
2665 5547 2888 5601 Duriam
2928 5542 3299 5616 quaerendum.

1860 5619 1910 5679 ,ἀ
1944 5619 2002 5674 In
2029 5617 2332 5675 conﬂuente
2366 5616 2653 5688 Lippiteet
2676 5618 2872 5673 Rheni.

1892 5700 1914 5727 ο
1944 5689 2118 5757 Pagus
2146 5690 2214 5743 ad
2241 5687 2535 5758 Loganam,
2570 5687 2842 5758 Lalmgau.

1889 5760 1905 5796 ί
1943 5754 2101 5815 Docta
2134 5759 2278 5814 Saxo
2304 5754 2369 5814 ad
2400 5760 2540 5816 hunc
2570 5754 2768 5813 annum
2798 5754 3096 5814 Battcnfcld
3124 5759 3304 5811 vocat.
