3960 6346
559 369 657 426 411

1018 491 1252 533 ANNALES
1291 488 1692 529 LAURISSENSES.

556 570 854 641 Spolitmus
873 571 888 599 ‘
933 584 1056 624 cum
1108 567 1278 620 multa
1305 579 1526 618 munera
1557 564 1577 593 ³
1631 563 1682 615 in
1707 558 2078 630 praesenciam
2106 556 2126 586 ³

553 662 850 734 supradicti
881 661 1060 730 magni
1092 660 1256 728 regis,
1287 658 1342 710 in
1370 655 1495 708 villa
1544 654 1635 722 qui
1667 653 1687 683 ’⁵
1715 661 1939 706 vocatur
1964 649 2132 704 Virci-

555 753 772 808 niacum
801 751 842 816 ⁸,
885 758 940 806 et
975 749 1079 803 fuit
1131 747 1354 802 siuodus
1388 747 1441 799 in
1494 745 1620 798 villa
1675 751 2074 812 nuncupantem
2109 741 2130 772 ⁶

557 846 754 909 Duria,
795 855 850 898 et
906 843 1009 897 iter
1056 849 1209 894 actus
1237 848 1319 893 est
1347 839 1366 870 τ
1398 838 1453 891 in
1494 837 1515 870 ⁸
1553 836 1796 906 partibus
1841 832 2127 887 Saxoniae.

558 936 638 988 Ad
686 934 979 1003 Lippeham
1039 931 1059 962 ⁹
1113 929 1375 984 transitur
1427 929 1468 959 “’
1521 929 1705 982 Renus
1760 925 1949 980 ﬂuvius
1979 926 2042 991 ¹¹,
2078 933 2132 980 et

558 1024 802 1079 Sationes
841 1023 1129 1076 voluerunt
1177 1020 1429 1074 resistere
1471 1003 1522 1072 in
1568 1019 1687 1072 loco
1724 1017 1814 1085 qui
1855 1018 1898 1046 ⁸³
1933 1017 2132 1070 dicitur

556 1112 784 1168 Bohbolt
813 1113 856 1142 ⁸³
884 1123 930 1164 α.
957 1110 1266 1163 Auxiliante
1294 1107 1538 1168 Domino,
1565 1121 1668 1158 non
1694 1104 2128 1175 praevaluerunt,

555 1203 652 1258 sed
700 1202 894 1257 abinde
927 1202 1222 1270 fugientes,
1256 1197 1592 1265 reliquerunt
1626 1210 1813 1249 omnes
1845 1194 2130 1248 firmitates

555 1308 764 1357 eorum,
794 1301 848 1346 et
875 1291 1097 1345 Francis
1121 1297 1306 1358 aperta
1343 1296 1430 1339 est
1453 1285 1572 1348 via,
1618 1293 1670 1338 et
1708 1284 2041 1338 introeuntes
2075 1285 2128 1338 in

559 1381 886 1437 Westfalaos
917 1380 981 1444 “,
1007 1388 1062 1434 et
1085 1379 1126 1409 ⁸⁸
1151 1375 1570 1445 conquesierunt
1596 1373 1638 1403 ⁸⁸
1664 1388 1756 1426 eos
1779 1387 1988 1427 omnes.
2021 1372 2131 1427 Re-

559 1471 690 1539 liqui
723 1471 762 1502 ⁸⁷
791 1471 881 1539 qui
926 1469 1064 1522 ultra
1097 1467 1307 1520 Wisora
1339 1466 1380 1496 ⁸⁸
1413 1463 1630 1517 fuerunt
1654 1463 1721 1528 “,
1747 1479 1870 1517 cum
1907 1477 1964 1517 se
2008 1463 2130 1516 iun-

561 1561 730 1616 xisset
756 1560 982 1614 domnus
1008 1558 1232 1613 Carolus
1263 1573 1356 1611 rex
1382 1556 1448 1610 ad
1475 1556 1650 1610 locum
1678 1556 1768 1624 qui
1797 1556 1994 1610 dicitur
2019 1555 2129 1610 Me-

557 1651 741 1707 dofulli
776 1651 820 1682 '°
845 1651 894 1714 ι),
929 1650 1001 1703 ibi
1024 1648 1288 1704 dederunt
1320 1647 1557 1711 obsides,
1586 1656 1641 1700 et
1667 1647 1842 1700 denuo
1873 1648 1914 1676 ⁸⁸
1946 1662 2131 1700 sacra-

557 1750 736 1798 menta
763 1741 1078 1806 ﬁrmantes;
1117 1749 1171 1794 et
1208 1748 1337 1794 tunc
1366 1740 1408 1770 "
1440 1755 1689 1794 reversus
1712 1748 1795 1793 est
1830 1739 2130 1807 suprascri-

555 1841 679 1902 ptus
704 1831 968 1902 gloriosus
999 1847 1091 1885 rex
1120 1831 1173 1883 in
1205 1830 1433 1883 Francia
1457 1831 1524 1881 ⁸³.
1559 1831 1623 1884 Ει
1651 1830 1947 1884 celebravit
1974 1838 2132 1882 nata-
2163 1818 2210 1875 Β

560 1921 662 1975 lem
691 1921 903 1976 Domini
944 1922 996 1973 in
1044 1920 1398 1974 Wormatiam
1433 1919 1705 1973 civitatem
1736 1920 1814 1984 ⁸⁸⁸,
1853 1928 1907 1973 et
1933 1920 2133 1988 pascha

557 2011 825 2068 similiter.
851 2013 918 2067 Et
945 2012 1232 2066 inmutavit
1256 2025 1313 2066 se
1337 2025 1594 2064 numerus
1615 2025 1877 2064 annorum
1910 2009 1966 2064 in

1188 2100 1534 2156 DCCLXXX.

632 2193 783 2247 Tunc
808 2193 1036 2248 domnus
1058 2190 1281 2246 Carolus
1309 2205 1404 2244 rex
1433 2191 1536 2244 iter
1564 2203 1825 2259 peragens
1855 2189 1922 2242 ad
1955 2187 2135 2257 dispo-

563 2285 791 2337 nendam
837 2283 1162 2346 Saxoniam,
1205 2281 1272 2335 ad
1317 2281 1716 2350 Aeresburgum
1761 2279 2034 2349 pervenit,
2081 2287 2136 2333 et

564 2373 688 2428 inde
715 2373 782 2426 ad
807 2373 983 2426 locum
1004 2372 1092 2426 ubi
1115 2371 1302 2441 Lippia
1340 2370 1645 2440 consurgit,
1677 2369 1857 2437 ibique
1883 2368 2134 2422 sinodum

560 2475 772 2531 tenens,
799 2466 922 2520 inde
949 2466 1051 2520 iter
1083 2480 1345 2535 peragens
1385 2465 1628 2534 partibus
1655 2463 1843 2516 Albiae
1879 2461 2050 2524 ﬂuvii,
2079 2468 2136 2514 et

561 2556 616 2610 in
649 2557 764 2626 ipso
807 2556 1000 2610 itinere
1025 2568 1212 2609 omnes
1256 2555 1732 2623 Bardongauenses
1758 2553 1804 2583 ⁸⁵
1835 2563 1855 2591 ε
1893 2561 1948 2606 et
1978 2550 2134 2606 multi

562 2647 631 2702 de
652 2645 939 2700 Nordleudi
965 2646 1009 2676 ³⁸
1040 2645 1066 2685 ἀ
1095 2645 1349 2716 baptizati
1385 2653 1512 2699 sunt
1553 2644 1604 2696 in
1641 2643 1758 2698 loco
1801 2643 1891 2712 qui
1937 2644 2136 2696 dicitur

561 2738 785 2794 Orbaim
812 2740 853 2770 ⁸⁷
875 2779 889 2802 ,
926 2739 1067 2791 ultra
1107 2737 1318 2793 Obacro
1355 2737 1534 2790 ﬂuvio.
1569 2735 1636 2788 Et
1673 2735 1920 2804 pervenit
1963 2749 2135 2804 usque

562 2829 631 2881 ad
663 2827 1030 2896 supradictum
1060 2825 1301 2888 ﬂuvium,
1328 2822 1416 2878 ubi
1445 2824 1550 2878 Ora
1579 2825 1625 2854 ⁸⁸
1663 2836 1684 2862 ε
1712 2823 1934 2877 conﬂuit
1962 2824 2016 2876 in
2044 2823 2136 2875 Al-

562 2916 651 2969 bia
675 2916 718 2946 ⁸⁹
738 2954 754 2981 ,
803 2917 875 2968 ibi
901 2917 1190 2983 omniaque
1223 2915 1265 2944 ³ο
1297 2914 1584 2981 disponens
1619 2913 1661 2943 ⁸⁸
1708 2920 1814 2966 tam
1845 2911 2134 2966 Saxoaiam

561 3023 724 3077 quam
751 3015 804 3061 et
845 3006 1064 3061 Sclavos
1093 3006 1167 3067 ",
1218 3013 1273 3058 et
1304 3005 1347 3034 ³³
1379 3020 1628 3059 reversus
1671 3013 1754 3058 est
1796 3003 2136 3072 supradictus

556 3096 865 3168 praeclarus
893 3111 987 3150 rex
1021 3096 1074 3149 in
1107 3094 1332 3148 Francia
1364 3094 1430 3147 ³⁸.
1464 3094 1614 3148 Tunc
1645 3104 1859 3162 sumpto
1885 3093 2127 3157 consilio,

558 3196 617 3240 ut
639 3187 742 3240 iter
763 3201 1026 3256 peragens
1041 3185 1357 3240 “orationis
1378 3200 1572 3239 causae
1587 3185 1884 3255 "partibus
1906 3184 2128 3249 Romae,
2161 3164 2205 3224 (ἶ

558 3291 664 3330 una
691 3291 810 3330 cum
844 3292 1011 3330 uxore
1041 3292 1136 3331 sua
1171 3277 1365 3330 domna
1397 3275 1715 3344 llildegarde
1749 3275 1790 3304 ³⁷
1823 3274 2028 3344 regina.
2069 3275 2135 3328 Et

559 3366 850 3422 celebravit
888 3368 1122 3422 natalem
1151 3368 1359 3422 Domini
1393 3368 1444 3421 in
1486 3367 1704 3436 Papiam
1754 3367 2029 3420 civitatem
2064 3367 2130 3420 ³⁸.

515 3465 521 3470 ·
563 3455 630 3510 Ει
666 3457 966 3510 immutavit
996 3472 1053 3510 se
1088 3473 1343 3512 numerus
1371 3472 1633 3510 annorum
1662 3456 1715 3508 in

954 3551 1341 3606 VARIANTLS
1378 3547 1775 3605 LECTIONES.

636 3643 651 3672 ⁸
683 3642 991 3711 spoletanns
1023 3644 1389 3713 Lspolitanus
1409 3641 1526 3696 6.7.
1553 3643 1625 3713 9.»
1687 3642 1715 3713 '_
1738 3639 1922 3713 multis
1945 3655 2134 3713 mune-

561 3709 789 3782 ribus—1.
821 3713 873 3766 5.
906 3714 958 3768 6.
993 3715 1042 3767 7.
1075 3709 1178 3768 etc.
1297 3716 1317 3744 ³
1357 3711 1663 3782 praesentia
1698 3711 1746 3763 1.
1778 3709 1829 3782 5.
1863 3709 1913 3782 6.
1945 3710 1993 3782 7.
2027 3719 2132 3764 etc.

561 3781 583 3811 δ
609 3797 748 3850 quae
775 3784 824 3835 1.
856 3783 908 3836 5.
939 3786 991 3837 6.
1025 3785 1077 3837 7.
1109 3795 1215 3838 etc.
1323 3778 1746 3836 “'wirciniacum
1792 3780 1840 3832 1.
1865 3778 1916 3832 5.
1943 3780 1994 3833 7.
2024 3788 2130 3834 etc.

557 3851 876 3923 irciniacum
903 3853 956 3906 6.
1077 3855 1098 3885 ⁶
1135 3855 1260 3908 villa
1295 3869 1436 3923 quae
1476 3852 1672 3923 dicitur
1705 3850 1755 3904 1.
1789 3858 2134 3923 nuncupante

557 3919 610 3974 5.
646 3921 696 3974 7.
727 3932 1032 3993 nuncupata
1063 3923 1116 3978 6.
1215 3926 1233 3956 "
1263 3919 1471 3994 peregit
1502 3921 1548 3994 l.
1582 3921 1634 3994 6.
1664 3928 1939 3994 peractum
1965 3921 2129 3994 e_st__6.

559 4001 810 4060 peractus
837 3991 923 4047 est
953 3994 1004 4046 7.
1132 3995 1153 4025 ⁸
1182 3995 1236 4049 in
1263 3991 1416 4048 deest
1440 3994 1488 4045 1.
1517 3991 1569 4044 5.
1601 3993 1652 4046 6.
1687 3991 1737 4043 7.
1769 3999 1873 4060 etc.
1985 3991 2006 4020 ’
2035 3991 2134 4060 lip-

557 4059 713 4132 peam
743 4061 797 4132 5._
829 4061 1101 4132 lippaham
1140 4064 1189 4117 7.
1294 4066 1335 4095 ‘°
1366 4063 1597 4132 transito
1635 4063 1806 4116 rbeno
1834 4059 2052 4132 ﬂumine
2075 4059 2130 4132 1.

564 4130 602 4200 ⁸⁸
634 4130 861 4200 transitu
886 4130 940 4186 ‘2.
970 4135 1232 4188 transitus
1251 4134 1303 4188 5.
1331 4143 1399 4187 tr.
1422 4148 1469 4185 r.
1494 4131 1543 4185 ﬂ.
1581 4132 1718 4184 deest
1745 4132 1798 4184 6.
1878 4131 1918 4160 ⁸⁸
1949 4147 2054 4200 que
2076 4130 2130 4186 2.

563 4198 607 4229 ⁸³
638 4199 865 4254 buoholz
895 4203 944 4254 1.
973 4203 1201 4257 bobholz
1236 4203 1287 4257 5.
1316 4203 1570 4256 bohholtz
1592 4201 1643 4254 6.
1670 4201 1900 4254 boliholz
1923 4198 1980 4254 8.
2007 4201 2134 4255 boc-

561 4267 680 4322 bolz
719 4270 771 4324 9.
812 4269 1006 4325 bolhoz
1048 4272 1133 4325 10.
1182 4273 1356 4327 botolz
1404 4272 1491 4325 11.
1596 4270 1639 4300 ⁸⁸
1682 4270 2044 4324 westualabos
2080 4271 2130 4324 1.

560 4338 869 4395 westfaluos
893 4341 947 4394 2.
979 4342 1267 4398 westualos
1291 4343 1342 4397 6.
1422 4342 1464 4372 ⁸⁸
1491 4349 1545 4393 et
1570 4341 1708 4396 deest
1733 4341 1784 4394 5.
1815 4341 1866 4394 7.
1947 4340 1989 4371 ⁸⁸
2013 4355 2133 4394 con-

558 4410 860 4476 quisierunt
897 4411 949 4463 1.
978 4411 1032 4465 5.
1065 4412 1116 4465 7.
1148 4423 1254 4469 etc.
1352 4411 1392 4443 ”
1437 4411 1659 4479 reliquis
1703 4411 1753 4464 7.
1852 4410 1894 4442 ⁸⁸
1934 4410 2130 4465 vvisora

560 4480 700 4533 deest
717 4479 784 4550 2.
820 4481 1078 4536 wisoram
1103 4481 1155 4535 6.
1186 4483 1236 4535 7.
1267 4490 1373 4536 etc.
1469 4482 1510 4512 ⁸⁸
1554 4481 1742 4550 reliqui
1783 4482 1997 4549 quidem
2035 4481 2132 4534 vvi-

561 4564 682 4602 sore
706 4548 925 4604 fuerunt
953 4551 1004 4605 1.
1081 4553 1125 4583 ³⁸
1151 4552 1439 4608 medofuldi
1473 4553 1518 4604 l.

561 4618 683 4672 inde
711 4619 763 4674 5.
797 4621 849 4675 6.
877 4622 1054 4676 denuo
1083 4622 1243 4676 deest.
1285 4623 1336 4675 7.
1431 4623 1476 4651 “
1517 4621 1555 4676 f.
1591 4621 1768 4676 denuo
1800 4635 2046 4676 reversus
2078 4619 2129 4673 7.

557 4687 604 4717 ⁸³
636 4687 898 4745 l‘ranciam
928 4692 976 4744 1.
1016 4692 1066 4744 7.
1098 4701 1201 4746 etc.
1234 4692 1486 4746 frantiam
1525 4691 1577 4746 6.
1670 4691 1717 4722 “
1745 4691 2027 4746 wormalia
2057 4690 2133 4743 ci-

561 4757 724 4833 vitat_e
752 4761 800 4812 l.
825 4761 876 4833 6_.
907 4761 957 4814 7.
987 4770 1091 4816 etc.
1169 4764 1214 4794 ⁸⁵
1236 4761 1743 4833 Βθῐάοςληιεηεεῌ.
1770 4761 2135 4833 bardogaven-

560 4841 646 4880 ses
677 4827 726 4880 7.
821 4831 866 4860 "
902 4833 1230 4887 nordilendis
1273 4835 1321 4886 l.
1360 4827 1625 4887 not-lleudi
1664 4830 1716 4884 5.
1745 4829 2043 4883 nortelendi
2076 4827 2127 4881 6.

559 4897 602 4974 :7
636 4898 878 4974 orcheim
906 4901 955 4974 1.
984 4903 1215 4974 orthaim
1240 4903 1299 4974 5.
1329 4904 1540 4958 orabim
1568 4903 1637 4974 7._
1697 4900 1742 4974 :3
1765 4899 1851 4974 ubi
1873 4900 2131 4974 obicrutn

559 4962 675 5041 {luit
699 4965 748 5018 7.
827 4969 870 4998 ²⁹
891 4971 1085 5025 albiam
1109 4973 1156 5025 1.
1235 4973 1278 5004 ³ο
1301 4974 1479 5041 ibique
1495 4969 1674 5025 omnia
1698 4969 1749 5020 7.
1776 4968 1847 5022 ibi
1868 4962 2046 5041 0mm;
2072 4968 2121 5020 l.

561 5033 604 5105 ’_'
635 5035 932 5105 desponens
959 5041 1009 5092 2.
1087 5042 1129 5072 ³⁸
1163 5050 1272 5096 tam
1305 5033 1631 5096 sclavoniam
1661 5052 1823 5105 quam
1848 5038 2126 5092 saxoniam

564 5102 613 5154 l.
691 5102 812 5160 “et
831 5108 968 5162 deest
993 5111 1041 5163 1.
1066 5111 1118 5165 5.
1141 5112 1194 5165 6.
1225 5112 1274 5164 7.
1304 5120 1407 5164 etc.
1483 5110 1528 5142 “
1557 5102 1817 5160 l'rancialn
1843 5108 1892 5160 1.
1915 5107 1968 5160 5.
1995 5108 2048 5160 6.
2073 5106 2124 5160 7.

560 5172 611 5275 εἴ
631 5187 914 5298 ﬁerageret
939 5179 986 5232 l.
1019 5180 1071 5234 5.
1105 5182 1156 5234 7.
1183 5189 1363 5260 ageret
1389 5179 1440 5259 6.
1480 5247 1490 5258 .
1518 5178 1563 5208 ⁸⁸
1593 5191 1755 5262 causa
1788 5178 1833 5230 l.
1853 5177 1906 5230 5.
1939 5177 1990 5231 6.
2017 5185 2123 5232 etc.

681 5243 948 5316 tldegarda
977 5250 1027 5304 6.
1129 5251 1172 5282 ⁸⁸
1210 5265 1363 5316 papia
1392 5256 1606 5302 civitate
1643 5246 1685 5298 l.
1720 5245 1770 5300 6.

722 5263 948 5318 uegarua
977 5263 1027 5304 0'.
1129 5263 1172 5282 ὐ
1210 5265 1363 5318 papia
1392 5263 1606 5302 civitate
1643 5263 1685 5298 ι.
1720 5263 1770 5300 υ.

1672 357 2047 416 EGINHARDI
2087 355 2378 411 ABBATIS
2417 355 2736 410 ANNALES

2165 469 2386 530 Αικ

1596 4529 2019 4605 ῖίὲἷᾘέίῖίῖῗέι
2041 4529 2133 4604 δέ-
2158 4529 2211 4588 1)

3717 352 3824 406 ΑΗ

2769 481 3004 520 Ακκλιεε
3036 480 3350 520 εςιδιιλειυι.

2229 557 2340 610 eitu
2371 559 2383 586 '
2420 557 2652 612 traiecit.
2698 556 2800 611 Cui
2830 572 2953 612 cum
2987 556 3230 611 Saxones
3278 558 3332 610 in
3371 558 3607 625 quodam
3645 558 3667 586 ⁸
3704 556 3826 611 loco

2229 645 2323 713 qui
2375 645 2633 700 Buocholt
2663 645 2683 675 ³
2734 655 2980 706 vocatur,
3037 662 3174 700 vana
3217 662 3313 716 spe
3354 646 3504 701 ducti
3557 650 3827 702 resistere

2231 743 2582 804 temptarent,
2631 735 2773 806 pulsi
2827 735 3105 806 fugatique
3138 738 3158 766 δ
3185 744 3330 791 sunt.
3363 737 3429 790 Et
3451 738 3471 766 '
3497 752 3596 792 rex
3630 737 3825 791 West—

2230 823 2496 880 falaorum
2522 828 2798 898 regionem
2827 827 3102 897 ingressus
3135 869 3148 892 ,
3185 844 3374 883 omnes
3423 843 3519 884 eos
3570 828 3634 884 in
3673 829 3825 890 dedi-

2231 923 2433 978 tionem
2461 927 2691 994 accepit.
2718 926 2846 981 Inde
2872 928 2939 982 ad
2990 927 3268 982 Wisuram
3311 927 3556 992 veniens,
3622 930 3826 983 castris

2230 1016 2422 1084 positis
2467 1017 2521 1070 in
2578 1017 2700 1071 loco
2760 1018 2976 1072 nomine
3022 1017 3285 1072 Midufulli
3343 1018 3362 1047 ⁸
3395 1058 3410 1082 ,
3471 1018 3682 1072 stativa
3727 1033 3826 1086 per

2227 1103 2438 1173 aliquot
2461 1106 2576 1160 dies
2597 1106 2804 1160 habuit.
2834 1106 2909 1160 lbi
2941 1106 3222 1175 Angrarii'
3257 1107 3313 1163 et
3340 1106 3565 1160 Ostfalai
3589 1106 3824 1160 venien-

2237 1204 2336 1259 tes,
2370 1203 2425 1248 et
2447 1197 2665 1250 obsides
2690 1197 2976 1261 dederunt,
3007 1205 3063 1250 et
3084 1204 3423 1250 sacramenta
3475 1197 3825 1248 iuraverunt.

2233 1284 2438 1351 Quibus
2485 1286 2741 1355 peractis,
2771 1302 2865 1340 rex
2908 1294 3060 1340 trans
3091 1287 3342 1340 Rhenum
3393 1284 3778 1340 \Vormaciam
3806 1284 3824 1313 '

2233 1375 2506 1430 civitatem
2539 1376 2592 1430 in
2621 1376 2848 1431 hiberna
2876 1375 2897 1408 ⁸
2925 1391 2984 1432 se
3009 1376 3231 1447 recepit.

2843 2097 3184 2153 DCCLXXX.

2304 2193 2454 2258 Inde,
2483 2208 2606 2247 cum
2649 2207 2882 2261 primum
2915 2192 3174 2260 temporis
3214 2191 3556 2261 oportunitas
3601 2192 3828 2247 adride-

2235 2300 2294 2339 re
2323 2285 2363 2316 ⁸ο
2388 2285 2499 2338 visa
2513 2291 2614 2346 est,
2633 2282 2828 2336 iterum
2847 2297 2970 2336 cum
2987 2297 3183 2352 magno
3199 2285 3440 2337 exercitu
3456 2283 3772 2337 Saxoniam
3790 2285 3827 2314 “

2232 2376 2509 2446 profectus
2532 2383 2634 2438 est,
2661 2374 3035 2444 transiensque
3055 2389 3154 2443 per
3175 2383 3416 2429 castrum
3440 2375 3483 2405 ⁸⁸
3507 2374 3826 2430 Aeresbur-

2233 2482 2380 2537 gum,
2414 2467 2480 2521 ad
2510 2464 2710 2520 fontem
2748 2464 2969 2534 Lippiae
3020 2465 3188 2530 venit,
3232 2464 3320 2519 ubi
3372 2472 3824 2529 castrametatus,

2233 2573 2331 2628 per
2355 2556 2559 2627 aliquot
2581 2557 2695 2611 dies
2721 2563 2962 2610 moratus
2982 2564 3082 2611 est.
3113 2556 3240 2610 Inde
3261 2557 3326 2609 ad
3345 2557 3617 2611 orientem
3669 2558 3827 2611 itine-

2236 2664 2294 2702 re
2315 2663 2600 2712 converso,
2641 2646 2704 2701 ad
2760 2647 3029 2702 Ovacrum
3063 2648 3104 2678 ⁸³
3159 2647 3380 2702 ﬂuvium
3421 2650 3689 2702 accessit.
3737 2649 3823 2704 Cui

2235 2755 2358 2794 cum
2381 2738 2453 2792 ibi
2481 2752 2669 2792 omnes
2702 2736 2746 2767 “’
2771 2737 3116 2792 orientalium
3160 2738 3394 2806 partium
3435 2737 3732 2803 Saxones,
3776 2751 3826 2792 ut

2237 2829 2492 2892 iusserat,
2517 2827 2906 2891 occurrissent,
2935 2827 3172 2881 maxima
3201 2843 3384 2882 eorum
3418 2827 3731 2883 multitudo
3777 2830 3822 2881 in

2235 2920 2354 2974 loco
2397 2919 2488 2987 qui
2539 2917 2758 2973 Orheim
2814 2919 2858 2948 ⁸⁵
2906 2917 3224 2986 appellatur,
3269 2919 3423 2972 solita
3465 2919 3824 2974 simulatione

2237 3014 2506 3083 baptizata
2534 3021 2637 3068 est.
2672 3013 2952 3069 Profectus
2983 3015 3106 3068 inde
3150 3017 3217 3070 ad
3247 3015 3475 3079 Albiam,
3506 3017 3825 3089 castrisque

2239 3104 2292 3158 in
2322 3120 2386 3158 eo
2409 3104 2550 3168 loco,
2573 3104 2664 3158 ubi
2687 3103 2795 3158 Ora
2824 3105 2867 3134 ⁸⁸
2915 3113 2970 3161 et
2997 3104 3152 3159 Albia
3179 3105 3474 3171 conﬂuunt,
3512 3109 3580 3162 ad
3607 3109 3822 3165 haben-

2237 3194 2302 3248 da
2334 3194 2529 3248 stativa
2554 3194 2870 3256 conlocatis,
2907 3203 3014 3248 tam
3044 3195 3110 3248 ad
3139 3211 3225 3250 res
3264 3196 3536 3250 Saxonum
3585 3201 3695 3267 qui
3749 3201 3819 3254 ci-

2237 3287 2492 3342 teriorem
2525 3287 2590 3351 ⁸⁷,
2645 3301 2808 3356 quam
2837 3294 2893 3339 et
2921 3285 3234 3341 Sclavorum
3265 3288 3306 3319 ⁸⁸
3362 3289 3454 3358 qui
3497 3289 3821 3346 ulteriorem

2236 3375 2472 3431 ﬂuminis
2510 3378 2682 3446 ripam
2717 3379 2977 3441 incolunt,
3027 3379 3405 3448 conponendas
3453 3394 3694 3450 Operam
3751 3385 3820 3436 in.

2234 3469 2439 3537 pendit.
2472 3468 2677 3534 Quibus
2733 3477 2857 3522 tunc
2906 3483 3006 3536 pro
3055 3477 3295 3537 tempore
3344 3469 3609 3524 ordinatis
3664 3483 3818 3542 atque

2237 3556 2532 3626 dispositis,
2558 3557 2612 3610 in
2646 3556 2932 3611 Franciam
2964 3572 3214 3611 reversus
3237 3565 3354 3621 est;
3394 3557 3643 3627 initoque
3692 3576 3818 3616 con-

2237 3649 2378 3713 silio,
2418 3650 2606 3704 orandi
2630 3665 2693 3704 ac
2723 3659 2845 3703 vota
2877 3649 3118 3704 solvendi
3151 3665 3316 3703 causa
3349 3649 3578 3704 Romam
3625 3654 3818 3706 statuit

2237 3742 2529 3812 proficisci,
2561 3743 2896 3812 sumptisque
2927 3757 3108 3796 secum
3135 3755 3304 3796 uxore
3351 3757 3414 3796 ac
3444 3742 3658 3806 liberis,
3711 3744 3819 3799 sine

2239 3849 2388 3887 mora
2414 3833 2466 3886 in
2493 3833 2702 3887 Italiam
2737 3831 3011 3902 profectus
3033 3842 3140 3897 est,
3166 3832 3568 3902 celebravitque
3580 3835 3816 3889 natalem

2238 3927 2451 3980 Domini
2481 3926 2670 3981 Ticeni
2699 3926 2764 3985 ⁸⁸.
2797 3934 2958 3995 atque
2988 3925 3061 3978 ibi
3084 3925 3128 3954 ⁸⁸
3166 3923 3438 3978 residuum
3466 3925 3672 3979 hiemis
3713 3942 3817 3979 ma-

2237 4019 2415 4072 nendo
2441 4017 2728 4088 complevit
2747 4019 2812 4069 ⁸⁸.

2631 4149 3022 4206 \‘ARIANTES
3058 4149 3456 4206 LECTIONES.

2614 4297 2668 4351 q.
2713 4281 2750 4333 1.
2784 4297 2838 4334 v.
2865 4280 3190 4351 c.7exercitu
3239 4279 3424 4351 desunt
3462 4278 3512 4333 9.
3593 4281 3612 4351 ⁸
3645 4280 3719 4351 in
3755 4294 3820 4333 eo

2235 4352 2285 4404 4.
2336 4351 2388 4405 5.
2435 4352 2486 4404 6.
2585 4349 2875 4405 ³“ι)υειιοιι
2922 4350 2973 4404 6.
3048 4351 3101 4403 9.
3204 4351 3225 4380 ⁸
3265 4349 3536 4405 fatzatioue
3593 4349 3640 4400 l.
3697 4349 3813 4401 fati-

2235 4423 2451 4491 gatique
2493 4420 2546 4491 5.
2661 4421 2682 4452 ⁵
2708 4421 2849 4474 deest
2897 4423 2976 4491 9._
3013 4420 3078 4491 h‘
3106 4417 3382 4473 medufhlli
3439 4417 3520 4491 9.7
3547 4417 3812 4491 nuti_ufulli

2237 4487 2310 4545 2.1.
2363 4487 2636 4547 inidufulli
2685 4492 2757 4544 al.
2792 4489 3067 4544 mcdufulli
3093 4491 3146 4542 7.
3275 4491 3294 4520 "
3322 4490 3528 4558 angarii
3556 4488 3609 4540 ‘2.
3643 4487 3702 4540 τ.
3727 4504 3810 4542 an-

2273 4564 2350 4616 cri
2377 4564 2428 4616 9.
2463 4562 2673 4637 ungarii
2712 4562 2764 4613 5.
2795 4632 2807 4637 _
2834 4563 2884 4637 _'
2916 4559 3084 4637 in_W_.
3111 4559 3258 4637 7..ad_
3277 4558 3376 4637 W._
3399 4561 3450 4614 9.
3531 4559 3576 4637 A’
3601 4560 3809 4637 c.__h1v-

2235 4579 2350 4685 EC“
2377 4579 2428 4616 υ.
2463 4579 2673 4630 ungaru
2712 4579 2764 4613 ι).
2862 4579 2884 4592 ’³
2916 4579 2968 4614 tn
3005 4579 3084 4612 V1.
3119 4579 3161 4612 l.
3189 4579 3254 4612 30
3284 4579 3363 4612 V'V'.
3399 4579 3450 4614 υ.
3556 4579 3574 4588 '
3601 4579 3650 4610 (Ξ-
3720 4579 3807 4637 οξ-

2259 4643 2520 4686 ιετηειιυιῐι
2547 4633 2600 4685 7.
2630 4633 2671 4662 ⁸ο
2700 4631 2942 4686 arridere
2971 4631 3024 4683 5.
3049 4629 3104 4682 4.
3141 4630 3194 4682 5.
3227 4628 3278 4682 6.
3311 4628 3501 4683 adesse
3529 4629 3584 4682 9.
3665 4627 3713 4658 ⁸⁸
3760 4645 3807 4680 ιιι

2238 4703 2514 4756 saxoniam
2539 4701 2589 4754 7.
2629 4702 2682 4757 9.
2762 4701 2804 4732 ⁸⁸
2863 4714 3042 4755 arcem
3097 4699 3149 4752 9.
3228 4699 3272 4729 ⁸³
3318 4697 3575 4752 obacrum
3628 4697 3688 4752 9.
3770 4697 3807 4728 ⁸⁸

2235 4771 2475 4825 omnium
2497 4770 2567 4824 5?
2597 4772 2650 4826 9.
2681 4787 2869 4826 omnes
2896 4769 3038 4823 deest
3063 4769 3114 4823 6.
3195 4768 3239 4799 ⁸⁵
3266 4768 3509 4823 borbeim
3535 4769 3587 4821 6.
3621 4768 3809 4822 9.ore-

2236 4841 2380 4894 heim
2405 4841 2479 4894 al.
2517 4843 2762 4896 borbeim
2791 4841 2842 4894 7.
2920 4840 2962 4870 ⁸⁸
2987 4841 3122 4893 hora
3155 4839 3206 4892 5.
3240 4839 3292 4892 5.
3362 4838 3412 4891 6.
3443 4839 3495 4892 9.
3575 4838 3614 4869 ⁸⁷
3666 4848 3809 4892 cete-

2235 4910 2434 4965 riorem
2472 4912 2518 4964 l.
2545 4912 2870 4966 exteriorem
2895 4910 2949 4964 9.
3030 4910 3070 4940 ⁸⁸
3102 4924 3263 4978 quam
3317 4909 3384 4962 ad
3407 4908 3722 4978 sclavorumr
3756 4909 3804 4960 7.

2235 4997 2396 5049 quam
2420 4996 2448 5034 a
2473 4983 2772 5038 sclavorum
2798 4981 2850 5033 4.
2879 4996 2933 5050 q.
2961 4989 3013 5035 et
3035 4977 3353 5050 sicavoruur
3374 4979 3440 5050 6.
3506 4977 3546 5009 ⁸³
3576 4977 3728 5032 licini
3755 4978 3812 5034 δι

2231 5047 2284 5105 ιῐ.
2316 5052 2368 5106 5.
2396 5053 2448 5105 6.
2469 5053 2522 5106 7.
2551 5053 2603 5108 9.
2681 5053 2724 5083 '°
2746 5047 2956 5105 deest].
3031 5051 3072 5081 ⁸⁸
3102 5049 3301 5105 mansit
3324 5047 3394 5102 3?
3417 5047 3469 5103 9.

2312 4283 2325 4312 ⁸
2364 4281 2506 4336 ineo
2543 4281 2579 4334 Ι.

2065 5343 2295 5400 NOTAE.

634 5445 658 5474 α
681 5431 919 5500 Bocholt,
953 5434 1019 5487 ad
1045 5431 1261 5487 ﬂuvium
1291 5432 1388 5498 Aa,
1414 5450 1443 5488 a
1473 5431 1838 5504 septentrione
1869 5431 1970 5487 loci
2008 5430 2131 5503 Lip—

560 5505 770 5576 pellam.

632 5575 658 5613 δ
688 5572 743 5644 In
769 5573 1140 5644 totoWiserte
1174 5590 1335 5628 cursu
1390 5573 1603 5629 nonnisi
1655 5571 1915 5627 Mul—beke
1961 5590 2128 5644 prope

563 5643 776 5699 Rinteln
806 5652 861 5696 et
888 5643 1057 5705 Polle,
1096 5644 1243 5712 regni
1288 5645 1663 5698 Hannoverani
1710 5643 1976 5709 castrum,
2029 5643 2128 5698 ali-

562 5728 719 5783 quam
756 5714 904 5783 vocis
935 5712 1202 5768 Medofulli
1230 5715 1631 5768 similitudinem
1657 5713 1914 5767 referunt.

635 5798 654 5828 e
686 5781 812 5851 Pagi
840 5781 1119 5857 Bardengo
1149 5785 1356 5852 incolae,
1381 5785 1469 5856 qui
1494 5799 1739 5857 magnam
1771 5783 2118 5840 ducatusLu~

2237 5431 2588 5504 neburgensis
2615 5440 2822 5500 partem
2851 5432 3334 5502 complectebatur;
3361 5433 3513 5486 vicus
3533 5429 3803 5500 ejusprin-

2237 5505 2424 5554 einalis
2447 5513 2557 5554 tum
2581 5502 2931 5554 Bardenwich
2961 5510 3103 5554 erat.

2237 5503 2428 5572 cipalis
2447 5513 2557 5557 tum
2581 5503 2931 5557 Bardenwich
2961 5510 3103 5556 erat.

2307 5575 2332 5612 ἀ
2357 5573 2411 5626 Id
2438 5582 2520 5627 est
2542 5572 2785 5626 Saxones
2811 5571 3179 5634 transalbiani,
3203 5569 3570 5634 Nordalbingi.

2311 5656 2333 5682 θ
2357 5643 2454 5724 Die
2497 5641 2680 5724 0I_ire_.:
2735 5641 3148 5724 nonprocul‘ab
3177 5642 3297 5724 eius
3329 5640 3632 5724 cumhAlbia
3678 5656 3779 5724 eoo

2236 5713 2525 5770 ﬂuentibus
2555 5712 2714 5768 hodie
2737 5711 2990 5783 oppidum
3021 5711 3399 5767 Wolmirstodt
3426 5712 3585 5767 situm
3614 5719 3715 5765 est.
