3960 6346
200 403 324 462 313

742 531 972 571 naues
1008 527 1316 570 EGlNliARDl.
1672 509 1702 536 θ

821 603 1184 660 ῡΟΕιΧΧΧΙ.

281 697 417 754 Inde
464 697 690 752 Romam
747 696 992 761 veniens,
1043 695 1334 751 honoriﬁce
1385 697 1452 751 ab
1512 693 1786 748 Hadriano

198 801 356 858 papa
389 794 670 855 susceptus
700 793 803 839 est.
845 785 862 815 ¹
910 784 977 838 Et
1015 799 1137 838 cum
1165 785 1240 838 ibi
1294 792 1538 838 sanctum
1588 782 1787 852 pascha

199 878 538 936 celebraret,
570 875 861 946 baptizavit
883 874 1024 928 idem
1050 873 1289 944 pontifex
1315 873 1481 929 ﬁlium
1504 872 1619 926 eius
1663 872 1788 941 Pip-

197 966 405 1036 pinum
435 966 480 1030 ‘,
515 965 771 1034 unxitque
801 979 923 1019 eum
958 963 978 995 ³
1002 964 1056 1020 in
1094 978 1296 1034 regem.
1349 963 1512 1018 Unxit
1539 963 1703 1016 etiam
1733 969 1788 1014 et

202 1056 590 1112 “ludewicum
635 1055 654 1086 ⁸
687 1055 906 1109 fratrem
965 1054 1101 1119 eius,
1153 1055 1348 1123 quibus
1385 1063 1440 1108 et
1473 1068 1726 1107 coronam
1765 1053 1786 1082 ⁵

201 1147 474 1216 inposuit.
506 1145 742 1214 Quorum
772 1147 964 1209 maior,
993 1145 1044 1198 id
1071 1154 1155 1200 est
1179 1145 1457 1215 Pippinus,
1490 1145 1542 1198 in
1577 1145 1786 1213 Lango-

201 1236 431 1298 bardia,
457 1236 632 1288 minor
659 1249 808 1298 vero,
833 1235 884 1288 id
927 1241 1011 1288 est
1052 1233 1393 1288 Hludewicus
1425 1233 1467 1298 ⁸,
1514 1234 1566 1287 in
1622 1233 1788 1301 Aqui-

204 1327 369 1380 tania
397 1341 490 1380 rex
521 1326 846 1380 constitutus
870 1334 972 1380 est.
995 1325 1142 1395 Rege
1169 1341 1299 1380 vero
1323 1326 1492 1379 Roma
1547 1325 1788 1395 digresso

202 1432 278 1470 ac
331 1415 685 1469 Mediolanum
736 1416 1006 1481 veniente,
1059 1415 1295 1470 Thomas
1345 1415 1583 1469 eiusdem
1637 1413 1786 1468 urbis

202 1508 654 1578 archiepiscopus
686 1509 705 1538 "
735 1508 1030 1576 baptizavit
1075 1507 1149 1561 ibi
1195 1506 1359 1559 ﬁliam
1405 1507 1521 1560 eius
1571 1505 1786 1558 nomine

203 1597 425 1651 Gislam
452 1598 493 1662 ⁸,
527 1607 581 1652 et
625 1597 690 1652 de
719 1611 878 1652 sacro
899 1595 1044 1650 fonte
1069 1595 1324 1664 suscepit.
1359 1593 1564 1660 Quibus
1598 1593 1781 1663 gestis,

204 1675 588 1742 in'Franciam
630 1703 881 1742 reversus
919 1695 1019 1742 est.
1060 1686 1170 1741 Sed
1206 1702 1327 1741 cum
1381 1687 1584 1740 Romae
1613 1692 1783 1750 esset,

205 1781 471 1834 convenit
493 1780 634 1833 inter
659 1781 832 1849 ipsum
872 1789 1033 1848 atque
1080 1778 1407 1835 Hadrianum
1448 1777 1779 1846 pontiﬁcem,

1274 405 1416 462 CUM
1455 401 2045 461 LAURISSENSIBUS
2082 400 2374 457 COLLATI

1809 518 1861 574 Α

3346 403 3448 456 M5

2338 524 2573 563 ANNALES
2609 525 3004 565 LAURISSENSES.

2477 597 2842 653 DCCLXXXI.

1956 690 2023 744 Et
2057 689 2420 758 supradictam
2447 689 2549 743 iter
2583 704 2844 759 peragens
2869 691 2909 754 ¹,
2938 691 3226 746 celebravit
3251 698 3448 762 pascha

1884 782 1939 837 in
1972 781 2160 835 Roma.
2193 782 2259 834 Et
2289 782 2359 835 ibi
2393 782 2692 851 baptizatus
2729 790 2812 836 est
2844 784 2865 813 ¹
2911 783 3136 837 domnus
3165 783 3447 854 Pippinus,

1888 872 2028 926 ﬁlius
2078 872 2436 940 supratitulati
2463 872 2483 902 ³
2513 873 2692 926 domui
2734 871 2914 926 Caroli
2953 874 3133 944 magni
3177 875 3354 944 regis,
3385 877 3453 932 ab

1884 962 2122 1017 Adriano
2148 977 2307 1031 papa,
2347 963 2439 1032 qui
2473 971 2526 1016 et
2555 963 2665 1030 ipse
2691 978 2815 1016 eum
2839 965 2860 994 δ
2889 964 2954 1018 de
2983 979 3138 1019 sacro
3162 963 3308 1020 fonte
3336 981 3453 1021 sus‘

1885 1053 2047 1123 cepit,
2073 1061 2129 1106 et
2171 1053 2277 1106 duo
2307 1051 2400 1106 ﬁlii
2428 1053 2722 1121 supradicti
2763 1053 2943 1108 domui
2985 1052 3160 1108 Caroli
3197 1056 3338 1122 regis
3367 1055 3451 1110 in-

1886 1144 2036 1198 uncti
2062 1144 2082 1175 ⁸
2110 1151 2237 1197 sunt
2265 1144 2332 1198 ad
2376 1159 2557 1214 regem
2596 1145 2616 1176 ⁸
2647 1161 2677 1198 a
2717 1147 3022 1215 supradicto
3057 1146 3346 1215 pontiﬁce;
3376 1148 3452 1203 hii

1885 1243 2011 1289 sunt
2049 1236 2276 1289 domnus
2300 1235 2556 1305 Pippinus
2592 1245 2648 1290 et
2681 1236 2909 1290 domnus
2951 1236 3291 1292 Hludowicus
3315 1239 3334 1270 '
3369 1253 3453 1292 re-

1885 1341 2014 1394 ges;
2053 1326 2281 1380 domnus
2301 1324 2556 1395 Pippinus
2584 1341 2680 1380 rex
2718 1327 2740 1359 ⁸
2781 1327 2832 1380 in
2862 1327 3096 1390 Italiam,
3133 1335 3188 1382 et
3219 1327 3452 1383 domnus

1885 1413 2227 1468 llludowlcus
2250 1428 2344 1467 rex
2371 1413 2424 1466 in
2448 1414 2789 1482 Aquitaniam
2812 1415 2855 1466 ’.
2891 1415 2959 1468 Et
2998 1416 3120 1470 inde
3148 1425 3454 1472 revertente

1884 1505 2078 1559 domno
2107 1503 2300 1559 Carolo
2340 1519 2494 1574 rege,
2523 1503 2834 1558 Mediolanis
2863 1505 3080 1559 civitate
3115 1506 3156 1538 ¹⁰
3185 1507 3450 1575 pervenit,

1883 1603 1939 1648 et
1960 1593 2034 1648 ibi
2063 1592 2335 1662 baptizata
2361 1600 2443 1646 est
2481 1592 2590 1646 ﬁlia
2625 1592 2741 1647 eius
2767 1594 2959 1648 domna
2987 1593 3169 1649 Gisola
3200 1596 3242 1626 ¹¹
3271 1597 3338 1650 ab
3365 1612 3451 1650 ar-

1884 1682 2222 1752 chiepiscopo
2247 1683 2464 1736 nomine
2487 1681 2693 1736 Tboma
2722 1684 2787 1748 ¹²,
2818 1684 2908 1752 qui
2945 1693 3001 1738 et
3023 1684 3136 1754 ipse
3161 1700 3280 1738 eam
3311 1701 3339 1738 a
3365 1701 3453 1740 sa-

1884 1787 1978 1828 cro
2003 1774 2324 1842 baptismate
2352 1775 2395 1805 ¹³
2425 1775 2672 1828 manibus
2702 1776 2936 1844 suscepit
2960 1776 3023 1828 ".
3047 1777 3113 1830 Et
3139 1779 3204 1830 ab
3230 1778 3352 1832 inde
3373 1791 3455 1832 re-

205 1880 274 1924 ut
299 1869 461 1924 simul
488 1869 688 1937 legatos
717 1870 991 1924 mitterent
1021 1870 1088 1923 ad
1125 1867 1457 1922 Tassilonem
1503 1866 1784 1920 Baioariae
1812 1849 1859 1906 B
1886 1878 2078 1916 versus
2118 1871 2201 1916 est
2237 1863 2291 1916 in
2341 1863 2647 1916 Franciam.
2696 1863 2762 1917 Et
2806 1872 2933 1918 tunc
2979 1865 3127 1920 missi
3176 1875 3304 1920 sunt
3345 1867 3453 1921 duo

205 1959 410 2013 ducem
453 1958 498 2023 ’,
535 1959 626 2028 qui
685 1973 808 2012 eum
853 1965 1254 2012 commonerent
1306 1957 1371 2010 de
1419 1962 1780 2018 sacramento,

204 2049 364 2124 quod
386 2048 611 2117 Pippino
642 2049 754 2118 regi
777 2055 832 2101 et
853 2047 978 2101 ﬁliis
1011 2048 1050 2078 ¹⁰
1078 2047 1195 2101 eius
1233 2061 1298 2102 ac
1323 2045 1548 2100 Francis
1573 2045 1784 2098 iurave-

205 2148 322 2206 rat,
353 2141 554 2194 scilicet
583 2148 641 2193 ut
664 2140 936 2194 subiectus
963 2146 1016 2191 et
1054 2137 1343 2192 oboediens
1365 2137 1444 2191 eis
1464 2151 1583 2191 esse
1618 2135 1781 2190 debe—

206 2239 318 2287 ret.
345 2219 390 2260 6“
418 2229 583 2283 Electi
606 2245 669 2282 ac
698 2228 889 2283 directi
923 2236 1050 2282 sunt
1076 2229 1128 2281 in
1161 2227 1300 2282 hanc
1352 2226 1671 2296 legationem
1714 2223 1782 2278 de

207 2329 375 2392 parte
399 2320 667 2390 pontiﬁcis
688 2319 1015 2375 Formonsus
1036 2321 1077 2350 ι’·
1094 2335 1155 2373 ac
1172 2319 1432 2372 Damasus
1457 2318 1498 2349 "
1520 2317 1777 2386 episcopi,

203 2413 358 2465 etde
383 2420 535 2479 parte
566 2411 706 2478 regis
733 2410 1008 2465 Richoll’us
1032 2411 1075 2441 ιδ
1110 2411 1367 2464 diaconus
1407 2419 1568 2477 atque
1615 2408 1783 2462 Eber-

204 2502 488 2557 hardus"
527 2503 782 2572 magister
833 2503 1229 2572 pincernarum.
1279 2500 1376 2555 Cui
1425 2515 1570 2562 cum,
1626 2505 1687 2552 ut
1737 2497 1781 2530 “

205 2595 350 2649 iussi
377 2603 551 2658 erant,
577 2609 696 2648 cum
723 2601 1018 2648 memorato
1049 2594 1088 2624 ¹⁷
1123 2594 1256 2648 duce
1280 2591 1483 2660 loquuti
1509 2598 1689 2644 essent
1712 2589 1776 2654 ¹⁸,

206 2685 267 2739 in
304 2692 514 2737 tantum
544 2699 638 2738 cor
657 2684 773 2738 eius
799 2683 1094 2739 emollitum
1125 2689 1229 2746 est,
1252 2689 1313 2735 ut
1339 2681 1562 2744 diceret,
1585 2694 1643 2732 se
1668 2673 1780 2732 sla-

205 2776 313 2830 tim
347 2775 480 2828 velle
499 2775 565 2830 ad
579 2774 732 2843 regis
759 2787 1048 2844 properare
1074 2771 1452 2842 praesentiam,
1471 2770 1514 2824 si
1531 2769 1633 2824 sibi
1650 2767 1783 2822 tales

207 2867 433 2922 obsides
457 2866 649 2919 dentur
671 2865 735 2928 ³³,
767 2863 866 2918 sub
886 2865 1080 2934 quibus
1099 2863 1164 2917 de
1214 2877 1311 2916 sua
1341 2860 1512 2916 salute
1534 2859 1783 2914 dubitare

203 2957 364 3013 nulla
384 2956 454 3010 sit
475 2955 790 3009 necessitas.
815 2953 1020 3020 Quibus
1063 2953 1225 3017 datis,
1276 2952 1391 3006 sine
1430 2949 1783 3005 cunetacione

205 3046 359 3114 apud
384 3045 744 3102 Wormaciam
769 3046 836 3100 ad
853 3045 1209 3115 regemvenit,
1227 3050 1622 3098 sacramentum
1639 3042 1783 3110 quod

207 3135 504 3192 iubebatur
536 3135 734 3190 iuravit
761 3135 826 3200 ",
859 3134 1076 3189 obsides
1094 3134 1376 3189 duodecim
1413 3132 1506 3202 qui
1548 3133 1780 3202 impera-

204 3225 418 3279 bantur
445 3225 558 3280 siue
584 3240 736 3280 mora
748 3226 911 3290 dedit,
933 3240 1064 3294 quos
1087 3223 1406 3279 Sindhertus
1434 3223 1501 3287 “,
1519 3223 1784 3292 Reginen—
1810 3223 1837 3292 ξ

208 3315 296 3370 sis
323 3315 602 3384 episcopus
615 3316 680 3369 de
701 3315 966 3380 Baioaria,
984 3316 1036 3368 in
1065 3314 1338 3369 Carisiaco
1354 3313 1420 3366 ad
1437 3321 1782 3381 conspectum

213 3406 370 3474 regis
391 3406 626 3460 adduxit.
659 3405 766 3462 Sed
803 3407 943 3461 idem
967 3408 1074 3462 dux
1094 3407 1308 3460 domum
1352 3419 1620 3468 reversus,
1675 3420 1783 3460 non

207 3492 311 3550 diu
341 3493 398 3547 in
425 3509 486 3550 ea
505 3509 662 3562 quam
686 3496 1005 3568 promiserat
1033 3493 1136 3548 ﬁde
1170 3493 1484 3562 permansit.
1515 3493 1629 3547 Rex
1687 3509 1784 3547 au-

209 3595 327 3640 tem
358 3585 410 3638 in
431 3587 615 3643 eadem
644 3586 768 3640 villa
795 3587 1022 3641 hiemem
1063 3585 1330 3639 transiens
1359 3585 1428 3648 “,
1449 3592 1502 3638 et
1549 3585 1782 3639 natalem

211 3678 435 3743 Domini
464 3686 517 3733 et
543 3679 739 3755 pascha
760 3679 945 3736 eodem
968 3677 1021 3732 in
1051 3677 1166 3732 loco
1195 3677 1241 3708 "
1267 3676 1558 3733 celebravit
1580 3676 1646 3730 “.

622 4573 1010 4630 VARIANTES
1043 4573 1438 4629 LECTIONES.

290 4673 306 4701 ³
339 4669 480 4722 deest
509 4666 560 4720 7.
657 4667 676 4696 ¹
704 4666 764 4719 Ρ.
795 4681 844 4720 e.
873 4667 909 4718 l'.
940 4665 990 4718 7.
1089 4665 1110 4696 ³
1148 4666 1284 4719 deest
1309 4666 1360 4718 5.
1393 4665 1445 4720 9.
1551 4664 1571 4695 ⁸
1599 4664 1786 4720 hludo-

211 4740 420 4795 wicum
476 4736 527 4788 7.
583 4735 932 4790 lovdewicum
963 4736 1015 4789 5.
1059 4735 1374 4791 ludewicum
1427 4734 1478 4788 4.
1534 4736 1586 4789 6.
1643 4735 1790 4790 ludo-

209 4806 487 4876 vicuntg9.
529 4807 601 4876 ita
628 4816 672 4858 et
708 4805 1089 4876 insequentibus
1113 4803 1221 4872 fere
1248 4814 1557 4876 constanter
1585 4873 1595 4876 Α
1645 4806 1665 4837 ⁵
1695 4820 1788 4860 co.

211 4893 356 4934 rona
409 4875 460 4928 1.
579 4875 680 4929 ‘id
727 4873 1192 4931 est'Hludewicus
1239 4875 1378 4929 deest
1445 4875 1497 4929 9.
1545 4873 1687 4930 idem
1720 4906 1788 4915 —

209 4949 369 5003 idem
407 4944 460 5014 5.
553 4945 573 4976 ’
601 4945 882 5014 episcopus
915 4945 967 5000 9.
996 5013 999 5014 ν
1064 4944 1085 4974 ⁸
1109 4943 1319 5014 gisilam
1346 4945 1397 4998 5.
1445 4943 1498 4997 6.
1585 4944 1606 4975 ⁹
1634 4946 1685 4998 (1.
1723 4945 1784 4998 Β.

211 5017 275 5073 5.
312 5017 369 5069 4.
399 5013 452 5067 6.
492 5014 543 5067 9.
619 5016 660 5045 ¹⁰
691 5013 785 5082 ﬁlii
821 5015 867 5067 1.
965 5013 1003 5043 ¹¹
1037 5022 1096 5066 ιιι
1119 5012 1411 5069 subiectus
1445 5014 1524 5068 eis
1566 5023 1789 5069 essetet

212 5085 482 5141 obediens
501 5085 553 5137 '5.
585 5091 643 5138 ut
667 5084 936 5137 subiectus
967 5091 1108 5137 esset
1133 5098 1196 5136 ac
1211 5083 1464 5138 obediens
1485 5085 1537 5136 9.
1560 5091 1620 5136 ut
1641 5084 1718 5137 eis
1737 5099 1782 5138 s.

211 5171 274 5212 e.
304 5170 371 5208 ac
403 5169 456 5207 ο.
479 5152 575 5212 Bq.
653 5155 694 5183 ¹³
721 5152 986 5206 formosus
1005 5152 1057 5205 5.
1083 5151 1133 5204 6.
1163 5152 1212 5204 7.
1240 5153 1292 5209 9.
1371 5153 1412 5182 ¹³
1435 5153 1705 5208 damasius
1731 5153 1783 5206 6.

217 5224 271 5303 1‘
359 5221 642 5303 .ricolpbus
664 5223 718 5277 3.
763 5291 775 5302 .
794 5221 838 5253 ¹⁸
866 5221 1198 5303 eburhardus
1224 5221 1277 5274 2.
1307 5221 1359 5274 '5.
1392 5222 1444 5274 4.
1476 5221 1789 5303 eberhartus

212 5296 278 5362 9.
358 5291 542 5346 “cum
586 5306 722 5363 quae
763 5291 892 5346 iussi
921 5291 971 5344 7.
1051 5291 1090 5321 ¹⁷
1117 5299 1535 5346 commemorato
1575 5293 1696 5345 duci
1733 5291 1784 5344 9.

216 5365 271 5397 ⁸⁸
299 5361 464 5416 locuti
489 5361 713 5415 fuissent
747 5361 801 5415 9.
876 5361 920 5392 ¹⁹
946 5361 1204 5414 darentur
1237 5358 1290 5412 5.
1329 5359 1379 5412 7.
1411 5361 1604 5414 dentur
1645 5361 1790 5414 obsi-

213 5436 322 5490 des
343 5431 412 5485 3?
438 5432 489 5486 9.
583 5431 627 5460 ³ο
665 5438 1063 5485 sacramentum
1109 5445 1163 5497 q.
1213 5430 1250 5482 i.
1295 5430 1492 5484 iuravit
1527 5430 1686 5484 deest.
1733 5431 1784 5482 1.

214 5505 271 5540 ³³
319 5500 636 5558 sindberdus
672 5501 721 5553 l.
765 5501 1067 5554 suidbertus
1094 5498 1188 5568 Bq.
1283 5500 1328 5530 ²²
1348 5501 1616 5554 transiens
1651 5499 1788 5552 idem

215 5589 288 5632 ac
308 5571 543 5625 codicum
571 5569 639 5621 5?
659 5569 712 5622 4.
745 5569 798 5623 5.
825 5569 876 5623 6.
905 5570 958 5622 7.
986 5569 1038 5623 9.
1069 5569 1392 5632 transigens.
1467 5570 1513 5600 ’³
1536 5585 1586 5624 e.
1609 5570 1646 5623 i.
1672 5569 1788 5623 loco

213 5643 366 5698 deest
390 5640 440 5693 7.
514 5638 559 5669 “
582 5638 889 5694 celebravit.
924 5638 1138 5693 Hisdem
1168 5638 1356 5692 diebus
1389 5638 1637 5694 defuncto
1661 5638 1790 5694 Gui-

216 5709 427 5768 cbardo
449 5709 640 5763 abbate
666 5708 908 5762 coenobii
939 5708 1107 5764 sancti
1131 5707 1406 5778 Germani,
1437 5708 1704 5767 Robertus
1734 5708 1788 5767 in

220 5780 485 5850 regimine
526 5778 865 5836 substituitur
888 5778 940 5836 7.

1885 1950 2038 2006 missi
2082 1952 2124 1982 “'
2160 1952 2226 2006 ab
2255 1952 2550 2020 apostolico
2585 1952 2892 2022 supradicto
2927 1953 3000 2017 ⁸⁸,
3047 1953 3120 2008 hii
3162 1963 3286 2008 sunt
3324 1955 3454 2010 For-

1883 2055 2108 2096 monsus
2135 2036 2257 2094 "et
2291 2042 2552 2095 Damasus
2582 2040 2626 2072 ¹⁸
2655 2041 2908 2111 episcopi,
2938 2042 3006 2095 ad
3040 2041 3373 2097 Tassilonem
3405 2044 3447 2075 ¹⁹

1884 2130 2072 2184 ducem
2103 2145 2210 2183 una
2236 2145 2357 2183 cum
2387 2129 2567 2184 missis
2587 2129 2766 2182 domui
2793 2128 2973 2183 Caroli
2999 2130 3140 2199 regis
3162 2131 3230 2195 ³ο,
3253 2131 3336 2184 his
3359 2146 3454 2184 no-

1883 2219 2148 2282 minibus,
2199 2217 2467 2272 Ricull‘um
2504 2219 2548 2249 ἰ
2589 2218 2868 2272 diaconent
2909 2225 2964 2272 et
3006 2218 3376 2272 Eborbardum
3404 2220 3448 2248 “

1881 2307 2142 2376 magister
2168 2307 2216 2340 ”
2242 2308 2642 2377 pincernarnm,
2672 2308 2740 2362 ad
2771 2310 3215 2363 commonendum
3238 2318 3292 2363 et
3327 2325 3456 2364 con-

1883 2396 2214 2461 testandum,
2240 2406 2300 2451 ut
2333 2397 2703 2452 reminisceret
2728 2399 2775 2429 ²¹⁵
2802 2399 3102 2470 priscorum
3143 2415 3454 2456 sacramen-

1885 2497 2062 2542 torum
2092 2501 2334 2552 suorum,
2356 2497 2416 2542 ut
2437 2489 2484 2519 ’⁸
2519 2503 2626 2541 non
2656 2488 2814 2542 aliter
2840 2489 3069 2554 faceret,
3099 2490 3204 2545 nisi
3233 2491 3373 2545 sicut
3407 2492 3454 2522 “

1883 2577 2228 2632 iureiurando
2274 2579 2379 2632 iam
2427 2578 2626 2631 dudum
2668 2578 2993 2648 promiserat
3040 2579 3109 2633 ad
3158 2588 3367 2648 partem
3409 2580 3452 2611 ’⁷

1883 2665 2062 2720 (10ωηί
2091 2667 2300 2737 Pippini
2344 2668 2488 2736 regis
2515 2676 2569 2720 et
2593 2667 2638 2698 ²⁸
2667 2667 2846 2721 domui
2877 2667 3051 2723 Caroli
3087 2670 3269 2738 magni
3316 2671 3456 2738 regis

1883 2756 1966 2810 vel
1990 2756 2034 2786 ²⁹
2060 2756 2415 2811 Francorum.
2449 2757 2519 2811 Et
2547 2766 2672 2812 tunc
2711 2759 2984 2813 consensit
3027 2759 3234 2814 Tassilo
3266 2762 3309 2792 ⁸ο
3343 2761 3453 2815 dux

1885 2846 2275 2912 Baioariorum,
2306 2858 2365 2900 ut
2390 2856 2632 2916 sumptos
2658 2849 2874 2903 obsides
2900 2864 2930 2903 a
2965 2849 3162 2904 domno
3190 2865 3313 2921 rege
3347 2851 3451 2906 Ca-

1884 2935 2020 3000 rolo,
2047 2945 2102 2989 et
2130 2944 2257 2990 tunc
2279 2936 2323 2966 ³¹
2353 2937 2562 2990 veniret
2588 2937 2635 2968 ³²
2664 2938 2730 2993 ad
2754 2939 2872 2992 eius
2894 2941 3292 3008 praesenciam;
3315 2943 3456 3010 quod

1882 3037 1937 3081 et
1965 3027 2192 3081 domnus
2215 3027 2490 3098 praefatus
2523 3043 2614 3083 rex
2650 3044 2757 3082 non
2794 3029 3010 3083 rennuit
3041 3030 3108 3082 ³³.
3141 3030 3208 3084 Et
3234 3033 3457 3086 coniun-

1883 3133 2014 3188 gens
2043 3133 2104 3171 se
2130 3119 2470 3186 supradictus
2493 3118 2600 3172 dux
2631 3121 2684 3173 in
2709 3121 3080 3188 praesenciam
3111 3123 3337 3190 piissimi
3367 3137 3456 3177 re-

1885 3209 1964 3278 gis
1988 3208 2054 3262 ad
2080 3207 2444 3263 Wormaciam
2471 3209 2518 3241 ³⁵
2549 3211 2842 3275 civitatem,
2883 3211 2954 3264 ibi
2983 3226 3249 3266 renovans
3278 3227 3456 3266 sacra-

1883 3308 2083 3365 menta,
2112 3307 2166 3352 et
2195 3299 2328 3353 dans
2367 3299 2650 3354 duodecim
2693 3301 2908 3354 obsides
2935 3301 3156 3365 electos,
3193 3309 3250 3355 ut
3278 3303 3456 3357 omnia

1883 3398 2226 3444 conservaret
2255 3391 2330 3454 ³³,
2360 3390 2612 3460 quicquid
2649 3390 2847 3445 domno
2875 3391 3098 3461 Pippino
3126 3394 3240 3463 regi
3267 3394 3314 3424 ³⁸
3334 3410 3457 3463 pro-

1883 3481 2108 3535 miserat
2136 3479 2501 3545 iureiurando,
2535 3481 2588 3534 in
2617 3495 2780 3535 causa
2827 3483 3120 3552 supradicti
3149 3485 3328 3538 domui
3355 3485 3457 3539 Ca-

1882 3570 1983 3624 roli
2013 3571 2154 3640 regis
2177 3570 2262 3623 vel
2290 3569 2524 3625 ﬁdelium
2569 3586 2826 3637 suorum;
2875 3573 2966 3641 qui
3012 3582 3065 3628 et
3095 3575 3196 3643 ipsi
3235 3575 3450 3632 obsides

1883 3661 2082 3729 recepti
2131 3668 2257 3714 sunt
2304 3660 2358 3713 in
2404 3660 2739 3715 Carisiacum
2784 3660 2906 3715 villa
2937 3663 2983 3693 ³⁷
3011 3664 3077 3717 de
3126 3680 3286 3718 manu
3327 3665 3450 3720 Sin-

1882 3756 2018 3811 berti
2051 3756 2098 3788 ³⁸
2122 3755 2379 3826 episcopi.
2418 3755 2524 3810 Sed
2553 3771 2658 3810 non
2693 3756 2782 3810 diu
2813 3756 3087 3825 praefatus
3112 3757 3219 3810 dux
3249 3757 3455 3812 Tassilo

1881 3847 2264 3916 promissiones
2287 3863 2422 3916 quas
2449 3847 2652 3902 fecerat
2675 3849 3036 3902 conservavit.
3072 3849 3138 3902 Et
3163 3849 3454 3904 celebravit

1883 3938 2190 4005 praedictus
2214 3938 2442 3991 domnus
2467 3938 2729 4006 gloriosus
2755 3954 2849 3991 rex
2883 3939 3118 3992 natalem
3149 3939 3358 3993 Domini
3399 3941 3454 3994 in

1883 4028 2241 4096 supradictam
2268 4027 2447 4081 villam
2478 4029 2521 4059 ³³
2548 4027 2877 4082 Carisiacum
2908 4029 2978 4094 ⁵ο,
2999 4038 3052 4082 et
3082 4029 3278 4098 pascha
3307 4030 3455 4084 simi-

1883 4117 2025 4174 liter.
2053 4120 2118 4173 Et
2145 4120 2426 4174 inmutavit
2449 4136 2506 4175 se
2529 4136 2783 4175 numerus
2809 4137 3072 4176 annorum
3100 4123 3153 4176 in

2241 4247 2658 4308 ~VARIANTES
2695 4251 3095 4310 LECTIONES.

1955 4387 1971 4417 ‘
1996 4385 2064 4438 Et
2093 4399 2184 4456 rex
2214 4383 2422 4456 carolus
2447 4399 2490 4438 s.
2522 4385 2558 4439 i.
2585 4401 2638 4456 p.
2662 4385 2718 4456 Δ1.
2752 4385 2802 4439 7.
2880 4386 2900 4416 ²
2922 4393 3005 4441 est
3029 4386 3166 4442 deest
3194 4384 3247 4440 2.
3324 4385 3344 4418 ³
3364 4404 3451 4442 su-

1886 4455 2111 4523 pradicti
2143 4455 2194 4507 1.
2224 4453 2276 4506 5.
2303 4454 2354 4506 6.
2386 4453 2435 4505 7.
2466 4453 2601 4508 etcf
2657 4453 2679 4486 ‘
2707 4471 2828 4510 eum
2851 4456 2990 4510 deest
3018 4457 3070 4509 2.
3170 4455 3190 4486 ⁵
3218 4458 3360 4510 uncti
3395 4459 3445 4512 1.

1811 4529 1865 4587 Ι)
1891 4523 1911 4554 ⁸
1929 4525 1981 4578 in
1999 4539 2179 4594 regem
2202 4523 2256 4577 5.
2282 4523 2336 4576 in
2365 4525 2581 4593 regesl.
2601 4525 2653 4578 7.
2727 4527 2745 4555 ⁷
2769 4525 3159 4579 hlodovvicusG.
3176 4525 3451 4581 lodouicus

1893 4595 1942 4664 1.
2018 4594 2039 4625 ⁸
2071 4609 2164 4646 rex
2189 4609 2350 4664 usque
2370 4609 2463 4664 rex
2491 4594 2631 4648 deest
2665 4595 2714 4647 1.
2736 4662 2761 4664 η
2789 4594 2809 4624 ⁹
2852 4595 3083 4649 hludow.
3115 4595 3166 4648 in
3198 4597 3366 4662 aquit.
3391 4595 3446 4649 2.

1889 4663 2215 4718 hlodowicus
2243 4662 2336 4716 rex
2365 4663 2418 4716 in
2449 4663 2716 4732 equitania
2733 4662 2784 4715 7.
2865 4665 2905 4694 ¹⁰
2937 4665 3292 4717 mediolanum
3315 4665 3449 4718 civi-

1881 4741 2053 4804 tatem
2082 4735 2131 4786 1.
2208 4733 2248 4804 ¹Ᾱ¹
2274 4732 2525 4804 gistolal.
2559 4733 2725 4804 gisola
2755 4732 2805 4804 7.
2885 4734 3126 4804 “idioma
3165 4733 3212 4804 ’1.
3293 4733 3334 4804 Ψ
3365 4749 3450 4789 εει·

1887 4818 1982 4857 cro
2025 4802 2173 4857 fonte
2207 4802 2258 4856 6.
2281 4801 2348 4856 '7.
2384 4801 2649 4872 baptismo
2680 4803 2728 4855 1.
2774 4801 2826 4855 5.
2904 4803 2967 4872 νίδ
2999 4802 3144 4872 fonte
3170 4803 3364 4856 levavit
3390 4805 3443 4858 6.

1890 4873 1934 4903 ¹⁸
1962 4873 2112 4928 missi
2141 4873 2244 4927 duo
2275 4873 2323 4926 ’1.
2420 4871 2468 4902 1‘
2491 4873 2795 4941 supradicto
2822 4871 3023 4925 scilicet
3048 4871 3082 4926 Γ.
3122 4872 3166 4924 l.
3266 4875 3304 4902 ³⁷
3339 4873 3447 4928 for-

1887 4948 2068 5000 mosis
2093 4943 2142 4996 5.
2222 4943 2265 4974 ¹⁸
2282 4942 2574 4997 damansus
2598 4944 2650 4995 1.
2729 4941 2770 4970 ¹⁹
2791 4942 3137 4995 thassilonem
3162 4945 3211 4996 1.
3233 4943 3444 4998 tessilo-

1886 5029 2008 5067 nem
2023 5013 2074 5066 6.
2150 5011 2194 5042 '°
2208 5013 2347 5081 regis
2358 5012 2562 5067 scilicet
2576 5010 2829 5065 richolfus
2844 5011 3098 5065 diaconus
3121 5022 3174 5064 et
3190 5011 3446 5066 eberhar-

1889 5092 1975 5136 tus
2005 5096 2226 5135 munere
2250 5080 2589 5150 pincernario
2625 5082 2693 5150 i._
2746 5083 2790 5150 7‘"
2811 5080 3090 5150 fruculfum
3123 5081 3176 5135 6.
3253 5082 3297 5112 “
3321 5083 3445 5136 ebe-

1889 5153 2096 5221 raldmn
2121 5152 2172 5204 7.
2248 5148 2293 5181 δ’
2321 5152 2633 5221 magistrum
2665 5148 2782 5202 5.6.
2810 5149 2860 5201 7.
2881 5218 2893 5221 Α
2939 5149 2984 5221 εδ
3003 5151 3446 5221 reminisceretur

1886 5220 1938 5274 5.
2013 5221 2128 5274 "et
2157 5229 2337 5274 utnon
2366 5218 2498 5274 1.⁷5.
2526 5219 2651 5273 6.-7.
2671 5227 2774 5272 etc.
2850 5218 3010 5274 "nisi
3034 5229 3094 5274 ut
3114 5221 3162 5274 1.
3184 5219 3235 5273 6.
3313 5221 3356 5251 ’⁷
3376 5221 3444 5274 ad

1885 5298 2092 5358 partem
2117 5291 2254 5344 deest
2284 5290 2336 5343 5.
2411 5290 2454 5320 ’³
2477 5288 2658 5342 dmnni
2691 5287 2894 5358 pippini
2920 5289 3062 5357 regis
3086 5299 3141 5344 et
3194 5291 3333 5343 deest
3387 5287 3441 5344 6.

1887 5357 1930 5390 ⁵³
1961 5360 2043 5412 vel
2071 5360 2209 5413 deest
2237 5361 2284 5412 1.
2361 5359 2404 5389 ³ο
2432 5359 2583 5412 tesilo
2603 5358 2656 5410 6.
2732 5357 2773 5387 ’7‘
2805 5358 2985 5411 carolo
3011 5368 3138 5414 tunc
3167 5360 3218 5412 7.
3296 5359 3340 5389 ³⁸
3357 5375 3446 5412 ve-

1885 5429 1996 5484 niet
2023 5429 2076 5485 2.
2099 5431 2305 5484 veniret
2329 5428 2465 5481 deest
2495 5428 2547 5480 6.
2625 5427 2670 5457 ³³
2698 5428 2873 5482 renuit
2914 5429 2964 5482 1.
2994 5428 3045 5482 7.
3122 5428 3168 5460 ⁸³
3230 5445 3446 5481 vurina-

1887 5499 2018 5553 tiam
2042 5499 2092 5551 5.
2123 5499 2472 5551 vurmaticam
2500 5496 2551 5550 6.
2580 5498 2928 5552 warmaciam
2959 5499 3010 5551 7.
3089 5497 3135 5530 ³⁸
3161 5512 3446 5553 conserva-

1887 5586 1947 5623 re
1975 5570 2020 5621 1.
2043 5573 2437 5638 conseruarent
2456 5567 2510 5619 2.
2549 5567 2638 5638 ﬂ”
2689 5569 2915 5623 domnus
2952 5569 3201 5638 pippinus
3224 5581 3344 5638 ire}
3387 5565 3442 5638 2.

1889 5640 1933 5672 ³⁷
1961 5637 2220 5692 carisiaca
2264 5637 2390 5690 uilla
2421 5635 2468 5689 1.
2544 5636 2589 5668 ³⁸
2613 5638 2853 5692 simberti
2890 5633 3186 5693 ifsi'n'berti
3215 5637 3268 5689 2.
3303 5635 3357 5688 3.
3385 5633 3441 5688 5.

1888 5708 1938 5762 6.
1970 5707 2196 5778 ingberti
2218 5705 2269 5759 7.
2316 5705 2389 5778 A“
2411 5706 2589 5764 villam
2613 5709 2750 5763 deest
2776 5709 2832 5763 2.
2909 5708 2952 5740 ⁵ο
2985 5707 3289 5778 supradicta
3315 5704 3448 5761 civi-

1889 5786 1993 5836 late
2028 5776 2282 5833 carisiaca
2308 5776 2354 5833 1.
