3960 6346
116 264 242 319 417

688 393 922 434 Αιπίλιεε
954 393 1264 434 εοιΝηλιωι.

113 477 330 524 castra
357 479 513 525 erant
550 470 748 540 posita,
781 482 1161 540 pervenerunt.
1199 470 1257 524 In
1302 486 1408 540 quo
1450 471 1569 528 loco
1613 488 1739 528 cum

120 560 526 617 Theodericus
572 568 747 616 castra
796 563 1086 630 posuisset,
1134 562 1267 632 ipsi,
1317 565 1458 618 sicut
1499 579 1623 619 cum
1672 581 1738 620 co

115 661 479 706 convenerat
516 652 558 717 ι,
585 667 690 722 quo
723 650 934 707 facilius
983 661 1218 708 montem
1269 654 1557 709 circumire
1577 656 1596 685 ²
1621 670 1739 724 pos-

115 753 301 806 sent,
356 746 678 815 transgressi
720 745 1026 810 Wisuram,
1072 746 1126 799 in
1171 746 1287 816 ipsa
1331 745 1568 802 ﬂuminis
1620 749 1736 818 ripa

121 844 333 890 castra
369 845 683 906 posuerunt.
728 837 1031 908 Habitoque
1060 838 1204 893 inter
1229 854 1287 894 se
1314 838 1622 910 conloquio,
1645 856 1732 894 ve.

116 925 224 978 riti
279 933 415 980 sunt
453 940 521 980 ne
559 926 627 980 ad
667 927 687 958 ³
731 941 924 981 nomen
961 927 1277 982 Theoderici
1305 927 1563 983 victoriae
1592 926 1735 982 fama

119 1014 434 1079 transiret,
459 1015 503 1070 si
533 1031 654 1070 eum
685 1015 737 1070 in
773 1017 960 1071 eodem
992 1017 1197 1087 proelio
1225 1033 1408 1073 secum
1451 1019 1734 1074 haberent.

116 1102 264 1157 Ideo
315 1103 338 1135 ‘
375 1105 494 1160 sine
541 1107 632 1161 illo
664 1107 684 1138 ⁵
733 1122 856 1161 cum
905 1106 1210 1164 Saxonibus
1252 1109 1506 1180 congredi
1551 1110 1734 1164 decers

118 1206 304 1261 nunt,
336 1199 674 1268 sumptisque
718 1200 906 1264 armis,
956 1215 1063 1254 non
1107 1201 1262 1270 quasi
1312 1201 1380 1256 ad
1428 1201 1636 1256 hostem
1683 1201 1736 1255 in

118 1287 257 1342 acie
305 1296 566 1354 stantem,
597 1291 690 1345 sed
735 1291 889 1360 quasi
921 1291 988 1345 ad
1027 1290 1351 1360 fugientium
1395 1299 1543 1361 terga
1595 1291 1739 1346 inse-

118 1376 362 1444 quenda
406 1377 682 1446 spoliaque
735 1378 1034 1448 diripienda
1081 1378 1118 1442 ‘,
1170 1387 1331 1447 prout
1397 1393 1664 1448 quemque
1713 1377 1736 1411 ’

118 1467 407 1522 velocitas
451 1469 576 1538 equi
607 1469 688 1523 sui
727 1469 946 1534 tulerat,
975 1485 1082 1539 qua
1126 1469 1371 1525 Saxones
1413 1486 1512 1540 pro
1543 1469 1736 1524 castris

120 1558 184 1611 in
217 1558 346 1612 acie
374 1558 394 1589 "
422 1560 658 1624 stabant,
701 1560 1071 1629 unusquisque
1105 1575 1292 1614 eorum
1337 1575 1548 1614 summa
1589 1559 1739 1614 festi—

121 1650 365 1705 natione
387 1651 708 1706 contendit.”
725 1653 841 1719 Quo
863 1667 985 1705 cum
1005 1660 1150 1706 esset
1173 1651 1310 1706 male
1330 1652 1370 1682 ¹⁰
1393 1659 1729 1722 perventum,

120 1739 282 1794 male
313 1740 477 1794 etiam
511 1749 806 1812 pugnatum
841 1749 954 1808 est;
995 1758 1118 1797 nam
1147 1743 1436 1798 commisso
1463 1743 1504 1774 ’ί
1527 1743 1732 1813 proelio
1761 1726 1808 1784 Β

121 1828 498 1884 circumventi
516 1846 544 1882 a
562 1828 888 1896 Saxonibus,
902 1846 1073 1900 paene
1090 1847 1279 1888 omnes
1293 1831 1560 1888 interfecti
1582 1842 1712 1889 sunt

124 1920 240 1988 Qui
265 1928 455 1975 tamen
478 1921 706 1976 evadere
727 1930 1035 1991 potuerunt,
1061 1939 1167 1978 non
1194 1924 1248 1978 in
1271 1925 1535 1989 sua,undc
1553 1923 1734 1994 profe-

125 2012 212 2066 cti
249 2020 404 2073 sunt.
433 2011 539 2085 sed.
562 2012 615 2066 in
648 2012 961 2068 Theoderici
996 2023 1193 2079 castra,
1229 2030 1367 2084 quae
1401 2025 1552 2069 trans
1573 2031 1732 2070 mon-

126 2109 250 2154 tem
281 2109 462 2166 erant,
493 2099 741 2172 fugiendo
766 2113 1144 2173 pervenerunt.
1177 2103 1284 2158 Sed
1309 2106 1482 2160 maior
1510 2105 1734 2161 Francis

128 2204 307 2257 quam
339 2204 437 2258 pro
464 2205 689 2246 numero
717 2192 925 2246 iactura
955 2191 1078 2258 fuit,
1110 2194 1237 2263 quia
1272 2194 1574 2264 legatorum
1602 2195 1732 2261 duo,

128 2279 434 2350 Adalgisus
458 2289 514 2334 et
541 2279 711 2347 Geilo,
734 2285 990 2338 comitum
1023 2293 1280 2354 quattuor
1307 2287 1371 2351 “,
1398 2287 1734 2358 aliorumque

133 2368 422 2422 clarorum
447 2376 609 2439 atque
636 2372 892 2426 nobilium
924 2388 1094 2442 usque
1128 2375 1194 2428 ad
1221 2376 1410 2444 viginti
1440 2375 1731 2442 interfecti,

129 2467 365 2528 praeter
408 2467 677 2528 caeteros,
723 2463 814 2530 qui
855 2464 955 2518 hos
998 2466 1230 2535 sequuti,
1268 2467 1448 2535 potius
1493 2483 1615 2522 cum
1652 2468 1734 2523 eis

135 2551 331 2619 perire
377 2566 541 2621 quam
573 2563 695 2622 post
722 2569 816 2609 eos
860 2556 1040 2611 vivere
1070 2557 1394 2612 maluerunt.
1443 2557 1608 2613 Cuius
1653 2559 1730 2614 rei

130 2641 398 2695 nuntium
441 2658 562 2696 cum
606 2660 701 2699 rex
747 2646 1043 2715 accepisset
1070 2647 1132 2712 ¹³,
1163 2647 1297 2701 nihil
1343 2649 1448 2703 sibi
1477 2659 1732 2704 cunctan-

133 2732 266 2785 dum
321 2733 646 2801 arbitratus,
697 2735 921 2792 collecto
980 2737 1301 2793 festinanter
1348 2740 1618 2804 exercitu,
1674 2740 1729 2793 in

137 2820 439 2877 Saxoniam
477 2825 864 2893 proficiscitur,
894 2828 1186 2897 accitisque
1217 2829 1285 2884 ad
1317 2844 1374 2883 se
1399 2830 1606 2884 cunctis
1631 2828 1730 2883 Sa-

133 2927 346 2965 xonum
389 2913 739 2982 primoribus,
780 2916 846 2971 de
873 2919 1185 2972 auctoribus
1207 2918 1380 2974 factae
1411 2919 1730 2975 defectionis

133 3002 443 3071 inquisivit.
493 3005 558 3058 Et
608 3021 730 3060 cum
775 3022 966 3062 omnes
1011 3008 1394 3064 Widokindum
1423 3011 1467 3042 ιδ
1492 3011 1649 3066 huius
1683 3012 1728 3042 ¹⁵

133 3091 362 3147 sceleris
400 3105 675 3149 auctorem
719 3096 1139 3166 proclamarem,
1171 3116 1293 3153 cum
1325 3099 1366 3129 ¹⁶
1409 3108 1586 3154 tamen
1616 3109 1726 3154 tra-
1753 3070 1800 3131 δ

133 3182 266 3237 dere
295 3183 608 3252 nequirent,
633 3201 698 3240 eo
732 3187 877 3255 quod
901 3187 946 3240 is
970 3188 1010 3217 ¹⁷
1041 3203 1100 3242 re
1127 3196 1436 3259 perpetrata
1467 3190 1535 3244 ad
1559 3189 1729 3246 Nord-
1798 3190 1800 3193 ’

131 3290 372 3330 mannos
422 3291 478 3330 se
521 3277 842 3342 contulerat,
880 3287 1216 3333 caeterorum
1267 3280 1331 3346 ‘3,
1367 3281 1458 3350 qui
1499 3296 1726 3350 persua-

129 3368 284 3422 sioni
327 3367 441 3421 eius
469 3383 673 3422 morem
700 3378 948 3438 gerentes
994 3377 1201 3422 tantum
1247 3369 1458 3425 facinus
1500 3386 1724 3440 perege-

128 3467 265 3513 runt
292 3458 360 3522 ¹⁹,
401 3473 570 3527 usque
605 3460 672 3512 ad
701 3468 956 3528 quattuor
1004 3459 1149 3513 milia
1193 3460 1472 3531 quingenti
1517 3462 1740 3528 traditi,

125 3561 186 3606 et
207 3567 377 3621 super
396 3551 615 3606 Alaram
644 3552 686 3582 ³ο
712 3551 953 3618 fluvium,
979 3553 1032 3607 in
1075 3554 1192 3609 loco
1215 3555 1306 3623 qui
1331 3554 1491 3609 Ferdi
1512 3557 1552 3586 ²¹
1581 3570 1604 3596 α
1629 3572 1729 3611 vo-

129 3652 315 3708 catur,
344 3642 495 3696 iussu
533 3641 676 3713 regis
697 3657 885 3698 omnes
917 3660 1021 3697 una
1048 3645 1133 3698 die
1159 3645 1404 3700 decollati
1437 3654 1582 3701 sunt.
1615 3646 1725 3700 llu-

129 3735 372 3791 iusmodi
402 3734 639 3790 vindicta
665 3744 970 3805 perpetrata
1002 3739 1065 3800 “,
1097 3753 1191 3792 rex
1221 3738 1509 3794 Theodone
1532 3739 1656 3792 villa
1677 3740 1722 3770 "

129 3827 186 3880 in
211 3827 445 3880 hiberna
470 3826 756 3891 concessit,
788 3827 966 3896 ibique
991 3826 1035 3858 “
1057 3828 1291 3883 natalem
1319 3830 1551 3896 Domini,
1579 3830 1654 3884 ibi
1677 3829 1723 3860 ”

127 3908 186 3973 et
217 3916 429 3988 pascha
458 3931 608 3972 more
635 3917 796 3972 solito
817 3917 1128 3972 celebravit.

730 4009 1139 4067 DCCLXXXIII.

200 4099 505 4155 Adridente
534 4099 677 4155 veris
719 4101 1008 4170 temperie,
1046 4118 1170 4157 cum
1211 4103 1279 4158 ad
1324 4105 1718 4176 expeditionem

129 4191 468 4247 Saxonicam
523 4205 580 4245 se
624 4199 1000 4261 praeparassct
1038 4221 1106 4232 --
1140 4208 1266 4248 nam
1304 4196 1370 4249 de
1412 4199 1721 4253 omnimoda

127 4299 324 4339 eorum
357 4282 403 4312 ³⁸
440 4280 740 4337 defectione
787 4283 854 4336 ad
893 4297 1015 4336 eum
1046 4284 1090 4315 ’⁷
1132 4285 1396 4354 perlatum
1450 4287 1624 4342 fuerat
1650 4319 1722 4333 --

127 4375 455 4444 priusquam
498 4373 566 4428 de
603 4381 901 4428 memorata
929 4374 1053 4428 villa
1079 4385 1321 4432 moveret
1347 4377 1391 4407 "‘
1411 4419 1426 4442 ,
1456 4379 1720 4449 Hildigar-
1742 4413 1796 4473 D

131 4465 219 4518 dis
245 4464 291 4494 ¹⁹
321 4463 509 4534 regina
551 4478 691 4518 uxor
717 4463 833 4518 eius
858 4464 1090 4519 decessit
1115 4464 1168 4518 2.
1200 4466 1318 4520 Kal.
1346 4467 1530 4523 Maias.
1553 4468 1718 4525 Cuius

524 4571 915 4627 VARIANTES
952 4571 1354 4630 LECTIONES.

211 4665 226 4694 '
270 4673 642 4718 convenerant
693 4665 727 4718 5
761 4663 918 4717 -9.
1005 4665 1287 4720 ’circuire
1342 4668 1394 4721 5.
1443 4667 1498 4722 4.
1553 4668 1604 4723 7.
1660 4671 1712 4726 9.

132 4734 242 4788 ‘in
266 4733 319 4785 7.
424 4733 700 4803 ‘ideoque
747 4735 814 4789 3?
850 4734 901 4787 6.
949 4733 1004 4787 9.
1099 4736 1120 4766 ⁸
1177 4751 1242 4791 eo
1295 4737 1347 4791 5.
1413 4739 1464 4793 9.
1576 4741 1596 4771 °
1648 4740 1717 4795 ad

134 4803 436 4880 fugientem
477 4804 828 4880 contendunt.
859 4804 1040 4880 Terga
1071 4805 1278 4880 insequi
1332 4809 1608 4880 spoliaque
1636 4813 1718 4866 di-

133 4875 319 4946 ripere
349 4874 404 4946 9ἶ
477 4875 860 4946 ’_quemquam
891 4876 944 4929 9.
1021 4875 1042 4906 ⁸
1079 4877 1132 4929 in
1162 4874 1221 4930 af
1243 4893 1294 4946 p.
1321 4874 1377 4932 cI
1405 4882 1456 4934 9.
1523 4874 1561 4912 ’θ
1589 4886 1717 4937 ado-

133 4945 355 5020 riuntur
511 4944 714 5020 {deest
742 4945 798 5020 3.
826 4945 878 4998 9.
937 4946 1000 5020 _“
1030 4961 1152 5020 cum
1185 4944 1358 5020 misso
1389 4951 1433 5003 1.
1516 4953 1557 4982 ¹²
1589 4968 1719 5020 qua-

131 5023 260 5068 tuor
283 5013 446 5068 ‘2—9.
523 5014 566 5045 ³³
592 5015 916 5084 suscepisset
932 5015 984 5068 9.
1064 5015 1108 5047 ”
1128 5017 1477 5074 widikindum
1499 5023 1550 5076 5.
1660 5025 1712 5079 9.

132 5086 181 5115 ι’
227 5086 385 5137 cuius
429 5083 478 5137 1.
555 5085 599 5116 ⁸⁶
635 5083 806 5155 ipsum
835 5085 889 5139 5.
923 5085 977 5138 9.
1077 5087 1119 5118 ¹⁷
1177 5088 1261 5143 his
1309 5089 1344 5142 2
1371 5091 1511 5145 deest
1551 5094 1605 5146 5.
1660 5095 1713 5148 9.

131 5155 177 5187 ³⁸
209 5163 662 5226 caeterorumqiw
686 5157 736 5208 1.
817 5156 858 5187 ³⁸
882 5169 1138 5226 peregere
1165 5158 1216 5211 7.
1285 5159 1330 5190 ³⁰
1353 5161 1558 5216 alarum
1581 5163 1637 5216 2.
1661 5165 1714 5217 7.

128 5227 176 5258 ²¹
202 5225 380 5279 ferdia
501 5223 636 5296 {redi
665 5226 715 5279 7.
813 5227 858 5257 ²²
882 5223 1107 5296 patrata
1138 5228 1189 5282 6.
1225 5228 1277 5280 7.
1383 5232 1429 5262 ²³
1480 5233 1534 5286 in
1573 5235 1720 5288 theo-

126 5297 334 5372 donem
365 5293 547 5372 villam
598 5295 652 5372 Ζ.
700 5293 983 5372 theodonis
1013 5297 1192 5372 villam
1218 5370 1228 5372 _
1244 5300 1299 5372 9.
1358 5299 1423 5372 _“
1453 5302 1630 5372 ibique
1656 5312 1712 5358 ct

122 5367 180 5421 5.
227 5366 284 5421 9.
363 5364 567 5418 "deest
598 5366 650 5418 7.
703 5367 755 5422 9.
850 5368 896 5398 ²⁶
921 5368 1060 5420 deest
1087 5367 1139 5420 4.
1216 5368 1257 5400 ³⁷
1305 5370 1371 5424 ad
1413 5364 1713 5429 eum-deest

121 5439 180 5493 9.
270 5434 318 5468 ⁸³
351 5449 410 5490 se
439 5445 679 5492 moveret
705 5438 760 5494 9.
835 5437 880 5468 ”
911 5436 1214 5509 hiltigardis
1237 5439 1290 5494 5.
1320 5441 1645 5514 hildegardis
1659 5448 1710 5501 7.

1755 389 1805 446 A

1222 264 1366 319 CUM
1411 265 2003 324 LAURISSENSIBUS
2039 267 2350 326 COLLATI.

3302 277 3408 338 418

2297 399 2532 438 ANNALES
2569 402 2965 447 LAUMSSENSES.

2415 4004 2827 4064 DCCLXXXIII.

1892 4097 2043 4152 Tunc
2077 4097 2212 4153 obiit
2245 4096 2437 4153 domna
2467 4115 2526 4154 ac
2552 4100 2689 4155 bene
2721 4099 2918 4155 merita
2948 4098 3286 4173 lIildegardis
3316 4120 3404 4163 re-

1820 4189 1943 4259 gina
1973 4189 2144 4258 pridie
2175 4187 2294 4242 Kal.
2329 4188 2452 4243 Mai.
2483 4190 2521 4255 ί,
2561 4189 2703 4258 quod
2745 4190 2926 4245 evenit
2967 4191 3021 4244 in
3062 4192 3147 4246 die
3192 4201 3318 4248 tunc
3349 4196 3404 4250 in

1821 4290 2062 4351 tempore
2092 4282 2271 4352 vigilia
2300 4281 2327 4320 ι)
2369 4283 2702 4337 ascensionis
2736 4283 2969 4338 Domini.
3013 4285 3044 4319 ⁸*
3075 4284 3140 4339 Et
3176 4285 3407 4340 domnus

1821 4390 1919 4428 rex
1954 4373 2182 4428 Carolus
2211 4375 2315 4429 iter
2350 4374 2479 4428 fecit
2521 4377 2766 4444 partibus
2790 4376 2810 4406 ²
2839 4375 3128 4441 Saxoniae,
3169 4391 3233 4431 co
3261 4377 3408 4446 quod

1822 4463 2064 4518 Saxones
2099 4463 2297 4517 iterum
2337 4463 2564 4519 rebelles
2613 4464 2839 4521 fuissent
2875 4466 2920 4533 ³,
2963 4475 3014 4521 et
3055 4481 3177 4520 cum
3218 4467 3406 4535 paucis

1818 4555 2044 4611 Francis
2094 4555 2162 4610 ad
2206 4554 2524 4610 Theotmalli
2570 4555 2592 4586 ⁸
2645 4566 2668 4595 ο
2717 4557 2983 4626 pervenit.
3039 4556 3115 4611 ibi
3164 4555 3406 4612 Saxones

1819 4655 2280 4719 praeparaverunt
2332 4663 2508 4717 pugna
2541 4647 2560 4678 ⁸
2607 4647 2662 4702 in
2711 4663 2902 4717 campo
2927 4688 2941 4712 ,
2991 4647 3085 4716 qui
3119 4646 3139 4677 ⁸
3177 4637 3407 4701 viriliter

1821 4739 2050 4794 domnus
2074 4736 2298 4792 Carolus
2325 4753 2418 4792 rex
2450 4745 2505 4792 et
2542 4738 2735 4793 Franci
2761 4738 2918 4793 solito
2949 4752 3098 4792 more
3125 4753 3286 4808 super
3309 4755 3406 4795 eos

1822 4830 2098 4898 inruentes
2121 4828 2197 4901 [et
2213 4826 2454 4883 Saxones
2478 4837 2628 4900 terga
2655 4836 2929 4884 vertentes
2946 4827 3015 4899 '1,
3041 4835 3096 4883 et
3126 4827 3356 4886 Domino
3385 4830 3407 4862 ⁸

2215 4981 2608 5040 VARIANTES
2652 4981 3033 5040 LECTIONES

1897 5099 1914 5133 ι
1962 5098 2089 5152 maii
2114 5112 2253 5167 quae
2292 5105 2411 5151 erat
2440 5097 2622 5168 vigilia
2650 5097 2702 5168 _1_.
2777 5097 2922 5168 {per
2947 5107 3130 5168 partes
3163 5110 3238 5155 tta
3277 5119 3402 5156 con-

1824 5177 2043 5232 stanter,
2087 5164 2151 5222 ci:
2177 5169 2474 5220 coniectura
2503 5164 2555 5219 ni
2585 5166 2745 5235 fallor
2762 5164 2961 5222 Cduisii
2999 5171 3048 5223 1.
3127 5171 3147 5202 ³
3180 5174 3406 5228 rebella-

1826 5246 1949 5292 rent
1981 5239 2031 5291 1.
2119 5237 2141 5268 ⁸
2169 5237 2478 5291 tlieotwaldi
2528 5237 2578 5290 1.
2630 5237 2919 5292 theodmali
2960 5239 3010 5293 6.
3051 5243 3404 5298 theotmallim

1823 5308 1874 5383 7_.
1927 5308 2237 5383 tlieodmalli
2267 5308 2319 5362 9.
2415 5308 2436 5338 ⁸
2464 5321 2697 5375 pugnam
2731 5308 2780 5360 ~l.
2833 5309 2888 5362 5.
2935 5310 2987 5364 6.
3019 5312 3070 5364 7.
3169 5312 3323 5383 ξιιυο
3349 5315 3403 5369 7.

1824 5379 1962 5450 deest
2011 5381 2061 5432 1.
2177 5379 2282 5450 '_ct
2324 5391 2568 5450 _saanes
2631 5385 2778 5450 terga
2834 5390 3102 5439 vertentes
3148 5379 3288 5438 deest
3342 5384 3403 5439 Ω.

1824 5448 1846 5480 ⁸
1877 5457 2148 5504 vertentes
2193 5447 2411 5504 domino
2445 5447 2497 5500 7.

1657 5536 1886 5594 ΝΟΤᾺΕ.

201 5629 229 5655 ι
275 5611 496 5668 Verden.

203 5689 234 5769 ιξ
276 5685 465 5751 ltccte,
493 5687 616 5756 quia
649 5688 848 5758 pascha
881 5688 932 5743 in
966 5688 1106 5744 diem
1139 5689 1208 5744 23
1239 5689 1412 5746 Martii
1441 5693 1656 5751 cecidit.

1917 5710 1936 5735 ε
1982 5697 2238 5752 Dctntold.
