3960 6346
153 323 278 383 ιεδ

680 444 912 491 Ακκλιεε
942 446 1249 490 εςιηιιλιιῐη.

156 535 430 599 potestati
459 526 748 590 subiceret,
775 526 928 581 cuius
951 531 1115 594 caput
1142 524 1197 578 in
1224 522 1240 555 '
1284 530 1443 593 capto
1466 521 1746 578 Desiderio

158 633 334 689 rege,
394 617 760 685 maioremque
799 618 821 646 '
864 624 1073 685 partem
1123 614 1180 669 in
1223 612 1595 683 Langobardia
1638 614 1747 668 iam

157 712 397 764 subacta
428 708 663 763 tenebat.
708 706 819 761 Nec
843 706 934 760 diu
969 716 1210 760 moratus
1253 705 1303 771 ',
1334 704 1428 759 sed
1456 705 1749 759 contractis

155 799 429 855 celeriter
454 798 788 852 Francorum
836 795 859 827 ⁵
883 795 1073 865 copiis,
1119 795 1174 849 in
1204 794 1316 864 ipsa
1344 793 1594 849 hiemalis
1620 801 1750 848 tem-

155 890 324 961 poris
360 889 649 959 asperitate
673 886 882 942 Italiam
921 884 1243 957 ingreditur.
1278 883 1523 954 Cumque
1548 888 1602 938 in
1625 883 1751 938 Flo-

158 981 349 1037 rentia
399 979 698 1035 Tuscorum
726 977 944 1033 civitate
973 975 1208 1030 natalem
1246 975 1460 1031 Domini
1487 973 1753 1030 celebras-

157 1081 277 1136 set,
306 1077 514 1142 quanta
533 1069 708 1140 potuit
732 1068 754 1100 "
777 1067 1053 1123 celeritate
1095 1066 1323 1121 Romam
1345 1065 1425 1122 ire
1450 1064 1747 1120 contendit.

156 1162 289 1229 Quo
314 1175 441 1217 cum
465 1156 723 1222 venisset,
752 1173 819 1214 ac
844 1158 911 1214 de
937 1155 1271 1230 profectione
1304 1171 1402 1212 sua
1455 1156 1512 1210 in
1536 1155 1559 1187 ⁸
1586 1155 1754 1210 Bene»

155 1260 393 1308 ventum
421 1260 529 1305 tam
558 1266 684 1306 cum
705 1248 978 1305 Hadriano
1019 1248 1273 1318 pontiﬁce
1301 1262 1464 1317 quam
1490 1263 1611 1302 cum
1639 1246 1752 1302 suis

156 1343 528 1416 optimatibus
555 1341 924 1405 deliberasset,
960 1338 1220 1407 Aragisus
1268 1338 1313 1403 ",
1341 1339 1444 1393 dux
1475 1337 1751 1393 Beneven-

158 1447 458 1499 tanorum,
508 1433 693 1489 audito
728 1432 844 1486 eius
871 1432 1104 1485 adventu
1135 1437 1521 1499 compertaque
1549 1428 1603 1483 in
1627 1436 1754 1481 ter-

158 1543 289 1584 ram
317 1540 474 1581 suam
506 1523 741 1580 intrandi
767 1522 1065 1587 voluntate,
1095 1520 1431 1591 propositum
1454 1521 1570 1575 eius
1592 1534 1752 1573 aver-

160 1628 289 1675 tere
329 1626 557 1674 conatus
599 1624 700 1672 est.
748 1614 911 1671 Misso
967 1616 1113 1669 enim
1158 1613 1423 1670 Bumoldo
1473 1613 1519 1679 δ,
1550 1612 1753 1667 maiore

160 1712 282 1767 ﬁlio
320 1725 439 1775 suo,
471 1725 594 1766 cum
622 1709 935 1764 muneribus
971 1708 1042 1762 ad
1086 1722 1297 1778 regem,
1332 1721 1525 1775 rogare
1549 1707 1750 1776 coepit,

1196 313 1343 374 CUM
1378 303 1973 375 LA’URISSENSlBUS
2009 308 2320 370 COLLATI.
3111 299 3138 325 ³

1774 431 1827 492 Α

3316 310 3422 367 ιὲϐ

2310 440 2543 481 Μηλιεῖς
2578 440 2971 482 ιΑυιιιεεεκεεε.

1850 517 2052 572 reversi
2098 524 2244 572 sunt.
2293 517 2360 573 Et
2395 516 2707 587 capitaneos
2738 533 2924 573 eorum
2956 518 3023 572 ad
3059 517 3307 573 sinodnm
3336 532 3428 574 re-

1848 606 2262 676 praesentabant
2286 606 2594 675 Supradicto
2665 607 2863 663 domno
2906 622 3034 678 rege
3076 607 3093 639 ³
3132 607 3326 664 Carolo
3368 607 3426 666 in

1848 697 2235 753 Wormaciam.
2278 700 2299 730 ³
2351 698 2501 754 Tunc
2540 701 2768 757 domnus
2814 716 2910 771 rex
2953 699 3177 756 Carolus
3219 702 3427 772 perspi-

1849 789 1996 845 ciens
2018 789 2061 856 ³,
2097 805 2158 846 se
2184 805 2252 844 ex
2294 805 2455 847 omne
2482 798 2635 861 parte
2667 791 2780 847 Deo
2821 791 3083 862 largiente
3109 807 3296 863 pacem
3327 793 3443 866 ha-i

1848 879 2011 943 bere,
2059 882 2301 950 suscepit
2330 880 2352 913 ⁸
2378 881 2664 937 consilium
2703 882 2966 937 orationis
3003 883 3025 914 ⁸
3069 898 3265 938 causae
3299 882 3321 913 ⁸
3363 886 3434 943 ad

1848 969 2033 1024 limina
2059 970 2341 1026 beatorum
2368 971 2734 1042 apostolorum
2759 972 2865 1027 iter
2897 973 3187 1045 peragendi
3217 982 3273 1029 et
3300 990 3431 1048 cau~
3520 1000 3527 1003 λ

1851 1072 1941 1113 sas
1982 1057 2197 1114 Italicas
2227 1059 2578 1129 disponendi,
2622 1068 2679 1116 et
2715 1077 2839 1117 cum
2872 1063 3054 1119 missis
3092 1064 3433 1134 imperatoris

1850 1149 2108 1219 placitum
2132 1150 2151 1181 ⁷
2186 1149 2419 1206 habendi
2448 1151 2514 1207 de
2546 1153 2916 1208 convenentiis
2948 1154 2969 1185 "
2995 1170 3183 1209 eorum
3210 1172 3224 1222 ;
3288 1157 3433 1225 quod

1853 1242 1926 1296 ita
1954 1241 2156 1297 factum
2184 1250 2290 1297 est.
2328 1241 2478 1298 Tunc
2506 1244 2850 1314 supradictus
2896 1245 2917 1276 °
2951 1245 3182 1304 domnus
3210 1262 3304 1303 rex
3337 1263 3434 1303 na-

1853 1332 2014 1388 talem
2038 1333 2248 1405 Domini
2278 1333 2572 1390 celebravit
2598 1336 2653 1390 in
2681 1336 2952 1405 Florentia
2985 1338 3226 1398 civitate.
3258 1340 3326 1396 Et
3351 1340 3435 1396 in-

1853 1423 2082 1481 mutavit
2106 1438 2166 1480 se
2197 1438 2459 1479 numerus
2485 1440 2748 1482 annorum
2778 1427 2834 1482 in

2421 1515 2859 1572 DCCLXXXVII.

1925 1603 2077 1659 Tunc
2102 1604 2332 1660 domnus
2360 1604 2587 1662 Carolus
2628 1622 2723 1662 rex
2753 1610 3063 1678 supradicto
3111 1611 3308 1669 itinere
3333 1614 3447 1677 iter

1854 1708 2120 1765 peragens
2147 1696 2211 1748 '°.
2243 1698 2261 1715 '
2289 1694 2516 1751 Romam
2540 1697 2708 1764 venit,
2747 1706 2802 1753 et
2820 1699 2974 1755 valde
2995 1700 3290 1759 honoriﬁce
3312 1716 3439 1760 ante

159 1817 239 1858 ne
267 1811 473 1859 terram
504 1801 1006 1857 Beneventanorum
1052 1799 1299 1854 intraret.
1346 1797 1455 1853 Sed
1484 1798 1573 1854 ille
1596 1798 1750 1869 longe
1777 1787 1824 1846 Β
1852 1788 2048 1844 ἀθωηο
2076 1788 2117 1820 ¹¹
2148 1788 2443 1858 apostolico
2472 1787 2711 1846 Adriano
2753 1791 2794 1822 ⁸³
2826 1802 3075 1863 receptus
3100 1803 3219 1852 est:
3257 1805 3314 1852 et
3340 1797 3441 1852 ali-

160 1895 336 1951 aliter
381 1896 449 1951 de
474 1896 637 1951 rebus
684 1894 952 1950 inchoatis
994 1893 1300 1949 faciendum
1343 1894 1448 1950 sibi
1486 1895 1752 1961 iudicans,

159 1996 389 2044 retento
430 2003 615 2045 secum
663 1988 932 2043 Rumoldo
971 1987 992 2019 '
1017 2023 1033 2054 ,
1080 2003 1206 2042 cum
1251 1988 1399 2043 omni
1445 1989 1487 2021 ιθ
1515 1990 1755 2044 exercitu

160 2094 275 2137 suo
297 2079 539 2151 Capuam
560 2078 887 2149 Campaniae
917 2080 1191 2136 civitatem
1219 2080 1261 2112 “
1291 2081 1542 2147 accessit,
1574 2081 1757 2152 ibique

161 2171 375 2227 castris
403 2170 595 2241 positis
622 2170 871 2226 consedit
889 2171 953 2237 ι’,
976 2171 1100 2226 inde
1123 2171 1384 2226 "bellum
1412 2171 1664 2243 gesturu’s
1689 2173 1753 2239 ιδ,

163 2261 230 2317 ni
283 2268 621 2316 memoratus
676 2262 786 2317 dux
845 2261 1201 2317 intentionem
1252 2263 1297 2295 ¹⁸
1346 2263 1491 2333 regis
1553 2262 1756 2318 salubri

162 2355 401 2413 consilio
423 2355 808 2426 praevenisset.
838 2353 972 2409 Nam
997 2355 1181 2409 relicta
1198 2355 1505 2411 Benevento
1532 2355 1596 2421 “,
1619 2369 1758 2424 quae

163 2455 345 2518 caput
370 2447 515 2501 illius
555 2453 732 2501 terrae
773 2445 1036 2512 habetur,
1090 2446 1145 2500 in
1186 2445 1495 2512 Salernum,
1543 2447 1757 2501 mariti-

164 2553 322 2594 mam
354 2538 667 2603 civitatem,
715 2537 861 2592 velut
904 2536 1249 2593 munitiorem
1298 2538 1338 2569 "
1376 2552 1435 2593 se
1480 2553 1603 2593 cum
1646 2538 1760 2593 suis

165 2628 444 2694 contulit,
496 2628 771 2698 missaque
818 2627 1087 2699 legatione
1109 2666 1126 2694 ,
1173 2634 1432 2698 utrosque
1462 2626 1601 2683 ﬁlios
1633 2641 1760 2682 suos

167 2719 292 2791 regi
319 2718 539 2784 obtulit,
570 2719 915 2789 promittens,
960 2734 1019 2775 se
1060 2720 1129 2775 ad
1155 2720 1335 2775 omnia
1364 2735 1503 2789 quae
1528 2720 1761 2789 impera-

166 2819 370 2866 rentur
394 2810 626 2866 libenter
648 2811 1047 2866 oboediturum.
1077 2809 1243 2866 Cuius
1267 2812 1520 2882 precibus
1548 2827 1641 2865 rex
1672 2812 1762 2866 ad-

167 2915 375 2966 nuens,
417 2899 585 2955 divini
614 2900 776 2956 etiam
806 2901 1288 2971 timorisrespcctu
1315 2901 1454 2957 bello
1476 2903 1757 2969 abstinuit,

168 2999 233 3046 et
253 2991 470 3046 minore
494 2989 646 3045 ducis
676 2989 806 3057 filio,
837 2991 1054 3046 nomine
1078 2990 1357 3046 Grimoldo
1382 2991 1426 3023 ¹⁸
1444 3032 1460 3057 ,
1484 2991 1762 3049 obsidatus

169 3081 357 3152 gratia
385 3080 428 3112 ι’
457 3088 726 3152 suscepto,
774 3081 1035 3137 maiorem
1075 3082 1217 3153 patri
1257 3083 1489 3138 remisit.
1539 3085 1763 3156 Accepit

1852 1878 1994 1949 quod
2027 1879 2069 1910 ¹³
2095 1880 2213 1935 dies
2250 1879 2323 1934 ibi
2350 1889 2594 1936 moratus
2626 1890 2710 1936 est
2735 1897 2856 1937 cum
2897 1884 3094 1939 domno
3123 1887 3437 1956 apostolico.

1853 1971 1921 2025 Et
1948 1970 2200 2026 Harichis
2228 1970 2295 2038 ιδ,
2344 1971 2454 2026 dux
2475 1972 2905 2040 Beneventanus,
2945 1974 3094 2031 misit
3119 1975 3441 2033 Romaldum

1858 2064 1903 2095 “
1925 2061 2093 2117 filium
2122 2079 2277 2119 suum
2325 2078 2449 2118 cum
2477 2064 2690 2135 magnis
2719 2066 3050 2132 muneribus,
3090 2067 3364 2138 postolare
3397 2068 3442 2101 ¹⁶

1855 2156 1922 2211 de
1958 2155 2188 2210 adventu
2216 2154 2462 2210 iamdicti
2489 2155 2674 2211 domni
2703 2157 2846 2227 regis
2882 2157 2945 2221 "',
2975 2157 3111 2212 utin
3136 2156 3443 2214 Benevento

1858 2244 1902 2276 “
1929 2261 2035 2300 non
2063 2245 2342 2301 introisset
2379 2245 2444 2311 η,
2494 2254 2549 2300 et
2595 2262 2783 2302 omnes
2831 2247 3137 2305 voluntates
3180 2250 3445 2320 praedicti

1855 2336 2105 2396 “.domni
2135 2337 2278 2407 regis
2307 2337 2602 2408 adimplere
2640 2339 2928 2409 cupiebant
2963 2341 3029 2395 “.
3058 2339 3167 2415 Sed
3194 2342 3309 2417 hoc
3340 2341 3445 2397 mi-

1856 2427 2001 2483 nime
2028 2428 2354 2498 apostolicus
2379 2430 2636 2485 credebat
2675 2446 2849 2501 neque
2885 2430 3173 2505 obtimates
3201 2434 3247 2464 “
3276 2432 3447 2488 Fran-

1858 2532 2065 2584 corum,
2111 2526 2166 2573 et
2212 2519 2499 2574 consilium
2546 2519 2791 2593 fecerunt
2836 2537 2962 2577 cum
3000 2523 3448 2593 supranominato

1856 2613 2057 2670 domno
2086 2614 2279 2672 Carolo
2304 2629 2450 2686 rege,
2479 2623 2541 2670 ut
2562 2614 2809 2685 partibus
2834 2617 3227 2673 Beneventanis
3251 2632 3450 2675 causas

1860 2704 2124 2762 firmando
2149 2706 2493 2771 advenisset;
2536 2707 2682 2777 quod
2721 2707 2797 2762 ita
2839 2706 3041 2763 factum
3069 2715 3172 2764 est.
3217 2707 3285 2762 Et
3317 2708 3448 2763 dum

1859 2795 2099 2868 Capuam
2120 2798 2359 2854 venisset
2378 2798 2447 2863 ’³,
2480 2797 2796 2853 liarichisus
2816 2798 2862 2829 "
2888 2799 2996 2854 dux
3022 2798 3253 2870 reliquid
3277 2799 3323 2830 "
3343 2799 3449 2855 Be-

1861 2897 2153 2947 neventum
2180 2888 2457 2944 civitatem
2484 2888 2552 2955 ³⁸,
2584 2896 2641 2944 et
2681 2889 2736 2944 in
2779 2888 3063 2945 Salernum
3092 2903 3152 2944 se
3180 2889 3403 2946 reclusit
3429 2907 3445 2943 :

1862 2989 1918 3037 et
1957 2982 2152 3038 timore
2194 2982 2519 3052 perterritus
2552 2998 2661 3039 non
2707 2983 2809 3039 fuit
2846 2999 3021 3041 auxus
3058 2985 3102 3016 ³⁷
3129 2998 3229 3055 per
3256 2991 3451 3042 semet-

1864 3071 2041 3141 ipsum
2070 3071 2262 3127 faciem
2289 3072 2471 3127 domni
2498 3073 2642 3144 regis
2668 3072 2845 3129 Caroli
2869 3074 3072 3131 videre.
3099 3074 3204 3132 Sed
3228 3077 3451 3133 mittens

169 3172 404 3244 insuper
429 3187 461 3226 ε
484 3171 682 3244 populo
706 3172 923 3229 obsides
946 3175 1198 3230 undecim
1225 3176 1294 3243 ao,
1330 3177 1603 3249 misitque.
1620 3153 1766 3251 χρέα,
1793 3153 1836 3215 C
1868 3164 2084 3230 missos,
2111 3172 2167 3219 et
2192 3166 2381 3221 ambos
2407 3165 2547 3222 ﬁlios
2574 3181 2701 3222 suos
2722 3165 3026 3237 proferens,
3050 3168 3106 3224 id
3128 3177 3214 3225 est
3233 3168 3453 3226 Rumal-

170 3272 289 3330 tos,
328 3263 421 3334 qui
456 3271 512 3319 et
551 3264 728 3333 ipsum
752 3263 941 3320 ducem
977 3272 1033 3319 et
1073 3280 1292 3321 omnem
1329 3267 1764 3325 Beneventanum

169 3359 438 3431 populum
486 3374 586 3431 per
635 3367 973 3415 sacramenta
1031 3359 1316 3416 ﬁrmarent
1360 3363 1427 3414 “.
1472 3362 1592 3433 lpse
1643 3372 1768 3435 post

172 3454 323 3509 haec
365 3466 485 3506 cum
530 3450 723 3522 legatis
774 3450 1115 3507 Constantini
1161 3454 1206 3484 "
1250 3453 1625 3525 imperatoris,
1671 3458 1764 3527 qui

168 3548 403 3615 propter
430 3540 475 3573 “
502 3545 791 3613 petendam
811 3544 976 3602 ﬁliam
998 3561 1150 3602 suam
1171 3547 1239 3602 ad
1261 3563 1321 3604 se
1345 3549 1496 3605 missi
1528 3548 1762 3618 fuerant,

171 3636 399 3693 locutus
425 3643 539 3705 est,
578 3645 741 3709 atque
785 3640 892 3696 illis
927 3640 1165 3698 dimissis
1212 3642 1444 3699 Romam
1491 3660 1763 3713 reversus,

169 3736 437 3786 sanctum
472 3729 728 3800 paschale
769 3730 970 3788 festum
999 3730 1046 3765 “
1086 3747 1283 3803 magna
1329 3749 1454 3791 cum
1489 3735 1766 3794 hilaritate

171 3818 504 3878 celebravit.

752 3909 1189 3973 DCCLXXXVII.

253 4008 397 4064 Cum
418 4021 515 4063 rex
535 4005 582 4040 "
611 4007 788 4064 adhuc
816 4009 1021 4066 Romae
1047 4018 1233 4083 ageret
1278 4012 1343 4079 ’⁸,
1375 4013 1607 4079 Tassilo,
1655 4014 1765 4069 dux

172 4101 478 4157 Baioariae
540 4102 607 4169 ",
658 4102 810 4157 misit
845 4103 1050 4175 legatos
1078 4120 1226 4172 suos,
1268 4105 1476 4161 Arnum
1519 4107 1770 4162 videlicet

172 4194 505 4264 episcopum
532 4204 559 4235 ι
585 4200 643 4248 et
675 4192 976 4250 Hunricum
1007 4195 1051 4227 ’⁸
1082 4196 1334 4252 abbatem
1360 4199 1411 4263 δ,
1450 4200 1518 4254 ad
1542 4198 1769 4253 Hadria-

173 4297 321 4339 num
352 4297 567 4352 papam,
600 4292 788 4353 petens
813 4293 873 4339 ut
914 4285 1056 4341 inter
1100 4302 1284 4357 regem
1331 4300 1496 4359 atque
1524 4289 1569 4320 ¹⁰
1616 4290 1767 4346 illum

176 4374 466 4429 mediator
502 4375 652 4444 pacis
672 4374 789 4429 ﬁeri
829 4376 1163 4448 dignaretur.
1201 4378 1312 4435 Nec
1344 4380 1584 4451 pontifex
1639 4398 1767 4451 pret

177 4467 350 4523 cibus
394 4466 512 4521 eius
570 4468 784 4534 censuit
829 4468 1171 4525 abnuendum
1199 4506 1214 4536 ,
1265 4471 1359 4527 sed
1427 4482 1630 4543 quanta
1674 4489 1770 4546 po-

585 4557 975 4614 VARJANTES
1012 4560 1412 4618 LECTIONES.

266 4647 285 4679 ¹
313 4646 456 4719 deest
475 4646 558 4719 9.;
602 4648 623 4679 ²
653 4649 963 4719 maioreque
994 4651 1043 4705 1.
1131 4651 1151 4683 ³
1180 4660 1329 4709 ratus
1358 4654 1411 4709 2.

176 4718 462 4795 eorum}.
538 4716 707 4795 fcum
737 4716 977 4795 maxima
1005 4720 1076 4795 9Ἀ
1109 4733 1231 4777 cum
1262 4739 1315 4793 q.
1351 4738 1407 4795 p.
1433 4724 1486 4779 5.

177 4790 243 4843 ι.
277 4788 334 4842 5.
387 4786 440 4840 6.
538 4789 558 4819 "
602 4788 876 4889 aragissus
906 4790 957 4844 7.
1058 4791 1080 4823 ⁸
1109 4786 1384 4869 rumoaldo
1426 4796 1478 4851 9.
1524 4798 1771 4852 rumuldo

179 4859 222 4889 ’Χ
270 4856 501 4889 -ιιηΛΙΛΛ
550 4858 581 4889 '1
749 4860 1051 4889 ...ιηυιΙιΙηηι
1092 4862 1127 4889 α
1217 4864 1399 4889 ..-I:-.-:
1450 4867 1749 4889 _---____J----

178 4859 244 4913 5.
270 4856 501 4912 runoldo
550 4858 601 4910 7.
698 4856 722 4889 ‘
749 4860 1052 4916 rumoldum
1092 4862 1154 4927 2,
1216 4862 1400 4935 reliqui
1442 4867 1774 4937 quemadmo-

178 4929 324 4983 dum
379 4926 481 4997 litt.
522 4925 762 4997 praeced.
860 4930 901 4961 ²⁰
926 4930 1065 4985 deest
1098 4933 1152 4987 2.
1196 4934 1248 4987 7.
1334 4936 1375 4967 ¹¹
1409 4936 1548 4991 deest
1582 4938 1630 4991 1.
1665 4938 1770 4992 civ.

182 4996 528 5080 pamp._9.n'
551 4998 814 5080 “nibique
833 5015 882 5053 c.
904 5016 960 5070 p.
993 5004 1238 5059 consedit
1263 5003 1405 5080 deest
1434 5006 1487 5060 '5.
1515 5008 1569 5062 9.
1647 5007 1691 5038 ³⁸
1721 5016 1778 5080 et

180 5065 333 5147 inde
378 5065 434 5119 4.
587 5065 662 5147 ϐλ
721 5065 1212 5147 ’,ξδιθεξετεεευιύε
1282 5075 1335 5130 9.
1403 5091 1656 5147 gessurus
1722 5077 1776 5132 '5.

184 5137 241 5215 εξ
268 5137 605 5215 propositum
631 5135 695 5215 9._
766 5136 809 5168 ¹⁶
833 5135 1205 5215 beneventani:
1233 5147 1368 5200 urbe
1394 5135 1445 5200 ἵ.
1535 5148 1575 5179 ³⁷
1604 5148 1779 5203 munt-

182 5206 401 5263 tionein
426 5206 480 5261 2.
555 5208 596 5238 ⁸⁸
615 5206 922 5274 grimoaldo
944 5213 995 5267 9.
1054 5214 1096 5245 “
1124 5214 1325 5270 obsidis
1359 5216 1475 5271 loco
1502 5216 1554 5272 9.
1612 5218 1657 5249 ³³
1684 5217 1773 5272 Xl.

1513 4658 1535 4687 ⁵
1558 4640 1771 4711 cofran-

178 5277 417 5354 ςψείςιρε
443 5278 504 5354 7,,
593 5280 614 5310 ³
686 5277 1084 5354 obStringerent
1110 5284 1163 5340 9.
1259 5286 1678 5343 “constantan
1721 5288 1776 5342 2.

179 5348 241 5384 ³³
253 5346 328 5404 ad
342 5347 394 5403 9.
469 5348 514 5380 ”
542 5355 836 5415 pascha.5.
855 5346 926 5410 9.‘
978 5355 1024 5386 ³⁸
1046 5355 1223 5410 adhuc
1248 5372 1343 5411 rex
1363 5358 1418 5415 5.
1440 5358 1492 5412 4.
1510 5358 1563 5412 5.
1580 5358 1633 5412 6.
1653 5359 1704 5412 7.
1722 5359 1774 5413 9.

180 5434 308 5498 ξρι-
355 5418 499 5498 deest
540 5418 594 5475 9.
701 5425 758 5498 ξε
795 5426 1055 5498 esset}.
1114 5424 1187 5498 5.
1223 5427 1276 5498 9.
1338 5437 1681 5498 permaneret
1725 5429 1777 5484 6.

183 5491 238 5523 ’τ
290 5489 661 5546 baioariorum
696 5492 749 5548 5.
787 5495 840 5548 9.
904 5499 915 5510 ‘

349 5496 661 5571 iioarioruIn
696 5496 840 5571 5._9.
866 5499 915 5571 “
956 5496 1001 5528 ³⁸
1033 5496 1356 5555 hunrichum
1389 5501 1440 5556 9.
1480 5500 1780 5557 heinricum

178 5558 248 5615 4.
267 5559 576 5616 bainricum
600 5561 654 5617 5.
730 5564 842 5619 "et
860 5565 911 5622 9.

1796 4528 1849 4592 Ι)

1577 4727 1598 4757 ⁸
1630 4721 1769 4782 deest
1869 4766 1873 4770 -

1867 3253 1996 3310 dum
2025 3255 2072 3286 "'
2100 3269 2261 3325 quem
2283 3255 2511 3319 domnus
2534 3254 2761 3335 Carolus
2790 3272 2885 3315 rex
2913 3273 3097 3314 secum
3119 3259 3372 3325 habebat,
3395 3271 3455 3317 et

1867 3346 2235 3403 Grimoaldum
2267 3346 2312 3379 ”
2348 3362 2509 3418 quem
2551 3348 2892 3419 supradictus
2918 3346 3148 3421 Areghis
3185 3350 3231 3382 ⁸⁸
3267 3365 3452 3406 secum

1867 3436 2099 3493 habebat
2130 3436 2175 3469 “
2203 3455 2215 3491 :
2250 3443 2306 3492 et
2329 3432 2561 3493 oﬁ‘erens
2593 3428 2769 3493 multa
2797 3452 3023 3495 munera
3067 3448 3123 3494 et
3148 3439 3283 3499 alios
3308 3440 3454 3496 obsi-

1866 3526 1998 3594 des,
2056 3534 2117 3583 ut
2159 3527 2475 3597 petitionem
2502 3525 2546 3560 ³³
2576 3529 2693 3583 eius
2734 3528 3181 3599 obtemperasset.
3226 3529 3273 3561 ³³
3303 3528 3456 3586 Tunc

1867 3617 2097 3677 domnus
2131 3632 2196 3673 ac
2215 3616 2261 3649 “
2286 3617 2551 3690 gloriosus
2591 3634 2691 3674 rex
2717 3617 2943 3686 Carolps
2971 3619 3247 3692 perspexit
3274 3619 3322 3652 ³³
3345 3636 3453 3676 una

1938 3728 2270 3814 '_[_pera_gens
2323 3728 2723 3814 eclipsissolis
2775 3728 2822 3761 ³⁸
2875 3729 3016 3814 facta
3066 3737 3149 3784 est
3195 3731 3281 3814 15ἔ
3325 3730 3450 3814 ΔΚίιι.

1867 3800 2059 3857 Octob.
2091 3800 2159 3856 ab
2184 3803 2317 3854 hora
2354 3802 2457 3855 diei
2486 3800 2659 3870 prima
2682 3815 2746 3855 us
2785 3815 2852 3856 ue
2879 3802 2947 3856 ad
2968 3801 3159 3856 horam
3186 3802 3451 3872 quintam.

1867 3872 2095 3929 Romam
2120 3871 2269 3927 venit
2290 3878 2346 3926 et
2372 3871 2551 3935 valde,
2572 3880 2678 3925 etc.
2703 3815 2783 3935 63

2266 3976 2655 4035 V’ARIANTES
2692 3977 3092 4035 LECTlONES.

2169 4095 2219 4127 ι.
2264 4072 2317 4127 5.
2372 4073 2425 4126 7.
2550 4073 2871 4128 ’wormatia
2923 4074 2973 4128 1.
3030 4077 3350 4132 vurmatiam
3397 4078 3452 4133 5.

1869 4142 2211 4218 wormatiam
2261 4142 2326 4218 _6.
2354 4144 2752 4218 _vvar_matiam‘
2784 4145 2849 4218 7._
2947 4145 2980 4218 ᾗ
3010 4148 3343 4218 prespiciens
3396 4150 3453 4205 2.

1869 4216 2204 4285 prospiciens
2252 4214 2305 4268 6.
2354 4213 2406 4267 7-.
2504 4213 2781 4283 l’sumpsit
2830 4215 2880 4269 l.
2943 4213 3026 4271 5f
3057 4213 3216 4273 6C7.
3314 4220 3335 4251 ⁵
3363 4220 3458 4274 de-

1872 4284 2105 4358 votionis
2138 4300 2299 4358 causa
2352 4285 2402 4358 1.
2444 4284 2514 4358 ’7.
2636 4285 2657 4316 ⁸
2685 4300 2845 4358 causa
2891 4287 2944 4341 5.
3045 4290 3063 4320 ⁷
3089 4289 3345 4358 palatium
3399 4290 3453 4344 6.

1873 4355 1895 4387 ⁸
1923 4356 2410 4428 conveniendis].
2441 4355 2494 4409 5.
2527 4357 2873 4428 conveneciis
2910 4357 2962 4411 6.
3089 4355 3122 4389 ’⁸
3153 4360 3460 4428 suprascri-

1872 4435 1995 4495 ptus
2018 4426 2070 4500 5_.
2099 4426 2152 4480 6.
2184 4426 2236 4500 7.
2315 4426 2356 4500 ‘_°
2379 4427 2747 4500 supradictum
2772 4427 2875 4500 iter
2894 4429 2960 4500 Al.
2992 4428 3182 4484 itinere
3210 4426 3282 4484 ita
3305 4445 3460 4500 pera-

1874 4496 2084 4598 gens6.
2181 4496 2221 4527 “
2253 4505 2283 4548 a
2311 4496 2508 4551 domno
2556 4496 2653 4578 (1.)
2703 4497 2755 4551 5.
2805 4497 2857 4552 6.
2891 4498 2961 4581 7..
3041 4500 3082 4581 ξ’
3108 4496 3370 4555 hadriano
3399 4500 3452 4555 7.

1903 4566 1923 4598 ³
1954 4567 2150 4598 ηΙ-ηηηι
2186 4567 2205 4598 Ι
2273 4566 2303 4598 Κ
2367 4567 2398 4598 '.'
2500 4566 2541 4598 ι’.
2573 4567 2767 4598 “maluo
2802 4569 2822 4598 .I
2886 4570 3085 4598 ,ιε-..νιιιο
3114 4569 3142 4598 κ
3193 4569 3225 4598 ρ
3268 4571 3298 4598 0
3350 4572 3428 4598 ...εξ

1903 4566 1925 4639 ξ
1952 4567 2235 4639 aliquotl.
2255 4566 2345 4639 A51
2367 4567 2433 4639 ’ἶζ
2500 4566 2771 4639 ιὀίειιοίειιιε
2792 4569 2853 4639 Vl.
2884 4569 3089 4639 arighis
3111 4569 3164 4623 5.
3193 4569 3243 4624 6.
3267 4571 3319 4626 8.
3348 4572 3459 4626 ari-

1915 4637 2032 4709 is_7.
2064 4636 2373 4709 liaricliisB.
2404 4636 2461 4709 5.
2552 4638 2596 4669 ¹⁵
2635 4636 2934 4694 rumaltlum
2966 4636 3016 4692 7.
3114 4639 3155 4670 ¹⁶
3184 4640 3459 4709 postulare

2051 4709 2102 4761 6.
2139 4708 2189 4761 7.
2267 4708 2307 4738 "’
2352 4707 2495 4781 regis
2542 4723 2609 4763 ne
2639 4709 2997 4781 beneventum
3030 4706 3279 4781 intraret,
3329 4712 3458 4781 quia

1880 4778 2041 4831 vellet
2067 4793 2256 4850 omnes
2284 4777 2587 4850 voluntates
2613 4779 2755 4850 regis
2781 4779 3074 4850 adimplere
3096 4778 3147 4850 1.
3200 4780 3268 4850 πη
3296 4777 3459 4837 henc-

1879 4858 2111 4903 ventano
2132 4849 2185 4901 6.
2291 4848 2331 4878 ¹⁹
2360 4845 2610 4904 introiret
2634 4845 2700 4903 5:
2781 4849 2826 4879 ’°
2853 4845 3079 4917 praefati
3104 4849 3157 4904 5.
3185 4849 3236 4905 6.
3271 4851 3321 4905 7.
3410 4853 3455 4884 ²¹

1880 4918 2130 4992 cupiebat
2152 4918 2205 4971 5.
2251 4917 2309 4992 6.
2453 4919 2508 4992 _"
2537 4920 2821 4992 optimates
2850 4919 2913 4992 Δ1.
2957 4919 3008 4992 5.
3047 4920 3118 4992 7.
3161 4921 3221 4992 7“
3249 4936 3457 4992 caupua

1882 4987 2119 5062 uenisset
2153 4988 2398 5062 aregi'siis
2417 4990 2542 5062 dux
2574 4987 2817 5062 reliquid
2829 4987 2891 5062 _6.
2926 4988 3015 5062 __“
3042 4990 3241 5062 ariglus
3265 4992 3314 5045 1.
3344 4987 3459 5048 arc-

1878 5059 2065 5130 ghisus
2088 5059 2141 5113 5.
2174 5059 2225 5113 7.
2258 5058 2562 5130 liarichisus
2596 5058 2648 5112 2.
2670 5058 2721 5113 5.
2800 5058 2845 5089 ’⁸
2866 5058 3082 5130 reliquit
3108 5058 3158 5116 l'.
3197 5061 3247 5116 5.
3283 5063 3335 5121 7.
3413 5063 3458 5094 “

1876 5129 2305 5185 beneventanum
2342 5129 2447 5183 civ.
2480 5129 2534 5183 2.
2638 5130 2681 5160 ²⁷
2709 5143 2871 5183 ausus
2903 5129 2952 5182 1.
2978 5129 3029 5186 5.
3061 5131 3114 5185 6.
3162 5132 3214 5186 7.
3291 5133 3336 5164 ’⁸
3369 5148 3459 5187 1⁵11-

1880 5200 2118 5270 moldum
2150 5201 2199 5253 l.
2232 5199 2284 5254 8.
2316 5199 2617 5270 romaldum
2643 5198 2697 5270 6.
2769 5199 2815 5270 ’ἕ
2840 5199 3157 5270 grimaldum
3196 5202 3248 5257 5.
3283 5202 3334 5256 6.
3410 5203 3456 5235 ³ο

1878 5266 2080 5341 ariglus
2111 5270 2159 5323 l.
2188 5270 2404 5340 areghis
2428 5269 2564 5341 2.75.
2594 5268 2653 5341 6.
2677 5269 2729 5322 7.
2805 5266 3036 5341 ν’ρριιεε
3064 5288 3122 5327 se
3147 5272 3460 5329 continebat

1884 5340 1933 5394 l.
1963 5338 2146 5396 secum
2200 5338 2460 5393 retinebat
2493 5340 2545 5392 7.
2641 5338 2686 5369 ”
2716 5338 2959 5409 petitioni
2990 5346 3034 5396 Ι.
3076 5361 3127 5397 υ.
3157 5343 3211 5397 7.
3286 5342 3331 5373 ³³
3356 5343 3455 5397 ob-

1884 5411 2279 5483 tcmpera_ret_l.
2353 5409 2402 5483 ff
2431 5410 2649 5483 acdeest
2674 5409 2729 5464 2.
2761 5480 2790 5483 μ
2820 5412 2873 5483 "_
2892 5413 3166 5483 prospexit
3215 5415 3278 5483 l.
3304 5412 3357 5483 5.
3400 5413 3455 5483 7.

1870 5477 2251 5567 pres’pexit}.
2324 5477 2653 5567 eclipsis
2697 5477 3127 5567 solis‘flacta'est
3183 5481 3299 5539 XV.
3347 5480 3457 5539 kal.

1884 5549 2065 5608 δοιοὶ).
2091 5549 2281 5623 legitur
2309 5549 2467 5604 etiam
2495 5549 2549 5605 in
2578 5550 2713 5606 Ann.
2743 5550 2904 5607 Fuld.

1969 4074 1985 4104 ¹
2013 4073 2127 4144 regi

1717 5652 1950 5722 NOTAE.

267 5758 297 5788 II
336 5744 827 5817 Salisburgensem.

527 5840 798 5905 ΡΔτιιοι.
847 5843 997 5909 CIV.

1957 5755 1983 5798 b
2012 5752 2448 5811 Luntclactnsem
2477 5771 2568 5812 seu
2592 5756 3013 5814 llonseeensem.

2952 5846 3023 5907 1’s
