3960 6346
600 314 709 372 427

1041 437 1279 481 Ακκλιεε
1314 436 1707 478 ιλυκιδεεκεεε.

593 524 720 580 cum
746 517 1117 576 sacerdotibus
1136 514 1223 571 vel
1245 512 1442 570 ceteris
1470 510 1818 568 obtimatibus
1833 509 1964 573 suis,
1994 518 2173 562 utnon

596 624 741 670 terra
778 609 1048 666 deleretur
1095 605 1207 671 illa,
1237 612 1294 659 et
1345 601 1617 673 episcopia
1672 597 1757 655 vel
1807 594 2172 652 monasteria‘

591 721 702 761 non
754 703 1157 758 desertarentur
1181 698 1224 762 ’,
1267 694 1431 765 elegit
1491 689 1773 747 duodecim
1838 686 2076 751 obsides,
2116 692 2178 740 et

591 796 811 853 tertium
858 792 1128 847 decimum
1168 787 1211 853 ³,
1264 785 1432 840 filium
1466 780 1759 853 supradicti
1803 778 1958 834 ducis
2001 775 2024 808 ‘
2078 790 2178 831 no-

588 889 736 945 mine
799 882 1168 942 Grimoaldum
1208 880 1249 934 ⁸.
1291 879 1359 933 Ει
1401 885 1620 945 accepta
1660 888 1886 929 munera
1920 871 1974 938 ‘,
2026 871 2174 926 iura-

588 984 783 1035 verunt
832 988 1021 1032 omnes
1065 968 1466 1033 Beneventani,
1520 973 1632 1021 tam
1679 962 2021 1035 supradictus
2064 960 2173 1015 dux

586 1078 754 1144 “quam
793 1076 849 1124 et
872 1063 1171 1121 Rumaldus
1193 1061 1237 1114 ⁷.
1266 1059 1335 1114 Ει
1364 1070 1613 1113 reversus
1639 1061 1725 1111 est
1766 1052 2177 1144 saepenomina-

587 1141 676 1219 tus
700 1158 979 1233 piissimus
1002 1154 1025 1186 '
1073 1166 1189 1216 rex,
1213 1156 1269 1205 et
1287 1145 1581 1205 celebravit
1608 1144 1809 1215 pascha
1831 1156 1954 1197 cum
1977 1141 2176 1233 domno

588 1229 886 1325 apostolico
942 1246 997 1301 in
1054 1243 1246 1298 Roma.
1308 1240 1328 1261 ‘
1389 1237 1577 1307 Ibique
1634 1234 1915 1289 venientes
1971 1229 2172 1286 missi’

589 1342 858 1402 Tassiloni
900 1340 943 1373 ιθ
982 1337 1172 1401 ducis,
1233 1333 1311 1388 hii
1373 1339 1499 1387 sunt
1547 1329 1729 1383 Arnus
1771 1328 2055 1397 episcopus
2118 1332 2176 1380 et

587 1434 858 1491 Ilunricus
886 1430 926 1462 “
966 1429 1101 1484 abba
1140 1426 1190 1491 ιι,
1226 1432 1281 1479 et
1303 1422 1577 1493 petierunt
1621 1421 1664 1451 “
1700 1418 2083 1489 apostolicum,
2114 1424 2177 1471 ut

584 1539 774 1598 pacem
800 1520 1157 1578 terminarent
1184 1515 1229 1547 ¹³
1256 1514 1399 1570 inter
1418 1512 1676 1568 domuum
1706 1508 1957 1565 Carolum
1989 1522 2172 1578 regem

583 1626 641 1673 et
670 1613 1006 1671 Tassilonem
1053 1610 1263 1666 ducem.
1307 1605 1461 1662 Unde
1501 1611 1557 1658 et
1586 1603 1817 1658 domnus
1845 1601 2173 1672 apostolicus

584 1708 813 1766 multum
870 1721 931 1762 se
985 1704 1332 1773 interponens
1356 1740 1373 1766 ,
1434 1698 1756 1770 postolando
1811 1697 1855 1729 ιδ
1912 1697 2167 1753 iamdicto

1712 303 2086 363 EGINIIARDI
2124 300 2418 360 ABBATIS
2456 303 2779 361 ANNALES
3675 320 3744 378 Hs

2198 419 2250 479 Α

2771 431 3008 475 ΑΝΝΑιεε
3043 433 3343 475 ΞΩΙΝῙΙΛΙΨΙ.

2278 498 2416 560 ιιιίιἰ
2445 506 2696 561 instantia
2720 506 2861 576 apud
2883 521 3061 577 regem
3085 508 3407 565 intercedere
3427 514 3623 581 curavit,
3635 527 3681 574 ut
3691 520 3745 577 in-

2279 605 2361 651 ter
2390 611 2484 652 eos
2505 612 2607 666 pax
2635 606 2690 654 et
2715 598 3007 654 concordia
3039 612 3103 652 ex
3134 615 3263 655 suae
3296 603 3586 671 apostolicae
3619 620 3746 667 aucto-

2276 688 2452 744 ritatis
2467 690 2855 746 ammonitione
2882 698 3049 761 atque
3088 691 3469 748 interventioue
3494 702 3743 766 proveniret.

2274 776 2374 834 Cui
2389 794 2513 835 cum
2535 795 2632 835 rex
2662 779 2804 835 idem
2831 793 2890 835 se
2920 792 3246 852 magnopere
3270 781 3400 838 velle
3428 789 3744 859 respondisset,

2275 869 2542 941 simulque
2562 887 2591 924 a
2614 869 2807 941 legatis
2826 873 3107 926 memorati
3128 873 3280 928 ducis
3298 872 3589 944 inquireret,
3605 886 3747 948 quamt

2274 962 2435 1019 huius
2491 964 2796 1035 pacationis
2839 966 2861 997 ³
2929 965 3243 1024 firmitatem
3298 967 3468 1026 facere
3529 971 3746 1043 deberent,

2274 1055 2694 1126 responderunt,
2717 1055 2819 1111 sibi
2840 1056 2908 1112 de
2931 1056 3034 1112 bac
3056 1072 3116 1113 re
3146 1058 3281 1113 nihil
3309 1073 3426 1115 esse
3461 1062 3745 1133 commissum,

2274 1161 2376 1202 nec
2402 1160 2462 1201 se
2498 1146 2603 1202 hoc
2644 1147 2862 1218 negotio
2906 1146 3051 1203 aliud
3103 1148 3338 1206 facturos
3364 1150 3407 1215 ⁸,
3451 1167 3593 1221 quam
3617 1162 3662 1208 ut
3689 1171 3745 1210 re-

2275 1254 2470 1310 sponsa
2505 1241 2649 1313 regis
2689 1248 2852 1312 atque
2893 1241 3169 1312 pontilieis
3197 1242 3409 1299 domino
3453 1259 3540 1299 suo
3577 1256 3749 1315 reporta-

2275 1339 2415 1385 rent.
2445 1330 2683 1400 Quorum
2718 1332 2900 1388 verbis
2918 1348 3057 1403 papa
3083 1344 3405 1401 commotus,
3439 1335 3571 1391 velut
3598 1336 3749 1394 fallaces

2272 1436 2338 1477 ac
2366 1420 2736 1479 fraudulentos
2760 1424 3126 1479 anathematis
3143 1424 3321 1496 gladio
3336 1425 3515 1480 statuit
3534 1425 3747 1493 feriendus,

2271 1513 2317 1570 si
2344 1513 2413 1568 ab
2434 1513 2563 1569 olim
2595 1514 2708 1586 regi
2732 1515 3000 1584 promissa
3024 1515 3129 1572 ﬁde
3159 1517 3516 1583 discederent,
3543 1526 3670 1589 atque
3686 1521 3748 1587 ita,

2270 1602 2470 1683 infecto
2503 1603 2655 1674 pacis
2706 1605 2925 1676 negotio
2966 1607 3008 1672 ⁵,
3057 1606 3263 1663 reversi
3288 1616 3429 1663 sunt.
3472 1608 3573 1664 Rex
3608 1620 3748 1676 autem,

2273 1694 2513 1751 adoratis
2564 1704 2877 1751 sanctorum
2921 1697 3292 1767 apostolorum
3313 1698 3605 1755 “liminibus
3634 1700 3748 1755 votis-

583 1805 784 1859 domno
812 1815 937 1871 rege
974 1797 1040 1852 ¹⁸.
1092 1772 1157 1851 Et
1192 1794 1307 1865 ipse
1333 1792 1563 1848 domnus
1601 1807 1698 1846 rex
1726 1789 2004 1861 respondit
2043 1805 2172 1859 apo-
2197 1772 2246 1833 Β
2272 1804 2378 1858 que
2424 1789 2616 1845 solutis
2646 1791 2693 1856 ⁷,
2741 1790 3035 1861 apostolica
3065 1791 3437 1847 benedictione
3462 1799 3687 1863 percepta,
3714 1793 3749 1845 in

580 1891 794 1957 stolico,
821 1890 928 1945 hoc
968 1900 1028 1943 se
1050 1884 1285 1942 voluisse
1318 1890 1373 1938 et
1396 1896 1494 1952 per
1522 1880 1690 1935 multa
1733 1887 1975 1950 tempora
2004 1895 2170 1951 quae-

580 1983 738 2047 sisse,
778 1987 834 2035 et
866 1977 1089 2034 minime
1137 1973 1380 2029 invenire
1428 1971 1604 2051 pptuit
1650 1970 1719 2037 “,
1769 1979 1825 2025 et
1857 1969 2169 2041 proferebat

576 2075 766 2132 statim
807 2070 947 2127 ﬁeri.
998 2069 1066 2124 Et
1105 2065 1276 2122 voluit
1321 2063 1663 2134 suprallictus
1707 2063 1936 2118 domnus
1975 2078 2070 2117 rex
2110 2062 2166 2117 in

580 2163 887 2239 praesentia
912 2159 1097 2216 domui
1121 2156 1401 2227 apostolici
1430 2172 1553 2212 cum
1580 2155 1714 2226 ipsis
1752 2157 1936 2212 missis
1976 2171 2164 2227 pacem

580 2258 800 2313 ﬁrmare
825 2273 838 2309 :
872 2262 927 2309 et
956 2250 1346 2307 rennuentibus
1377 2249 1702 2319 supradictis
1731 2249 1912 2305 missis
1947 2249 2010 2315 ",
2039 2251 2165 2320 quia

580 2358 690 2407 non
718 2348 845 2404 auxi
869 2346 914 2379 ¹⁸
966 2344 1198 2401 fuissent
1238 2342 1307 2399 de
1333 2358 1521 2399 eorum
1564 2351 1722 2413 parte
1743 2343 1904 2397 ullam
1941 2343 2166 2398 ﬁrmita-

579 2449 690 2498 tem
738 2440 937 2496 facere.
984 2436 1326 2508 Apostolicus
1377 2450 1508 2491 vero
1534 2450 1664 2491 cum
1710 2436 2049 2505 cognovisset
2096 2436 2165 2492 de

578 2531 935 2589 instabilitate
966 2528 1008 2562 ¹⁹
1035 2529 1116 2584 vel
1143 2526 1423 2583 mendacia
1452 2526 1498 2559 "
1529 2540 1738 2595 eorum,
1774 2528 1956 2583 statim
1999 2543 2163 2598 supra

579 2625 773 2681 ducem
816 2623 864 2654 “
912 2635 1102 2678 eorum
1149 2618 1238 2674 vel
1292 2618 1407 2674 suis
1448 2618 1828 2674 consentaneis
1874 2618 2163 2674 anathema

576 2718 758 2788 posuit
798 2716 879 2781 “,
913 2714 961 2771 si
1003 2713 1118 2784 ipse
1153 2712 1201 2744 ’³
1236 2718 1611 2778 sacramenta,
1658 2725 1798 2781 quae
1838 2711 2164 2780 promiserat

577 2815 775 2869 domno
806 2809 1037 2881 Pippino
1073 2822 1199 2877 rege
1224 2804 1276 2837 ’⁸
1297 2812 1352 2860 et
1380 2804 1577 2859 domno
1600 2802 1795 2858 Carolo
1827 2802 2096 2874 itemquae
2115 2802 2164 2836 "

577 2913 705 2970 rege
734 2898 782 2930 ’⁸⁵
807 2912 919 2952 non
968 2894 1335 2965 adimplesset.
1371 2891 1439 2947 Et
1492 2892 1771 2947 obtestans
1825 2892 2164 2962 supradictos

578 2992 804 3055 missos,
848 2996 908 3043 ut
948 2991 1318 3042 contestarent
1364 2982 1731 3050 Tassilonem,
1776 2991 1835 3037 ut
1860 2994 1967 3039 non
2008 2983 2167 3040 aliter

578 3081 828 3145 fecisset,
878 3076 985 3133 nisi
1023 3076 1079 3132 in
1126 3070 1378 3130 omnibus
1413 3073 1708 3129 oboediens
1744 3070 1934 3128 fuisset
1965 3073 2163 3129 domno

578 3170 775 3228 Carolo
795 3184 922 3241 rege
942 3168 986 3200 "
1013 3174 1069 3223 et
1098 3164 1221 3221 ﬁliis
1247 3165 1365 3221 eius
1386 3180 1451 3220 ac
1477 3164 1624 3234 genti
1643 3164 1689 3196 ”
1717 3164 2072 3228 Francorum,
2103 3171 2164 3219 ut

577 3277 647 3318 ne
682 3261 821 3317 forte
848 3258 1130 3332 sanguinis
1151 3242 1344 3312 effusio
1366 3255 1413 3289 ¹⁹
1443 3256 1782 3328 provenisset
1805 3256 1850 3288 ³⁸
1883 3256 1970 3311 vel
1998 3256 2164 3313 laesio

649 3425 666 3440 '
687 3416 794 3542 Igit
810 3428 1059 3470 reversus
1082 3419 1167 3468 est
1180 3427 1277 3467 rex
1285 3410 1568 3534 (piissimus
1584 3409 1827 3477 Carolus,
1853 3421 1908 3465 et
1925 3409 2167 3467 celebra-

649 3499 659 3542 ι
735 3501 889 3541 omne
909 3484 1109 3542 nascha
1132 3496 1258 3537 cum
1322 3496 1483 3536 omno
1504 3481 1816 3542 apostolico.
1855 3482 2012 3542 Ecce.
2043 3491 2163 3537 orta

578 3487 659 3546 vit
687 3481 889 3542 Romae
909 3484 1258 3555 paschacum
1285 3481 1483 3536 domno
1504 3481 1816 3555 apostolico.
1855 3482 2012 3547 Ecce,
2043 3491 2163 3555 o_rta

578 3568 663 3614 est
682 3550 955 3613 contentio
971 3569 1065 3614 per
1079 3553 1193 3607 dies
1208 3550 1374 3605 festos
1385 3552 1619 3614 paschae
1638 3551 1779 3605 inter
1798 3560 2047 3607 cantores
2062 3551 2167 3607 Ro-

579 3641 866 3684 manorum
876 3634 931 3679 et
941 3619 1237 3680 Gallorum.
1254 3619 1582 3675 Dicebantse
1593 3619 1729 3676 Galli
1744 3622 1934 3677 melius
1946 3631 2165 3678 cantare

578 3709 636 3757 et
671 3695 951 3770 pulchrius
971 3709 1141 3770 quam
1171 3691 1420 3770 Romani.
1438 3690 1715 3770 _Diceban_t
1744 3707 1803 3747 se
1832 3692 2059 3770 Romani
2076 3694 2166 3770 do:

579 3760 820 3833 ctissime
840 3760 1139 3822 cantilenas
1152 3760 1547 3833 ecclesiasticas
1561 3760 1833 3833 proferre,
1859 3763 1998 3821 sicut
2018 3763 2164 3820 docti

579 3777 820 3827 ctissime
840 3777 1139 3822 cantilenas
1152 3777 1547 3818 ecclesrasucas
1608 3777 1833 3828 rorcrre,
1859 3777 1998 3821 sueuit
2018 3777 2164 3820 dOCll

578 3826 851 3896 fuerant'a
863 3832 1323 3904 sanctoGregorio
1349 3847 1516 3904 papa:
1546 3777 1728 3888 (gallos
1755 3839 2007 3903 corrupte
2035 3849 2165 3890 can-

565 3922 717 3976 ‘tare,
729 3907 1117 3976 etcantilenam
1135 3903 1322 3959 sanam
1339 3903 1666 3976 destruendo
1682 3904 1911 3976 dilacera
1921 3919 1996 3958 re.
2015 3904 2164 3972 Quae

579 3972 859 4036 contentio
908 3984 1033 4033 ante
1077 3975 1333 4046 domuum
1370 3987 1554 4046 regem
1595 3972 1847 4046 Catulum
1894 3976 2159 4046 pervenit.

582 4051 720 4108 Galli
735 4064 864 4104 vero
874 4055 1094 4119 propter
1104 4044 1452 4119 securitatem
1467 4044 1661 4119 domui
1667 4046 1806 4117 regis
1817 4045 1889 4119 Ca
1897 4044 1995 4100 roli
2008 4046 2164 4101 valde

581 4113 1310 4190 exprobrabant'cantoribus
1331 4113 1609 4190 Romanis.
1628 4113 1857 4170 Romani
1882 4130 2013 4190 vero
2040 4131 2165 4186 pro—

580 4184 703 4260 pter
729 4189 1104 4260 auctoritatem
1136 4200 1364 4260 magnae
1392 4184 1801 4260 doctrinae__eos
1826 4184 2161 4260 stultos,‘ru-

582 4252 747 4317 sticos
760 4267 815 4316 et
845 4258 1113 4322 indoctos,
1140 4252 1285 4311 velut
1307 4252 1467 4310 bruta
1496 4254 1768 4322 animalia,
1801 4253 2158 4321 aﬁirmabant,

992 4447 1367 4506 {ARIANTES
1403 4448 1800 4506 LECTIONES.

652 4585 668 4618 ¹
698 4581 1025 4640 monasteria
1063 4579 1437 4637 desolarentur
1650 4579 1670 4608 ²
1691 4587 1745 4634 et
1772 4579 1937 4680 episc.
1970 4579 2053 4635 vel
2079 4595 2152 4635 m.

671 4657 758 4680 Δ..-
813 4653 949 4680 .l---o
973 4653 1007 4680 ο
1129 4652 1151 4680 Ι
1177 4659 1225 4680 Α.
1266 4650 1636 4680 ιιι-Λιιοηιηπηη
1664 4650 1693 4680 ιιι
1866 4650 2029 4680 συξη...
2053 4651 2127 4680 οηὲ

580 4674 637 4712 n.
667 4657 779 4711 des.
809 4653 949 4708 deest
973 4653 1028 4707 Ξ.
1129 4652 1151 4684 ³
1176 4659 1230 4707 et
1265 4649 1639 4704 duodecimum
1661 4650 1712 4704 5.
1812 4649 1834 4680 ’⁸
1866 4650 2030 4704 lilium
2053 4651 2159 4706 sci-

581 4728 707 4781 licet
732 4742 788 4796 p.
819 4725 871 4778 d.
898 4725 949 4778 1.
1048 4722 1069 4754 ³
1093 4720 1412 4796 grimaldum
1446 4719 1499 4774 5.
1598 4720 1619 4751 α
1658 4720 1893 4788 acceptis
1922 4721 2158 4796 muneri-

583 4797 684 4851 bus
711 4790 836 4850 fecit
873 4796 1051 4848 iurare
1083 4790 1272 4847 omnes
1304 4790 1700 4845 beneventanos
1738 4805 1842 4843 una
1867 4805 1990 4845 cum
2024 4791 2159 4846 duce

583 4876 640 4921 et
664 4880 913 4919 reversus
940 4864 991 4918 1.
1085 4860 1106 4893 ⁷
1140 4860 1415 4917 romaldus
1441 4859 1508 4930 53
1525 4859 1578 4915 6.
1678 4860 1699 4891 ⁸
1718 4860 1991 4930 piissimus
2021 4860 2161 4930 deest

586 4936 641 4989 7.
717 4935 738 4966 ’
766 4935 890 4989 misi
921 4933 973 4987 5.
1053 4932 1094 4963 ¹⁰
1117 4931 1389 4986 tassilonis
1413 4931 1463 4984 1.
1496 4924 1549 4985 5.
1577 4930 1631 4985 6.
1671 4924 1735 4984 7:
1801 4931 1840 4961 “
1864 4929 2161 4985 hunriclius

588 5005 754 5061 abbas
780 5012 839 5057 ut
860 5010 1123 5073 ponerent
1144 5000 1494 5073 apostolicum
1524 5001 1611 5073 1.,
1651 5000 1693 5032 ¹²
1717 5001 1855 5073 abba
1890 5000 2162 5073 petierunt

584 5078 637 5130 7.
714 5068 1102 5127 “terminaret
1147 5068 1199 5125 l'.
1251 5071 1309 5125 5.·
1339 5069 1391 5125 6.
1429 5071 1481 5124 7.
1578 5070 1622 5101 ⁸⁸
1646 5068 1966 5140 postulando
2013 5068 2066 5140 6.
2104 5071 2156 5125 7.

624 5143 858 5200 recando
894 5142 946 5195 1.
1022 5142 1067 5173 ¹⁸
1100 5142 1212 5213 regi
1248 5142 1300 5195 7.
1330 5155 1509 5211 regem
1540 5140 1588 5194 1.
1648 5139 1711 5171 ³⁸
1739 5140 1979 5208 potuisse
2015 5139 2065 5193 1.
2104 5140 2156 5195 6.

625 5255 639 5269 .
734 5215 774 5245 ¹⁷
819 5211 1001 5266 missis
1045 5210 1271 5266 dicendo
1312 5213 1437 5281 quia
1474 5211 1525 5265 7.
1606 5208 1648 5240 ¹⁸
1684 5210 1800 5281 ausi
1835 5210 1906 5281 i:
1924 5209 1977 5265 5.
2012 5208 2074 5281 A6.
2105 5211 2156 5265 7.

587 5286 630 5317 ι’
658 5281 1062 5339 instabilitatem
1102 5279 1343 5337 mandatiw
1368 5283 1419 5335 l.
1495 5281 1540 5311 ὀ
1564 5279 1846 5335 mendacio
1876 5279 1928 5333 7.
2004 5279 2048 5312 ἰ
2072 5294 2163 5335 su-

582 5370 682 5427 pra
707 5354 1137 5427 dictumgducem
1185 5352 1261 5427 7._
1312 5353 1355 5383 “
1394 5350 1759 5427 supradictum
1800 5349 1994 5427 _d_u_cem
2020 5365 2161 5427 cura

572 5419 961 5482 “consentaneis
987 5423 1098 5478 suis
1121 5419 1467 5477 anathemate
1492 5419 1635 5473 feriit
1672 5420 1723 5472 1.
1799 5419 1844 5451 ²³
1871 5420 1985 5489 ipsa
2013 5421 2063 5475 1.
2104 5421 2158 5476 7.

570 5496 635 5528 ’⁸⁵
668 5496 780 5567 regi
829 5494 879 5548 l.
933 5494 985 5550 5.
1035 5493 1087 5548 6.
1138 5493 1191 5547 7.
1304 5491 1351 5521 ⁸⁸
1394 5490 1520 5572 item
1547 5490 1599 5543 7.
1712 5490 1757 5521 “
1782 5506 1908 5594 rege
1939 5491 1990 5545 1.
2024 5491 2155 5574 5.

586 5567 630 5594 ﬂ
659 5568 768 5594 -..ης
796 5576 816 5594 ι
876 5565 904 5594 βε
953 5566 985 5594 Ω
1036 5565 1067 5594 ’τ
1164 5562 1211 5594 28
1233 5569 1281 5594 Δί
1315 5568 1455 5594 ηηηίι
1486 5560 1515 5594 ‘1
1557 5559 1694 5594 Αοροο
1724 5560 1746 5594 Ι
1873 5561 1893 5593 ο
1920 5560 2155 5594 ηιιηΐηριη

586 5567 630 5643 τι
659 5559 769 5643 [θέε
791 5576 845 5643 1,
873 5565 925 5620 5,
953 5566 1005 5643 (ᾖ,
1036 5565 1116 5643 7,.
1164 5562 1211 5594 ’⁸
1232 5569 1287 5617 et
1314 5561 1456 5643 genti
1475 5559 1694 5643 ﬁdem
1724 5560 1774 5617 1.
1848 5559 1893 5594 ⁵³
1920 5560 2159 5633 profusio

586 5637 640 5691 1.
667 5632 747 5692 7.’
790 5636 833 5669 ⁸⁸
865 5637 1073 5692 veniret
1095 5635 1146 5689 l.
1183 5632 1491 5702 proveniret
1518 5632 1568 5686 7.

2269 1880 2556 1937 Franciam
2596 1897 2847 1938 reversus
2882 1891 2986 1938 est.
3018 1883 3087 1938 Et
3133 1898 3256 1939 cum
3278 1899 3491 1940 uxorem
3509 1900 3635 1940 suam
3666 1884 3750 1940 Fas-

2267 1972 2477 2026 tradam
2495 1970 2741 2041 filiosque
2772 1989 2836 2027 ac
2860 1971 2997 2035 ﬁlias
3016 1982 3071 2028 et
3095 1988 3315 2029 omnem
3328 1974 3626 2042 comitatum,
3642 1991 3748 2045 quem

2266 2062 2406 2132 apud
2431 2076 2526 2117 eos
2548 2062 2853 2128 dimiserat,
2891 2061 3240 2119 Wormaciae
3282 2064 3571 2129 invenisset,
3591 2080 3748 2135 genera.

2266 2151 2373 2206 lem
2395 2152 2578 2222 populi
2604 2153 2686 2208 sui
2715 2163 3038 2210 conventum
3062 2155 3140 2210 ibi
3166 2155 3365 2211 habere
3387 2157 3575 2212 statuit.
3592 2157 3639 2211 In
3655 2157 3747 2226 qno'

2264 2259 2391 2300 cum
2446 2246 2651 2312 omnia,
2678 2261 2819 2317 quae
2867 2247 2924 2303 in
2970 2248 3128 2304 Italia
3166 2258 3437 2321 gesserat,
3471 2266 3627 2306 coram
3654 2252 3749 2321 opti-

2220 2391 2232 2401 ,
2265 2338 2502 2394 matibus
2549 2339 2661 2395 suis
2689 2341 2960 2397 narrando
2998 2352 3491 2409 commemorasset,
3528 2353 3575 2400 et
3600 2344 3652 2400 ad
3683 2358 3743 2397 ex-

2265 2437 2500 2487 tremum
2528 2431 2594 2487 de
2619 2429 2813 2501 legatis
2840 2428 3162 2499 Tassilouis,
3198 2435 3291 2506 qui
3333 2437 3398 2491 ad
3428 2450 3483 2490 se
3510 2434 3668 2490 Romae
3690 2448 3747 2487 ve-

2265 2530 2483 2601 nerant,
2520 2523 2724 2578 mentio
2784 2521 3186 2588 facta‘fuisset,
3230 2526 3350 2581 iniit
3393 2525 3413 2557 ’
3454 2524 3683 2581 consilium
3710 2532 3747 2577 ut

2263 2616 2626 2686 experiretur,
2656 2616 2788 2687 quid
2811 2614 3024 2671 Tassilo
3062 2616 3132 2673 de
3162 2618 3427 2689 promissa
3455 2618 3545 2674 sibi
3568 2615 3747 2671 ﬁdelitate

2266 2710 2443 2763 iecere
2468 2708 2510 2739 “
2549 2707 2731 2774 vellet,
2777 2719 3217 2780 congregatoque
3262 2711 3459 2781 ingenti
3482 2708 3676 2765 exercitu
3701 2714 3747 2759 ate

2264 2815 2369 2870 que
2398 2798 2452 2853 in
2475 2806 2585 2854 tres
2607 2807 2760 2870 parte
2786 2800 2976 2866 diviso,
3006 2799 3371 2856 Baioariam“
3405 2810 3572 2871 petere
3606 2798 3745 2852 consti-

2267 2894 2386 2947 tuit.
2418 2892 2663 2964 Cumque
2688 2872 2977 2962 Pippinum
3006 2891 3179 2947 ﬁlium
3203 2908 3325 2949 cum
3346 2894 3535 2949 Italicis
3563 2888 3690 2961 copiis
3712 2890 3745 2941 in

2265 2981 2649 3037 Tredentinam
2677 2983 2722 3014 "
2750 2981 2943 3037 vallem
2982 2983 3175 3039 venire
3219 2983 3484 3048 iussisset,
3533 2978 3746 3038 orientales

2264 3088 2480 3144 quoque
2498 3073 2691 3129 Franci
2716 3089 2781 3129 ac
2810 3072 3076 3140 Saxones,
3108 3082 3174 3129 ut
3192 3076 3326 3131 iussi
3356 3074 3566 3137 fuerant,
3601 3070 3654 3126 ad
3679 3070 3745 3124 Da-

2264 3164 2486 3220 nubium
2525 3164 2579 3218 in
2646 3164 2766 3221 loco
2835 3164 2929 3234 qui
2996 3164 3254 3236 Pferinga
3306 3165 3347 3197 ¹³
3388 3173 3591 3221 vocatur
3626 3174 3746 3216 acces-

2263 3255 2484 3321 sissent,
2511 3256 2627 3325 ipsc
2677 3270 2801 3311 cum
2847 3257 3088 3312 exercitu
3151 3272 3315 3327 quem
3354 3273 3525 3313 secum
3556 3256 3744 3311 duxerat.

2263 3363 2424 3421 super
2473 3350 2710 3409 Lee-hum
2755 3351 2999 3418 fluvium,
3039 3353 3132 3424 qui
3186 3355 3505 3411 Alamannos
3541 3361 3588 3406 et
3619 3349 3745 3404 Baio:-

2264 3443 2374 3499 rios
2400 3444 2602 3498 dirimit
2632 3444 2696 3509 ⁸⁷⁵,
2725 3445 2779 3498 in
2811 3443 3087 3516 Augustae
3114 3445 3355 3502 civitatis
3375 3444 3646 3501 suburbano
3663 3454 3745 3496 con-

2263 3533 2423 3600 sedit,
2444 3535 2565 3591 inde
2584 3534 2889 3590 Baioariam
2925 3549 3052 3589 cum
3094 3544 3209 3591 tam
3243 3536 3417 3591 valida
3443 3549 3586 3589 manu
3616 3525 3745 3601 procul

2262 3625 2427 3682 dubio
2447 3626 2735 3696 petiturus,
2764 3627 2870 3682 nisi
2900 3626 3112 3684 Tassilo
3141 3631 3249 3686 sibi
3276 3646 3339 3687 ac
3382 3629 3562 3701 populo
3598 3639 3673 3683 suo
3700 3620 3744 3676 ad

2262 3732 2444 3790 regem
2466 3719 2733 3775 veniendo
2757 3719 3064 3776 consuleret
3098 3721 3165 3776 ’⁸.
3199 3722 3335 3779 Nam
3380 3722 3551 3779 videns
3570 3734 3619 3775 se
3640 3715 3745 3772 undi-

2263 3826 2368 3882 que
2393 3812 2833 3878 circumsessum,
2849 3812 2998 3866 venit
3019 3815 3271 3885 supplex,
3309 3832 3372 3872 ac
3393 3815 3582 3871 veniam
3598 3811 3650 3866 de
3665 3813 3746 3861 ante

2263 3902 2428 3973 gestis
2449 3903 2553 3957 sibi
2577 3901 2695 3957 dari
2729 3902 3045 3972 deprecatus
3094 3905 3137 3937 "
3165 3916 3269 3963 est.
3299 3905 3403 3963 Sed
3436 3913 3487 3960 et
3527 3916 3625 3966 res,
3656 3898 3747 3953 sicut

2263 4004 2379 4052 erat
2404 4004 2597 4050 natura
2623 3995 2966 4064 mitissimus,
3006 3998 3239 4068 supplici
3284 4015 3346 4056 ac
3393 3999 3658 4070 deprecanti
3689 4002 3747 4058 Ρθ⁴

2261 4086 2456 4156 percit,
2487 4088 2834 4159 acceptisque
2860 4089 2929 4143 ab
2969 4103 3035 4144 eo
3071 4098 3291 4158 praeter
3330 4088 3490 4144 ﬁlium
3513 4086 3612 4141 eius
3629 4080 3746 4136 Theo-

2261 4178 2455 4232 donem
2497 4178 2640 4243 aliis,
2664 4193 2803 4248 quos
2849 4179 2964 4250 ipse
3005 4180 3297 4251 imperavit
3326 4181 3389 4247 ⁸⁷,
3418 4175 3655 4237 duodecim
3684 4168 3746 4224 οι)-

2262 4266 2490 4339 sidibus,
2526 4277 2578 4325 et
2606 4269 2803 4341 populo
2834 4279 3013 4327 terrae
3058 4287 3158 4342 per
3206 4280 3533 4330 sacramenta
3559 4267 3745 4333 ﬁrmam.

2264 4360 2318 4414 in
2348 4360 2630 4416 Franciam
2669 4376 2921 4418 reversus
2940 4374 3043 4420 est.
3074 4365 3142 4419 Et
3184 4366 3240 4421 in
3271 4366 3562 4422 suburbano
3596 4356 3729 4426 M0800

2180 4465 2237 4528 ι)
2264 4453 2503 4509 tiacense
2527 4452 2594 4519 ¹⁸,
2620 4453 2677 4508 in
2698 4452 2824 4510 villa
2843 4469 2982 4526 quae
3005 4463 3232 4512 vocatur
3250 4452 3584 4530 Ingilunheim
3602 4439 3745 4511 ¹⁹νί1¹¹ί³

2651 4858 3043 4921 VARIANTES
3080 4864 3472 4925 LECTIONES.

2337 5003 2363 5074 ξ
2380 5001 2474 5056 sed
2495 4999 2680 5074 sedula
2707 5000 2995 5074 admodum
3022 5002 3075 5057 9.
3132 5004 3173 5074 γ’
3203 4999 3413 5074 quando
3435 4996 3546 5074 5.9.
3578 4990 3627 5074 _’

2265 5071 2456 5144 4.5.9.
2534 5070 2778 5144 ‘futuros
2922 5073 2959 5144 _'
2984 5088 3038 5144 ῃ.
3068 5073 3181 5144 p.7.
3258 5073 3279 5103 ⁸
3307 5071 3444 5144 deest
3464 5068 3512 5123 9.
3549 5057 3745 5144 λ’βξιξιξξξ

2266 5143 2320 5197 1.
2423 5142 2445 5174 ⁸
2470 5158 2575 5214 qua
2603 5140 2699 5214 9.»,
2749 5142 2778 5214 "
2807 5142 2962 5214 inivit
2986 5142 3040 5196 5.
3068 5131 3123 5199 9.
3200 5141 3244 5174 "
3274 5140 3524 5214 promissa
3546 5131 3631 5214 ἣδε
3644 5134 3746 5214 Ple

2267 5223 2413 5268 stare
2440 5199 2505 5267 5.‘
2530 5213 2583 5267 9.
2663 5212 2704 5242 “
2747 5211 3042 5269 baioariam
3086 5222 3249 5284 atque
3274 5199 3463 5282 'ipsum
3509 5199 3743 5280 tassilqpenl

2268 5283 2322 5339 9.
2417 5283 2459 5315 "
2491 5281 2837 5337 tridentinam
2881 5283 2933 5337 5.
2982 5283 3036 5338 5.
3068 5284 3122 5338 6.
3150 5285 3200 5338 7.
3228 5283 3281 5337 9.
3358 5281 3399 5313 ³³
3451 5275 3626 5343 feringa
3647 5259 3742 5343 035;

2270 5322 2322 5385 τι·
2367 5322 2837 5408 άίνίᾶἰί“ἒ.’“ὄῗ’”
2862 5322 3304 5409 egessisse.
3339 5352 3387 5406 τ.
3451 5322 3744 5413 vernam

2270 5423 2321 5475 3.
2351 5422 2404 5475 9.
2484 5424 2525 5455 "
2557 5438 2694 5475 auos
2735 5424 2848 5475 inse
2894 5424 3179 5475 imperavit
3225 5424 3365 5475 deest
3415 5420 3465 5475 9.
3516 5412 3742 5475 imper“?

2268 5423 2321 5477 3.
2351 5422 2404 5478 9.
2484 5424 2525 5455 "
2557 5438 2694 5525 quos
2735 5424 3179 5507 ipse.imperavit
3225 5424 3365 5479 deest
3415 5422 3465 5475 9.
3514 5422 3740 5518 imper“;

2265 5502 2353 5549 rat
2390 5492 2443 5548 '5.
2544 5494 2560 5526 ⁸
2639 5502 3061 5564 mogonttacenst
3107 5495 3161 5548 7.
3193 5495 3245 5550 9.
3297 5486 3701 5571 magopcracense.

2265 5565 2639 5599 mannulinncn
2686 5563 2718 5599 Α
2839 5564 2882 5595 19
2956 5564 3321 5599 ἰηαῖιιηηιτοῖιη
3362 5562 3394 5599 9
3448 5545 3740 5599 mmllttnllem

2264 5565 2640 5647 magml'iiens‘?
2684 5551 2759 5617 ’π
2839 5564 2882 5595 ¹⁹
2956 5564 3322 5647 ipgilumheim
3362 5551 3414 5616 2':
3448 5551 3636 5627 ingillttn

2266 5634 2319 5687 ὅ.
2353 5634 2686 5703 Ingilmheim
2724 5633 2778 5689 ι1.
2804 5632 2854 5689 6.
2884 5634 2934 5687 7.
2967 5634 3252 5705 tngelhelm
3292 5634 3345 5688 9.
