3960 6346
123 391 254 454 429

640 520 870 561 Ακκλιεε
906 521 1214 561 SGINHARDI.

124 601 214 658 ibi
246 599 605 663 hiemaverat,
648 606 702 653 et
729 599 965 653 natalem
1001 598 1211 653 Domini
1248 605 1303 653 et
1341 597 1540 670 pascha
1585 597 1720 653 cele-

124 693 347 750 bravit.

122 833 192 879 et
219 823 525 894 doctrinam
557 822 728 894 sancti
756 821 1000 894 Gregorii
1027 820 1404 893 praeferebant
1432 820 1722 894 rusticitati

121 909 355 950 eorum.
388 893 455 948 Et
480 908 604 947 cum
628 891 906 948 altercatio
934 893 1001 963 de
1028 891 1219 948 neutra
1241 901 1396 963 parte
1423 891 1621 957 ﬁniret,
1645 892 1723 963 ait

123 965 378 1033 domnus
400 962 673 1033 piissimus
692 974 790 1017 rex
818 961 1042 1018 Carolus
1067 963 1135 1017 ad
1162 961 1290 1033 suos
1309 973 1560 1017 cantores
1586 979 1600 1015 :
1631 961 1725 1033 Dia

123 1036 240 1089 cite
267 1032 467 1107 palatii,
490 1033 606 1107 quis
625 1034 821 1107 purior
838 1041 985 1107 est_et
1017 1034 1133 1104 quis
1156 1032 1359 1107 mlier,
1382 1041 1475 1086 aut
1502 1033 1620 1107 fons
1648 1032 1724 1086 vi-

126 1102 385 1170 us,'aut
410 1102 563 1157 rivali
589 1102 700 1173 eius
729 1102 877 1172 longe
900 1102 1229 1173 decurrentes
1255 1102 1280 1156 3
1311 1103 1726 1173 Responderunt

124 1189 335 1229 omnes
365 1188 469 1227 una
494 1187 626 1228 voce
674 1171 874 1228 fontem
894 1214 910 1238 ,
954 1172 1100 1227 velut
1132 1181 1295 1242 caput
1336 1180 1393 1227 et
1420 1171 1719 1242 'originem,

173 1244 419 1302 uriorem
445 1257 603 1306 esse;
635 1243 838 1297 rivulos
863 1250 1043 1297 autem
1064 1243 1201 1308 eius,
1235 1250 1439 1312 quanto
1457 1242 1668 1312 longius
1690 1257 1722 1296 a

152 1313 293 1368 'onte
330 1312 683 1377 recesserint,
718 1321 867 1367 tanto
912 1312 1255 1368 turbulentos
1297 1320 1354 1369 et
1384 1312 1633 1368 sordibus
1657 1324 1722 1367 ac

128 1383 500 1453 immunditiis
539 1393 843 1453 corruptus.
880 1382 945 1437 Et
967 1383 1044 1437 ait
1073 1382 1303 1453 domnus
1331 1394 1428 1437 rex
1455 1382 1678 1438 Carolus
1705 1395 1721 1435 :

128 1450 484 1523 Berertimini
505 1469 593 1523 vos
623 1454 693 1506 ad
705 1450 913 1523 'fontem
933 1450 1375 1523 sanc1i_Gregorii,
1403 1454 1527 1523 quin
1556 1453 1725 1507 mani-

126 1520 285 1593 feste
304 1521 608 1593 corrupistis
649 1520 964 1593 cantilenam
1008 1520 1429 1593 ecclesiasticam.
1477 1521 1597 1577 Mox
1632 1538 1726 1592 pe-

128 1593 227 1663 tiit
254 1591 490 1663 domnus
519 1606 615 1646 rex
649 1592 874 1647 Carolus
913 1592 981 1647 ab
1017 1591 1255 1647 Adriano
1287 1607 1431 1663 papa
1449 1591 1721 1657 cantores,

174 1662 234 1733 ui
261 1660 554 1733 Franciam
587 1667 923 1733 corrigerent
964 1663 1236 1733 cleicantu.
1280 1660 1470 1733 At’ille
1498 1663 1646 1733 dedit
1672 1663 1724 1718 ei

185 1732 492 1787 beodorum
529 1740 585 1787 et
619 1732 1001 1796 Benedictum,
1035 1732 1309 1786 Romanae
1340 1732 1598 1787 ecclesiae
1632 1734 1727 1788 do-

126 1802 420 1857 ctissimos
444 1811 712 1867 cantores,
741 1804 834 1871 qui
860 1819 889 1857 a
912 1814 1103 1858 sancto
1118 1801 1374 1873 Gregorio
1386 1802 1582 1873 eruditi
1611 1802 1725 1859 fue-

1212 393 1353 450 CUM
1390 388 1983 450 LAURISSENSIBUS
2022 392 2337 450 COLLATI.

3287 400 3396 459 ‘30

2265 522 2495 564 ANNALSS
2530 524 2592 563 ιλ
2601 525 2928 567 υκιεεεκεεε.

1824 606 2001 654 terrae
2031 598 2213 667 illius;
2251 599 2373 655 etsi
2400 600 2515 670 ipse
2558 601 2665 655 dux
2703 601 3005 660 'obdurato
3026 608 3186 663 corde
3215 610 3399 668 verbis

1821 689 2116 759 supradicti
2154 689 2447 761 apostolice
2479 688 2500 722 ’
2543 691 2764 749 minime
2805 693 3058 751 oboedire
3115 698 3397 766 voluisset,

1822 787 1951 834 tunc
1972 780 2200 853 domnus
2220 780 2443 839 Carolus
2462 796 2562 838 rex
2590 791 2647 839 et
2675 798 2774 840 suo
2801 783 2823 817 ³
2849 788 3122 845 exercitus
3163 790 3399 849 absoluti

1823 869 2053 927 fuissent
2091 871 2160 926 ab
2198 873 2347 928 omni
2390 872 2629 943 periculo
2668 876 2910 946 peccati,
2954 885 3011 931 et
3044 879 3299 951 quicquid
3342 866 3399 937 in

1823 958 1929 1031 ista
1957 960 1978 993 ⁸
2007 970 2154 1018 terra
2175 957 2379 1018 factum
2414 964 2698 1020 ereniebat
2724 965 2747 1001 ⁸
2785 965 2840 1020 in
2888 966 3200 1035 incendiis‘,
3224 979 3318 1026 aut
3344 971 3403 1029 in

1822 1051 2127 1111 homicidiis
2148 1092 2166 1118 ,
2214 1053 2298 1108 vel
2332 1054 2389 1109 iu
2433 1053 2820 1126 qualecumque
2853 1056 2875 1088 "
2903 1056 3115 1114 malicia
3139 1099 3155 1125 ,
3192 1068 3252 1114 ut
3295 1062 3400 1119 hoc

1823 1158 1986 1214 super
2019 1143 2360 1202 Tassilonem
2383 1145 2407 1177 ⁸
2440 1153 2496 1202 et
2529 1146 2648 1203 eius
2700 1151 3076 1206 consentaneis
3107 1150 3127 1183 '
3185 1156 3399 1212 evenis-

1822 1244 1927 1302 set,
1962 1243 2019 1291 et
2039 1236 2267 1291 domnus
2294 1252 2391 1293 rex
2418 1236 2643 1293 Carolus
2663 1253 2729 1293 ac
2763 1238 2990 1297 Francis
3030 1244 3070 1274 ⁸⁸
3102 1244 3305 1303 innoxii
3331 1250 3403 1304 ab

1822 1318 1971 1383 omni
2010 1328 2166 1400 culpa
2200 1329 2394 1385 exinde
2437 1332 2878 1401 permansissent.
2930 1332 3074 1393 Haec
3107 1341 3269 1396 verba
3302 1357 3403 1399 ex-

1822 1419 1994 1492 pleta,
2035 1421 2187 1477 missi
2221 1420 2488 1479 Tassiloui
2528 1423 2569 1454 “
2609 1420 2843 1482 absoluti
2870 1437 3016 1482 sunt.
3072 1428 3139 1485 Et
3180 1441 3309 1488 tunc
3347 1435 3405 1490 in

1824 1512 2058 1570 invicem
2095 1512 2200 1569 sibi
2248 1513 2480 1570 domnus
2520 1515 2845 1587 apostolicus
2886 1517 3063 1589 adque
3103 1522 3145 1553 "
3176 1523 3408 1583 domnus

1824 1596 2093 1676 gloriosus
2125 1621 2218 1662 rex
2238 1605 2463 1663 Carolus
2490 1606 2854 1665 valedicentes
2872 1649 2888 1676 ,
2910 1611 3281 1672 benedictione
3306 1619 3405 1673 ad-

1824 1704 2059 1767 sumpta,
2087 1696 2333 1753 oratione
2362 1705 2601 1768 peracta,
2626 1698 2910 1756 Franciam
2934 1702 3217 1762 iamdictus
3250 1722 3407 1778 prae—

1826 1785 2242 1842 cellentissimus
2292 1801 2388 1842 rex
2431 1801 2684 1843 reversus
2729 1796 2830 1844 est.
2886 1790 2953 1846 Et
2984 1794 3228 1862 pervenit
3265 1795 3425 1865 idem,

130 1882 272 1952 rant
296 1890 312 1926 :
355 1873 650 1943 tribuitque
670 1868 1268 1952 antipbonariosﬁsancii
1300 1868 1565 1941 Gregorii,
1594 1889 1730 1952 quos
1755 1875 1803 1936 B
1833 1877 1877 1912 “
1894 1879 2212 1945 mitissimus
2230 1894 2327 1937 rex
2353 1879 2421 1935 ad
2444 1880 2729 1952 coniugem
2751 1895 2905 1937 suam
2928 1884 3175 1942 domnam
3198 1886 3389 1943 Fastra

130 1942 261 2014 ipse
294 1942 577 1998 notaverat
602 1951 755 2014 nota;
771 1944 1031 1999 Romana.
1073 1942 1312 2014 Domnus
1338 1957 1470 1997 vero
1494 1957 1591 1997 rex
1612 1942 1728 1999 'Ca-

132 2012 297 2068 rolus
324 2023 603 2068 revertens
632 2013 685 2067 iu
718 2012 1022 2073 Frauciam,
1069 2013 1217 2079 misit
1238 2028 1420 2066 ‘unum
1447 2022 1726 2069 cautorem

131 2083 199 2137 in
242 2082 406 2138 Metis
452 2084 703 2146 civitate,
758 2083 987 2138 alterum
1031 2082 1086 2136 in
1137 2082 1446 2137 Suessionis
1486 2083 1725 2149 civitate,

131 2153 487 2225 praecipiens
516 2154 583 2209 de
624 2154 874 2225 omnibus
907 2152 1217 2225 civitatibus
1258 2153 1519 2225 Franciae
1552 2155 1725 2225 magi-

133 2232 293 2277 stros
317 2223 536 2278 scholae
572 2224 985 2294 antipbonarios
1011 2223 1091 2277 eis
1119 2223 1594 2294 ad‘corrigendum
1620 2223 1729 2279 tra-

132 2294 275 2348 dere
296 2334 313 2365 .
345 2301 401 2347 et
427 2294 507 2365 ab,
532 2293 613 2365 eis
656 2291 863 2348 discere
887 2301 1127 2348 cantare.
1177 2291 1417 2348 Correc'ti
1449 2303 1573 2348 sunt
1597 2309 1728 2365 ergo

134 2364 513 2434 antipbonarii
539 2363 871 2418 Francorum
892 2402 909 2427 ,
954 2379 1091 2433 quos
1106 2364 1486 2434 unusquisque
1513 2378 1612 2432 pro
1641 2363 1729 2419 a'r-

134 2432 313 2489 bitrio
337 2449 438 2488 suo
467 2434 769 2498 vitiaverat,
800 2432 1003 2489 addens
1035 2432 1120 2487 vel
1152 2432 1433 2488 minuens:
1463 2442 1519 2489 et
1541 2449 1730 2490 omnes

135 2502 415 2559 Franciae
434 2514 683 2558 cantores
704 2504 1008 2558 didicerunt
1027 2510 1208 2558 notam
1223 2503 1540 2568 Romanam,
1567 2519 1729 2568 quam

134 2589 292 2629 nunc
327 2582 521 2629 vocant
551 2584 734 2629 notam
762 2574 1108 2644 Frauciscam
1132 2582 1422 2644 {excepto
1458 2574 1600 2643 quod
1627 2583 1733 2629 tre-

134 2644 327 2699 mulas
356 2644 442 2699 vel
467 2644 716 2699 viuuulas
750 2656 798 2709 ⁸,
843 2644 959 2699 sive
994 2643 1301 2699 collisibiles
1335 2643 1424 2698 vel
1471 2645 1731 2701 secabiles

134 2729 311 2785 voces
336 2715 411 2785 in
458 2723 619 2770 cantu
679 2722 1081 2785 non‘poterant
1136 2713 1376 2785 perfecte
1425 2716 1731 2784 exprimere

135 2783 367 2850 Franci,
418 2785 653 2840 naturali
688 2782 1155 2840 voce'barbarica’
1178 2782 1588 2855 frangentes‘in
1612 2794 1732 2855 gut-

138 2863 267 2909 ture
293 2870 458 2910 voces
503 2856 681 2926 potius
710 2871 871 2926 quam
914 2854 1321 2926 exprimentes.’
1355 2854 1524 2910 Maius
1551 2854 1731 2926 autcm

138 2922 523 2994 magisterium
568 2922 819 2980 cantandi
864 2926 919 2980 in
968 2922 1121 2979 Metis
1165 2926 1385 2980 civitate
1427 2922 1726 2981 remansit:

137 3005 523 3065 quantumque
548 2996 915 3066 magisterium
940 2996 1243 3066 Romanum
1265 2995 1734 3065 superatMetense

138 3066 199 3120 in
225 3074 350 3120 arte
380 3065 706 3129 cantilenae,
751 3074 903 3121 tanto
929 3073 1147 3135 superat
1182 3065 1436 3121 Metensis
1463 3066 1733 3131 cantilena

139 3144 362 3191 ceteras
393 3136 608 3191 scholas
629 3135 924 3192 Gallorum.
981 3135 1244 3192 Similiter
1266 3137 1585 3193 erudierunt
1625 3136 1734 3192 Ro-

141 3207 296 3261 mani
322 3216 575 3262 cantores
596 3206 890 3276 supradicti
916 3214 1168 3262 cantores
1184 3206 1517 3261 Francorum
1540 3206 1592 3261 in
1619 3217 1733 3265 arte

138 3277 468 3345 orgauandi.
525 3277 592 3331 Et
629 3278 857 3332 domnus
892 3292 990 3333 rex
1027 3276 1252 3333 Carolus
1279 3279 1473 3333 iterum
1504 3291 1535 3330 a
1563 3276 1733 3333 Roma

118 3349 287 3403 artis
319 3348 704 3430 grammaticae
742 3355 827 3430 et.
856 3348 1285 3430 computa‘toriae
1320 3348 1608 3430 magistros
1646 3364 1734 3403 sc-

138 3433 279 3474 cum
308 3416 529 3472 adduxit
554 3418 608 3472 iu
637 3416 944 3483 Frauciam,
981 3416 1036 3474 et
1067 3418 1265 3488 ubique
1290 3416 1526 3474 studium
1554 3417 1735 3475 litera-

141 3505 273 3543 rum
322 3488 627 3559 expandere
662 3488 1033 3559 iussit.'_Aute
1084 3489 1263 3557 ipsum
1304 3488 1449 3559 enim
1479 3488 1733 3559 domuum

139 3573 337 3630 regem
392 3557 652 3630 'Carolum
716 3559 782 3630 in
841 3557 1039 3630 Gallia,
1075 3559 1279 3630 nullum
1334 3558 1569 3630 studium
1625 3558 1736 3614 fue-

141 3629 238 3684 rat
267 3629 576 3701 liberalium
625 3629 844 3701 artium.
897 3629 1003 3686 Per
1030 3629 1176 3699 ipsos
1219 3629 1338 3685 dies
1370 3629 1608 3701 paschae
1645 3645 1735 3684 ve-

141 3699 615 3770 neruntglhrnam
643 3699 710 3770 ad
747 3701 1000 3755 domuum
1025 3701 1324 3770 piissimum
1364 3699 1541 3770 regem
1569 3699 1736 3770 Caro-

142 3771 261 3825 lum
302 3768 457 3825 missi
488 3768 782 3825 Tassilonis
812 3770 997 3835 ducis,
1026 3768 1238 3826 _etc.....
1299 3769 1394 3825 llis
1428 3768 1610 3824 verbis
1643 3785 1736 3824 cx-

146 3840 317 3912 pletis
342 3875 359 3905 ,
402 3840 556 3912 missi
597 3838 892 3895 Tassilonis
934 3841 1164 3912 absoluti
1212 3848 1355 3895 sunt.
1398 3839 1549 3895 Tunc
1574 3840 1625 3894 in
1654 3841 1736 3912 iu-

146 3909 331 3965 vicem
370 3909 472 3980 sibi
511 3909 746 3980 domnus
790 3911 1114 3980 apostolicus
1149 3918 1205 3966 et
1231 3912 1459 3967 domnus
1496 3924 1591 3965 rex
1620 3910 1736 3979 glow

145 3981 335 4036 riosus
362 3979 589 4052 Carolus
612 3981 732 4036 vale
757 3979 1029 4052 dicentes,
1059 3981 1434 4052 benedictione
1458 3990 1734 4052 assumpta

140 4060 202 4106 et
230 4050 483 4106 oratione
498 4058 751 4121 peracta,
796 4052 852 4106 in
876 4051 1160 4106 Franciam
1203 4066 1326 4107 cum
1351 4050 1521 4121 gloria
1556 4050 1735 4106 rever-

142 4137 245 4177 sus
270 4128 391 4184 est,
445 4120 714 4176 adducens
756 4136 941 4176 secum
987 4131 1237 4177 cantores
1273 4120 1638 4178 Romanorum
1680 4129 1736 4176 et

140 4189 539 4262 grammaticos
556 4191 953 4262 peritissimos,
972 4202 1027 4247 et
1053 4191 1422 4247 calculatores.
1457 4190 1735 4247 Pervenit-

179 4276 254 4317 ue
276 4261 425 4316 idem
451 4260 767 4317 mitissimus
800 4277 895 4317 rex
922 4261 1148 4318 Carolus
1176 4263 1242 4318 ad
1270 4262 1553 4329 coniugem
1582 4277 1735 4318 suam

216 4345 408 4403 mnam
430 4330 751 4403 Fastradam
781 4333 1045 4403 reginam
1069 4333 1122 4387 in
1167 4333 1385 4388 civitate
1416 4332 1731 4403 Waruiatia,

135 4410 199 4458 et
226 4402 304 4474 ibi
334 4400 414 4474 ad
428 4400 659 4474 invicem
688 4400 866 4474 gavisi
886 4402 1388 4474 suntlaetiflcantes
1410 4417 1489 4461 .ac
1513 4401 1609 4457 Dei
1636 4404 1737 4458 mi-

135 4470 510 4531 sericordiam
536 4470 941 4529 conlaudantes.
975 4472 1090 4543 11.]
1342 4484 1347 4491 ’

1648 5624 1877 5683 NOTAE.

209 5726 244 5783 ᾳ
286 5709 580 5769 Vinnolata
615 5728 712 5769 vox
755 5723 840 5771 est
868 5712 1007 5773 lenis
1037 5722 1091 5771 et
1130 5713 1309 5771 mollis
1328 5720 1489 5784 atque
1529 5711 1734 5784 ﬂexibio

116 5789 235 5852 iis,
269 5793 332 5842 et
354 5784 624 5839 vinnolala
646 5786 790 5841 dicta
814 5802 842 5841 a
864 5788 1041 5853 vinno,
1060 5787 1163 5842 hoc
1185 5793 1270 5842 est
1289 5785 1541 5842 cincinuo
1562 5783 1735 5839 molli-

121 5870 231 5916 ter
258 5853 430 5911 ﬂexo.
460 5854 647 5911 lsidori
668 5854 814 5928 Orig.
849 5858 939 5912 lib.
971 5871 1191 5927 iu,cap.
1225 5855 1312 5911 19.

1818 4759 1883 4807 ιο.
1927 4744 1983 4798 6.

1829 1970 2026 2027 dauem
2073 1971 2118 2002 “
2158 1972 2397 2043 reginam
2442 1972 2497 2027 iu
2538 1970 2760 2030 civitate
2787 1973 3122 2032 Worumtia:
3161 1989 3216 2035 et
3244 1979 3314 2034 ibi
3342 1981 3410 2036 ad

1829 2062 2062 2118 invicem
2096 2064 2392 2134 gaudentes
2438 2072 2496 2119 et
2533 2063 2915 2132 laetiﬁcantes,
2960 2083 3027 2124 ac
3056 2068 3151 2126 Dei
3196 2072 3410 2127 miscri-

1829 2154 2015 2210 cordia
2043 2154 2086 2187 "’
2109 2155 2526 2221 coulaudenles,
2575 2152 2821 2213 sinodum
2847 2172 3081 2230 namque
3109 2162 3152 2192 ¹⁸
3187 2177 3412 2234 congre-

1829 2245 1977 2315 gavit
2019 2246 2426 2317 suprascriptus
2454 2248 2684 2304 domnus
2731 2259 2827 2304 rex
2861 2250 2929 2306 ad
2955 2252 3184 2308 eandem
3218 2254 3410 2309 civita-

1832 2344 1962 2401 tem,
1991 2338 2363 2394 sacerdotibus
2388 2339 2501 2395 suis
2525 2348 2579 2394 et
2607 2340 2728 2396 aliis
2752 2340 3102 2399 obtimatibus
3124 2346 3412 2407 nuntiavit.

1829 2431 2064 2501 qualiter
2097 2432 2279 2487 omnia
2316 2432 2370 2486 in
2411 2430 2606 2489 itinere
2634 2448 2734 2489 suo
2756 2437 3172 2506 peragebantur,
3212 2446 3413 2493 etcum

1831 2522 2068 2577 venisset
2098 2522 2167 2577 ad
2191 2521 2336 2578 hunc
2376 2521 2555 2578 locum
2596 2523 2664 2588 ",
2700 2522 2844 2594 quod
2869 2526 3050 2580 omnia
3076 2526 3417 2596 explanasset

1831 2611 1898 2667 de
1929 2619 2084 2682 parte
2119 2606 2449 2678 Tassilouis,
2499 2610 2643 2669 sicut
2669 2613 2813 2670 enim
2853 2623 2974 2670 erat
3016 2616 3078 2680 η,
3106 2624 3237 2674 tunc
3262 2632 3416 2687 pres-

1829 2698 2038 2775 piciens
2069 2704 2110 2737 ι’
2137 2698 2279 2759 idem
2316 2717 2410 2759 rex
2434 2743 2450 2769 ,
2489 2710 2549 2758 ut
2588 2704 2786 2759 missus
2818 2702 2863 2735 ’°
2894 2704 3132 2760 mitteret
3155 2745 3169 2770 ,
3220 2714 3275 2761 et
3304 2706 3414 2763 iu‘s-

1830 2794 1959 2849 sit“
1976 2792 2309 2849 Tassilonem
2327 2794 2393 2857 ",
2416 2800 2477 2848 ut
2496 2794 2677 2850 omnia
2705 2793 3020 2865 adimpleret
3045 2797 3091 2827 ³³
3121 2797 3416 2853 secundum

1826 2881 2125 2939 iussionem
2178 2882 2500 2954 apostolici,
2549 2878 2635 2939 vel
2682 2884 2824 2940 sicut
2869 2884 3082 2941 iusticia
3138 2894 3299 2942 erat:
3346 2900 3417 2941 eo

1824 2974 1977 3045 quod
2019 2974 2063 3006 “
2109 2974 2210 3030 sub
2258 2974 2608 3030 iureiurando
2651 2976 2978 3046 promissum
3027 2978 3300 3034 habebant
3344 2979 3414 3043 ".

1830 3066 1979 3122 utin
2028 3065 2287 3121 omnibus
2328 3065 2622 3122 oboediens
2665 3075 2721 3122 et
2766 3065 2938 3122 ﬁdelis
2983 3066 3173 3124 luisset
3215 3067 3416 3124 domno

1834 3173 1963 3232 rege
1992 3159 2040 3191 “
2062 3158 2256 3214 Carolo
2277 3166 2333 3215 et
2351 3156 2478 3214 filiis
2501 3158 2621 3214 eius
2641 3157 2729 3215 vel
2749 3157 2996 3224 Francis,
3021 3168 3075 3215 et
3098 3159 3343 3217 venirent
3366 3162 3412 3193 "

1760 3239 1805 3302 C
1835 3249 1904 3305 ad
1931 3248 2049 3304 eius
2072 3248 2436 3319 praesentiam
2460 3266 2473 3302 :
2524 3249 2667 3319 quod
2694 3249 2939 3314 rennuit,
2975 3258 3032 3306 et
3058 3250 3243 3311 venire
3280 3266 3413 3308 con-

1836 3339 2051 3410 tempsit
2074 3340 2140 3393 ²⁸.
2165 3338 2318 3396 'l'uuc
2346 3339 2575 3397 domnus
2601 3355 2698 3397 rex
2716 3339 2939 3398 Carolus
2968 3357 3074 3399 una
3100 3357 3222 3399 cum
3243 3342 3418 3401 Fran-

1833 3433 1913 3488 cis
1944 3432 2131 3488 videns
2159 3431 2430 3489 iusticiam
2454 3447 2629 3499 suam,
2656 3434 2763 3489 iter
2789 3432 2968 3505 coepit
2999 3450 3261 3507 peragere
3284 3451 3413 3505 par-

1835 3523 1977 3579 tibus
2002 3523 2283 3579 Baioariae
2325 3539 2450 3580 cum
2501 3524 2745 3581 exercitu
2789 3540 2918 3589 suo,
2979 3535 3037 3581 et
3074 3541 3172 3596 per
3219 3536 3418 3584 semet-

1834 3611 2008 3689 ipsum
2043 3612 2192 3672 venit
2219 3617 2275 3672 in
2299 3616 2437 3682 loco,
2462 3616 2552 3672 ubi
2576 3616 2827 3674 Lecbfeld
2851 3617 2896 3650 ²⁹
2929 3618 2957 3659 δ
2986 3628 3230 3685 vocatur,
3253 3634 3417 3690 super

1832 3706 2109 3763 civitatem
2127 3706 2450 3778 Augustam.
2482 3707 2550 3763 Et
2575 3708 2731 3765 iussit
2759 3707 2923 3765 alium
2946 3710 3245 3767 exercitum
3272 3710 3414 3775 ﬁeri.

1832 3796 1887 3854 id
1910 3809 1995 3853 est
2017 3795 2211 3854 Franci
2234 3799 2279 3831 ⁸⁶
2301 3794 2726 3864 Austrasiorum,
2751 3798 2972 3870 Toringi
2994 3800 3061 3865 “,
3085 3799 3330 3857 Saxones
3344 3802 3415 3863 ".

1831 3892 1888 3943 et
1919 3887 2250 3958 coniungere
2287 3900 2451 3958 super
2491 3883 2793 3943 Danubium
2819 3887 3062 3954 ﬂuvium,
3096 3889 3293 3945 inloco
3320 3892 3413 3961 qui

1833 3980 2030 4037 dicitur
2058 3980 2291 4051 Faringa
2319 3991 2365 4035 ο.
2415 3980 2484 4035 Et
2509 3980 2728 4035 tertium
2756 3980 3055 4036 exercitum
3092 3981 3253 4038 iussit
3295 3981 3415 4040 fieri

2244 4089 2634 4147 VABIANTES
2661 4089 3061 4147 LECTIONES.

1905 4179 2014 4237 'Et
2061 4181 2551 4253 saepedictusAdux
2602 4181 2682 4253 1.Δ
2716 4178 2785 4236 Εῑ
2838 4182 2882 4237 si
2939 4198 3037 4253 per
3086 4198 3145 4239 se
3201 4186 3308 4241 dux
3355 4185 3410 4239 7.

1833 4254 1854 4337 ξ
1882 4251 2193 4337 apostolici“
2214 4253 2279 4337 1ζ
2309 4251 2464 4337 5._6.
2519 4251 2581 4334 7..
2652 4251 2688 4337 f
2706 4267 2849 4337 suus
2879 4251 2955 4337 _l.'
2984 4254 3035 4308 5.
3062 4254 3125 4337 6.
3157 4256 3208 4337 7.
3234 4326 3247 4337 .
3298 4256 3319 4287 ⁸
3357 4255 3413 4310 in

1833 4322 1951 4406 ipsa
1981 4325 2031 4378 1.
2076 4324 2128 4378 5.
2161 4323 2213 4379 6.
2248 4324 2300 4407 7:
2378 4323 2399 4355 '
2428 4322 2671 4409 eveniret
2706 4322 2758 4378 7.
2878 4324 2899 4354 ⁸
2922 4326 3204 4407 eveniebat
3233 4326 3415 4381 incen-

1833 4396 1937 4450 dus
1965 4394 2020 4448 2.
2096 4394 2116 4426 τ
2152 4392 2529 4464 qualicumque
2552 4410 2607 4464 ί).
2638 4393 2693 4464 6=
2747 4393 2789 4464 _°
2834 4395 3178 4451 tbassdouem
3237 4397 3286 4449 l.
3313 4395 3413 4460 (7.)

1834 4464 1856 4496 ⁹
1907 4452 2301 4519 consentaneos
2343 4463 2394 4518 6.
2443 4452 2514 4494 ’¹⁰
2586 4452 2779 4519 frairci.
2813 4465 2862 4518 l.
2896 4466 2949 4521 5.
2977 4465 3028 4521 6.
3060 4465 3110 4519 7.
3192 4466 3230 4497 “
3258 4452 3417 4519 lassi;

1836 4535 1976 4590 iouis
1998 4534 2061 4605 l.
2080 4533 2132 4587 5.
2175 4530 2237 4605 7.7
2339 4533 2379 4590 '.‘
2424 4534 2759 4605 atquel.5.
2790 4534 2840 4588 6.
2868 4535 2917 4589 7.
3016 4535 3059 4566 ¹³
3091 4536 3229 4605 idem
3276 4534 3418 4605 deest

1759 4581 1810 4645 Ι)
1834 4581 2404 4660 ὲῖ””ιδ’ὶαέὶι-ἁὶιειηαίιι
2425 4581 3052 4662 ὃζ“”ἷηίἱιίξὲι·ἰ’‹ἓοῖάεθηι
3079 4581 3415 4660 ἑῗὲῗθῗῆῖῖζ

1836 4675 2133 4732 civitatem.
2181 4673 2249 4728 Et
2294 4674 2664 4730 sacerdotibus
2694 4676 2742 4730 l.
2774 4676 2823 4730 7.
2923 4676 2965 4707 ¹⁶
2997 4676 3246 4730 sinodum
3285 4688 3415 4728 vero

2078 4745 2129 4814 "’7
2148 4745 2480 4814 pervenisset
2532 4746 2599 4800 ad
2627 4740 2805 4801 loclfm
2844 4746 2893 4799 l.
3005 4744 3047 4775 "‘
3072 4746 3211 4800 sicut
3234 4753 3415 4801 actum

1836 4824 1954 4887 erat
1978 4814 2029 4868 1.
2048 4813 2160 4869 5.6.
2190 4815 2723 4887 7._sicut_euumerat
2758 4816 2812 4871 2.
2842 4816 2982 4887 quod
3004 4815 3213 4887 quidem
3237 4828 3435 4887 verant“

1838 4883 2107 4939 lectionem
2158 4883 2287 4940 satis
2345 4885 2562 4940 indicat.
2669 4886 2710 4947 ξ’
2748 4883 3076 4954 νει-ἑιήρίοὴε
3104 4886 3151 4939 1.
3182 4885 3233 4940 5.
3272 4886 3322 4940 6.
3362 4885 3413 4940 7.

1839 4955 1884 5025 _’°
1910 4955 2104 5025 missos
2128 4956 2183 5010 1.
2211 4955 2264 5011 5.
2294 4955 2345 5011 6.
2371 4955 2424 5009 7.
2454 5021 2479 5025 ι
2500 4955 2551 5025 ’ἦ
2572 4956 2812 5025 mitteret
2837 4956 3228 5025 mandaretque
3258 4954 3421 5011 tassi-

1822 5023 1949 5095 loni
1976 5023 2028 5080 7.
2107 5026 2152 5057 ²¹
2179 5026 2419 5082 tassiloni
2450 5021 2503 5079 5.
2526 5024 2578 5079 6.
2658 5026 2705 5057 "
2730 5024 3023 5095 adimplere
3053 5021 3334 5089 festinaret
3363 5026 3415 5080 7.

1838 5093 1885 5125 “
1914 5104 2034 5150 erat
2056 5103 2113 5151 et

1842 5095 1885 5125 “
1914 5104 2034 5150 erat
2056 5103 2113 5151 et
2137 5096 2281 5165 quod
2308 5097 2356 5152 l.
2434 5096 2480 5126 "‘
2506 5096 2739 5150 habebat
2766 5096 2816 5149 l.
2847 5095 2899 5150 5.
2937 5095 2988 5151 6.
3018 5097 3070 5150 7.
3146 5097 3192 5128 "
3217 5097 3330 5167 regi
3363 5097 3413 5150 1.

1842 5163 1891 5219 5.
1920 5164 1974 5220 6.
2003 5166 2057 5220 7.
2167 5168 2210 5200 ³⁷
2238 5168 2449 5220 veniret
2471 5166 2521 5219 l.
2553 5164 2605 5220 5.
2642 5164 2696 5219 6.
2729 5166 2782 5220 7.
2884 5166 2931 5196 "
2952 5175 3064 5220 vos:
3094 5167 3413 5220 contempsit

2167 5168 2210 5200 ’⁷
2238 5168 2449 5249 veniret
2553 5164 2605 5220 5.
2642 5164 2782 5249 6..
2884 5166 2931 5196 ⁸⁸
2950 5164 3419 5249 post'coutempsit

1828 5235 2215 5307 ‘unumjolium
2239 5236 2433 5290 codicis
2480 5234 2534 5289 Ξ.
2573 5236 2789 5307 excidit,
2823 5234 3039 5307 sequens
3069 5238 3247 5307 incipit
3278 5234 3418 5307 egis—

1820 5319 1915 5369 se.
1982 5304 2132 5361 Tunc
2162 5307 2335 5363 denuo
2362 5314 2465 5361 etc.

2570 5303 2615 5335 ’⁸
2638 5304 2755 5363 loco
2771 5306 2862 5379 qui
2884 5303 3143 5379 le_chfeldt
3168 5303 3337 5379 supra
3364 5306 3412 5360 l.

1842 5370 1960 5430 loco
1987 5376 2077 5448 qui
2102 5375 2257 5448 [ccfel
2287 5378 2341 5448 7.
2384 5375 2462 5448 _’°
2496 5370 2804 5448 fraucoruui
2838 5377 2888 5431 l.
2924 5376 2975 5430 7.
3008 5447 3011 5448 ν
3053 5377 3095 5410 ⁸¹
3141 5370 3418 5448 ιιιιιίνίηεσ·

1843 5459 1961 5567 ἴυγξ
2012 5446 2063 5499 1.
2100 5445 2323 5516 Turiugi
2371 5446 2423 5500 6.
2471 5444 2837 5515 thoriugorum
2867 5448 2921 5501 7.
2998 5447 3043 5480 ⁸²
3065 5456 3120 5504 et
3155 5444 3416 5505 saxonum

1913 5717 1942 5757 ιι
1981 5716 2091 5793 Qus
2118 5716 2363 5793 Lechfeld
2375 5717 2463 5793 [rei
2489 5719 2775 5793 Augsburg.

1918 5799 1939 5827 ε
1984 5786 2215 5863 Phoring
2241 5786 2336 5846 seu
2367 5786 2592 5863 Pfdrfng'
2622 5786 2762 5848 intra
2791 5791 3103 5865 lngolstadt.
