3960 6346
156 398 279 457 433

663 511 899 552 Απκλιεε
929 512 1238 554 EGINHARDI.

153 603 266 658 per
314 586 529 642 diversa
576 584 693 644 loca
742 587 1130 661 religabantur.
1160 592 1176 622 ¹
1209 590 1352 646 Ηυηί
1399 605 1558 658 vero,
1607 592 1749 648 sicut

154 677 434 733 Tassiloni
465 679 829 750 promiserunt
856 681 899 745 ³,
931 680 1138 736 duobus
1168 682 1495 738 exercitibus
1529 698 1745 754 compa-

148 771 326 836 ratis,
376 786 486 826 uno
532 786 775 827 marcam
800 772 822 804 ³
851 772 1295 840 Foroiuliensem,
1344 773 1516 829 altero
1553 773 1745 830 Baioa-

147 861 306 916 riam
338 860 582 932 adgressi
631 868 786 928 sunt;
816 863 910 918 sed
934 861 955 892 ⁸
990 862 1213 918 frustra.
1270 862 1404 918 Nam
1433 864 1484 918 in
1516 875 1747 934 utroque

140 950 285 1008 loco
316 951 444 1008 victi
479 953 756 1024 fugatique
781 961 928 1020 sunt,
959 962 1015 1009 et
1043 954 1228 1016 multis
1258 970 1481 1010 suorum
1506 955 1742 1022 amissis,

140 1058 293 1098 cum
325 1057 523 1115 magno
552 1046 748 1101 damno
773 1046 841 1100 ad
866 1045 983 1101 loca
1008 1062 1104 1102 sua
1127 1061 1185 1102 se
1207 1057 1546 1117 receperunt.
1573 1048 1743 1115 Quam

134 1132 414 1188 iniuriam
448 1133 595 1188 velut
625 1133 972 1201 vindicaturi,
1003 1136 1199 1191 iterum
1239 1137 1546 1192 Baioariam
1576 1139 1598 1170 "
1630 1154 1744 1193 ma-

133 1220 367 1278 ioribus
384 1222 553 1293 copiis
577 1225 872 1294 petierunt,
893 1224 988 1281 sed
1016 1226 1069 1281 in
1096 1227 1270 1297 prima
1304 1228 1689 1300 congressione
1722 1229 1743 1261 ⁸

131 1312 301 1384 pulsi
331 1328 363 1369 a
390 1313 676 1381 Baioariis,
729 1323 786 1372 et
835 1316 1119 1371 innumera
1157 1316 1444 1372 multitudo
1500 1334 1688 1375 eorum
1718 1320 1738 1351 ⁷

136 1418 343 1466 caesa.
396 1404 550 1460 multi
583 1406 749 1461 etiam
792 1421 860 1463 ex
889 1407 991 1472 eis,
1043 1407 1136 1477 qui
1174 1423 1273 1477 per
1306 1407 1486 1480 fugam
1514 1411 1743 1467 evadere

130 1494 367 1559 conati,
427 1494 730 1551 Danubium
762 1504 981 1551 tranare
1017 1497 1304 1552 voluerunt
1352 1499 1396 1564 ⁸,
1441 1501 1742 1571 gurgitibus

133 1586 399 1644 ﬂuminis
429 1588 452 1620 ⁹
488 1588 732 1644 absorin
754 1597 898 1645 sunt.
928 1589 1138 1646 [nterea
1166 1590 1550 1648 Constantinus
1575 1594 1742 1665 impe-

133 1688 309 1735 rator
335 1689 557 1752 propter
581 1690 829 1752 negatam
855 1682 956 1737 sibi
982 1682 1126 1753 regis
1156 1682 1319 1737 filiam
1353 1684 1545 1752 iratus,
1569 1685 1742 1742 Theo-

133 1772 349 1827 dorum
378 1773 424 1804 “
446 1774 754 1845 patricium,
789 1773 1008 1830 Siciliae
1053 1775 1404 1845 praefectum,
1460 1792 1583 1833 cum
1613 1778 1734 1834 aliis

133 1863 385 1921 ducibus
410 1866 522 1921 suis
564 1864 700 1922 fines
746 1866 1244 1922 Beneventanorum
1282 1875 1498 1925 vastare
1550 1870 1726 1927 iussit.
1759 1843 1807 1902 Β

135 1954 253 2024 Qui
285 1973 414 2013 cum
456 1957 719 2029 imperata
753 1941 1200 2029 exsequdrentur,
1224 1959 1533 2019 Grimoldus
1565 1964 1604 1995 ιι
1639 1965 1732 2034 qui

136 2047 345 2103 eodem
371 2064 515 2103 anno
536 2056 660 2119 post
683 2057 911 2105 mortem
936 2051 1108 2121 patris
1137 2050 1245 2106 dux
1265 2051 1664 2132 Beneventanis
1689 2054 1734 2087 ¹³

140 2156 178 2194 a
214 2155 350 2213 rege
376 2140 535 2196 datus
556 2148 656 2206 est,
687 2147 744 2197 et
772 2140 1154 2199 Hildibrandus
1190 2142 1257 2210 ¹³,
1284 2144 1390 2200 dux
1439 2143 1734 2215 Spolitino-

140 2247 276 2288 rum
304 2230 373 2296 “,
405 2247 528 2288 cum
551 2231 723 2303 copiis
774 2247 911 2304 quas
946 2247 1274 2306 congregare
1333 2242 1643 2304 potuerunt,
1676 2237 1733 2293 in

138 2321 400 2379 Calabria
430 2322 512 2378 eis
557 2332 932 2390 occurrerunt,
973 2326 1235 2382 habentes
1283 2342 1467 2383 secum
1496 2328 1734 2398 legatum

139 2411 294 2483 regis
314 2410 643 2483 Winigisum
667 2412 732 2479 ¹⁸,
758 2412 851 2484 qui
872 2422 1060 2485 postea
1086 2414 1128 2447 ¹⁶
1160 2416 1214 2471 in
1264 2415 1462 2473 ducatu
1515 2416 1733 2489 Spoliti-

144 2504 290 2559 no"
332 2503 683 2563 Hildibrando
731 2500 1010 2577 successit.
1049 2507 1460 2581 Commissoque
1503 2511 1731 2581 proelio,

139 2593 477 2653 inmodicam
499 2612 567 2652 ex
594 2596 675 2653 eis
710 2592 1108 2655 multitudinem
1159 2601 1493 2668 ceciderunt,
1524 2619 1589 2659 ac
1616 2604 1733 2660 sine

140 2700 250 2741 suo
282 2700 614 2758 suorumque
638 2688 789 2760 gravi
840 2687 1122 2759 dispendio
1154 2690 1390 2748 victores
1443 2692 1590 2760 facti,
1616 2710 1732 2749 ma-

141 2792 317 2849 gnum
353 2777 686 2847 captivorum
713 2794 778 2835 ac
802 2780 1095 2850 spoliorum
1120 2797 1406 2838 numerum
1432 2784 1488 2839 in
1520 2801 1617 2841 sua
1649 2800 1733 2841 ca-

139 2875 261 2924 stra
297 2866 618 2923 retulerunt.
649 2869 764 2925 Rex
792 2880 973 2927 autem
1018 2872 1072 2927 in
1101 2873 1402 2930 Baioariam
1432 2875 1728 2947 profectus,

140 2957 378 3015 eandem
402 2959 736 3030 provinciam
762 2976 883 3017 cum
913 2963 1028 3019 suis
1067 2966 1312 3022 terminis
1358 2968 1626 3025 ordinavit
1649 2980 1729 3025 at-

135 3065 250 3120 que
277 3048 568 3120 disposuit,
595 3059 756 3122 atque
778 3053 900 3109 inde
921 3069 1220 3127 regressus,
1252 3057 1304 3112 in
1328 3057 1652 3129 Aquisgrani
1683 3062 1725 3094 “'

132 3138 351 3210 palatio
386 3154 504 3206 suo,
534 3141 627 3197 ubi
660 3141 1014 3211 hiemaverat,
1059 3152 1117 3202 et
1148 3145 1190 3176 ¹⁹
1218 3146 1358 3202 diem
1384 3147 1593 3206 Domini
1633 3168 1725 3208 na-

132 3228 392 3284 talicium
450 3238 803 3305 sanctumque
847 3233 1047 3306 pascha
1101 3251 1253 3294 more
1306 3239 1533 3298 solemni
1587 3243 1725 3302 cele-

126 3319 343 3377 bravit.
1066 3337 1074 3343 ·

535 4960 923 5021 VARIANTES
958 4942 1389 5026 LECTIUNES.’

187 5054 245 5132 'A
272 5050 593 5132 retegantur
633 5054 686 5108 7.
741 5055 1119 5127 relegabantur
1156 5059 1209 5132 9.
1240 5128 1255 5132 Α
1288 5062 1311 5092 ²
1355 5077 1720 5132 promiserant

96 5124 165 5199 ξ».
204 5123 269 5180 9.
320 5120 468 5199 H_uni
511 5137 665 5199 vero,
715 5120 1035 5199 etc_."usqtte
1087 5130 1182 5185 sed
1230 5120 1431 5187 frustra
1469 5120 1609 5189 deest
1661 5120 1716 5192 ἐξ

100 5197 128 5228 ι
186 5191 486 5248 marcham
522 5192 574 5246 7.
630 5191 1029 5253 marehiam'9.
1126 5198 1319 5256 "dcest
1355 5203 1407 5256 7.
1509 5205 1530 5237 υ
1590 5206 1643 5261 b.
1678 5191 1712 5262 i.

99 5269 167 5321 5.
205 5264 273 5319 9.
388 5262 409 5335 ξ
460 5264 636 5335 primo
672 5280 967 5335 congressu
995 5268 1051 5324 9.
1156 5271 1177 5302 '
1234 5287 1283 5327 e.
1311 5287 1384 5326 m.
1411 5273 1461 5327 7.
1537 5275 1559 5305 ⁸
1616 5293 1716 5332 no-

99 5336 355 5417 luerunt
383 5332 478 5417 9.;
542 5334 564 5366 ’
595 5332 847 5417 .deest'7.
940 5338 981 5417 ἓθ
1035 5342 1336 5417 teodorunr
1366 5342 1561 5417 4.“?
1609 5347 1719 5417 gri-

101 5402 388 5460 moaldus
437 5403 489 5457 9.
595 5405 638 5436 ¹²
686 5406 1090 5465 beneventanus
1136 5411 1187 5465 7.
1294 5411 1338 5443 ¹³
1405 5402 1716 5471 ιιίιάρὶπῖἶιι-

98 5474 232 5547 dtus
284 5472 343 5525 2.
394 5472 448 5547 ξ.
492 5474 643 5547 7.9.
736 5478 787 5547 7“
833 5477 1233 5547 spoletanornm
1256 5480 1389 5537 7.9.
1488 5485 1532 5516 ¹⁸
1584 5487 1718 5546 win—

97 5543 375 5613 nigisum
402 5542 456 5596 7.
535 5545 599 5625 “C
630 5546 803 5613 posita
825 5542 880 5602 2.
959 5549 999 5580 ¹⁷
1051 5550 1316 5637 εροιίιειηρ
1344 5554 1396 5607 5.
1433 5542 1715 5624 spoletano

94 5617 160 5671 7.
231 5612 292 5668 9.
380 5611 445 5678 ³⁸,
478 5630 802 5686 aqmsgrano
850 5619 901 5674 9.
984 5620 1024 5652 "
1070 5621 1209 5676 deest
1277 5640 1318 5675 ι.

1235 407 1379 465 CUM
1416 407 2011 468 LAURISSENSIBUS
2048 406 2360 465 COLLATI.

1775 505 1824 564 Α
2297 509 2531 552 ANNALES
2566 512 2959 555 unmssnsszs.

1746 4545 1800 4605 Ι)
1826 4545 2543 4627 nasuta“;Bitias".
2572 4545 2969 4623 ὃῖἰῖτὶἶῖἔιῖῖῐ.

3309 409 3417 470 434

1845 589 1934 643 nia
1957 589 1973 620 ¹
1997 588 2379 660 comprobatus
2399 590 2440 656 ',
2461 587 2659 647 Franci
2696 596 2752 644 et
2786 588 3044 657 Baioarii,
3077 590 3423 664 Langobardi

1829 674 1902 732 ‘et
1927 675 2194 755 Saxones,
2222 677 2311 732 vel
2352 692 2417 733 ex
2445 679 2712 755 omnibus
2735 680 3030 751 provinciis
3058 682 3151 752 qui
3177 682 3245 759 ad
3291 697 3426 739 eun-

1846 767 1968 823 dem
2012 768 2032 800 ³
2079 769 2329 823 sinodum
2369 768 2681 842 congregati
2724 769 2979 837 fuerunt,
3009 770 3422 830 reminiscentes

1843 859 2086 928 priorum
2116 858 2379 915 malorum
2403 860 2541 926 eius,
2565 869 2618 915 et
2643 862 2913 930 quomodo
2942 848 3199 917 domuum
3242 861 3426 935 Pippi-

1845 969 1975 1007 num
2022 967 2206 1024 regcm
2245 953 2300 1008 in
2349 954 2594 1009 exercitu
2644 953 2667 986 ⁸
2711 954 3093 1025 derelinquens
3144 956 3199 1020 ⁸,
3244 963 3301 1012 et
3348 955 3422 1011 ibi

1843 1038 1986 1115 quod
2022 1044 2297 1100 theodisca
2323 1043 2507 1114 lingua
2541 1044 2760 1101 harisliz
2800 1045 2820 1077 ‘
2850 1046 3080 1111 dicitur,
3115 1045 3219 1100 visi
3253 1049 3419 1101 sunt'

1844 1135 2112 1191 iudicasse
2151 1151 2210 1191 se
2237 1136 2258 1167 ⁸
2299 1137 2529 1191 eundem
2559 1136 2897 1192 Tassilonem
2928 1138 2995 1192 ad
3024 1146 3276 1194 mortem.
3315 1136 3422 1194 Sed

1842 1227 1970 1282 dum
2015 1224 2204 1282 Omnes
2225 1244 2332 1282 una
2369 1244 2503 1284 voce
2549 1227 2915 1285 adelamarent
2958 1229 3188 1301 capitale
3229 1230 3251 1261 ⁹
3296 1246 3421 1287 eum

1841 1315 2005 1387 ferire
2025 1319 2349 1373 sententiam
2379 1319 2441 1384 ιθ,
2480 1305 2766 1376 iamdictus
2786 1320 3017 1376 domnus
3044 1319 3271 1377 Carolus
3294 1321 3445 1394 piis-‘

1842 1408 2012 1464 simus
2037 1423 2133 1463 rex
2155 1416 2334 1464 motus
2357 1408 2730 1465 misericordia
2760 1410 2828 1465 ab
2861 1411 2901 1442 ιι
2932 1427 3173 1467 amorem
3204 1411 3325 1478 Dei,
3367 1423 3424 1468 et

1840 1500 1967 1569 quia
1996 1500 2454 1571 cumsanguineus
2484 1502 2527 1533 ¹²
2560 1501 2680 1558 eius
2703 1510 2845 1567 erat,
2872 1503 3153 1561 contenuit
3182 1504 3224 1535 "
3244 1504 3314 1560 ab
3342 1506 3423 1576 ip-

1839 1590 1915 1644 sis
1940 1588 2033 1645 Dei
2059 1605 2125 1646 ac
2146 1590 2261 1646 suis
2288 1589 2555 1658 fidelibus,
2586 1599 2648 1646 ut
2668 1608 2776 1648 non
2805 1593 3115 1649 moriretur.
3149 1594 3217 1649 Et
3254 1594 3423 1651 inter-

1840 1688 2061 1751 rogatus
2092 1680 2135 1711 "
2176 1696 2206 1735 a
2248 1681 2473 1739 iamfalo
2516 1682 2561 1715 ¹⁸
2604 1682 3026 1738 clementissimo
3067 1682 3267 1741 domno
3294 1701 3423 1759 rege

1837 1767 2151 1843 praedictus
2188 1772 2420 1842 Tassilo,
2449 1773 2580 1847 quid
2608 1790 2771 1847 agere
2818 1775 3109 1843 voluisset;
3159 1775 3249 1833 ille
3286 1793 3420 1834 vero

1833 1864 2121 1934 postolavit
2160 1866 2228 1931 “,
2272 1874 2333 1920 ut
2376 1865 2650 1921 licentiam
2686 1866 2910 1924 haberet
2950 1867 3054 1923 sibi
3101 1870 3420 1924 tonsorandi

1833 1956 1966 2010 etin
1990 1957 2323 2014 monasterio
2352 1957 2391 1988 "
2416 1956 2728 2012 introeundi
2756 1965 2812 2011 et
2844 1971 2943 2028 pro
2980 1957 3149 2013 tantis
3181 1958 3421 2029 peccatis

1833 2047 2223 2117 poenitentiam
2249 2047 2466 2119 agendi,
2496 2054 2552 2102 et
2567 2055 2792 2102 utsuam
2809 2046 3311 2117 salvaretauimam.
3337 2047 3421 2104 Si-

1833 2135 2037 2192 militer
2056 2145 2111 2192 et
2141 2137 2282 2193 filius
2326 2137 2443 2193 eius
2482 2137 2703 2194 Theodo
2751 2136 3088 2199 deiudicatus
3137 2137 3182 2169 ¹⁸
3210 2146 3314 2204 est,
3364 2147 3421 2193 et

1832 2235 2145 2285 tonsoratus
2169 2238 2223 2285 ct
2250 2231 2304 2284 in
2347 2218 2683 2286 monasterio
2716 2229 2760 2260 ¹⁹
2788 2230 3007 2296 missus,
3038 2238 3095 2285 et
3115 2232 3275 2302 pauci
3299 2229 3421 2288 Bai-

1833 2320 1971 2376 oarii
2000 2321 2093 2390 qui
2123 2320 2178 2375 in
2206 2322 2535 2377 adversitate
2577 2321 2757 2378 domui
2803 2321 2948 2391 regis
2995 2320 3177 2377 Caroli
3220 2321 3420 2393 perdu-

1834 2429 1960 2469 rare
2003 2415 2293 2470 voluerunt
2339 2415 2408 2481 ὀ,
2441 2415 2590 2470 miss‘i
2633 2422 2759 2471 sunt
2795 2414 2849 2469 in
2877 2414 3074 2478 exilio.
3107 2414 3420 2485 Eodemque

1833 2505 1877 2536 ἰ
1910 2519 2053 2561 anno
2079 2505 2432 2561 commissum
2458 2518 2545 2561 est
2569 2504 2768 2561 bellum
2794 2505 2937 2560 inter
2961 2504 3182 2566 Graecos
3202 2514 3259 2564 et
3282 2503 3421 2567 Lan-

1832 2594 2126 2665 gobardos,
2149 2594 2203 2650 id
2230 2604 2312 2653 est
2341 2596 2478 2652 duce
2508 2597 2553 2627 ²¹
2596 2593 2866 2666 Spolitino
2894 2594 2943 2627 ³³
2971 2597 3191 2653 nomine
3242 2594 3420 2653 Hilde-

1832 2685 2061 2752 brando,
2086 2702 2179 2742 seu
2193 2687 2329 2743 duce
2354 2686 2662 2743 Grimoaldo
2686 2687 2753 2753 “,
2785 2700 2946 2757 quem
2964 2688 3190 2747 domnus
3207 2686 3435 2769 τεῖρε-λ

1836 2776 1984 2833 rolus
2007 2778 2190 2849 posuit
2218 2778 2411 2834 ducem
2441 2795 2604 2854 super
2621 2779 3054 2846 Beneventanos,
3084 2786 3141 2834 et
3162 2777 3266 2838 fuit
3288 2780 3417 2841 mis-

1832 2884 1927 2925 sus
1946 2868 2295 2941 Winegliisus
2341 2870 2389 2901 "
2427 2884 2533 2925 una
2574 2868 2620 2902 ’°
2650 2886 2772 2930 cum
2827 2871 3016 2941 paucis
3061 2869 3312 2935 Francis,
3356 2879 3419 2925 ut

1829 2960 2168 3032 praevideret
2192 2977 2381 3017 eorum
2409 2961 2589 3017 omnia
2624 2975 2762 3032 quae
2800 2961 3120 3032 gessissent.
3158 2960 3229 3016 Et
3254 2960 3412 3017 auxi-

1800 3051 1996 3107 liante
2025 3052 2274 3125 Domino,
2311 3052 2535 3108 victoria
2560 3051 2810 3108 estfacta
2849 3068 2883 3108 a
2921 3050 3150 3109 Francis
3177 3065 3276 3109 seu
3325 3070 3414 3109 su-

1827 3143 2223 3215 pranomiuatis
2247 3142 2637 3213 Langobardis.
2659 3142 2808 3199 ldem
2840 3144 2881 3175 ¹⁷
2916 3144 3169 3200 similiter
3200 3152 3257 3201 et
3306 3146 3411 3201 alia

1827 3251 2007 3309 pugna
2033 3236 2321 3292 commissa
2350 3244 2437 3291 est
2478 3236 2620 3291 inter
2654 3232 2864 3291 Avaros
2915 3236 2970 3291 iu
3014 3235 3211 3298 loco."
3252 3237 3410 3294 cuius

1829 3327 2148 3385 vocabulum
2182 3335 2284 3384 est.
2319 3366 2332 3381 .
2365 3368 2378 3381 .
2410 3367 2425 3383 .
2456 3368 2469 3381 .
2518 3335 2573 3383 et
2606 3324 2836 3384 Francis
2866 3326 2911 3358 "
2937 3327 3031 3401 qui
3063 3327 3118 3384 in
3171 3327 3323 3384 Italia
3358 3330 3407 3405 ἒ·

1826 3432 2171 3475 commanere
2197 3418 2478 3485 videntur;
2511 3417 2813 3489 opitulante
2840 3418 3087 3484 Domino,
3117 3418 3408 3477 victoriam

1823 3511 2175 3577 obtinuerunt
2190 3510 2409 3575 Franci,
2435 3521 2491 3566 et
2510 3511 2677 3569 Avari
2700 3495 2831 3574 cum.
2847 3510 3175 3569 contumelia
3195 3514 3408 3583 reversi

1822 3610 1969 3668 sunt,
2018 3601 2145 3675 fuga
2174 3601 2329 3673 lapsi,
2357 3603 2473 3658 sine
2516 3602 2760 3661 victoria.
2811 3604 2994 3661 Tertia
3039 3620 3220 3678 pugna
3254 3621 3410 3663 eom-

1822 3697 1988 3755 missa
2018 3703 2101 3752 est
2151 3696 2293 3752 inter
2330 3696 2608 3754 Baioarios
2658 3704 2715 3753 et
2765 3697 2976 3754 Avaros
3028 3687 3313 3770 in‘campo
3361 3698 3407 3731 ἰ

1817 3787 1975 3845 lbose
2000 3788 2044 3821 ³²
2070 3803 2119 3855 ιι,
2167 3796 2225 3846 et
2251 3787 2473 3845 fuerunt
2523 3788 2596 3844 ibi
2626 3789 2774 3845 missi
2804 3778 2990 3845 domni
3037 3787 3218 3846 Caroli
3262 3790 3410 3860 regis

1819 3880 2236 3938 Grahamannus
2295 3881 2341 3913 ³³
2392 3889 2446 3935 et
2510 3881 2792 3937 Audacrus
2851 3880 2897 3912 3‘
2939 3895 3064 3935 cum
3135 3878 3407 3950 aliquibus

1817 3973 2065 4033 Francis.
2095 3971 2321 4027 Domino
2347 3971 2664 4035 auxiliante,
2694 3971 2922 4027 victoria
2946 3969 3048 4025 fuit
3067 3968 3403 4025 Francorum

1818 4078 1916 4119 seu
1962 4061 2353 4117 Baioariorum.
2416 4061 2484 4116 Et
2530 4061 2631 4116 ista
2677 4060 2859 4116 omnia
2908 4059 3250 4131 supradictus
3296 4059 3406 4114 dux

1819 4152 2028 4210 Tassilo
2056 4168 2151 4209 seu
2180 4151 2429 4209 malivola
2454 4167 2591 4208 uxor
2610 4152 2748 4220 eius,
2774 4151 3065 4223 Liutberga
3088 4152 3135 4183 ³⁵
3166 4150 3279 4207 Deo
3294 4151 3406 4207 odi-

2214 4263 2608 4322 VARIANTES
2648 4262 3030 4320 LECTIONES

1890 4360 1906 4391 ¹
1926 4359 2013 4430 his
2034 4357 2287 4430 omnibus
2310 4357 2551 4430 (i.)_5.7.
2645 4357 2667 4430 _’
2695 4357 2966 4430 et‘omn‘ia
3002 4346 3328 4430 conprobata
3340 4356 3400 4430 ρ.

1824 4431 1846 4506 ξ
1862 4430 1945 4485 vel
1960 4428 2058 4502 (et)
2069 4444 2259 4506 omnes
2285 4424 2350 4484 e'x
2375 4424 2498 4506 aliis
2509 4427 2804 4506 provinciis
2823 4427 3016 4506 quinad
3034 4424 3305 4506 eandem"!

1826 4500 1849 4531 ⁸
1876 4495 2058 4570 regem
2080 4499 2377 4554 exercitum
2394 4498 2445 4552 5.
2511 4495 2547 4530 "
2569 4495 2912 4566 derelinquas
2926 4498 2981 4551 εὶ.
3056 4498 3077 4530 ⁸
3104 4495 3396 4577 harisligl.

1826 4568 2122 4599 lum-dandum
2150 4569 2184 4599 Ο
2240 4570 2270 4599 ἰ
2325 4568 2541 4599 ιιηυεοιξ..
2573 4567 2605 4599 Ω
2651 4568 2865 4599 Iun-:th
2916 4568 2947 4599 ⁸⁵1
3066 4568 3087 4599 ⁸1
3119 4581 3245 4599 mem
3272 4575 3396 4599 cuni

3118 4575 3248 4620 lllSSl
3272 4575 3400 4619 ειιιιι

1824 4640 1879 4695 6.
1954 4639 2059 4696 “se
2113 4640 2252 4693 deest
2288 4640 2337 4694 l.
2367 4638 2420 4693 5.
2467 4639 2519 4695 6.
2624 4637 2646 4669 ’
2688 4637 2971 4704 capitalem
3001 4635 3053 4690 6.
3163 4636 3206 4667 ¹⁰
3250 4634 3399 4704 capi—

1827 4710 1989 4766 tali...
2014 4711 2280 4766 sententia
2306 4708 2424 4764 1.5.
2453 4709 2505 4764 7.
2585 4708 2624 4740 “
2645 4707 2713 4763 ad
2737 4705 2786 4763 Ι.
2802 4708 2890 4763 ob.
2922 4706 2975 4761 5.
3006 4706 3058 4761 6.
3083 4705 3135 4758 7.
3213 4706 3400 4759 “con-

1826 4782 2155 4853 sanguineus
2183 4780 2371 4853 71.5.6.
2404 4779 2503 4853 7.A_
2536 4779 2579 4812 “
2602 4778 2899 4853 obtinuitl.
2919 4777 2970 4853 5.
2990 4778 3045 4853 6_.
3121 4774 3286 4853 ‘f_int.
3312 4784 3399 4831 est

1827 4851 1878 4905 5.
1928 4844 1999 4882 ’⁸⁸
2028 4851 2132 4905 iam
2165 4851 2308 4907 dicto
2334 4850 2387 4905 6.
2463 4851 2506 4882 ¹⁶
2528 4844 2983 4920 postulavit__l.;6.
3014 4846 3077 4920 ἶ.
3145 4845 3185 4878 ¹⁷
3214 4845 3267 4900 in
3281 4860 3399 4899 mo-

1824 4921 2121 4977 nasterium
2154 4921 2205 4974 7.
2286 4920 2329 4953 “
2381 4914 2860 4976 diiudicatusi.5.
2907 4917 2959 4970 7.
3036 4914 3080 4947 ¹⁹
3124 4921 3398 4971 monaste—

1825 4992 1966 5047 rium
1995 4992 2047 5046 6.
2124 4992 2169 5022 ²⁰
2197 4990 2448 5047 volebant
2467 4990 2525 5053 5.
2547 4990 2600 5045 6.
2624 4991 2675 5050 7.
2713 4990 2756 5021 ’ί
2789 4987 2989 5043 Eodem
3020 5001 3233 5057 quoque
3261 4986 3311 5040 l.
3338 4986 3390 5057 7.

1823 5064 1868 5093 "
1901 5061 1961 5116 L.
2011 5060 2112 5117 sub
2155 5061 2289 5118 duce
2318 5062 2368 5116 i.
2475 5061 2521 5092 *³
2573 5059 2853 5130 spoletano
2893 5058 2965 5130 _l.
3019 5055 3285 5130 Spolitano
3339 5055 3390 5130 ξι.

1822 5132 1885 5204 ’Σ
1920 5131 2263 5204 ετίιηδιάοίι.
2293 5131 2367 5204 5.Δ
2395 5131 2447 5186 6.
2482 5130 2532 5184 7.
2577 5126 2679 5204 _"'
2711 5127 3004 5204 vvinegjsus
3050 5126 3104 5182 1.
3158 5128 3305 5204 deest
3335 5126 3391 5181 2.

1821 5196 2149 5259 win'ecbisus
2196 5203 2250 5266 Ἰ.
2327 5202 2371 5234 ²⁶
2397 5217 2501 5256 una
2551 5200 2692 5255 deest
2737 5199 2788 5252 7.
2865 5198 2907 5229 ¹⁷
2941 5196 2993 5251 id
3032 5208 3119 5254 est
3146 5198 3396 5254 similiter

1819 5273 1874 5348 ξ.
1931 5273 2071 5348 idem
2108 5271 2299 5348 (item)_
2323 5272 2463 5348 deest
2671 5266 2800 5348 6L7.
2856 5339 2869 5348 _
2900 5268 2952 5348 ξ’*
2974 5269 3052 5348 “in
3087 5268 3207 5348 loco
3251 5267 3394 5348 deest

1819 5342 1874 5399 2.
1948 5343 1992 5375 ’³
2023 5336 2240 5399 francos
2263 5336 2319 5396 ’7.
2356 5341 2526 5396 franci
2573 5340 2623 5393 1.
2712 5340 2757 5372 ³⁰
2781 5339 2871 5409 qui
2898 5337 3100 5409 italiam
3127 5336 3180 5393 7.
3228 5338 3298 5409 A"
3336 5337 3391 5409 in

1820 5428 2013 5484 campo
2063 5414 2214 5469 ibose
2277 5412 2497 5484 deest}.
2592 5411 2646 5484 _“
2692 5407 2884 5484 hibose
2919 5408 2969 5463 7.
3011 5410 3161 5484 ibose
3216 5407 3271 5461 6.
3334 5408 3388 5484 ξ.

1819 5484 1870 5515 ⁸⁸
1902 5476 2228 5557 εὲίιιηίιηημδ
2290 5481 2343 5557 (ξ.
2395 5480 2464 5557 *³⁵
2504 5480 2819 5557 audacems
2860 5479 2914 5557 _l.
2970 5476 3271 5557 audacem-5

1817 5544 2117 5609 audraccus
2148 5553 2201 5608 6.
2297 5551 2345 5582 ³⁸
2369 5551 2593 5607 thassilo
2621 5568 2744 5608 cum
2773 5548 3020 5607 Malmola
3052 5564 3219 5606 uxore
3241 5544 3390 5602 Luit-

1817 5625 1977 5694 bcrga
2012 5624 2057 5677 l.

2624 4637 2646 4669 '
2688 4637 2971 4709 capitalem
3001 4635 3053 4709 6.

1620 5760 1851 5817 NOTAE.

1620 5760 1664 5814 N
1716 5760 1779 5814 Τ.
1836 5799 1851 5817 .

175 5856 213 5888 ι
265 5839 543 5913 Oppidum
574 5840 803 5899 Austriae
840 5844 926 5916 [ps
954 5848 1020 5903 ad
1071 5847 1391 5917 Danubium,
1427 5867 1588 5920 supra
1615 5758 1909 5909 vitim.
1935 5860 1987 5908 ct
2012 5851 2395 5909 monasterium
2422 5851 2743 5910 .‘lclliccnse.
