3960 6346
193 395 299 455 Ml

690 522 924 566 Λειηλιεε
958 518 1243 562 εαικιελίωι
1253 543 1268 559 ο

834 594 1122 654 DCCXCII.

266 712 297 741 ι
326 693 557 771 Orgellis
589 699 674 750 est
708 690 899 747 civitas
960 690 977 720 ¹
1024 689 1081 743 in
1115 685 1333 759 Pyrinei
1378 685 1584 742 montis
1643 698 1769 755 iugo

191 791 306 847 sita
323 830 341 858 ,
367 789 522 846 cuius
550 785 838 858 cpiscopus
864 780 1083 837 nomine
1109 779 1262 836 Felix
1283 820 1298 846 ,
1328 778 1549 834 natione
1574 775 1773 846 Hispa-

190 898 331 949 nus,
378 882 448 937 ab
490 878 776 950 Elipando,
816 873 988 930 Toleti
1031 873 1323 943 episcopo,
1369 872 1468 942 per
1513 869 1722 924 litteras
1750 868 1771 898 ³

190 971 499 1036 consultus,
533 969 665 1040 quid
695 968 762 1024 de
786 963 1124 1021 humanitate
1160 961 1446 1018 salvatoris
1475 959 1563 1016 dei
1595 966 1651 1014 et
1682 958 1778 1013 do-

189 1063 334 1120 mini
365 1060 536 1117 nostri
562 1059 682 1114 Iesu
709 1054 915 1113 Christi
947 1054 1151 1110 sentire
1187 1053 1437 1116 deberet,
1483 1061 1668 1105 utrum
1691 1062 1778 1103 se-

190 1154 437 1210 cundum
470 1151 528 1207 id
565 1147 712 1220 quod
753 1147 916 1203 homo
944 1151 1065 1210 est,
1110 1141 1367 1213 proprius
1394 1155 1461 1195 an
1492 1137 1779 1208 adoptivus

190 1245 297 1301 Dei
327 1243 467 1298 filius
492 1238 793 1297 credendus
816 1242 961 1293 esset
987 1250 1052 1290 ac
1078 1232 1361 1298 dicendus,
1379 1228 1535 1284 valde
1561 1227 1780 1282 incaute

186 1348 364 1409 atque
387 1332 802 1398 inconsiderate,
824 1338 882 1385 et
901 1336 1091 1385 contra
1113 1325 1392 1394 antiquam
1426 1319 1725 1378 catholicae
1755 1317 1778 1349 ³

187 1428 464 1488 ecclesiae
488 1424 788 1481 doctrinam
805 1464 821 1490 ,
864 1419 1174 1491 adoptivum
1208 1431 1317 1473 non
1344 1413 1516 1472 solum
1544 1425 1780 1483 pronun-

190 1520 378 1584 tiavit,
411 1516 508 1573 sed
538 1516 704 1570 etiam
736 1512 954 1583 scriptis
981 1509 1051 1565 ad
1082 1512 1444 1563 memoratum
1469 1504 1780 1574 episcopum

189 1609 379 1675 libris,
406 1613 610 1679 quanta
644 1602 820 1676 potuit
856 1598 1158 1673 pertinacia
1191 1596 1213 1628 ⁸
1243 1596 1570 1667 pravitatem
1605 1592 1780 1650 inten-

188 1702 409 1760 tionis“
448 1712 576 1755 suae
609 1695 898 1753 defendere
945 1689 1177 1748 curavit.
1215 1686 1389 1741 Huius
1440 1682 1521 1739 rei
1553 1682 1575 1714 ⁸
1615 1695 1780 1736 causa

1187 387 1333 447 CUM
1368 384 1964 444 LAURISSENSIBUS
2003 385 2314 446 COLLATI.

1794 506 1848 565 Α

3332 367 3445 438 ιη’

2331 516 2566 558 ΑΝΝΑιεε
2599 513 2994 558 ιωιιιεεεηεεθ.

2258 632 2289 667 ,
2516 590 2804 647 DCCXCll.
3337 646 3344 652 ,

1944 692 1967 722 α
2005 680 2259 737 Haeresis
2277 679 2549 737 Feliciana
2568 680 2744 750 primo
2771 680 2787 710 ¹
2814 678 2888 734 ibi
2913 677 3267 734 condemnata
3295 679 3317 711 ³
3339 688 3444 747 est,

1873 787 2034 842 quem
2054 770 2440 842 Anghilbertus
2481 771 2534 839 ³,
2562 772 2630 827 ad
2664 770 3029 842 praesentiam
3071 768 3297 826 Adriani
3320 787 3451 842 apo-

1875 865 2049 921 stolici
2082 865 2307 920 adduxit
2328 864 2446 931 ‘,et
2466 863 2808 920 confessione
2828 862 2970 918 facta
2998 877 3153 919 suam
3181 863 3450 918 haeresim

1875 955 2074 1011 iterum
2124 955 2417 1010 abdicavit.
2468 953 2783 1010 Coniuratio
2829 961 3020 1009 contra
3066 966 3249 1024 regem
3281 967 3313 1006 a
3340 952 3450 1009 lilio

1876 1046 1993 1102 eius
2020 1044 2244 1116 Pippino
2269 1043 2431 1109 facta,
2461 1044 2672 1100 detecta
2712 1053 2767 1099 et
2795 1058 3089 1115 conpressa
3116 1051 3220 1098 est.
3251 1043 3454 1099 Eodem

1876 1151 2019 1192 anno
2041 1135 2244 1190 nullum
2269 1136 2376 1191 iter
2396 1135 2687 1192 exercitale
2714 1135 2916 1191 factum
2966 1144 3069 1191 est.
3093 1134 3239 1191 Pons
3291 1151 3456 1207 super

1878 1227 2088 1299 navigia
2117 1226 2336 1281 ﬂumina
2381 1226 2713 1284 transeuntia
2757 1224 2934 1280 factus
2954 1232 3058 1291 est,
3088 1224 3342 1280 anchoris
3399 1232 3458 1280 et

1878 1320 2099 1375 funibus
2130 1318 2207 1373 ita
2254 1317 2587 1382 cohaerens,
2636 1326 2699 1372 ut
2746 1316 2894 1387 iungi
2921 1325 2979 1372 et
3022 1314 3241 1371 dissolvi
3262 1315 3453 1385 possit.

1878 1413 1946 1468 Et
1973 1411 2264 1468 celebravit
2299 1411 2528 1467 domnus
2557 1424 2653 1465 rex
2678 1409 2915 1464 natalem
2952 1408 3162 1463 Domini
3186 1406 3280 1475 ibi,
3304 1407 3457 1463 simi-

1878 1503 2005 1559 liter
2036 1503 2237 1572 pascha
2262 1500 2595 1557 celebratum
2615 1507 2702 1558 est
2722 1499 2764 1555 '.
2784 1499 2854 1557 Et
2882 1498 3171 1557 inmutavit
3194 1513 3254 1555 se
3276 1512 3459 1553 nume-

1880 1610 1975 1651 rus
1999 1607 2266 1651 annorum
2288 1599 2344 1647 in
3134 1599 3147 1614 '

186 1797 400 1851 duetus
448 1793 469 1826 '
512 1791 577 1847 ad
611 1789 871 1862 palatium
908 1784 1143 1855 regis—
1170 1795 1297 1835 nam
1343 1778 1366 1810 "
1406 1778 1452 1832 is
1483 1784 1610 1831 tunc
1638 1772 1780 1844 apud
1806 1816 1850 1877 Β
1886 1788 1887 1791 ‘

186 1884 492 1955 Reginum,
523 1879 806 1936 Baioariac
833 1876 1128 1937 civitatem,
1160 1872 1217 1927 in
1245 1886 1353 1941 qua
1387 1869 1409 1901 ³
1451 1868 1784 1924 hiemaverat

191 1954 484 2030 residebat
503 2000 575 2010 -
598 1969 692 2025 ubi
724 1972 1054 2038 congregato
1080 1962 1457 2032 episcoporum
1483 1954 1715 2012 concilio
1738 1954 1783 1986 ³⁸

188 2065 422 2121 auditus
458 2070 570 2128 est,
616 2068 675 2116 et
702 2073 919 2114 errasse
963 2054 1262 2119 convictus,
1310 2051 1379 2106 ad
1421 2046 1787 2120 praesentiam

189 2156 464 2215 Hadriani
503 2151 777 2225 pontificis
814 2148 1045 2204 Romam
1068 2145 1109 2177 “
1158 2142 1392 2207 missus,
1439 2139 1515 2195 ibi
1537 2138 1580 2170 ³³
1621 2137 1789 2191 etiam

190 2263 389 2307 coram
417 2246 534 2317 ipso
557 2244 601 2277 “
641 2243 696 2301 in
731 2240 956 2299 basilica
982 2236 1128 2294 beati
1155 2233 1304 2291 Petri
1332 2230 1563 2304 apostoli
1599 2231 1791 2289 haere-

191 2359 319 2402 sem
342 2341 387 2374 “
416 2355 569 2397 suam
597 2336 878 2393 damnavit
897 2333 941 2365 ¹⁵
970 2340 1131 2402 atque
1157 2326 1447 2385 abdicavit.
1478 2323 1597 2391 Quo
1620 2321 1787 2387 facto,

190 2434 269 2490 ad
298 2432 578 2489 civitatem
620 2441 773 2484 suam
816 2437 1068 2481 reversus
1103 2427 1207 2476 est.
1254 2418 1402 2488 Rege
1430 2427 1562 2469 vero
1590 2410 1791 2467 ibidem

193 2530 466 2579 aestatem
492 2526 710 2590 agente,
738 2514 881 2570 facta
909 2520 995 2569 est
1021 2516 1209 2567 contra
1242 2506 1392 2563 illum
1415 2504 1457 2539 ³⁸
1490 2500 1792 2560 coniuratio

194 2630 232 2671 a
263 2614 383 2670 ﬁlio
423 2627 521 2668 suo
564 2610 792 2673 maiore,
830 2605 1049 2662 nomine
1079 2600 1324 2672 Pippino,
1371 2605 1427 2654 et
1466 2594 1793 2665 quibusdam

196 2701 459 2766 Francis,
501 2699 593 2770 qui
635 2713 696 2755 se
736 2695 1119 2753 crudelitatem
1159 2687 1457 2746 Fastradae
1483 2687 1524 2718 "
1573 2683 1794 2756 reginae

197 2792 351 2850 ferre
373 2806 480 2847 non
502 2804 661 2860 posse
685 2784 1082 2844 adseverabant
1104 2781 1174 2849 ³⁸,
1198 2788 1362 2850 atque
1384 2776 1506 2833 ideo
1527 2776 1582 2831 in
1604 2788 1793 2835 necem

196 2884 350 2957 regis
390 2881 857 2953 conspiraverant.
910 2876 1060 2944 Quae
1100 2888 1222 2930 cum
1265 2885 1367 2943 per
1402 2867 1724 2925 Fardulfum
1749 2864 1792 2897 “
1868 2900 1871 2901 ν

198 2975 619 3048 Langobardum
664 2973 874 3029 detecta
900 2970 948 3002 ’°
975 2967 1229 3032 fuisset,
1276 2965 1393 3035 ipse
1439 2963 1509 3018 ob
1540 2960 1794 3019 meritum

198 3068 335 3127 ﬁdei
358 3073 604 3122 servatae
630 3060 960 3119 monasterio
982 3057 1157 3115 sancti
1176 3053 1403 3112 Dionisii
1425 3053 1657 3111 donatus
1682 3057 1791 3115 est,

198 3167 463 3215 auctores
489 3171 619 3212 vero
647 3151 1040 3231 coniurationis
1067 3158 1129 3204 ut
1155 3148 1237 3203 rei
1266 3143 1633 3208 maiestatis,“
1670 3157 1795 3213 par-

194 3253 303 3307 tim
336 3250 512 3323 gladio
539 3248 706 3314 caesi,
737 3246 937 3317 partim
964 3241 1223 3316 patibulis
1253 3236 1536 3308 suspensi,
1566 3237 1636 3292 oh
1671 3251 1788 3290 me-

196 3346 441 3402 ditatum
475 3341 655 3399 scelus
685 3340 780 3397 tali
814 3344 989 3393 morte
1022 3332 1238 3389 multati
1266 3336 1412 3386 sunt.
1462 3329 1578 3384 Rex
1610 3334 1791 3383 autem

197 3440 433 3511 propter
467 3430 670 3486 bellum
711 3443 833 3484 cum
876 3424 1048 3486 Hunis
1092 3428 1406 3490 susceptum
1448 3418 1504 3473 in
1543 3416 1792 3472 Baioaria

197 3505 431 3588 Sedens,
462 3528 683 3594 pontem
711 3516 979 3582 navalem,
1010 3530 1117 3585 quo
1144 3513 1200 3568 in
1227 3508 1476 3567 Danubio
1502 3507 1570 3562 ad
1599 3506 1653 3561 id
1680 3505 1796 3562 bel-

199 3615 325 3673 lum
350 3621 617 3678 uteretur,
649 3608 977 3671 aedificavit,
1010 3606 1193 3675 ibique
1216 3600 1453 3658 natalem
1486 3598 1705 3654 Domini
1739 3604 1797 3656 et

200 3713 466 3773 sanctum
492 3702 697 3776 pascha
723 3698 1038 3757 celebravit.

837 3784 1147 3843 DCCXCIII.

271 3901 421 3960 yum
445 3899 542 3940 rex
566 3880 768 3938 bellum
793 3895 824 3934 a
847 3893 905 3934 se
933 3877 1246 3933 inchoatum
1267 3874 1313 3905 ³³
1344 3872 1615 3931 conticere
1631 3871 1679 3905 ³³
1707 3887 1800 3928 cu—

207 3987 392 4055 peret,
437 3984 493 4032 et
534 3971 869 4041 Pannoniam
908 3969 1110 4025 iterum
1149 3973 1335 4037 petere
1374 3964 1728 4036 disposuisset
1753 3962 1801 3995 ”

210 4068 510 4127 allatum“
550 4073 655 4132 est,
703 4063 888 4134 copias
915 4076 1051 4132 quas
1080 4057 1448 4115 Theodericus
1475 4072 1660 4112 comes
1702 4070 1802 4127 per

211 4159 448 4217 Frisiam
468 4157 516 4188 ³⁸
551 4154 801 4220 ducebat,
837 4152 895 4208 in
926 4165 1065 4221 pago
1095 4147 1329 4204 Hriustri
1354 4148 1398 4180 ³⁷
1447 4146 1477 4187 ιι
1507 4146 1656 4201 iuxta
1684 4144 1802 4201 Wi-

207 4263 406 4307 suram
433 4246 652 4303 fluvium
672 4244 719 4277 ³⁸
748 4259 779 4299 a
808 4241 1115 4309 Saxonibus
1138 4253 1260 4295 esse
1282 4237 1611 4307 interceptas
1642 4244 1805 4306 atque

211 4343 446 4401 deletas.
497 4338 663 4397 Cuius
706 4337 786 4391 rei
831 4333 1022 4391 nuntio
1065 4337 1324 4402 accepto,
1372 4329 1804 4400 magnitudinem

209 4430 407 4489 datuni
433 4426 800 4490 dissimulans,
830 4424 935 4478 iter
963 4422 1017 4477 in
1046 4418 1383 4476 Pannoniam
1417 4417 1709 4473 intermisit
1734 4418 1803 4475 ".

608 4532 1002 4594 VARIANTES
1038 4530 1442 4587 LECTIONES.

335 4614 352 4645 ¹
376 4627 424 4667 c.
456 4627 506 4667 e.
534 4611 588 4668 7.
688 4610 708 4639 ³
734 4608 920 4662 literas
944 4605 996 4658 7.
1023 4604 1077 4658 9.
1107 4611 1422 4657 constanter.

214 4687 239 4717 ⁸
266 4675 811 4755 pertinacissime_9.'
862 4676 894 4755 ‘_
910 4673 1177 4755 opinionis
1203 4673 1267 4755 θλ
1331 4671 1489 4755 °_re_gi
1519 4672 1568 4725 1.
1630 4749 1640 4755 _
1710 4670 1809 4755 du.-

216 4741 352 4812 ct'us
387 4761 472 4808 est
491 4753 544 4807 7.
643 4751 665 4780 ⁸
691 4749 831 4802 deest
863 4747 915 4800 7.
947 4741 1038 4815 qui
1062 4752 1208 4815 tunc
1235 4741 1300 4815 9A.
1362 4741 1382 4815 χ
1409 4741 1571 4815 igua
1593 4749 1648 4815 et
1671 4741 1727 4796 h.
1752 4741 1806 4815 9.

218 4811 522 4879 “consilio
549 4820 688 4875 5.7.
796 4817 836 4849 η
865 4811 1074 4871 roniani
1101 4814 1153 4867 7.
1264 4813 1306 4843 η
1333 4812 1423 4866 ubi
1448 4811 1501 4866 δι
1534 4812 1586 4865 7.
1615 4812 1669 4866 9.
1766 4811 1809 4844 η

215 4897 371 4957 deest
400 4893 455 4948 4.
485 4893 536 4948 5.
569 4891 621 4945 6.
711 4890 755 4921 ³³
779 4883 1181 4957 Ιιθνρείωἶ).⁸4.
1214 4881 1352 4957 5.-6.
1382 4883 1435 4937 7.
1460 4883 1519 4957 9.
1604 4882 1661 4957 ﬁ}
1687 4897 1813 4937 con,

215 4952 408 5022 fessus
431 4971 517 5018 est
538 4963 592 5018 9.
670 4959 714 4991 ¹⁶
739 4974 860 5013 eum
891 4956 944 5010 9.
1023 4955 1062 4986 ¹⁷
1088 4953 1432 5008 fastradanae
1459 4955 1510 5008 7.
1601 4952 1644 4986 ³⁸
1669 4967 1812 5009 assc-

218 5038 426 5093 rebant
448 5034 503 5087 7.
578 5031 620 5064 ³³
645 5027 916 5085 ardulfum
943 5026 994 5079 7.
1078 5024 1124 5055 '°
1148 5023 1443 5093 detactai.
1531 5023 1574 5058 ²¹
1599 5023 1677 5078 rei
1705 5023 1814 5078 lae-

219 5092 326 5164 Sae
359 5120 432 5158 m.
465 5102 519 5157 9.
595 5102 639 5132 ³³
664 5096 1027 5155 inchoandum
1054 5094 1111 5155 ἃς
1185 5093 1232 5125 ³³
1256 5092 1520 5163 perlicere
1548 5093 1600 5164 5.
1635 5093 1688 5147 6.
1764 5092 1812 5125 "

220 5175 561 5232 decrevisset
585 5170 637 5226 9.
666 5167 1035 5225 constituisset
1051 5164 1103 5219 7.
1180 5163 1227 5197 ³⁸
1250 5164 1553 5219 nuntiatum
1573 5163 1627 5218 9.
1653 5178 1706 5217 a.
1730 5170 1814 5218 est

220 5245 351 5305 ei7.
427 5243 472 5275 ³⁸
495 5240 819 5312 phrisiam7.
858 5238 938 5312 _’_"
963 5232 1516 5312 liruistriSZhiriustri
1543 5232 1813 5312 5._riustri

221 5304 283 5372 6.
314 5303 547 5370 rustril.
570 5310 794 5366 brinstri
816 5306 888 5362 al.
913 5306 1109 5361 hriusti
1141 5303 1190 5357 7.
1214 5304 1438 5359 rhiustri
1467 5304 1520 5359 9.
1549 5354 1552 5357 .
1598 5304 1644 5335 ³⁸
1666 5304 1811 5358 deest

222 5390 284 5450 9.
387 5385 433 5417 "
455 5380 765 5440 intermisit.
798 5378 1125 5434 Persuasum
1154 5383 1283 5435 tunc
1312 5374 1426 5445 regi
1455 5381 1574 5428 erat
1599 5373 1647 5431 si
1673 5373 1727 5429 9.

1540 4600 1562 4632 ³
1583 4600 1724 4655 deest
1751 4600 1804 4654 7.
1830 4557 1884 4668 ἶ)

1910 3902 1913 3907 -
1970 3870 2086 3929 Rex
2134 3866 2435 3923 autumnali
2474 3875 2714 3935 tempore
2761 3866 2827 3920 de
2882 3862 3267 3934 Regancshurg
3309 3861 3332 3893 '
3380 3861 3482 3919 iter

1902 3960 2120 4031 navigio
2151 3957 2379 4022 faciens,
2408 3971 2580 4025 usque
2627 3954 2696 4009 ad
2722 3954 2986 4009 fossatum
3037 3967 3288 4023 magnum
3342 3951 3486 4006 inter

1899 4049 2159 4104 Alcmana
2185 4048 2204 4079 ⁷
2236 4046 2263 4086 ἀ
2306 4053 2363 4100 et
2409 4043 2675 4099 lladantia
2704 4053 2727 4081 θ
2759 4041 3044 4112 pervenit,
3099 4040 3282 4110 ibique
3332 4039 3486 4097 missi

1906 4139 2190 4211 apostolici
2217 4153 2340 4209 cum
2375 4134 2588 4207 magnis
2622 4133 2938 4188 muneribus
2964 4131 3293 4203 praesentati
3335 4140 3482 4186 sunt.

1903 4233 1984 4289 lbi
2011 4232 2211 4287 missus
2241 4228 2515 4285 nuntiavit
2554 4227 2598 4291 ⁸,
2632 4224 2875 4281 Saxones
2910 4224 3108 4279 itemm
3139 4223 3300 4279 ﬁdem
3332 4237 3487 4278 suam

1905 4324 2182 4380 fefellisse.
2218 4322 2346 4378 lude
2389 4334 2488 4392 per
2536 4318 2801 4377 Radantia
2846 4317 2903 4372 in
2926 4375 2931 4379 ,
2958 4315 3142 4372 Mohin
3171 4315 3192 4349 ’
3219 4314 3411 4370 navale
3442 4313 3486 4347 "

1906 4415 2010 4469 iter
2032 4427 2316 4488 peragens,
2347 4408 2577 4466 natalem
2592 4407 2807 4464 Domini
2829 4406 3125 4463 celebravit
3146 4405 3225 4471 ad,
3239 4412 3488 4462 sanctum

2318 4721 2704 4780 VARIA‘NTES
2740 4719 3138 4777 LECTIONES.

1930 4860 1947 4874 ’
1986 4880 2002 4913 ³
2043 4878 2297 4949 primitus
2342 4877 2526 4933 audita
2580 4884 2629 4949 et
2659 4875 2714 4929 in
2751 4872 3115 4949 reganesburg
3148 4870 3325 4949 primo
3361 4886 3493 4949 con-

1913 4941 2168 5007 demnata
2187 4957 2273 5005 est
2290 4949 2344 5009 5,
2438 4951 2459 4977 ³
2485 4941 2875 5016 condempnata
2903 4943 2975 5016 5.__
3052 4941 3073 4973 ³
3090 4941 3412 5016 ‘angibertus
3436 4943 3492 5000 ϐ.

1916 5019 2336 5091 angilbertus-7.
2435 5017 2458 5049 ⁸
2502 5012 2857 5091 abdicav'itﬁ.
2918 5083 2930 5091 -
2955 5014 2978 5045 ⁸
3003 5012 3193 5091 possit.
3227 5012 3303 5068 lbi
3334 5023 3494 5091 nata;

1918 5083 2025 5147 lem
2065 5090 2267 5145 domini
2298 5098 2360 5144 et
2413 5087 2617 5157 pascha
2663 5083 2961 5157 celebravit
3004 5083 3227 5157 carolus
3257 5098 3373 5157 rex.
3429 5084 3499 5139 Et

1916 5163 1970 5217 7.
2045 5160 2067 5191 ⁸
2112 5154 2442 5229 ragnesburg
2513 5157 2566 5209 5.
2626 5154 2960 5229 regansburg
3010 5154 3462 5229 ‘6.”ragenisbur

1919 5232 1973 5285 7.
2048 5232 2068 5263 τ
2101 5224 2377 5284 aliinanna
2414 5224 2645 5281 'correct.
2683 5224 2965 5279 alemanna
3001 5224 3053 5279 6.
3082 5224 3403 5293 Alcmanum
3440 5224 3493 5279 7.

1918 5300 2307 5426 l:oillilia‘natiint‘isus
2337 5296 2601 5353 nuntiavit
2621 5296 2672 5350 7.
2780 5293 2802 5325 ³
2846 5296 3064 5351 mochin
3110 5297 3162 5349 7.
3209 5295 3411 5350 mohim
3440 5295 3494 5355 8.

1995 5386 2175 5428 navan
2212 5386 2266 5426 0.

1722 5463 1957 5535 ΝΟΤᾸ-Σ.

304 5580 336 5613 ι
375 5564 454 5619 La
484 5562 591 5620 Seu
613 5558 845 5628 αὐτ-ρει.

304 5636 340 5680 ιι
358 5622 1219 5704 Rustriugen,in'sinistraWiserte
1234 5622 1817 5704 mare‘inliuentisﬁpa:

1920 5567 2043 5634 mus
2070 5566 2194 5607 eum
2213 5548 2478 5634 ghesnius
2503 5561 2570 5602 ex
2607 5546 2792 5634 codice
2824 5546 2859 5603 5
2885 5547 2939 5602 in
2982 5555 3184 5609 textum
3218 5558 3498 5634 receptum

1929 5623 2026 5678 toti
2053 5619 2348 5676 narrationi
2390 5619 2704 5688 prteposuit,
2732 5632 3017 5688 perperam
3042 5627 3101 5673 ut
3143 5619 3361 5689 opinor,
3386 5619 3500 5676 lucc

307 5716 336 5749 ο
378 5706 557 5761 Locus
575 5689 649 5757 de
680 5689 1079 5757 'cou'uratione
1107 5695 1330 5778 detecta
1364 5694 1517 5750 deest
1569 5695 1626 5750 in
1667 5689 1820 5760 7,'8?
1925 5694 2070 5750 enim
2094 5706 2257 5747 causa
2287 5689 2449 5744 fuerit
2501 5691 2643 5759 quod
2689 5704 2748 5744 se
2788 5690 2935 5744 uenti
2979 5690 3262 5745 sententiae
3311 5705 3508 5757 vocem

332 5779 365 5825 9
401 5778 454 5825 ιι.
482 5774 569 5825 to.
596 5773 679 5825 Η.
707 5770 764 5825 In
798 5716 991 5825 Annal.
1025 5765 1337 5825 Emnhardi,
1368 5764 1521 5820 Fuld.
1552 5765 1607 5825 5,
1631 5765 1685 5825 6.
1726 5765 1811 5825 l2,
1924 5760 2294 5825 Reganesburg
2320 5760 2618 5816 intruderet
2642 5768 2695 5816 et
2726 5706 2827 5817 uita
2859 5774 3073 5825 quoque
3101 5759 3428 5818 immutaret.

223 5782 289 5845 9,
332 5779 365 5834 9
401 5778 454 5839 ι»,
482 5774 569 5839 to,
596 5770 764 5845 H._ln

226 5835 636 5912 {narrationi'de
688 5840 879 5912 lueresi
902 5835 1220 5912 subjicitur;
1242 5835 1475 5912 ubinam
1502 5835 1603 5890 loci
1646 5837 1814 5912 inco-

216 5905 364 5987 Bicc
386 5921 422 5974 2
444 5916 733 5973 collocatus
777 5911 959 5979 fuerit,
989 5905 1113 5966 folio
1139 5907 1322 5964 exciso
1367 5905 1662 5976 ignoratur.
1699 5907 1815 5964 l’ri-

846 5769 991 5849 nnal.
1012 5765 1344 5849 Pginliard‘i,
1368 5764 1521 5849 Fuld:
1552 5765 1607 5848 53
1631 5765 1685 5849 (ξ,
1726 5765 1811 5832 i2,

1924 5760 2294 5844 Regagesburg
2320 5760 2618 5844 intruderet
2642 5768 2695 5816 et
2726 5759 2827 5817 alia
2859 5774 3073 5829 quoque
3101 5759 3428 5818 immutaret.

1993 5828 2022 5873 σῖ
2062 5832 2155 5886 Die
2188 5828 2436 5885 Alimfdtl.
2764 5850 2765 5853 η

1996 5918 2018 5946 ο
2062 5904 2155 5958 Dic
2184 5901 2426 5959 Iicduitz.
