3960 6346
558 349 667 406 με

1016 472 1249 513 Ακκλιεε
1281 469 1676 512 ιλυιιιεεεκεεε.

560 570 864 628 Chilianum
889 571 942 624 in
972 569 1318 641 \V'irzinburg
1351 567 1389 624 ¹.
1416 567 1487 623 Et
1505 566 1801 636 inmutatus
1823 573 1908 623 est
1944 577 2132 620 nume-

559 678 656 720 rus
677 677 939 719 annorum
968 678 1020 715 Ill

1619 334 1995 414 EGINIIARDI
2029 328 2316 390 ABBATIS
2349 324 2667 384 ANNALES

3610 332 3681 392 lii

2730 453 2964 496 ANNALES
2995 453 3290 496 ECINHABDI.

2157 450 2208 510 Α

2234 558 2452 613 Etcum
2481 555 2531 610 ei
2563 567 2880 624 persuasum
2920 560 3064 606 esset
3104 566 3134 604 a
3175 552 3496 621 quibusdam,
3521 557 3593 626 qui
3625 561 3686 616 id‘

2233 650 2336 706 sibi
2383 654 2716 718 compertum
2763 659 2884 700 esse
2926 643 3196 706 dicebant,
3222 645 3355 712 quod
3401 645 3441 700 si
3485 647 3596 703 inter
3623 651 3690 706 Ra-

2213 737 2474 793 dantiam
2503 739 2523 768 ³
2561 745 2617 790 et
2650 735 2967 791 Alomonam
3005 733 3026 765 ³
3076 733 3262 789 fluvios
3297 735 3564 792 eiusmodi‘
3601 741 3690 797 fossa

2233 828 2537 890 duceretur,
2572 841 2714 895 quae
2755 835 2903 879 esset
2942 823 3159 877 navium
3200 840 3362 895 capax
3385 827 3418 888 ³,
3466 842 3593 896 posse
3617 846 3694 900 per.

2232 917 2511 974 commode
2533 917 2554 947 ⁸
2590 931 2620 970 a
2661 916 2680 948 ⁷
2717 914 2963 969 Danubio
3000 913 3054 968 in
3098 912 3338 968 Rhenum
3363 916 3590 985 navigari,
3614 921 3695 987 quia

2233 1010 2427 1065 borum
2479 1007 2768 1061 fluviorum
2804 1005 2942 1061 alter
2963 1005 2984 1035 ⁸
3020 1005 3281 1069 Danubio,
3310 1005 3438 1060 alter
3462 1006 3612 1061 Moeno
3635 1012 3697 1064 mi-

2232 1109 2433 1166 scetur,
2454 1100 2737 1155 confestim
2761 1113 2881 1154 cum
2901 1098 3047 1153 omni
3071 1097 3325 1152 comitatu
3363 1113 3454 1152 suo
3473 1099 3528 1152 ad
3549 1099 3697 1154 locum'

2229 1195 2400 1260 venit,
2424 1210 2487 1249 ac
2511 1209 2705 1264 magna
2732 1192 3009 1247 hominum
3035 1190 3367 1245 multitudine
3387 1197 3698 1262 congregata“,

2235 1294 2405 1340 totum
2448 1285 2692 1339 autumni
2742 1293 2956 1353 tempus
2997 1283 3051 1337 in
3086 1297 3152 1336 eo
3181 1297 3339 1352 opere
3374 1287 3700 1352 consumpsit".

2233 1377 2405 1432 Ducta
2451 1385 2536 1431 est
2579 1377 2758 1445 itaque
2796 1375 2838 1406 "
2890 1374 3035 1430 fossa
3083 1375 3224 1429 inter
3265 1375 3541 1445 praedictos
3578 1376 3704 1432 ﬂuvios

2234 1471 2398 1525 duum
2429 1471 2634 1524 milium
2665 1484 2923 1539 passuum
2969 1467 3331 1539 longitudine,
3374 1467 3612 1522 latitudine
3641 1479 3705 1522 tre-

2233 1569 2512 1616 centorum
2537 1561 2764 1630 pedum;
2793 1560 2887 1614 sed
2912 1559 2966 1613 in
2989 1575 3226 1614 cassum.
3259 1557 3385 1612 Nam
3413 1566 3595 1628 propter
3613 1561 3707 1629 iuges

2233 1653 2442 1723 pluvias
2473 1659 2528 1708 et
2567 1659 2792 1716 terram,
2819 1665 2959 1720 quae
2992 1650 3250 1720 palustris
3272 1650 3315 1681 "
3344 1659 3473 1713 erat,
3499 1651 3628 1705 nimio
3650 1652 3709 1704 liu-

2234 1759 2387 1799 more
2411 1743 2456 1776 “
2495 1743 2821 1798 naturaliter
2857 1744 3112 1798 infectam
3138 1744 3202 1808 ",
3237 1757 3366 1814 opus
3398 1743 3528 1811 quod
3555 1743 3710 1796 fiebat“

2159 1804 2208 1864 Β
2237 1835 2537 1890 consistere
2565 1849 2672 1888 non
2701 1833 2906 1904 potuit;
2953 1833 3045 1888 sed
3074 1804 3332 1904 quantum
3363 1833 3567 1887 interdiu
3597 1841 3713 1888 terrae

2231 1939 2262 1978 a
2290 1925 2590 1980 fossoribus
2619 1924 2790 1979 fuerat
2818 1933 3086 1995 egestum,
3116 1932 3323 1979 tantum
3349 1925 3583 1986 noctibus,
3606 1925 3714 1978 humo

2231 2015 2430 2070 iterum
2477 2017 2530 2070 in
2572 2016 2750 2072 locum
2776 2031 2930 2072 suum
2962 2016 3236 2071 relabente
3262 2017 3325 2082 ",
3369 2016 3646 2072 subsidebat.
3681 2015 3715 2072 lu

1192 3099 1504 3159 DCCXCIV.

639 3210 842 3268 Pascha
894 3213 1222 3270 celebratum
1245 3224 1328 3271 est
1372 3216 1428 3271 in
1453 3216 1915 3287 Franconofurt’,
1955 3221 2136 3293 ibique

568 3315 888 3375 congregata
926 3316 1011 3362 est
1034 3307 1053 3340 ³
1090 3307 1310 3364 sinodus
1354 3325 1546 3381 magna
1584 3313 1958 3383 episcOporum
2007 3315 2136 3371 Gal-

569 3393 785 3461 liarum,
807 3396 1216 3464 Germanorum,
1242 3401 1495 3456 Italorum
1513 3403 1555 3470 ⁸,
1582 3403 1635 3458 in
1674 3407 1979 3474 praesentia
2005 3407 2140 3462 iam-

569 3482 667 3538 fati
698 3487 954 3560 principis
983 3497 1038 3544 et
1060 3491 1345 3546 missorum
1373 3493 1554 3548 domni
1586 3497 1863 3565 apostolici
1891 3497 2136 3562 Adriani,

573 3590 802 3644 quorum
832 3580 1048 3634 nomina
1083 3583 1216 3638 haec
1245 3592 1388 3648 sunt,
1417 3585 1778 3642 Theofilactus
1816 3597 1872 3643 et
1911 3589 2142 3659 Stepha-

571 3666 717 3721 nus'
749 3668 1006 3740 episcopi.
1043 3671 1118 3728 lbi
1169 3674 1328 3729 tertio
1365 3675 1724 3732 condemnata
1746 3678 1766 3709 ⁶
1822 3686 1908 3734 est
1945 3681 2140 3734 haere-

569 3757 646 3812 sis
673 3758 694 3789 "
743 3757 1043 3826 Fcliciana,
1095 3780 1258 3833 quam
1297 3766 1694 3822 damnationem
1717 3768 1738 3800 ⁸
1769 3783 1866 3838 per
1909 3772 2142 3827 auctori-

571 3855 736 3903 tatem
785 3861 1088 3908 sanctorum
1134 3862 1348 3925 patrum
1393 3858 1446 3912 in
1490 3858 1627 3913 libro
1663 3860 2139 3931 conscripserunt,

568 3954 730 4006 quem
777 3941 973 3997 librum
1021 3959 1206 4001 omnes
1251 3949 1561 4004 sacerdotes
1609 3951 1858 4006 manibus
1906 3953 2144 4024 propriis

569 4030 1066 4101 subscripserunt’.
1101 4037 1176 4091 lbi
1204 4038 1340 4092 obiit
1367 4039 1631 4094 Fastrada
1658 4041 1699 4072 ⁸⁸
1752 4043 1967 4113 regina,
2005 4053 2060 4099 et
2091 4045 2144 4099 in

570 4126 760 4172 sancto
785 4119 992 4176 Albano
1021 4124 1316 4182 honoriﬁce
1344 4129 1550 4196 sepulta
1584 4137 1667 4184 est
1689 4143 1737 4182 ιι.
1781 4128 2142 4188 Pseudosino-

572 4208 674 4263 dus
697 4211 736 4240 “
775 4209 1106 4267 Graecorum
1126 4255 1140 4279 ,
1183 4233 1346 4285 quam
1377 4217 1510 4271 falso
1539 4220 1819 4288 septimam
1848 4221 2142 4285 vocabant,

571 4309 627 4355 et
653 4316 751 4371 pro
777 4301 817 4332 “
839 4303 1128 4358 adorandis
1153 4305 1477 4376 imaginibus
1506 4306 1768 4372 fecerunt,
1787 4310 1984 4364 reiecta
2014 4320 2146 4366 esta

572 4395 935 4466 pontificibus.
966 4397 1090 4452 inde
1115 4406 1292 4453 motus
1316 4406 1399 4455 est
1423 4401 1695 4456 exercitus
1717 4403 1961 4471 partibus
1985 4404 2149 4460 Saxo-

575 4489 698 4544 niae
730 4505 828 4558 per
857 4493 992 4545 duas
1023 4499 1256 4556 turmas;
1300 4493 1354 4546 in
1391 4509 1498 4548 una
1523 4494 1566 4524 ¹³
1597 4493 1694 4548 fuit
1715 4493 1758 4525 ν’
1788 4495 2017 4552 domnus
2047 4497 2146 4552 Ca-

577 4581 722 4636 rolus
760 4581 1184 4654 gloriosissimus
1213 4599 1309 4639 rex
1335 4603 1348 4638 :
1382 4586 1435 4640 in
1462 4586 1622 4641 aliam
1648 4587 1692 4619 ¹⁸
1719 4589 1868 4643 misit
1894 4590 2152 4644 domnum

975 4962 1366 5023 VARIANTES
1399 4968 1798 5026 LECTIONES.

671 5117 1020 5199 ‘uursinburg
1043 5126 1093 5180 5.
1124 5129 1426 5199 wirzeburg
1446 5129 1499 5184 6.
1525 5129 1848 5198 wirsinburg
1868 5131 1920 5184 7.
1945 5129 2156 5185 wirzin-

587 5189 742 5260 burg.
774 5190 826 5244 8.
905 5194 924 5223 ’
970 5189 1281 5252 fracnofurd
1326 5189 1800 5254 5.Vfranchenfurd
1817 5189 1876 5254 6.
1904 5199 2155 5256 francno-

584 5256 772 5314 furt'7.
844 5261 865 5292 ³
887 5273 969 5318 est
997 5267 1198 5322 dcest6.
1275 5270 1296 5299 ⁸
1323 5269 1592 5323 italiorum
1620 5272 1672 5324 6.
1751 5271 1771 5302 ⁵
1793 5270 2070 5325 stliefanus
2099 5270 2152 5323 2.

584 5327 1018 5410 icondempnata
1053 5337 1104 5389 5.
1139 5339 1188 5391 6.
1223 5409 1228 5410 γ
1286 5341 1304 5370 ⁷
1333 5340 1502 5394 crcsis
1530 5340 1581 5393 2.
1677 5341 1697 5372 ⁸
1722 5341 2156 5410 dampnationem

585 5398 638 5474 6.
714 5400 734 5430 ’
759 5398 1195 5474 conscripserunt
1215 5409 1268 5463 5.
1376 5410 1415 5441 ιο
1439 5410 1745 5466 fastradana
1768 5412 1820 5466 6.
1850 5398 2158 5466 fastradane

757 5474 793 5503 ¹¹
825 5468 1248 5542 pseudasinodus
1277 5479 1328 5532 2.
1445 5482 1486 5513 ¹¹
1512 5481 1774 5537 vocabant
1799 5498 1898 5542 pro
1925 5482 1978 5537 2.
2013 5481 2066 5537 5.
2099 5481 2154 5536 6.

591 5539 635 5570 ⁸³
661 5539 837 5598 υηειιιί
857 5545 906 5599 7.
986 5548 1030 5578 ³⁸
1055 5547 1156 5603 fuit
1185 5551 1300 5620 ipsc
1328 5551 1379 5606 d.
1405 5550 1456 5604 7.
1537 5552 1580 5583 ⁸⁸
1605 5552 1767 5608 alium
1796 5539 1850 5606 2.

2234 2109 2336 2164 hoc
2364 2123 2528 2177 opere
2561 2115 2826 2178 occupato
2854 2108 2895 2139 ¹⁸
2933 2107 3040 2163 duo
3074 2108 3232 2164 valde
3265 2107 3570 2178 displicentia
3598 2107 3648 2161 de
3667 2107 3716 2161 di-

2233 2197 2408 2252 versis
2451 2205 2720 2251 terrarum
2765 2197 3013 2265 partibus
3057 2197 3239 2251 adlata
3283 2203 3430 2262 sunt;
3475 2211 3614 2250 unum
3643 2205 3718 2249 erat

2235 2287 2512 2344 Saxonum
2542 2287 2849 2342 omnimoda
2881 2285 3136 2350 defectio,
3170 2286 3394 2341 alterum
3431 2287 3558 2356 quod
3590 2285 3717 2339 Sam-

2233 2378 2353 2434 ceni
2397 2375 2789 2445 Septimaniam
2830 2375 3059 2447 ingressi
3085 2415 3101 2440 ,
3151 2375 3456 2446 proelioque
3493 2390 3596 2430 cum
3628 2373 3721 2428 illius

2234 2467 2423 2522 limitis
2449 2467 2766 2523 custodibus
2795 2476 2954 2537 atque
2981 2467 3276 2523 comitibus
3314 2476 3563 2531 conserto,
3598 2465 3723 2521 multis

2233 2557 2567 2613 Francorum
2622 2558 2920 2614 interfectis
2947 2599 2962 2623 ,
3017 2558 3257 2614 victores
3310 2559 3376 2613 ad
3427 2574 3513 2614 sua
3563 2557 3722 2627 regressi

2235 2660 2363 2708 sunt
2382 2651 2447 2706 ¹⁹.
2487 2650 2694 2718 Quibus
2725 2650 2886 2706 rebus
2923 2660 3259 2716 commotus,
3308 2653 3363 2707 in
3400 2651 3644 2706 Franciam
3671 2666 3724 2703 rc-

2235 2757 2425 2798 versus
2450 2751 2553 2806 est,
2587 2741 2989 2812 celebravitque
3017 2743 3256 2798 natalem
3289 2742 3491 2798 Domini
3518 2741 3630 2812 apud
3651 2757 3726 2793 san~

2236 2840 2382 2886 ctum
2398 2830 2702 2887 Chilianum
2717 2831 2763 2863 ’θ
2784 2831 2932 2886 iuxta
2951 2832 2993 2863 "
3022 2831 3272 2887 Moenum
3295 2832 3522 2896 fluvium,
3539 2831 3689 2902 pascha
3700 2830 3726 2858 "

2236 2938 2366 2977 vero
2391 2937 2552 2992 super
2575 2923 2804 2977 eundem
2829 2921 3051 2977 fluvium
3077 2923 3133 2979 in
3156 2924 3284 2979 villa
3305 2923 3669 2980 Franconovurd
3684 2921 3726 2982 ",

2238 3011 2292 3066 in
2317 3027 2424 3082 qua
2454 3020 2510 3067 et
2537 3011 2892 3066 hiemaverat.

2873 3119 3188 3178 DCCXCIV.

2309 3214 2421 3270 Rex
2452 3213 3208 3285 proptclmcondemnandam
3231 3215 3278 3247 "
3300 3215 3549 3271 haeresim
3576 3211 3733 3269 Felicia-

2240 3325 2363 3364 nam
2395 3310 2617 3364 aestatis
2653 3308 3064 3377 initio,quando
3095 3317 3152 3362 et
3187 3310 3484 3381 generalem
3514 3306 3659 3380 populi
3680 3303 3733 3360 sui

2239 3408 2561 3462 conventum
2593 3397 2798 3462 habuit,
2815 3397 3103 3452 concilium
3136 3399 3183 3430 ’θ
3213 3400 3566 3471 episcoporum
3589 3413 3642 3452 ex
3661 3409 3737 3448 om—

2240 3490 2398 3544 nibus
2427 3489 2575 3560 regni
2607 3489 2686 3543 sui
2723 3489 3018 3559 provinciis
3057 3490 3109 3544 in
3147 3491 3341 3547 eadem
3376 3491 3491 3546 villa
3521 3499 3737 3558 congrega-

2238 3581 2318 3634 vit
2340 3581 2404 3631 ³⁷.
2424 3579 2721 3633 Adfuerunt
2747 3578 2910 3633 etiam
2940 3578 2993 3632 in
3017 3580 3208 3634 eadem
3232 3581 3434 3652 synodo
3453 3580 3494 3612 ⁸³
3513 3588 3559 3634 et
3576 3579 3614 3609 ”
3629 3572 3741 3646 legati

2241 3680 2463 3726 sanctae
2509 3670 2783 3724 Romanae
2821 3669 3082 3726 ecclesiae
3111 3670 3181 3738 '°,
3225 3668 3741 3744 Theophylactus"ac

2243 3762 2548 3830 Stephanus
2571 3760 2840 3830 episcopi,
2865 3761 3037 3816 vicem
3065 3769 3314 3818 tenentes
3339 3765 3452 3818 eius
3477 3779 3504 3818 a
3529 3778 3617 3832 quo
3639 3748 3742 3814 missi

2241 3862 2367 3908 sunt
2390 3853 2458 3917 ³³,
2489 3851 2744 3906 lladriani
2773 3866 2962 3920 papae.
2986 3851 3041 3905 ln
3081 3867 3190 3922 quo
3221 3854 3271 3886 ³³
3301 3855 3516 3910 concilio
3541 3863 3587 3907 et
3610 3852 3744 3906 haere-

2243 3943 2318 3999 sis
2354 3954 2650 3997 memorata
2688 3942 3044 3996 condemnata
3083 3953 3201 4008 est,
3233 3955 3289 4000 et
3320 3945 3452 4001 liber
3476 3951 3635 3998 contra
3663 3952 3745 3992 eam

2243 4034 2513 4091 communi
2564 4032 2937 4104 episcoporum
2983 4036 3313 4092 auctoritate
3372 4034 3676 4108 conpositus,
3710 4028 3746 4080 in

2631 4167 3020 4223 VARIANTES
3049 4169 3450 4227 LECTIONES.

2345 4284 2362 4316 ι
2404 4283 2532 4352 quid
2593 4281 2767 4352 με.
2884 4281 3198 4352 fradantia,
3246 4286 3294 4338 l.
3349 4285 3401 4338 ἓ.
3452 4279 3682 4352 adantiam

2249 4355 2269 4386 ³
2319 4342 2619 4409 alamonam
2652 4351 2704 4405 5.
2739 4351 2792 4405 5.
2848 4351 3136 4408 alimonam
3165 4353 3218 4407 4.
3273 4355 3590 4408 alomoneam
3615 4349 3658 4401 6.
3699 4342 3752 4396 al-

2249 4419 2469 4479 monum
2502 4424 2553 4478 9.
2705 4421 2725 4452 ⁸
2750 4422 2889 4475 deest
2919 4423 2971 4476 9.
3071 4423 3093 4454 ⁵
3117 4422 3262 4478 fossa
3293 4425 3503 4478 navium
3530 4433 3670 4488 capax
3692 4413 3753 4488 dt}-

2171 4494 2224 4554 D
2249 4504 2462 4550 ceretur
2485 4494 2538 4548 9.
2633 4493 2654 4525 ⁸
2676 4493 2956 4546 commode
2977 4493 3029 4547 9.
3131 4494 3150 4524 ⁷
3176 4509 3206 4548 e
3233 4495 3286 4549 9.
3397 4493 3420 4524 ⁸
3439 4481 3704 4564 quodaller
3716 4481 3753 4533 9.

2257 4567 2276 4598 ⁸
2305 4582 2400 4619 suo
2423 4581 2488 4619 eo
2507 4564 2558 4618 9.
2655 4565 3154 4633 “congregataque
3183 4553 3757 4621 hominnm'multitudiue

2259 4637 2472 4706 (magna
2502 4632 2666 4704 deest)
2696 4632 2748 4685 9.
2839 4632 2844 4633 ⁷
2897 4633 3282 4706 ξιλοοῃορριυιη
3304 4666 3373 4706 τ-
3396 4647 3512 4706 ossa
3531 4660 3592 4670 --
3611 4642 3692 4697 qua
3709 4649 3754 4706 -έ

2257 4702 2492 4761 danubio
2522 4702 3090 4758 moeno—multitudo
3111 4704 3163 4756 2.
3196 4704 3476 4759 confestim
3497 4710 3652 4755 autem
3672 4705 3755 4761 eun!

2259 4757 2359 4829 6.”
2392 4775 2434 4804 ¹²
2459 4774 2597 4826 deest
2626 4773 2679 4826 9.
2767 4773 2809 4802 ¹³
2834 4757 3089 4845 plaustris
3120 4775 3166 4825 l.
3201 4757 3590 4845 2.7777'7‘umore
3703 4757 3760 4845 "'

2261 4846 2486 4900 humore
2526 4849 2714 4911 suapte
2749 4838 2939 4895 natura
2979 4843 3238 4897 imbutam
3264 4845 3316 4899 9.
3367 4838 3664 4911 nataliter_3_.
3702 4838 3758 4911 itI‘

2261 4914 2401 4969 fecta
2431 4912 2484 4966 4.
2516 4913 2568 4967 5.
2601 4908 2652 4966 6.
2690 4981 2698 4982 ί
2756 4911 2798 4942 ¹⁶
2821 4919 3070 4982 coeptum
3095 4928 3230 4982 opus
3254 4916 3308 4968 5.
3337 4915 3390 4969 9.
3481 4913 3518 4945 ³⁷
3545 4908 3758 4982 τθιιιιηηξθ

2261 4984 2312 5037 7.
2351 4983 2654 5038 relabentes
2677 4981 2732 5035 2.
2839 4981 2881 5012 ⁸⁸
2903 4970 3165 5050 occupan
3193 4985 3307 5050 regi
3337 4984 3393 5038 7.
3494 4982 3533 5013 "
3557 4983 3702 5050 essem
3721 4970 3763 5048 ’ξι

2271 5001 2312 5037 ι.
2351 5001 2654 5038 manentes
2677 5001 2732 5035 τ.
2839 5001 2881 5012 ὐ
2903 5001 3165 5050 OCCllpaIO
3193 5001 3252 5038 re
3294 5003 3307 5038 ι
3347 5001 3393 5038 ι.
3497 5001 3532 5013 ’τ
3557 5001 3702 5036 essem
3727 5001 3763 5048 μ

2258 5055 2305 5129 ξ’
2331 5055 2588 5129 kilianum
2617 5055 2670 5129 ἦ.
2867 5051 2920 5104 9.
2954 5050 3228 5129 lglianum
3393 5125 3404 5129 Δ
3458 5053 3570 5129 "_in
3595 5046 3763 5129 una:

2258 5124 2431 5194 burgo
2461 5123 2606 5194 iuxta
2634 5123 2687 5177 9.
2766 5123 2811 5152 ”
2838 5122 3110 5194 paschalis
3130 5140 3261 5178 vero
3287 5124 3406 5180 festi
3435 5122 3760 5194 solemnitatem

2257 5193 2311 5248 9.
2365 5187 2431 5226 ’³³
2454 5187 2914 5249 Γνθηοοηοιιιιτίῦ.
2942 5191 2996 5244 4.
3034 5193 3433 5250 franconouuro
3456 5194 3504 5247 5.
3532 5191 3576 5246 6.
3605 5187 3762 5253 franco-

2258 5263 2442 5319 nofurt
2467 5266 2520 5318 9.
2568 5265 2613 5295 ”
2645 5263 2711 5316 ad
2737 5263 2798 5335 9.Δ
2866 5263 2914 5293 ’⁵
2943 5262 3538 5335 condempnationem2.
3665 5265 3760 5308 con-

2261 5335 2441 5389 silium
2471 5335 2521 5388 6.
2597 5335 2639 5366 "
2663 5332 2889 5388 eandem
2919 5333 3097 5388 villam
3128 5328 3445 5390 convocavit
3473 5333 3520 5385 7.
3589 5328 3761 5393 "synta-

2264 5405 2335 5459 do
2367 5407 2414 5459 l.
2500 5405 2544 5436 ³³
2569 5405 2708 5458 deest
2747 5404 2799 5474 εξ.
2833 5404 2885 5456 9.
2963 5405 3008 5434 ³ο
3040 5405 3196 5474 legati
3225 5407 3428 5460 romani

2266 5475 2312 5577 3
2343 5476 2732 5602 ggegphilactus
2753 5471 2805 5525 6.
2839 5471 3191 5543 teophilac‘tus
3211 5476 3262 5530 4.
3296 5475 3349 5530 5.

2163 3141 2208 3203 C

3470 5389 3701 5470 ponlific'is

3451 5459 3492 5504 ³³
3521 5471 3702 5525 fuerant
3723 5459 3760 5512 9-

2075 5684 2307 5744 NOTAE.

659 5779 684 5808 ⁸
711 5769 1080 5842 Epitaphium,
1111 5776 1252 5844 quod
1283 5775 1441 5833 hodie
1472 5776 1542 5832 ibi
1573 5779 1919 5850 conspicitur,
1961 5779 2229 5837 recentius
2254 5784 2354 5844 est,
2382 5783 2437 5833 et
2465 5774 2605 5832 inter
2628 5774 3009 5847 lnscriptiones
3032 5785 3245 5835 nostras
3272 5773 3542 5834 referetur.

3826 2426 3827 2472 1

3827 2500 3829 2542 |

3829 2588 3831 2628 1

3832 2678 3833 2712 1

3834 2768 3835 2796 1

3836 2856 3837 2880 1

3838 2946 3839 2968 1

3840 3036 3841 3070 1

3841 3124 3843 3158 1
