3960 6346
269 353 383 411 ηδ

769 484 1002 524 ANNAIJZS
1034 485 1339 526 EGINIIARDI.

261 570 378 626 quo
415 568 605 628 omnes
637 558 868 628 propriis
903 560 1150 615 manibus
1179 561 1195 590 ¹
1229 562 1680 632 subscripserunt.
1735 561 1838 634 Sy-

261 649 444 705 nodus
491 649 686 714 etiam,
715 665 852 719 quae
879 662 1002 706 ante
1027 667 1225 722 paucos
1255 669 1424 709 annos
1453 655 1506 708 in
1536 655 1555 684 ’
1583 653 1841 710 Constan-

259 736 493 807 tinopoli
521 740 619 794 sub
647 739 856 796 Herena
883 741 901 772 ³
933 752 988 797 et
1015 742 1369 798 Constantino
1417 745 1527 800 ﬁlio
1562 747 1677 801 eius
1711 763 1840 802 con-

257 838 523 900 gregata,
569 840 622 884 et
664 833 733 885 ab
777 832 880 902 ipis
918 848 1024 888 non
1065 835 1236 889 solum
1266 835 1288 865 ⁸
1344 837 1567 906 septima
1593 878 1607 904 ,
1649 853 1838 892 verum

254 921 430 976 etiam
459 921 774 977 universalis
816 932 898 978 est
924 924 944 955 ³
967 924 1254 994 appellata,
1280 933 1460 982 utnec
1483 928 1710 998 septima
1735 945 1837 984 nec

253 1010 584 1066 universalis
638 1012 927 1067 haberetur
957 1014 1294 1071 dicereturve
1325 1016 1367 1082 ⁸,
1399 1018 1551 1087 quasi
1583 1034 1832 1091 superva-

249 1117 360 1156 cua
391 1102 444 1156 in
477 1110 677 1167 totum,
711 1104 776 1158 ab
806 1105 1056 1160 omnibus
1085 1107 1329 1161 abdicata
1363 1117 1464 1162 est.
1507 1107 1715 1164 Mortua
1753 1117 1838 1164 est

248 1193 328 1246 ibi
363 1202 415 1247 et
444 1195 465 1224 "
505 1193 765 1248 Fastrada
809 1197 991 1267 regina
1011 1239 1024 1261 ,
1054 1206 1107 1252 et
1137 1185 1457 1270 Mogontiaci
1486 1201 1507 1232 ⁸
1537 1201 1675 1270 apud
1707 1218 1832 1256 san-

246 1291 403 1337 ctum
434 1282 697 1338 Albanum
729 1288 955 1355 sepulta.
1004 1289 1210 1356 Quibus
1257 1292 1512 1360 peractis,
1538 1308 1631 1346 rex
1656 1294 1834 1363 biper-

245 1373 354 1427 tito
375 1375 615 1428 exercitu
638 1374 704 1428 Sa
715 1377 927 1430 xoniam
951 1387 1134 1446 petere
1152 1381 1361 1444 statuit,
1379 1395 1443 1434 eo
1459 1381 1707 1436 videlicet
1723 1397 1834 1436 mo-

241 1465 341 1529 do,
376 1473 433 1518 ut
472 1465 584 1534 ipse
616 1482 735 1520 cum
765 1467 985 1523 dimidia
1023 1477 1176 1539 parte
1201 1471 1474 1542 copiarum
1508 1473 1576 1527 ab
1609 1473 1830 1528 australi

239 1563 404 1622 parte
429 1555 681 1621 intraret,
708 1556 903 1613 Karlus
923 1559 944 1588 ’
969 1575 1098 1614 vero
1123 1559 1262 1616 ﬁlius
1284 1562 1400 1616 eius
1423 1577 1544 1615 cum
1568 1562 1672 1616 alia
1719 1579 1831 1618 mc-

238 1645 454 1700 dietate
479 1647 722 1702 Rhenum
752 1649 892 1720 apud
919 1649 1195 1705 Coloniam
1227 1653 1512 1719 traiceret,
1541 1662 1594 1708 et
1619 1655 1671 1708 in
1697 1669 1825 1710 ean-

236 1740 370 1794 dem
404 1742 676 1811 regionem
710 1743 778 1798 ab
805 1745 1084 1800 occidente
1110 1746 1336 1800 veniret.
1360 1745 1477 1814 Quo
1507 1746 1672 1814 facto,
1700 1747 1826 1805 licet

235 1830 492 1888 Saxones
529 1832 583 1887 in
614 1848 803 1904 campo
842 1835 932 1904 qui
973 1834 1237 1893 Sinotfeld
1263 1837 1307 1868 ¹⁰
1342 1849 1365 1879 ει
1394 1847 1638 1905 vocatur,
1667 1841 1823 1910 quasi
1850 1843 1900 1904 B

236 1921 514 1998 proelium
543 1938 813 1998 cumrege
843 1926 1183 1983 commissuri
1210 1928 1612 1994 consedissent,
1643 1928 1825 1999 ibique

237 2018 542 2073 adventum
571 2018 688 2071 eius
713 2017 1091 2088 opperirentur
1113 2017 1178 2082 ¹¹,
1204 2017 1403 2072 amissa
1422 2017 1682 2073 victoriae
1705 2033 1820 2089 spe,

233 2125 408 2181 quam
435 2109 534 2164 sibi
562 2108 721 2178 paulo
748 2117 872 2164 ante
899 2107 1035 2164 falso
1064 2109 1107 2140 "
1136 2109 1546 2179 pollicebantur,
1577 2110 1644 2162 ad
1675 2107 1823 2165 dedi-

232 2203 446 2262 tionem
476 2216 664 2255 omnes
693 2200 936 2256 conversi
967 2206 1120 2262 sunt,
1152 2200 1387 2268 victique
1425 2200 1541 2253 sine
1581 2199 1785 2268 proelio
1805 2241 1820 2263 ,

232 2295 386 2364 regis
415 2293 639 2348 victoris
661 2293 916 2364 potestati
945 2308 1002 2347 se
1029 2291 1398 2347 subdiderunt.
1429 2291 1700 2346 Dederunt
1729 2291 1821 2361 igi-

231 2395 329 2440 tur
363 2385 406 2416 ¹³
433 2385 676 2445 obsides.
707 2393 763 2438 et
792 2384 1136 2439 iureiurando
1167 2384 1324 2438 ﬁdem
1355 2399 1412 2437 se
1451 2383 1562 2452 regi
1601 2397 1820 2437 servare

227 2475 376 2529 velle
410 2474 455 2505 ”
483 2475 868 2544 promiserunt.
899 2473 989 2528 Sic
1015 2475 1214 2529 omisso
1243 2474 1467 2544 proelio,
1495 2483 1547 2528 et
1575 2472 1820 2529 Saxones

227 2563 459 2618 domum
488 2565 690 2618 reversi
722 2571 880 2630 sunt,
907 2571 962 2618 et
990 2579 1080 2618 rex
1103 2606 1118 2628 ,
1152 2565 1467 2619 transmisso
1505 2564 1728 2628 Rheno,
1762 2565 1816 2619 in

224 2652 463 2709 Galliam
511 2669 570 2709 se
617 2655 852 2725 recepit,
903 2663 957 2708 et
1005 2669 1128 2708 cum
1168 2653 1503 2725 Aquasgrani
1547 2654 1809 2720 venisset,

223 2744 436 2802 ibidem
475 2745 716 2801 hibernis
753 2745 982 2808 habitis,
1023 2754 1078 2798 et
1112 2745 1344 2801 natalem
1383 2745 1593 2801 Domini
1628 2753 1681 2802 et
1717 2762 1810 2817 pa-

226 2839 367 2894 scha
400 2837 711 2892 celebravit.

886 2905 1157 2963 DCCXCV

299 2998 640 3068 Quamquam
677 2997 920 3052 Saxones
954 3006 1158 3052 aestate
1186 2998 1477 3066 praeterita
1507 3006 1561 3053 et
1599 2999 1814 3055 obsides

221 3089 540 3154 dedissent,
567 3097 622 3143 et
652 3091 945 3144 secundum
972 3091 1111 3158 quod
1142 3091 1269 3145 iussi
1297 3099 1451 3145 erant
1477 3102 1812 3148 sacramenta

223 3182 639 3244 iurassent,rex
678 3189 857 3233 tamen
893 3180 936 3210 ”
965 3180 1176 3233 illorum
1213 3181 1470 3250 perﬁdiae
1501 3197 1605 3234 non
1642 3182 1811 3237 inme-

224 3287 376 3334 mor,
423 3277 744 3324 conventum
792 3270 1093 3338 generalem
1133 3277 1282 3324 trans
1315 3270 1561 3324 Rhenum
1601 3271 1653 3324 in
1688 3272 1812 3325 villa

224 3362 548 3418 Cuifesstein
567 3363 610 3393 ’⁸
626 3363 675 3424 b,
703 3377 840 3432 quae
862 3377 1024 3431 super
1048 3361 1294 3415 Moenum
1325 3371 1510 3416 contra
1529 3363 1570 3394 "
1595 3362 1812 3434 Mogon-

221 3455 431 3508 tiacum
463 3454 506 3484 ’⁸
537 3453 723 3508 urbem
764 3453 864 3508 sita
903 3461 1005 3519 est,
1044 3469 1194 3508 more
1233 3454 1456 3508 solemni
1494 3455 1697 3520 habuit,
1730 3464 1812 3510 at-

221 3561 334 3615 que
369 3544 496 3598 inde
531 3559 652 3598 cum
697 3544 938 3598 exercitu
983 3543 1272 3597 Saxoniam
1321 3544 1629 3614 ingressus,
1674 3559 1812 3613 pene

220 3647 398 3693 totam
427 3637 730 3708 populando
758 3637 1079 3707 peragravit.
1114 3636 1354 3704 Cumque
1381 3637 1434 3689 in
1463 3652 1656 3707 pagum
1686 3636 1812 3691 Bar-

222 3713 494 3796 dengoi'u
531 3729 897 3798 pervenisset,
941 3738 997 3783 et
1037 3729 1183 3783 iuxta
1221 3727 1393 3782 locum
1443 3729 1534 3798 qui
1575 3729 1809 3784 Barden-

216 3821 334 3875 wih
367 3821 412 3850 ’⁸
445 3830 466 3858 ε
497 3826 722 3873 vocatur
744 3819 935 3889 positis
961 3819 1178 3883 castris,
1211 3817 1546 3881 Selavorum,
1576 3833 1712 3887 quos
1740 3820 1807 3875 ad

219 3924 283 3966 se
312 3911 501 3964 venire
539 3909 804 3972 iusserat,
834 3917 1144 3980 expectaret
1181 3909 1498 3973 adventum,
1543 3909 1721 3963 subito
1757 3911 1808 3963 ei

215 4002 531 4059 nuntiatum
569 4000 1069 4065 est,Witziuum“,
1106 4015 1285 4069 regem
1327 4000 1707 4054 Abodritorum
1737 4003 1805 4066 ”,

215 4109 346 4148 cum
396 4093 573 4147 Albim
609 4092 655 4124 ’³
695 4093 982 4158 traiceret,
1009 4094 1061 4146 in
1109 4093 1394 4163 dispositas
1431 4107 1458 4145 ο
1499 4092 1805 4150 Saxonibus

215 4182 452 4238 insidias
481 4183 532 4236 in
562 4183 676 4253 ipso
704 4183 923 4240 ﬂumine
949 4185 1230 4249 incidisse,
1261 4192 1315 4239 et
1343 4185 1411 4239 ab
1447 4185 1528 4240 eis
1566 4201 1686 4241 esse
1717 4187 1801 4241 in-

213 4272 532 4336 terfectum.
562 4274 712 4340 Quod
745 4274 943 4330 factum
970 4275 1208 4331 animo"
1226 4276 1366 4345 regis
1389 4276 1437 4306 ’⁸
1463 4276 1531 4330 ad
1562 4276 1804 4334 Saxones

611 4364 1001 4419 VARIANTES
1034 4365 1434 4422 LECTIONES.

289 4455 310 4487 ³
349 4467 406 4524 p.
431 4468 504 4507 m.
530 4455 668 4508 deest
692 4457 744 4511 9.
821 4458 840 4487 ²
864 4456 1004 4510 deest
1029 4457 1079 4509 7.
1157 4458 1178 4488 ³
1210 4459 1411 4512 harena
1440 4458 1492 4511 5.
1525 4459 1714 4515 helena
1742 4463 1794 4515 5.

209 4525 268 4580 4.
297 4524 352 4578 6.
379 4524 430 4576 7.
462 4525 610 4580 irene
628 4525 684 4579 9.
787 4527 809 4557 ⁸
849 4535 1054 4582 tantum
1081 4528 1131 4580 7.
1229 4529 1249 4559 ⁸
1285 4537 1402 4582 erat
1422 4530 1474 4581 5.
1499 4531 1553 4583 9.

211 4606 440 4652 ceretur
483 4595 880 4666 habereturque
911 4597 960 4650 7.
1065 4599 1085 4629 ⁷
1125 4598 1265 4651 deest
1295 4598 1346 4650 5.
1377 4598 1430 4651 4.
1464 4600 1516 4653 9.
1615 4601 1636 4631 "
1677 4617 1792 4655 mo-

207 4665 458 4788 guntiaci
480 4665 532 4718 2.
560 4665 612 4720 9.
637 4665 907 4734 mogontia
931 4668 982 4720 3.
1009 4669 1335 4788 mafontiaci
1359 4668 1412 4721 4.
1439 4671 1790 4738 mogonciaco

251 4775 265 4788 .
301 4736 586 4788 monciaco
607 4736 659 4788 6.
735 4735 755 4766 ’
793 4737 1071 4788 camlusl.
1127 4740 1210 4788 .7.
1312 4740 1353 4770 ιο
1394 4739 1711 4788 sinotfelilus
1735 4741 1787 4788 Ξ-

251 4775 265 4788 .
301 4736 586 4790 monciaco
607 4736 659 4789 6.
735 4735 755 4766 ’
793 4735 1210 4792 caroluleJ.
1312 4740 1353 4770 ³ο
1394 4735 1711 4795 sinotfeldus
1735 4741 1787 4796 2.

207 4805 564 4859 sinotfeldum
581 4805 633 4858 5.
650 4806 700 4859 6.
718 4807 942 4861 sinofckl
961 4807 1009 4862 ι.
1027 4808 1338 4864 smetfeldns
1353 4827 1450 4866 ms.
1467 4810 1717 4867 sinotfeld
1736 4811 1786 4866 7.

207 4874 424 4950 sintfelt
453 4876 506 4929 9.
585 4876 1005 4950 {operirentur
1128 4880 1180 4936 6.
1260 4881 1302 4910 ’³
1338 4881 1378 4933 f.
1419 4897 1471 4950 p.
1517 4897 1568 4935 a.
1614 4882 1664 4934 7.
1745 4883 1788 4914 “

207 4946 591 5020 dederamque
613 4945 677 5020 7.
702 4945 715 4947 ⁷
745 4948 869 5020 ’ξ-γ.
897 4964 941 5002 s.
968 4950 1022 5020 ὅ.
1046 4949 1234 5020 9τίνοεί
1258 4945 1474 5005 servare
1497 4967 1554 5006 se
1576 4951 1710 5007 velle
1735 4953 1784 5006 7.

209 5016 258 5047 ’⁸
287 5024 473 5068 autem
493 5015 542 5068 1.
638 5016 970 5073 “cuil'estein
999 5018 1052 5072 2.
1083 5019 1135 5073 5.
1165 5015 1216 5073 ϐῖ
1245 5020 1294 5072 7.
1323 5020 1581 5076 cuﬂ‘esten
1595 5025 1647 5076 5.
1675 5023 1788 5076 cuf-

205 5084 457 5160 fenstein
476 5086 532 5160 9.
592 5087 810 5160 _"eirca
833 5087 914 5160 bal.
942 5099 1128 5144 contra
1159 5090 1209 5144 7.
1239 5091 1384 5145 iuxta
1413 5091 1464 5148 4.
1537 5092 1664 5160 “cf.
1685 5092 1788 5148 794

205 5165 324 5231 net:
419 5155 459 5231 ξ’
475 5156 780 5231 bartlengau
823 5159 875 5231 9.
918 5160 1247 5231 bardengum
1291 5155 1712 5229 ms.hardeng'zoe
1735 5162 1785 5220 7.

207 5225 257 5300 ξ’
296 5224 632 5300 bardemvfih
735 5229 1046 5300 hardemvic
1070 5224 1468 5300 L'bardenwig
1494 5233 1547 5285 3.
1581 5224 1641 5286 9‘.
1667 5232 1791 5286 bar-

1264 359 1406 417 CUM
1445 359 2034 418 LAURISSENSIBUS
2071 362 2380 420 COLLATI.

1659 4533 1679 4561 σ
1716 4531 1874 4598 di-D

3412 375 3518 431 446

1873 478 1924 537 Α
2403 495 2637 536 ANNALES
2672 497 3064 541 ucsrssmsrs.

1942 585 2192 643 Carolum
2235 590 2627 650 noilissimum
2672 593 2840 648 ﬁlium
2889 611 3046 651 suum
3087 612 3183 666 per
3215 597 3514 658 Coloniam.

1942 675 2184 732 Saxones
2204 687 2382 732 autem
2405 691 2793 752 congregantes
2817 699 2876 737 se
2899 684 2952 738 in
2973 700 3181 755 campo,
3204 690 3296 757 qui
3317 690 3521 748 dicitur

1941 769 2180 826 Sinitfelt
2206 773 2246 837 ¹,
2293 785 2680 844 praeparantes
2725 792 2782 831 se
2824 778 2978 846 quasi
3008 779 3075 833 ad
3113 796 3514 852 pugnam,eum

1938 873 2068 913 vero
2095 860 2371 916 audissent
2412 878 2470 917 se
2513 879 2578 917 ex
2622 865 2828 920 duabus
2867 868 3112 936 partibus
3139 886 3259 926 esse
3285 873 3517 930 cireum-

1937 949 2110 1013 datos,
2148 951 2430 1022 dissipavit
2457 955 2598 1007 Deus
2623 956 2848 1011 consilia
2876 971 3062 1013 eorum
3083 1000 3098 1024 ,
3141 969 3228 1026 et,
3271 967 3516 1032 quamvis

1938 1039 2324 1109 fraudulenter,
2364 1054 2420 1099 et
2447 1047 2771 1102 christianos
2798 1050 2817 1079 ’
2849 1065 2908 1104 se
2958 1059 3013 1104 et
3057 1053 3241 1108 ﬁdeles
3265 1054 3285 1085 ³
3316 1055 3516 1112 domno

1937 1133 2051 1204 regi
2086 1133 2108 1163 ⁸
2154 1134 2272 1189 fore
2322 1137 2706 1205 promiserunt.
2765 1139 2881 1195 Rex
2947 1143 3014 1197 ad
3063 1144 3321 1214 palatium
3369 1148 3516 1218 quod

1933 1220 2148 1292 Aquis“
2198 1233 2424 1279 vocatur
2470 1228 2695 1292 rediit“,
2739 1230 2963 1300 ibique"
3013 1235 3248 1289 natalem
3301 1237 3514 1293 Domini

1935 1313 2226 1370 celebravit
2252 1325 2305 1372 et
2327 1317 2548 1387 pascha.
2587 1319 2654 1374 Et
2680 1321 2964 1380 inmutavit
2985 1341 3044 1382 se
3066 1341 3326 1384 numerus
3349 1344 3514 1384 anno-

1935 1421 2054 1460 rum
2084 1423 2138 1461 ιη

2557 2894 2848 2952 DCCXCV.

1987 2991 2044 3044 ln
2072 3004 2180 3059 quo
2209 3004 2303 3045 rex
2334 2989 2498 3044 etiam
2527 2989 2676 3042 venit
2709 2988 2776 3042 ad
2809 2988 2984 3043 locum
3022 2988 3113 3057 qui
3149 2988 3348 3045 dicitur
3371 2990 3498 3046 Cul-

1917 3085 2151 3154 ﬁnstang
2196 3084 2217 3114 ³
2268 3091 2323 3137 et
2372 3082 2472 3137 in’
2520 3083 2838 3138 suburbium
2866 3083 2906 3114 ⁸³
2964 3082 3418 3154 Maganciacensis
3450 3086 3490 3117 “

1839 3191 1882 3254 ρ
1916 3175 2093 3240 urbis,
2139 3182 2194 3229 et
2232 3175 2403 3228 tenuit
2443 3175 2514 3228 ibi
2558 3174 2814 3243 placitum
2853 3190 3029 3229 suum.
3081 3175 3319 3230 Audiens
3342 3193 3495 3244 vero,

1915 3269 2057 3338 quod
2083 3267 2324 3322 Saxones
2347 3282 2496 3321 more
2522 3267 2678 3320 solito
2701 3267 3111 3336 promissionem
3135 3284 3309 3332 suam,
3331 3283 3498 3338 quam

1915 3360 1981 3414 de
2008 3359 2253 3414 habenda
2279 3361 2321 3390 ¹’
2363 3359 2760 3413 christianitate
2795 3368 2850 3412 et
2879 3359 2983 3414 ﬁde
3013 3359 3156 3431 regis
3181 3359 3226 3391 ’³
3265 3362 3495 3416 tenenda

1912 3449 2154 3504 fecerant
2179 3449 2244 3515 “,
2274 3450 2482 3504 irritam
2513 3449 2788 3514 fecissent,
2823 3464 2945 3503 cum
2977 3451 3218 3505 exercitu
3249 3451 3302 3505 in
3327 3450 3497 3507 Saxo-

1914 3541 2058 3596 niam
2090 3541 2366 3611 ingressus
2393 3550 2476 3595 est
2495 3582 2508 3605 ,
2545 3549 2598 3594 et
2625 3556 2796 3609 usque
2827 3541 2892 3595 ad
2921 3539 3138 3594 ﬂuvium
3164 3540 3343 3596 Albim
3370 3556 3495 3611 per-

1910 3634 2087 3699 venit,
2122 3634 2188 3687 ad
2218 3633 2392 3688 locum
2424 3635 2515 3703 qui
2548 3634 2746 3687 dicitur
2774 3632 2952 3687 Hliuni
2983 3633 3026 3664 “‘
3047 3633 3096 3698 δ,
3139 3633 3191 3688 in
3223 3651 3332 3705 quo
3367 3644 3495 3690 tunc

1911 3723 2114 3776 Witzin
2142 3723 2184 3753 ’³
2221 3723 2602 3777 Abodr‘itorum
2629 3723 2670 3754 ¹⁷
2712 3738 2806 3776 rex
2855 3738 2883 3775 a
2933 3721 3236 3778 Saxonibus
3277 3726 3492 3781 occisus

1908 3819 1992 3865 cst
2019 3829 2031 3865 :
2077 3811 2150 3865 ibi
2192 3813 2354 3866 etiam
2384 3802 2650 3867 venerunt
2685 3813 2837 3867 missi
2867 3812 3087 3877 Tudun,
3124 3815 3216 3883 qui
3247 3815 3299 3868 in
3331 3825 3492 3885 gente

1907 3911 1962 3954 et
1996 3916 2159 3971 regno
2184 3901 2484 3954 Avarorum
2521 3916 2773 3970 magnam
2803 3910 3122 3970 potestatem
3162 3902 3393 3958 habebat
3423 3905 3486 3971 ’⁸,

1905 3992 1995 4060 qui
2023 3991 2294 4054 dixerunt,
2325 3991 2468 4060 quod
2497 3990 2637 4044 idem
2665 3990 2706 4020 ¹⁹
2736 3990 2926 4044 Tudun
2953 4003 2976 4029 °
3000 4007 3122 4046 cum
3153 4000 3297 4046 terra
3319 4002 3374 4048 et
3393 4009 3490 4064 po-

1905 4082 2029 4152 pqu
2051 4097 2148 4136 suo
2168 4097 2226 4136 se
2249 4082 2362 4153 regi
2379 4081 2422 4112 ’³
2447 4081 2645 4136 dedere
2666 4080 2845 4147 vellet,
2871 4090 2924 4137 et
2946 4083 3061 4137 eius
3083 4083 3422 4141 ordinatione
3441 4088 3484 4118 “

1904 4173 2255 4230 Christianam
2287 4173 2447 4228 ﬁdem
2476 4173 2752 4241 suscipere
2773 4174 2818 4203 ”
2850 4173 3027 4228 vellet.
3075 4173 3188 4230 Rex
3216 4191 3364 4242 vero,
3408 4177 3488 4231 af-

1900 4265 2061 4320 ﬂictis
2091 4280 2286 4336 magna
2313 4279 2380 4319 ex
2407 4272 2561 4333 parte
2589 4261 2915 4330 Saxonibus,
2947 4280 3243 4336 eorumque
3263 4267 3310 4298 ’³
3338 4277 3486 4323 terra

1903 4365 2132 4422 vastata,
2164 4357 2508 4426 acceptisque
2535 4371 2723 4410 eorum
2753 4356 3052 4424 obsidibus,
3081 4357 3132 4411 in
3160 4356 3361 4411 Gallias
3396 4374 3483 4413 re-

1905 4448 2031 4514 diit,
2080 4455 2134 4502 et
2174 4446 2226 4500 in
2259 4445 2460 4516 palatio
2490 4445 2634 4515 quod
2667 4457 2892 4502 vocatur
2913 4447 2957 4478 “
2987 4448 3158 4518 Aquis
3178 4449 3225 4480 "
3246 4449 3482 4506 natalem

2299 4603 2688 4662 V'ARIANTES
2730 4605 3130 4663 LECTIONES.

1973 4735 2262 4791 ‘sinistfelt
2277 4735 2328 4790 5.
2349 4736 2401 4791 9.
2421 4736 2679 4791 sinitsfelt
2693 4736 2746 4791 6.
2764 4736 3090 4792 sinaisfelt7.
3113 4735 3339 4795 sinitfelt
3351 4740 3404 4796 2.
3420 4743 3476 4800 8.

1899 4809 1925 4884 ξ
1960 4806 2332 4884 fraudulenter
2357 4808 2685 4884 christianos
2711 4809 2768 4884 5.
2883 4877 2911 4884 _
2947 4807 2967 4837 ³
2992 4806 3146 4884 ﬁdele
3302 4810 3478 4884 {rege

1896 4877 1949 4932 2.
1983 4879 2036 4930 6.
2115 4879 2136 4908 ⁵
2159 4878 2469 4946 aquisgrani
2501 4880 2553 4932 7.
2631 4879 2651 4909 ⁸
2677 4877 2852 4932 reddit
2880 4877 2934 4930 2.
3027 4880 3046 4909 τ
3078 4878 3150 4932 ibi
3180 4879 3233 4932 2.
3320 4881 3341 4913 ⁸
3363 4877 3480 4938 cus-

1897 4893 1949 4932 2.
1983 4893 2036 4930 ο.
2115 4893 2136 4908 υ
2159 4893 2316 4946 aquis
2355 4895 2469 4933 rant
2502 4893 2553 4932 '1.
2631 4893 2651 4909 ν
2677 4893 2852 4932 reumt
2880 4893 2934 4930 Ζ.
3033 4893 3043 4909 ⁸
3078 4893 3150 4932 tot
3180 4893 3233 4932 ‘z.
3320 4893 3341 4913 °
3363 4896 3473 4938 eus<

1897 4949 2138 5018 sinstang
2179 4947 2232 5001 in
2407 4949 2698 5018 chusstagn
2755 4947 2809 5000 in
2863 4949 2914 5000 6.
2973 4946 3275 5004 cutiinstain
3329 4952 3382 5006 in
3417 4954 3473 5011 8.

1896 5018 1917 5049 ’
1945 5027 2000 5073 et
2029 5019 2080 5071 in
2109 5020 2162 5071 2.
2258 5018 2300 5049 ¹⁰
2326 5018 2585 5073 suburbio
2614 5018 2665 5071 7.
2780 5018 2819 5088 ’γ’
2849 5019 3304 5088 mogontiacensis
3334 5022 3386 5076 5.
3419 5024 3474 5084 6.

1894 5088 2352 5159 moguntiacensis
2377 5089 2428 5141 7.
2481 5089 2558 5159 ﬂ”,
2578 5087 2810 5159 habendi
2837 5089 2892 5142 2.
2950 5087 3014 5120 ⁷⁸³
3040 5091 3148 5158 regi
3177 5092 3228 5144 7.
3326 5093 3366 5124 “
3395 5092 3474 5148 fe-

1894 5157 2090 5214 cebant
2105 5159 2158 5212 2.
2239 5159 2460 5213 "libum
2478 5157 2528 5212 5.
2549 5158 2691 5211 Iunis
2709 5158 2760 5211 7.
2841 5159 3088 5214 “vvizzin
3103 5157 3155 5216 5.
3173 5162 3225 5216 6.
3244 5163 3403 5217 wizin
3419 5164 3471 5222 7.

1893 5229 1933 5261 ”
1959 5229 2330 5283 abadritorum
2357 5229 2409 5283 5.
2493 5230 2532 5259 ’⁸
2561 5229 2758 5282 habeat
2781 5227 2834 5282 2.
2915 5229 2956 5260 ³³
2983 5231 3150 5286 isdem
3169 5232 3221 5286 7.
3317 5233 3361 5264 ⁵ο
3389 5251 3470 5289 re-

203 5292 509 5372 demhumh
536 5296 586 5350 7.
661 5298 1059 5372 :'_w_izinum_7.
1085 5301 1372 5372 uurginum
1484 5302 1700 5360 wiltzan
1731 5303 1784 5356 9.
1889 5315 1954 5368 ge
1982 5299 2034 5353 2.
2134 5301 2176 5330 ²¹
2200 5299 2595 5372 ordinationem
2624 5298 2677 5372 2.
2708 5299 2758 5352 6.
2857 5300 2900 5330 ’³
2927 5303 3219 5372 suscipere.
3272 5304 3388 5359 Rex
3415 5305 3468 5360 7..

205 5365 258 5445 1‘
266 5366 636 5445 abotritorum
646 5366 691 5445 _2
710 5370 738 5445 ?_
759 5370 813 5423 9.
837 5439 868 5445 _
890 5369 1156 5426 "albiam
1187 5369 1238 5426 7.
1316 5373 1359 5404 "'
1375 5371 1615 5426 animum
1648 5372 1698 5426 1.
1728 5372 1782 5430 2.
1889 5365 1935 5401 ’³
1959 5386 2147 5445 eorum
2176 5371 2317 5424 deest
2348 5369 2399 5420 7.
2477 5369 2521 5399 ”
2547 5369 2641 5439 qui
2677 5378 2902 5425 vocatur
2929 5371 2982 5426 2.
3013 5365 3142 5428 6C7.
3218 5375 3265 5406 ’⁸
3285 5375 3472 5445 aquis-

205 5435 291 5498 3?
317 5436 370 5490 4.
401 5435 452 5490 5.
489 5439 538 5490 6.
617 5438 664 5469 ³⁵
692 5439 809 5494 eius
837 5439 889 5494 7.
1888 5440 2042 5510 grani
2069 5440 2120 5492 7.

1713 5529 1946 5590 NOTAE.

137 5671 142 5674 .
204 5690 236 5693 _
284 5633 321 5693 ιΑ
340 5619 573 5693 campus
596 5620 848 5690 Sendfeld
875 5638 1042 5693 prope
1064 5624 1464 5693 Wunnenherg.
1500 5638 1527 5676 a
1562 5624 1789 5679 merialie

204 5690 574 5766 Pallerbornte
594 5702 657 5766 et
685 5690 1052 5766 septentrio—ne
1085 5695 1391 5766 Eresburgi.
1418 5690 1494 5748 ‘Cf
1538 5694 1766 5751 l‘utsteiu

204 5761 558 5828 bergii.Mon.
592 5763 722 5820 Pad.
839 5763 956 5822 185.

287 5831 313 5870 δ
337 5829 628 5889 Kasthcim.

1969 5632 1991 5699 ξ
2015 5621 2294 5699 pardawik
2327 5621 2853 5699 propreLuneburg.

1964 5691 1988 5730 δ
2015 5692 2157 5767 (:17:er
2186 5709 2350 5763 prope
2379 5692 2686 5767 Luneburg.

1970 5775 1993 5801 ε
2020 5764 2207 5840 'l‘udun
2239 5764 2757 5840 nonlen_d_ignit_atis,
2799 5784 2905 5824 non
2937 5769 3191 5836 hominis,
3232 5772 3375 5840 quod
3413 5779 3471 5832 ct

1898 5843 2082 5892 noster
2107 5836 2298 5892 innuit.
2331 5834 2410 5891 Cf.
2439 5833 2729 5894 Historiam
2756 5839 3068 5908 miscellaml
3098 5833 3219 5912 pag.
3248 5833 3364 5897 in.
