3960 6346
711 503 946 562 ΑκΝΑιεε
972 501 1281 544 EGI‘NHARDI.

155 609 302 664 ﬁoet
385 611 784 662 sacramentum
807 604 1024 658 domum
1054 599 1248 665 rediit;
1277 602 1372 656 sed
1397 600 1451 655 in
1480 601 1747 670 promissa

155 701 438 758 ﬁdelitate
474 701 494 731 ⁸
525 698 616 754 diu
653 711 876 752 manere
912 695 1106 761 noluit,
1136 710 1238 749 nec
1280 694 1450 750 multo
1477 701 1598 764 post
1626 708 1750 764 per-

156 793 334 848 (idiae
385 804 515 845 suae
557 803 760 860 poenas
806 786 972 841 dedit.
1024 785 1139 839 iter
1191 800 1320 839 vero
1355 783 1409 849 ³,
1442 790 1503 837 ut
1544 781 1746 838 dictum

153 893 252 941 est
277 924 296 952 ,
334 880 658 953 Aquisgrani
700 881 753 934 in
782 876 1026 933 hibernis
1062 875 1349 930 considens
1373 915 1389 940 ,
1430 874 1502 928 ibi
1551 881 1604 928 et
1654 889 1748 927 na-

156 975 338 1030 talem
390 971 602 1029 Domini
653 977 709 1025 et
767 969 967 1042 pascha
1024 981 1176 1022 more
1233 965 1393 1022 solito
1439 964 1462 997 ‘
1509 963 1748 1020 celebra-

155 1070 269 1125 vit.

813 1166 1147 1230 DCCXCVII.

236 1287 550 1348 Barcinona
577 1285 770 1345 civitas
800 1286 856 1341 in
890 1286 1061 1341 limite
1112 1283 1406 1354 Hispanico
1451 1280 1578 1345 sita,
1609 1290 1748 1350 quae

156 1386 480 1442 alternante
537 1395 719 1437 rerum
769 1387 966 1435 eventu
1018 1391 1165 1432 nunc
1215 1376 1552 1431 Francorum
1602 1387 1750 1429 nunc

159 1477 606 1531 Sarracenorum
649 1469 847 1526 dicioni
894 1468 1264 1524 subiciebatur
1296 1466 1350 1532 ⁸,
1399 1463 1616 1519 tandem
1651 1475 1750 1533 per

156 1568 368 1622 latum
398 1564 780 1628 Sarracenum,
811 1560 902 1630 qui
953 1565 1082 1614 tunc
1133 1574 1251 1614 eam
1304 1558 1598 1622 invaserat,
1635 1555 1748 1625 regi

156 1657 386 1713 reddita
429 1662 530 1710 est.
574 1652 708 1707 Nam
740 1652 786 1706 is
831 1650 1053 1706 aestatis
1107 1647 1262 1704 initio
1289 1647 1655 1719 Aquisgrani'
1680 1647 1776 1701 ad'

155 1762 360 1820 regem
394 1745 562 1809 venit,
595 1757 760 1813 seque
786 1757 908 1797 cum
949 1747 1247 1794 memorata
1285 1739 1304 1769 "
1343 1739 1560 1792 civitate
1589 1751 1750 1806 spon-

1158 374 1302 430 CUM
1336 373 1928 432 LAURISSENSIBUS
1964 373 2276 433 COLLATI.

1774 491 1824 550 Α

3316 378 3422 435 450

2333 507 2567 547 ANNALES
2599 508 2993 550 LAUBISSELVSES,

1848 613 1978 653 num
2027 614 2058 654 e
2103 599 2378 656 Pannonia
2426 603 2771 670 redeuntem,
2821 613 2878 660 et
2925 611 3134 674 partem
3181 604 3421 660 thesauri

1848 703 1986 758 quae
2012 698 2348 745 remanserat
2385 691 2401 722 ³
2438 691 2790 748 adducentem
2810 732 2827 760 ,
2851 692 3026 750 laetus
3053 694 3295 764 aspexit,
3328 694 3424 747 ad-

1847 795 1953 850 que
1990 780 2065 834 ibi
2103 783 2124 812 ¹
2156 783 2389 837 natalem
2423 783 2633 862 Domini
2673 800 2738 839 ac
2771 786 2972 856 pascha
3005 785 3315 842 celebravit.
3356 785 3425 840 Et

1847 871 2132 926 inmutavit
2160 888 2218 929 se
2244 889 2502 931 numerus
2529 891 2792 932 annorum
2821 876 2875 932 in

2469 1187 2804 1246 DCCXCVII.

1915 1274 2214 1332 Barcinona
2247 1277 2268 1309 ⁸
2297 1278 2487 1335 civitas
2518 1281 2842 1351 Hispaniae,
2876 1296 3014 1352 quae
3048 1282 3365 1354 iampridem
3393 1298 3426 1339 a

1846 1369 2000 1424 nobis
2055 1370 2391 1437 desciverat,
2446 1388 2544 1442 per
2591 1374 2781 1428 Zatum
2830 1375 3162 1445 praefectum
3196 1377 3218 1407 ⁵
3256 1377 3428 1446 ipsius

1846 1459 2002 1514 nobis
2035 1468 2122 1514 est
2158 1461 2386 1515 reddita.
2424 1460 2561 1516 Nam
2603 1463 2718 1532 ipse
2759 1464 2825 1519 ad
2863 1464 3130 1533 palacium
3171 1467 3424 1532 veniens,

1847 1550 2043 1604 domno
2082 1551 2197 1621 regi
2229 1552 2250 1582 ⁸
2278 1553 2626 1622 semetipsum
2662 1570 2785 1608 cum
2820 1555 3039 1610 civitate
3076 1558 3427 1612 commenda-

1845 1642 1942 1696 vit.
1976 1641 1997 1672 ⁸
2026 1642 2308 1713 Expeditio
2335 1644 2354 1675 ⁷
2386 1643 2528 1698 facta
2575 1644 2629 1697 in
2677 1644 3003 1712 Saxoniam,
3047 1653 3103 1700 et
3145 1659 3318 1716 usque
3356 1648 3426 1702 ad

1845 1739 2113 1788 oceanum
2143 1743 2293 1789 trans
2320 1749 2509 1789 omnes
2534 1735 2758 1804 paludes
2786 1735 2807 1767 ⁸
2836 1744 2891 1791 et
2925 1737 3070 1791 invia
3101 1737 3221 1792 loca
3245 1747 3427 1792 trans-

159 1852 338 1898 tanea
366 1838 637 1894 deditione
669 1835 812 1890 illius
838 1832 1094 1904 potestati
1134 1830 1382 1902 permisit
1421 1830 1466 1883 ".
1514 1829 1630 1896 Qua
1657 1843 1744 1882 re-
1771 1839 1817 1897 Β
1847 1822 1981 1876 itum
2009 1831 2124 1889 est,
2155 1830 2210 1878 et
2237 1837 2333 1878 rex
2362 1825 2427 1879 de
2451 1823 2735 1880 Haduloha
2759 1826 2780 1857 ⁹
2808 1826 2837 1866 b
2863 1842 3142 1898 regressus
3168 1827 3213 1858 ¹⁰
3231 1857 3303 1871 -ι-
3321 1829 3428 1882 hoc

159 1941 332 2003 cepta
358 1973 373 1997 ,
414 1947 510 1986 rex
574 1928 742 1983 tilium
777 1941 932 1982 suum
991 1923 1359 1979 Hludcvvicum
1407 1920 1473 1975 ad
1512 1920 1748 1976 obsidio-

159 2037 303 2076 nem
327 2021 347 2052 ⁵
375 2019 546 2076 Oscae
578 2017 620 2050 ³ο
646 2029 672 2058 α
707 2031 829 2071 cum
857 2013 1100 2068 exercitu
1151 2013 1202 2066 in
1229 2010 1541 2081 Hispaniam
1581 2010 1623 2041 ¹¹
1652 2009 1750 2064 mi-

161 2113 267 2177 sit,
292 2119 349 2166 et
377 2111 490 2182 ipse
518 2123 670 2164 more
693 2107 851 2162 solito
867 2112 1090 2177 propter
1112 2104 1154 2135 “
1171 2102 1605 2158 contundendam
1625 2115 1768 2171 per-2

163 2202 316 2257 fidae
341 2200 517 2272 gentis
551 2195 948 2254 contumaciam
979 2193 1272 2249 Saxoniam
1302 2199 1617 2247 vastaturus
1660 2191 1745 2245 in-

159 2291 358 2348 travit.
387 2287 498 2344 Nec
519 2289 669 2359 prius
697 2285 923 2350 destitit,
948 2299 1108 2355 quam
1132 2297 1323 2338 omnes
1351 2281 1612 2336 terminos
1632 2280 1750 2335 eius

161 2387 539 2452 peragrasset.
574 2377 709 2432 Nam
739 2390 908 2446 usque
950 2375 1019 2429 ad
1046 2373 1263 2428 ultimos
1292 2372 1427 2427 ﬁnes
1454 2371 1592 2435 eius,
1642 2385 1748 2440 qua

161 2477 319 2530 inter
339 2474 519 2528 Albim
548 2479 602 2527 et
631 2471 904 2526 Wisuram
933 2483 1135 2524 oceano
1159 2467 1377 2521 alluitur
1408 2466 1470 2531 ¹³,
1497 2465 1745 2521 accessit.

157 2573 299 2627 Inde
323 2583 620 2641 regressus,
650 2581 772 2622 cum
819 2563 1156 2634 Aquasgrani
1187 2561 1230 2593 ιδ
1258 2561 1518 2625 venisset,
1568 2560 1750 2630 ibique

159 2661 454 2718 Abdellam
505 2658 865 2713 Sarracenum
885 2697 899 2719 ,
947 2655 1116 2709 lilium
1145 2653 1473 2722 ibin-Mauge
1504 2651 1550 2683 ¹⁵
1584 2651 1746 2722 regis,

162 2753 234 2806 de
267 2746 590 2804 Mauritania
615 2747 680 2800 ad
703 2760 760 2800 se
781 2745 1086 2799 venientem
1115 2743 1457 2812 suscepisset,
1490 2741 1749 2810 legatum-

163 2858 278 2911 que
310 2839 534 2917 Nicetae
561 2837 605 2868 ¹⁶
632 2834 845 2907 patricii
869 2835 958 2904 qui
989 2833 1379 2922 tunc.Siciliam
1401 2831 1747 2901 procumbat,

163 2931 393 2988 nomine
416 2928 788 2989 Theoctistum
818 2926 883 2990 ιτ,
911 2919 1127 2980 litteras
1145 2921 1488 2994 imperatoris
1515 2921 1581 2976 de
1605 2919 1748 2975 Con-

164 3011 524 3090 stantino'poli
547 3017 740 3071 missas
754 3014 1082 3070 deferentem
1095 3012 1350 3075 audisset,
1368 3009 1649 3065 consilium
1669 3008 1752 3062 in-

167 3115 254 3180 iit,
272 3121 335 3168 ut
354 3120 574 3182 propter
597 3111 642 3142 ¹³
664 3107 1056 3164 conficiendum
1073 3105 1399 3160 Saxonicum
1412 3103 1610 3159 bellum
1630 3101 1670 3132 ³⁸
1695 3102 1749 3156 in

1845 1914 1989 1968 enim
2013 1914 2132 1970 loco
2157 1930 2374 1981 nomen,
2390 1916 2482 1970 ubi
2507 1931 2743 1972 oceanus
2768 1916 3063 1972 Saxoniam
3089 1917 3256 1972 alluit.
3287 1917 3326 1948 “
3353 1946 3425 1958 —

1849 2012 1960 2060 tota
2002 2005 2276 2062 Saxonum
2320 2018 2480 2079 gente
2516 2009 2568 2063 in
2613 2011 2947 2066 dedicionem
2974 2027 3072 2081 per
3095 2013 3313 2068 obsides
3337 2027 3427 2067 ac-

1847 2108 2037 2170 cepta,
2083 2109 2234 2157 trans
2278 2101 2489 2158 Renum
2532 2104 2587 2158 in
2634 2103 2835 2160 Gallias
2864 2121 3114 2160 reversus
3143 2113 3259 2170 est,
3290 2113 3346 2159 et
3371 2103 3429 2158 in

1845 2191 2015 2261 Aquis
2056 2193 2268 2263 palacio
2317 2193 2598 2251 Abdellam
2648 2195 3006 2252 Sarracenum
3061 2195 3232 2251 filium
3279 2196 3427 2249 Ibin-

1846 2280 2070 2353 Maugae
2094 2285 2136 2314 "
2158 2285 2300 2354 regis
2317 2326 2330 2350 ,
2363 2285 2455 2355 qui
2481 2301 2512 2340 a
2537 2285 2707 2341 fratre
2734 2302 2900 2358 regno
2922 2286 3108 2358 pulsus
3132 2287 3174 2318 ⁸⁸
3197 2287 3251 2340 in
3278 2285 3430 2340 Mau-

1846 2372 2047 2429 ritania
2125 2377 2412 2444 exulabat,
2489 2379 2609 2448 ipso
2662 2379 2706 2411 “
2762 2380 3112 2450 semetipsum
3157 2394 3430 2434 commen-

1849 2465 2010 2520 dante
2044 2465 2111 2532 ",
2141 2469 2399 2537 suscepit.
2430 2468 2560 2523 Illuc
2595 2476 2651 2524 et
2681 2469 2890 2540 legatus
2921 2469 3142 2524 Nicetae
3170 2469 3264 2539 qui
3299 2476 3429 2522 tunc

1850 2551 2094 2608 Siciliam
2139 2557 2389 2625 regebat,
2420 2559 2638 2612 nomine
2677 2557 3019 2612 Theoctistus
3050 2557 3112 2622 ³⁸,
3142 2557 3290 2611 venit
3325 2557 3430 2610 im-

1847 2645 2116 2712 peratoris
2153 2647 2433 2716 epistolam
2460 2658 2712 2718 portans,
2745 2665 2904 2718 quem
2941 2649 3224 2721 magniﬁce
3252 2651 3426 2704 susei-

1849 2733 2002 2802 piens
2022 2759 2050 2800 ,ο
2086 2744 2211 2805 post
2259 2752 2462 2806 paucos
2514 2739 2628 2793 dies
2677 2739 2924 2794 absolvit.
2985 2739 3054 2794 Et
3101 2739 3427 2796 Novembrio

1849 2838 2034 2879 mense
2052 2825 2322 2880 mediante
2338 2827 2406 2881 ad
2430 2827 2827 2883 hibernandum
2849 2845 2972 2884 cum
2993 2831 3237 2884 exercitu
3261 2829 3426 2886 Saxo-

1850 2914 1996 2968 niam
2041 2915 2297 2982 intravit,
2350 2918 2649 2988 positisque
2699 2920 2896 2974 castris
2922 2921 3063 2989 apud
3084 2920 3356 2975 Wisoram
3381 2923 3425 2954 ¹⁷

1851 3003 2070 3059 fluvium
2089 3047 2102 3071 ,
2134 3007 2311 3062 locum
2338 3016 2637 3063 castrorum
2682 3011 2953 3065 lleristelli
2985 3023 3007 3050 ο
3037 3013 3219 3068 vocari
3249 3012 3426 3068 iussit.

1851 3095 1980 3150 Bluc
2006 3095 2166 3168 legati
2195 3098 2368 3166 gentis
2393 3098 2630 3152 Avarum
2660 3099 2702 3131 ⁸⁸
2731 3115 2853 3155 cum
2877 3097 3190 3157 muneribus
3216 3104 3431 3173 magnis

137 3201 140 3204 ’
166 3178 290 3275 ipsa
305 3178 524 3272 regione
547 3199 830 3255 hiemaret.
849 3194 1452 3266 Sumptoigitursecum
1465 3191 1510 3222 '°
1527 3190 1752 3246 comita—
1778 3178 1821 3240 C
1852 3195 2150 3250 venerunt,
2187 3187 2311 3242 inde
2336 3187 2613 3242 Abdellam
2646 3188 3001 3245 Sarracenum
3032 3207 3154 3246 cum
3192 3191 3303 3247 tilio
3331 3207 3431 3248 suo

166 3304 231 3349 tu
247 3308 367 3357 suo,
386 3290 675 3345 Saxoniam
686 3287 864 3358 petiit,
879 3286 1180 3354 castrisque
1194 3283 1642 3353 superWisuram
1656 3295 1752 3351 po-

168 3385 301 3440 sitis
315 3382 578 3449 consedit,
606 3389 661 3436 et
681 3380 857 3436 locum
888 3385 1190 3432 castrorum
1211 3371 1485 3428 Heristelli
1507 3372 1551 3403 ²¹
1566 3370 1749 3426 vocari

168 3475 354 3540 iussit,
373 3473 464 3544 qui
485 3472 637 3528 locus
662 3470 731 3525 ab
755 3467 948 3522 incolis
964 3479 1135 3536 usque
1163 3464 1216 3518 in
1238 3477 1498 3534 praesens
1515 3460 1544 3500 ιι
1559 3459 1633 3514 ita
1655 3474 1753 3514 no-

170 3567 437 3622 minatur.
452 3562 765 3620 Exercitum
789 3575 948 3625 vero,
975 3573 1135 3628 quem
1161 3571 1342 3611 secum
1375 3553 1626 3618 adduxit,
1654 3567 1754 3622 per

172 3667 346 3713 totam
375 3654 668 3710 Saxoniam
692 3653 749 3707 in
795 3651 1025 3706 hiberna
1055 3647 1257 3704 divisit.
1287 3645 1419 3700 llluc
1466 3643 1751 3713 Pippinum

174 3749 241 3804 de
261 3746 417 3803 italia
445 3747 492 3777 “
514 3753 568 3800 et
599 3741 972 3799 illudewicum
1000 3739 1067 3796 de
1091 3738 1380 3810 Hispanica
1409 3736 1754 3807 expeditione

173 3855 459 3914 regressos
486 3839 532 3870 "
562 3839 630 3894 ad
653 3853 711 3893 se
746 3836 931 3892 venire
963 3833 1123 3889 iussit
1148 3873 1163 3900 ,
1202 3833 1277 3887 ibi
1308 3831 1514 3902 legatos
1563 3828 1750 3884 Huno-

174 3947 298 3988 rum
329 3945 455 3986 cum
478 3929 688 4000 magnis
716 3925 1034 3982 muneribus
1059 3923 1128 3978 ad
1162 3938 1222 3978 se
1241 3922 1288 3952 ’³
1316 3922 1514 3976 missos
1549 3920 1756 3974 audivit

175 4030 234 4078 et
258 4019 515 4084 absolvit,
532 4019 603 4073 ibi
624 4018 862 4089 legatum
874 4013 1167 4070 Hadefonsi
1191 4013 1257 4077 ’⁵,
1286 4012 1432 4080 regis
1443 4009 1694 4065 Asturiae
1707 4009 1755 4040 “

175 4123 343 4183 atque
370 4111 641 4167 Galleciae
670 4109 755 4174 '7,
773 4109 914 4164 dona
936 4106 1037 4161 sibi
1063 4105 1109 4137 ³⁸
1133 4102 1466 4160 deferentem
1494 4100 1753 4170 suscepit.

172 4205 306 4260 Inde
337 4204 536 4258 iterum
561 4200 848 4271 Pippinum
880 4197 949 4253 ad
981 4196 1192 4251 Italiam
1213 4236 1228 4264 ,
1275 4193 1649 4249 Hludevvicum
1687 4193 1758 4247 ad

175 4293 527 4365 Aquitaniam
554 4291 763 4347 remisit
788 4289 854 4355 '9,
884 4301 1129 4358 cumquo
1158 4295 1214 4342 et
1239 4285 1521 4341 Abdellam
1551 4283 1595 4314 ³⁰
1628 4281 1756 4338 Sar-

534 4425 930 4484 VARIANTES
967 4422 1368 4481 LECTIONES.

254 4543 339 4599 'f.
374 4559 422 4598 s.
454 4543 508 4598 2.
545 4544 600 4598 5.
649 4542 700 4595 7.
747 4542 798 4597 9.

177 4617 201 4649 ⁸
253 4632 330 4670 m.
397 4631 442 4670 s.
498 4613 634 4667 deest
699 4614 752 4667 5.
806 4611 859 4665 9.
995 4608 1342 4664 l“subiciebat
1398 4605 1448 4658 l.
1510 4603 1757 4659 subiace-

179 4686 350 4742 bat2.
460 4682 824 4752 ‘aquasgrani
853 4681 930 4736 5.-
949 4681 1002 4736 9.
1097 4681 1120 4752 _"
1166 4693 1289 4752 cum
1332 4683 1662 4752 commerata

180 4755 202 4788 ⁵
232 4754 484 4813 submisit
511 4744 570 4808 9:
667 4744 1043 4821 9"epsidionem
1090 4750 1190 4821 1.-Δ
1247 4747 1293 4821 ἐξ
1320 4761 1446 4821 osee
1474 4746 1580 4821 5._
1607 4747 1647 4775 ¹³
1691 4744 1756 4821 in

181 4829 236 4882 h.
276 4827 420 4879 deest
470 4824 525 4878 ἓ.
577 4823 630 4875 7.
709 4813 758 4853 ¹²’
804 4822 871 4874 ad
925 4821 976 4874 7.
1017 4819 1070 4874 9.
1150 4817 1193 4850 ¹⁸
1246 4818 1485 4872 abluitur
1537 4813 1634 4885 Bq.
1690 4815 1759 4869 5?

183 4893 571 4978 fiaquisgrani
671 4891 766 4978 γ
816 4892 863 4978 Ϋιέ
890 4887 1304 4978 ibiintnau‘ge}.
1315 4886 1754 4978 Δξρξιξῐιῐῐιξπειιιὲςὶἒξ.

181 4956 548 5035 ibiminaugae
571 4967 650 5035 al.
670 4961 1045 5035 ibinmaugej.
1125 4956 1456 5035 “'nicetisj.
1533 4956 1576 5035 f7
1606 4957 1759 5035 theg-

181 5039 374 5091 tistum
402 5027 478 5088 LV
494 5033 800 5088 teoctistum
831 5032 884 5084 Il.
913 5027 936 5032 θ
965 5030 1008 5062 ’⁸
1057 5038 1118 5084 ut
1153 5029 1218 5081 ad
1253 5028 1306 5082 9.
1386 5027 1427 5058 ¹⁹
1458 5043 1504 5080 s.
1533 5027 1589 5079 b.
1619 5042 1668 5080 c.
1703 5027 1754 5079 7.

181 5108 228 5138 “
258 5106 402 5160 deest
432 5105 485 5160 9.
561 5105 603 5133 ²¹
635 5101 896 5157 beristalli
923 5102 975 5155 6.
1005 5097 1346 5155 beristallum
1368 5099 1421 5151 7.
1500 5098 1543 5127 ’ί
1579 5095 1758 5150 italica

181 5177 254 5230 5?
284 5175 337 5228 7.
367 5175 420 5230 9.
495 5175 542 5205 ’³
569 5187 873 5230 regressum
902 5171 955 5224 2.
987 5171 1041 5223 4.
1073 5168 1126 5224 5.
1152 5169 1205 5224 6.
1280 5169 1326 5198 "
1354 5167 1421 5222 ad
1451 5182 1508 5222 se
1535 5165 1677 5220 deest
1705 5167 1758 5219 4.

184 5189 254 5230 b‘!
285 5189 337 5228 ‘l.
367 5189 420 5230 υ.
497 5189 542 5205 "
569 5189 626 5227 re
666 5189 873 5227 ressum
902 5189 955 5224 Ζ.
987 5189 1041 5223 4.
1073 5189 1126 5224 ἱ).
1152 5189 1205 5224 ο.
1282 5189 1325 5198 ·’
1354 5189 1421 5222 au
1451 5189 1508 5222 se
1535 5189 1677 5220 αεεδι
1705 5189 1758 5219 4.

184 5247 232 5278 ³⁸
262 5244 579 5300 haidefonsc
755 5241 1016 5297 adelfonsi
1066 5241 1120 5295 9.
1195 5238 1241 5269 '°
1286 5238 1555 5292 asturicae
1583 5236 1659 5289 2?
1705 5236 1759 5291 9.

181 5316 394 5372 austrie
421 5314 474 5368 6.
549 5314 592 5345 ⁸⁷
629 5313 857 5417 galetiae
882 5313 934 5367 9.
986 5310 1236 5382 galliciae
1259 5308 1312 5362 5.
1345 5308 1398 5361 4.
1428 5307 1480 5360 5.
1526 5306 1764 5364 cal-sbrie

183 5388 218 5417 tt
320 5386 364 5416 18
397 5401 419 5417 ε
473 5385 504 5417 ,1
551 5385 584 5417 τι
651 5385 666 5417 ὶ
763 5382 806 5415 ﬂ
841 5382 978 5417 micit
1012 5382 1044 5417 Χ
1091 5381 1123 5417 0
1223 5378 1267 5412 ³ο
1293 5378 1560 5417 mlhpllnnt
1587 5376 1635 5417 6.

183 5388 239 5442 6.
320 5386 364 5416 ’⁸
397 5401 444 5440 s.
472 5385 526 5440 d.
551 5385 603 5440 5.
629 5376 687 5440 ἶ).
763 5382 806 5415 ³³
839 5376 1065 5438 misit'5.
1091 5381 1144 5437 9.
1223 5378 1267 5412 ³ο
1292 5378 1563 5435 adbellum
1587 5376 1640 5432 6.

895 4541 915 4572 ¹
945 4539 1050 4595 ﬁde
1107 4537 1162 4591 5.
1209 4538 1260 4592 9.
1341 4535 1362 4567 ³
1412 4534 1552 4588 deest
1602 4531 1654 4586 5.
1702 4532 1756 4587 9.
1785 4523 1839 4585 D

1853 3276 2166 3333 llludovvico
2199 3278 2241 3310 ⁵⁸
2273 3279 2328 3333 in
2377 3278 2662 3349 Hispanias
2709 3283 2909 3337 reverti
2955 3282 3114 3349 fecit,
3156 3290 3211 3338 et
3258 3283 3428 3338 lilium

1852 3387 2008 3426 suum
2049 3371 2335 3443 Pippinum
2378 3372 2432 3426 in
2473 3373 2682 3428 italiam
2708 3375 2753 3405 ¹⁰
2792 3373 2979 3441 misit;
3012 3375 3126 3446 ipse
3152 3376 3220 3430 ad
3247 3375 3430 3446 dispo-

1853 3463 2083 3517 r.endam
2137 3462 2426 3519 Saxoniam
2473 3473 2645 3520 totum
2700 3465 2896 3521 hiemis
2960 3474 3174 3538 tempus
3220 3467 3430 3537 impen-

1852 3554 2012 3620 dens,
2043 3555 2117 3610 ibi
2157 3555 2390 3610 natalem
2426 3556 2662 3624 Domini,
2704 3558 2776 3613 ibi
2814 3560 3015 3628 pascha
3041 3558 3334 3617 celebravit
3359 3559 3429 3613 “.

1853 3645 1920 3700 Et
1950 3645 2237 3702 inmutavit
2263 3662 2321 3702 se
2350 3661 2610 3704 numerus
2637 3661 2901 3704 annorum
2927 3648 2982 3705 in

2219 4628 2616 4688 VARIANTES
2652 4633 3050 4691 LECTIONES.

1938 4747 1954 4776 ¹
1995 4753 2369 4800 remanserant
2397 4743 2451 4800 2.
2529 4748 2550 4778 ³
2590 4746 2788 4802 ibidem
2824 4746 2877 4800 5.
2910 4746 2962 4800 6.
2995 4746 3046 4798 7.
3125 4743 3146 4775 ⁸
3181 4741 3441 4798 Parcino-

1864 4831 1934 4870 na
1961 4815 2013 4870 6.
2046 4815 2341 4871 Barzinona
2369 4813 2423 4872 7.
2528 4815 2550 4848 ‘
2587 4832 2685 4886 per
2714 4817 2864 4870 iatim
2917 4817 2969 4870 in
3028 4813 3323 4886 prefectum
3379 4813 3435 4886 2.

1867 4886 1888 4917 ⁵
1926 4902 2050 4957 rege
2078 4886 2148 4957 2.,
2234 4889 2264 4957 Α⁶
2302 4903 2426 4941 cum
2460 4883 2626 4942 vitate
2651 4883 3440 4957 commandavitia"expedi-

1864 4953 2012 5011 tione
2039 4957 2092 5010 7.
2136 4956 2157 4986 ⁸
2195 4955 2418 5026 plaudes
2464 4957 2517 5011 2.
2611 4958 2632 4986 ’
2669 4956 2933 5011 badutha
2960 4955 3012 5009 5.
3054 4953 3350 5026 hadulocba
3382 4953 3434 5026 6.

1866 5026 2166 5097 hadulobar
2189 5023 2243 5081 7.
2276 5028 2506 5082 haduloa
2535 5027 2588 5082 9.
2670 5027 2710 5057 ³⁸
2739 5041 3016 5097 regressus
3043 5037 3125 5097 est
3151 5023 3206 5079 5.
3281 5026 3322 5054 “
3351 5024 3442 5097 ai_l-

1862 5096 1963 5168 luit
1990 5097 2044 5150 7.
2142 5098 2183 5168 ‘f
2248 5098 2590 5168 ibinmaugae
2626 5097 2680 5168 2.
2736 5091 2890 5168 5.:5.
2944 5096 2995 5150 6.
3027 5095 3328 5168 ibimaugac

1865 5167 1909 5238 εἳ
1944 5175 2027 5223 est
2074 5167 2128 5222 in
2157 5167 2229 5238 2.
2290 5167 2335 5199 ιδ
2373 5161 2610 5238 ipsorum
2637 5167 2720 5238 Ξ.-
2782 5166 2840 5238 ,³⁸
2876 5161 3342 5238 commendantem
3381 5161 3436 5238 (ξ.

1867 5237 1910 5268 ’⁸
1948 5239 2179 5294 theoctis
2201 5237 2255 5292 5.
2333 5239 2374 5271 ¹⁷
2394 5232 2660 5292 ἰς-ἰευτθηι
2690 5235 2743 5290 5.
2771 5235 2825 5290 6.
2910 5239 2952 5269 ¹⁸
2985 5251 3268 5291 avarorum
3296 5233 3350 5288 5.
3382 5232 3436 5287 6.

1869 5308 1920 5361 7.
2001 5309 2040 5339 ¹⁹
2059 5308 2364 5364 iuduwicho
2391 5307 2443 5361 5.
2477 5307 2704 5362 ludwico
2731 5307 2782 5360 6.
2857 5308 2903 5340 ⁸ο
2925 5307 2992 5364 ad
3017 5307 3201 5364 italam
3227 5305 3280 5360 5.
3311 5300 3437 5359 6.7.

1865 5380 1909 5410 “
1942 5379 2145 5434 domini
2172 5379 2468 5434 celebravit
2491 5386 2546 5432 et
2575 5378 2777 5449 pascha
2809 5378 2861 5433 7.

1708 5509 1920 5571 ΝΟΤᾸΞ
1933 5548 1945 5560 .

265 5619 294 5714 ί
331 5604 621 5747 ιῦἕξδὶῗιλιά
652 5675 890 5740 Hadem,
923 5665 1078 5747 regni
1104 5673 1478 5731 Hannoverani
1507 5689 1664 5747 pars,
1695 5675 1763 5730 ad

192 5762 356 5818 quam
401 5745 530 5800 olim
572 5755 625 5802 et
673 5745 1022 5816 ltitzebitttcl',
1074 5747 1493 5816 Hamburgeusis
1541 5746 1761 5801 ditionis

1872 5602 2214 5674 praefectura,
2229 5603 2290 5674 in
2317 5611 2558 5658 extrema
2587 5600 2747 5659 terra:
2771 5620 2866 5658 ora
2895 5607 3020 5665 sita,
3047 5604 3364 5674 pertinebat.

1942 5683 1963 5710 ε
2008 5671 2267 5726 ΙΙενειεΙΙε
2306 5675 2392 5726 vel
2434 5675 2592 5732 hedie
2629 5677 2813 5742 audit;
2845 5687 2926 5731 est
2957 5669 3094 5731 infra
3124 5669 3467 5731 Carlshafen

1865 5751 1921 5798 et
1946 5757 2106 5810 supra
2138 5743 2431 5799 Huxaram.
2905 5778 2908 5780 η
