3960 6346
142 280 279 340 455

698 392 927 434 Ακκλιιξε
963 393 1271 436 εωκηλιωι.

141 486 324 557 grani
358 488 375 518 ¹
415 485 669 553 venisset,
714 488 891 558 primo
935 488 1140 560 legatos
1183 489 1429 548 Herenae
1459 493 1480 523 ²
1512 493 1745 564 impera-

141 577 323 633 trieis
363 577 434 633 ad
473 592 532 633 se
578 577 647 633 de
675 577 695 609 ⁸
723 576 1183 649 Constantinopoli
1206 581 1402 636 missos
1449 582 1746 637 audivit—

138 683 292 723 nam
322 668 711 725 Constantinus
750 670 893 726 filius
930 670 1047 726 eius
1088 681 1309 741 propter
1346 688 1558 728 morum
1598 675 1744 730 inso-

136 756 390 815 lentiam
421 771 445 800 ι
474 776 505 815 a
532 760 646 815 suis
679 761 1100 831 comprehensus
1133 770 1188 817 et
1225 775 1548 821 excaecatus
1571 775 1655 821 est
1674 798 1744 808 —

137 848 361 918 quibus
420 850 758 920 petentibus,
807 849 1095 907 Sissinium
1123 853 1166 918 ⁸,
1207 852 1433 910 fratrem
1484 855 1694 912 Tarasii
1720 857 1741 888 '
1782 872 1787 877 '

136 942 745 1013 ConstantinOpolitani
814 943 1091 1013 episcopi,
1139 944 1267 1000 olim
1305 947 1360 1000 in
1400 948 1607 1016 proelio
1650 964 1743 1004 ca-

134 1032 362 1102 ptum‘
411 1031 633 1088 domum
684 1032 862 1088 redire
902 1034 1167 1104 permisit.
1220 1034 1403 1107 Legati
1450 1036 1602 1093 fuere
1643 1038 1741 1093 Mi-

132 1122 317 1178 chael
352 1123 399 1189 ',
443 1131 800 1194 cognomento
845 1123 1177 1194 Ganglianos
1203 1126 1245 1193 ⁸,
1295 1137 1352 1183 et
1402 1129 1676 1188 Theofilus
1716 1131 1738 1164 '

130 1211 443 1283 presbyter
471 1212 538 1268 de
563 1211 881 1270 Blachernis
912 1215 977 1268 ιο.
1006 1215 1129 1270 Post
1176 1232 1408 1295 quorum
1445 1220 1740 1278 absolutio-

129 1318 279 1359 nem
309 1313 576 1360 venerunt
610 1305 649 1336 ¹¹
683 1307 751 1361 de
784 1305 1041 1377 Hispania
1080 1308 1123 1340 “
1164 1308 1323 1381 legati
1372 1310 1662 1369 Hadefonsi
1694 1312 1738 1346 “

128 1398 320 1468 regis,
346 1396 639 1453 Basiliscus
662 1395 708 1428 “
730 1406 784 1452 et
810 1397 990 1465 Froia,
1019 1415 1245 1456 munera
1267 1401 1574 1459 deferentes
1599 1419 1739 1475 quae
1788 1450 1791 1453 λ

1230 288 1375 346 CUM
1411 285 2003 347 LAURISSENSIBUS
2041 287 2353 347 COLLATIV
2404 314 2413 319 ·

1769 383 1818 443 Α
2327 400 2561 443 sumus
2598 404 2995 447 uumssexsns.

3231 341 3243 351 ο
3315 304 3420 361 454

1843 490 1972 545 anni
1992 491 2182 549 iulium
2210 510 2473 566 nusquam
2506 496 2561 552 in
2593 506 2706 554 toto
2735 498 2885 556 coelo
2911 502 3084 558 videri
3104 506 3299 575 potuit.
3330 507 3418 563 ln-

1844 582 1995 638 sulae
2017 584 2268 642 Baleares
2296 602 2327 641 a
2368 587 2570 644 Mauris
2615 598 2669 644 et
2707 588 3025 648 Sarracenis
3052 592 3418 665 depraedatae

1843 686 1987 732 sunt.
2043 679 2381 737 Hadefonsus
2448 698 2545 737 rex
2610 682 2881 741 Galleciae
2936 686 2951 717 ¹
2993 694 3048 742 et
3088 686 3341 747 Asturiae
3371 693 3417 758 ',

1840 758 2097 836 praedata
2140 769 2415 842 Olisipona
2445 773 2466 805 ³
2494 774 2681 830 ultima
2726 775 3018 849 Hispaniae
3065 780 3309 849 civitate,
3335 782 3422 839 in-

1841 857 2018 928 signia
2043 860 2304 918 victoriae
2354 878 2483 918 suae
2525 864 2722 922 loricas
2742 907 2757 933 ,
2813 868 2989 924 mulos
3016 870 3420 944 ‘rcaptivosque

1841 946 2076 1015 Mauros,
2105 950 2302 1007 domno
2323 954 2439 1023 regi
2465 954 2485 985 ⁸
2520 969 2618 1025 per
2630 956 2835 1028 legatos
2859 973 2984 1014 suos
3006 959 3221 1016 Froiam
3243 971 3296 1017 et
3312 962 3416 1018 Ba-

1841 1040 2085 1096 siliscum
2108 1041 2129 1073 ⁸
2178 1042 2373 1098 hiemis
2416 1052 2655 1117 tempore
2680 1049 2847 1105 misit.
2881 1049 3078 1121 Sicque
3116 1052 3169 1106 in
3196 1052 3301 1108 hoc
3324 1070 3416 1125 pa-

1839 1132 1971 1189 latio
1997 1141 2052 1189 et
2074 1134 2254 1190 natale
2280 1137 2300 1167 "
2339 1136 2554 1194 Domini
2591 1148 2646 1196 et
2672 1143 2872 1212 pascha
2913 1143 2934 1175 ⁸
2982 1159 3012 1199 a
3059 1146 3257 1202 domno
3285 1161 3414 1218 rege

1840 1222 2113 1278 celebrata
2172 1232 2319 1281 sunt.
2368 1226 2437 1282 Et
2473 1228 2763 1288 inmutavit
2811 1248 2871 1289 se
2920 1250 3177 1292 numerus
3241 1251 3415 1293 anno—

1842 1327 1963 1368 rum
1993 1329 2047 1369 ιιι

128 1488 235 1544 ille
259 1487 334 1543 de
356 1487 626 1542 manubiis
642 1487 704 1552 ",
721 1502 858 1557 quas
883 1487 926 1519 ¹⁶
946 1489 1121 1544 victor
1140 1491 1282 1561 apud
1302 1490 1630 1563 Olisiponam
1652 1496 1691 1528 ¹τ
1706 1495 1736 1536 h
1843 1551 1851 1558 ,

128 1577 431 1634 civitatem
488 1591 520 1632 a
572 1591 632 1632 se
668 1586 1030 1648 expugnatam
1068 1589 1324 1651 coeperat
1362 1582 1428 1649 ιδ,
1464 1585 1578 1655 regi
1612 1585 1737 1640 mit-
1840 1642 1843 1645 ,

128 1678 263 1725 tere
296 1670 530 1735 curavit,
562 1668 778 1726 Mauros
806 1671 1059 1728 videlicet
1103 1681 1309 1744 septem
1351 1690 1474 1730 cum
1505 1677 1729 1733 totidem

128 1758 313 1815 mulis
336 1767 498 1828 atque
524 1758 731 1826 loricis,
757 1776 896 1831 quae
930 1761 1055 1818 licet
1079 1778 1178 1834 pro
1208 1764 1349 1821 dono
1379 1765 1422 1796 “
1449 1767 1732 1828 mitteren-

130 1858 253 1915 tur,
312 1851 485 1920 magis
544 1859 725 1906 tamen
789 1852 1021 1923 insignia
1076 1855 1335 1911 victoriae
1384 1857 1725 1919 videbantur.

129 1940 295 2008 Quos
327 1949 384 1996 et
405 1942 453 1973 "
474 1942 706 2018 benigne
736 1946 991 2015 suscepit,
1023 1954 1081 2001 et
1106 1957 1481 2005 remnneratos
1507 1951 1728 2007 honori-
1834 2004 1841 2007 _

130 2033 244 2089 ﬁoe
267 2033 481 2090 dimisit
509 2034 577 2089 “.
604 2034 817 2092 Insulae
844 2037 1115 2105 Baleares,
1146 2055 1284 2110 quae
1318 2058 1460 2098 nunc
1487 2059 1550 2099 ac
1579 2045 1729 2101 inco-

126 2124 207 2179 lis
235 2139 433 2182 earum
457 2124 714 2182 Maiorica
738 2134 794 2182 et
821 2127 1080 2185 Minorica
1108 2131 1439 2197 vocitantur,
1468 2149 1498 2187 a
1527 2133 1727 2190 Mauris
1828 2186 1831 2189 η

127 2215 435 2286 piraticam
470 2217 847 2273 exercentibus
883 2218 1242 2290 depraedatae
1278 2230 1423 2275 sunt.
1455 2220 1571 2277 Rex
1595 2236 1726 2279 vero
1825 2274 1833 2280 .

127 2307 468 2377 Aquisgrani
512 2307 790 2376 hiemavit,
819 2318 873 2363 et
918 2309 992 2364 ibi
1027 2309 1262 2366 natalem
1293 2310 1503 2366 Domini
1541 2321 1595 2367 et
1630 2328 1723 2384 pa-

126 2401 270 2457 scha
301 2400 349 2431 ¹¹
369 2398 686 2456 celebravit.

762 2488 893 2547 DCC
902 2489 1083 2551 XCIX.

202 2582 420 2639 Romae
446 2582 560 2638 Leo
586 2597 746 2653 papa,
778 2597 927 2648 cum,
969 2582 1227 2638 letaniam
1258 2583 1305 2615 ’³
1344 2598 1719 2654 processurus,

125 2675 203 2733 de
231 2675 533 2731 Lateranis
558 2674 606 2707 “
634 2675 702 2730 ad
745 2673 1031 2731 ecclesiam
1083 2675 1226 2755 beati
1251 2674 1553 2743 Laurentii,
1583 2693 1722 2748 quae

126 2766 201 2822 ad
233 2763 574 2822 Graticulam
618 2765 666 2798 ”
687 2775 915 2823 vocatur
947 2778 997 2833 ο,
1035 2782 1177 2838 equo
1224 2768 1416 2827 sedens
1447 2778 1721 2841 pergeret.

129 2857 191 2912 in
221 2856 456 2913 insidias
506 2871 539 2911 a
578 2857 839 2913 Romanis
883 2855 1173 2929 dispositas
1202 2859 1248 2891 "
1291 2860 1441 2916 iuxta
1491 2861 1721 2916 eandem

128 2946 422 3003 basilicam
457 2946 645 3002 incidit
673 2948 741 3001 ⁸⁷.
777 2947 879 3005 Ubi
907 2963 1049 3020 equo
1077 2950 1317 3006 deiectus
1347 2950 1415 3018 ",
1456 2958 1514 3006 et
1548 2952 1721 3007 erutis

128 3036 310 3094 oculis
336 3047 399 3092 ut
432 3037 703 3108 aliquibus
729 3038 904 3095 visum
933 3046 1037 3106 est,
1075 3039 1260 3111 lingua
1289 3055 1505 3111 quoque
1532 3056 1721 3111 ampu-

131 3136 274 3194 tata,
304 3126 484 3183 nudus
507 3084 572 3183 ξε
600 3128 894 3183 semivivus
932 3128 989 3184 in
1016 3084 1195 3199 plate;
1220 3084 1443 3186 relictus
1469 3138 1571 3186 est.
1617 3084 1721 3187 De-
1746 3084 1790 3148 Ο

128 3216 264 3273 inde
304 3216 455 3273 iussu
483 3230 671 3273 eorum
696 3216 790 3287 qui
817 3217 981 3273 huius
1017 3218 1147 3275 facti
1173 3228 1424 3277 auctores
1452 3220 1626 3287 fuere,
1663 3222 1719 3277 in

128 3306 529 3363 monasterium
585 3289 761 3363 sancti
814 3308 1065 3365 Herasnti
1090 3309 1134 3342 ²⁹
1158 3310 1417 3382 martyris
1463 3310 1611 3367 velut
1649 3312 1718 3369 ad

129 3398 440 3453 curandum
469 3397 692 3465 missus,
714 3397 896 3454 Albini
926 3399 1232 3466 cuiusdam,
1259 3401 1578 3458 cubicularii
1607 3404 1716 3471 sui,

129 3503 267 3544 cura
294 3495 458 3544 noctu
484 3504 583 3560 per
604 3504 821 3546 murum
849 3490 1108 3546 dimissus
1132 3490 1203 3557 ³⁸,
1229 3507 1261 3546 a
1285 3491 1549 3563 Winigiso
1580 3493 1717 3551 duce

131 3581 405 3652 Spolitino
430 3581 497 3648 ³⁸,
534 3582 627 3653 qui
665 3583 849 3639 audito
876 3582 1185 3639 huiusmodi
1220 3582 1460 3639 facinore
1484 3584 1713 3641 Romam

131 3676 363 3732 festinus
400 3676 730 3743 advenerat,
767 3684 1084 3747 susceptus,
1125 3692 1192 3732 ac
1222 3675 1520 3748 Spoletium
1550 3678 1595 3709 ³⁸
1621 3678 1716 3735 de-

132 3769 330 3826 ductus
352 3768 399 3801 ³³
418 3776 522 3825 est.
546 3767 716 3824 Cuius
740 3768 819 3825 rei
844 3768 1091 3824 nuntium
1120 3783 1243 3824 cum
1269 3784 1362 3825 rex
1391 3769 1711 3840 accepisset,

506 3898 900 3957 VARIANTES
936 3899 1335 3957 LECTIONES.

205 3999 223 4032 ³
282 3997 406 4069 aqu'
506 3997 593 4052 ani
643 3994 697 4052 5.
755 3994 807 4050 6.
873 3996 1256 4067 aquisgrannm
1290 3997 1344 4049 7.

232 4069 290 4121 4.
344 4013 508 4121 ἆἪ
558 4068 781 4121 hirenae
842 4067 892 4121 7.
953 4069 1132 4121 irenes
1185 4067 1238 4121 9.

131 4070 185 4123 5.
232 4069 290 4123 4.
336 4067 398 4124 ⁷5.
451 4067 508 4121 6.
558 4068 781 4122 hirenae
842 4067 892 4121 7.
953 4069 1132 4122 irenes
1185 4067 1238 4121 9.

133 4155 194 4219 se
325 4139 380 4192 4.
432 4138 492 4219 5.
531 4138 603 4219 6.·
638 4208 651 4219 ⁸
680 4135 1037 4219 δξίεἰηηξεηη.
1354 4136 1602 4219 sisinium

134 4209 382 4265 sisimnm
438 4207 513 4262 at.
561 4208 845 4263 sisinnium
901 4207 953 4262 7.
996 4207 1261 4263 sisimium
1286 4207 1339 4261 9.
1436 4207 1456 4237 ⁸
1486 4206 1709 4261 tharasii

134 4281 187 4330 5.
215 4279 270 4330 6.
320 4279 550 4330 fratrum
596 4277 768 4330 tirasii
817 4276 872 4330 2.
994 4276 1015 4309 ⁸
1058 4284 1272 4330 cantum
1322 4276 1375 4330 in
1423 4276 1477 4329 d.
1532 4276 1609 4330 ire
1650 4276 1706 4330 2.

994 4292 1015 4309 υ
1058 4292 1272 4346 captum
1322 4293 1375 4330 In
1423 4292 1477 4329 α.
1532 4292 1609 4330 ire
1650 4292 1706 4330 πε.

891 4348 912 4378 ⁸
935 4347 1251 4417 ganglianus
1289 4345 1340 4400 7.
1379 4346 1710 4417 glanglianos

1443 3997 1465 4027 '
1488 3995 1713 4051 helenae

1344 4066 1365 4098 ³
1392 4066 1534 4119 deest
1585 4067 1638 4120 7.
1680 4083 1711 4122 a

134 4281 187 4334 5.
215 4279 270 4334 6.
320 4279 550 4333 fratrum
596 4277 768 4333 tirasii
817 4276 872 4331 2.

133 4351 152 4382 "
179 4348 447 4405 niichahel
476 4348 529 4401 5.
568 4348 623 4401 4.
652 4348 706 4402 5.
731 4348 784 4402 6.

132 4420 187 4500 ᾖ.
215 4489 228 4500 _
278 4419 317 4500 ’_
353 4418 717 4500 megillius}.
786 4414 1091 4500 theophiltrs
1135 4417 1187 4470 7.
1231 4417 1283 4470 9.
1344 4414 1703 4500 Leopliilusj.
1732 4441 1785 4500 D

137 4490 180 4520 "
215 4488 579 4570 hebetatis}.
616 4483 1012 4570 _blaccriiis'4._
1123 4499 1321 4570 venere
1346 4483 1477 4570 5:9.
1555 4485 1707 4570 bi-

136 4560 340 4630 spaniis
365 4559 419 4613 2.
498 4557 806 4613 “adefonsi
846 4558 899 4613 5.
947 4557 1209 4613 adelfonsi
1247 4557 1300 4610 9.
1380 4555 1423 4586 ιδ
1455 4554 1709 4610 basilicus

135 4631 343 4686 scilicet
374 4637 429 4683 et
452 4629 504 4682 7.
579 4629 624 4660 "
646 4628 892 4683 manibus
918 4628 971 4683 5.
994 4628 1046 4683 6.
1126 4627 1169 4658 ¹⁸
1188 4625 1341 4696 quasi
1364 4625 1417 4696 4.
1474 4624 1537 4696 _"
1561 4624 1708 4679 olisi-

135 4700 467 4781 pononaml.
577 4699 918 4770 olipononam
944 4697 996 4753 2.
1025 4694 1326 4767 olisipinam
1353 4695 1402 4749 6.
1437 4694 1710 4817 nlg'sscpoo

138 4786 260 4817 nam
284 4770 337 4817 7.
395 4770 749 4817 ohsmnonam
774 4768 826 4817 9.
905 4769 947 4799 ¹⁸
969 4775 1251 4817 acmnerat
1279 4766 1334 4817 4.
1415 4767 1457 4799 ¹⁹
1484 4784 1500 4817 ι
1519 4781 1625 4817 onu
1655 4766 1705 4817 Ι.

136 4766 260 4850 nam
284 4770 337 4823 7.
395 4766 749 4850 olisipponam
774 4768 826 4822 9.
872 4766 1251 4850 .‘f’accepe‘rat
1279 4766 1334 4818 4.
1415 4767 1457 4799 ι’
1484 4766 1625 4850 denu
1650 4766 1705 4850 ll.

137 4841 183 4873 ”
204 4856 258 4910 q.
296 4855 394 4895 rex
441 4847 497 4893 et
522 4835 589 4891 ’7.
684 4836 727 4869 ’ί
754 4838 961 4893 remisit
983 4835 1035 4892 5.
1099 4835 1176 4919 ς²²
1208 4851 1259 4918 p.
1287 4850 1435 4891 more
1464 4835 1623 4918 solito
1649 4837 1703 4889 9.

137 4910 183 4943 “
206 4909 440 4963 laetania
465 4907 518 4963 5.
539 4908 592 4963 4.
616 4908 667 4961 5.
702 4907 898 4963 letania
920 4909 971 4961 6.
999 4906 1049 4959 7.
1077 4906 1263 4960 litama
1289 4907 1340 4958 9.
1371 4905 1624 4960 letantam
1646 4905 1701 4958 h.

137 4912 183 4943 ¹³
206 4912 440 4967 laetania
465 4912 518 4963 5.
539 4912 592 4963 4.
616 4912 667 4961 5.
702 4912 898 4963 letania
920 4912 971 4961 6.
999 4912 1049 4959 7.
1077 4912 1263 4960 litania
1289 4912 1340 4958 9.
1372 4912 1624 4960 letaniam
1646 4912 1701 4958 h.

137 4981 175 5036 Ι.
195 4997 292 5057 pro
313 4978 382 5035 ad
406 4978 571 5057 vel‘in
594 4977 848 5057 letaniam
1000 4985 1164 5057 pater,
1182 4976 1237 5057 ξς
1257 4975 1390 5057 libro
1414 4973 1707 5057 ρρηιὶβραλὶ

136 5043 421 5119 uitatum;
447 5046 667 5119 εῙηριιὶι.
692 5046 919 5118 Vignolii
938 5043 1009 5119 ll.
1027 5046 1114 5119 95.
1133 5043 1258 5101 245.
1272 5045 1376 5098 2M
1392 5043 1421 5111 ;’
1443 5046 1495 5099 in
1516 5044 1703 5119 coit].

138 5120 340 5176 Romae
362 5114 488 5173 dum
521 5116 604 5173 leo
628 5114 774 5187 papa
791 5133 913 5171 cum
941 5117 1139 5187 letania
1150 5123 1480 5187 -pergeret.
1557 5115 1605 5187 ff
1628 5114 1707 5169 la-

137 5199 326 5245 terano
352 5188 405 5242 7.
479 5189 527 5219 "
551 5184 864 5242 craticulam
903 5187 955 5241 5.
1017 5185 1071 5240 4.
1123 5185 1175 5241 5.
1221 5186 1272 5240 6.
1322 5184 1378 5240 7.
1426 5186 1478 5240 9.
1555 5184 1710 5255 “po-

138 5263 267 5316 sitas
302 5259 355 5313 5.
401 5257 457 5312 4.
502 5258 552 5313 6.
595 5258 648 5313 9.
725 5258 769 5289 ’⁷
823 5257 1012 5311 incidit
1058 5257 1206 5311 iuxta
1243 5258 1470 5311 eandem
1510 5254 1710 5309 accele-

138 5333 268 5387 siam
279 5329 336 5383 4.
411 5329 457 5361 ”
479 5328 747 5384 deictusl.
821 5326 866 5358 ”
885 5327 1084 5382 erasmi
1102 5327 1155 5381 9.
1232 5326 1276 5357 ³⁸
1290 5326 1559 5381 demissus
1576 5324 1629 5377 2.
1650 5322 1704 5380 9.

138 5402 179 5434 ³⁸
199 5400 466 5469 spolitano
485 5398 537 5452 4.
563 5397 615 5452 6.
644 5397 921 5469 spoletano
938 5397 1001 5469 5.
1022 5396 1071 5451 7.
1097 5397 1150 5451 9.
1194 5466 1213 5469 Α
1252 5396 1297 5428 ²¹
1328 5394 1621 5467 spolecium
1641 5393 1693 5448 5.

140 5466 401 5543 spoletum
417 5470 471 5524 2.
490 5469 541 5523 4.
559 5469 611 5524 5.
627 5466 688 5524 ϐξ
702 5470 754 5523 7.
777 5469 829 5524 9.
905 5467 952 5499 ⁸³
974 5468 1165 5523 ductus
1186 5466 1240 5521 2.

1895 2568 2127 2629 Romani
2172 2573 2407 2632 [nonem
2435 2592 2629 2648 papam
2666 2581 2901 2639 laetania
2933 2586 3137 2644 maiore
3181 2598 3400 2661 captum

1823 2677 2255 2721 excaecaverunt
2302 2683 2367 2724 ac
2396 2667 2579 2753 lingua
2632 2671 3090 2735 detruncaverunt
3133 2681 3174 2736 ⁵.
3208 2681 3308 2750 Qui
3347 2686 3402 2741 in

1822 2753 2069 2821 custodia
2100 2754 2141 2785 ¹⁰
2171 2756 2391 2825 missus,
2419 2770 2581 2818 nocte
2605 2762 2645 2794 “
2666 2780 2766 2835 per
2792 2782 3007 2823 murum
3027 2773 3222 2840 evasit,
3251 2784 3305 2831 et
3333 2775 3402 2831 ad

1822 2843 2028 2914 legatos
2050 2845 2233 2901 domni
2280 2852 2420 2920 regis
2445 2852 2537 2922 qui
2584 2863 2712 2910 tunc
2741 2857 2880 2927 apud
2910 2859 3188 2918 basilicam
3227 2867 3401 2924 sancti

1821 2932 1968 2989 Petri
1995 2943 2174 3001 erant,
2222 2935 2545 2997 Wirundum
2578 2944 2785 3002 scilicet
2809 2947 3063 3006 abbatem
3092 2952 3117 2992 ἀ
3144 2963 3199 3009 et
3226 2954 3401 3013 Wini-

1822 3024 1996 3096 gisum
2025 3023 2351 3096 Spolitinum
2372 3031 2413 3061 ¹²
2438 3031 2630 3090 ducem
2662 3038 2901 3107 veniens,
2931 3040 3229 3112 Spoletium
3253 3047 3297 3079 ¹³
3316 3058 3400 3106 est

1823 3118 2106 3176 deductus.
2135 3121 2375 3180 Domnus
2394 3140 2490 3179 rex
2514 3128 2583 3183 ad
2610 3127 2902 3187 Saxoniam
2929 3134 3229 3205 profectus,
3260 3140 3394 3197 Rbe-

1823 3225 1952 3265 num
1978 3210 2024 3245 ³⁵
2048 3213 2113 3267 ad
2135 3211 2391 3285 Lippcam
2415 3216 2459 3249 ”
2481 3220 2752 3285 transivit,
2782 3226 2913 3280 etin
2944 3226 3062 3283 loco
3079 3269 3094 3289 ,
3120 3230 3212 3299 qui
3244 3246 3374 3288 voca

1822 3310 1910 3356 tur
1937 3302 2324 3360 Padrabrunno
2348 3306 2411 3372 ¹⁶,
2441 3310 2633 3377 positis
2661 3315 2859 3371 castris
2881 3319 3148 3386 consedit,
3171 3329 3224 3376 et
3246 3323 3397 3390 inde,
3490 3380 3495 3389 ,

1820 3392 1993 3449 diviso
2020 3396 2284 3450 exercitu.
2314 3395 2531 3453 Carlum
2573 3399 2744 3457 tilium
2774 3420 2931 3460 suum
2958 3422 3081 3463 cum
3108 3411 3397 3468 medietate

1818 3487 1887 3541 ad
1916 3486 2259 3557 conloquium
2283 3486 2621 3559 Sclavorum,
2662 3495 2837 3565 adque
2867 3498 3205 3569 recipiendos
3235 3503 3276 3534 "
3305 3504 3397 3573 qui

1774 3608 1777 3613 ~
1818 3580 1885 3636 de
1909 3580 2219 3638 Nordliudis
2249 3584 2290 3614 "'
2316 3595 2579 3642 venerunt
2601 3585 2843 3647 Saxones
2864 3592 2917 3647 in
2938 3593 3330 3668 Bardengauwi
3353 3599 3397 3630 ¹⁹

1817 3674 2045 3740 direxit;
2078 3675 2209 3745 ipse,
2241 3676 2409 3733 altera
2432 3680 2720 3737 medietate
2744 3698 2925 3740 secum
2946 3695 3179 3754 retenta,
3206 3691 3397 3746 eodem

1816 3766 1872 3821 in
1895 3767 2016 3824 loco
2044 3766 2282 3824 Leonem
2306 3770 2616 3839 pontificem
2643 3789 2855 3839 summo
2884 3790 3006 3831 cum
3036 3778 3243 3835 honore
3268 3798 3392 3837 sus—

1814 3858 1976 3928 cepit.
1999 3857 2186 3928 [bique
2209 3860 2439 3914 reditum
2462 3860 2606 3916 Carli
2631 3862 2725 3918 filii
2754 3865 2836 3920 sui
2856 3876 3149 3935 expectans
3171 3871 3238 3936 ὀ,
3263 3872 3396 3927 Leo-

1814 3963 1937 4003 nem
1966 3948 2273 4019 pontificem
2304 3949 2465 4004 simili
2489 3946 2597 4018 quo
2626 3960 2911 4023 susceptus
2937 3964 3021 4010 est
3057 3957 3264 4015 honore
3307 3963 3392 4018 di-

1813 4038 1982 4103 misit,
2021 4038 2113 4107 qui
2171 4038 2355 4093 statim
2415 4039 2640 4094 Romam
2690 4041 2970 4112 profectus
3019 4057 3141 4113 est,
3191 4059 3247 4107 et
3296 4068 3392 4109 rex

1811 4126 2148 4199 Aquasgrani
2190 4128 2456 4199 palacium
2487 4144 2647 4186 suum
2673 4147 2925 4189 reversus
2962 4146 3065 4192 est.
3112 4138 3170 4194 In
3200 4144 3389 4201 eadem

1811 4221 2153 4289 expeditione
2191 4221 2399 4292 legatus
2455 4221 2772 4279 Michahelis
2826 4222 3044 4284 Siciliae
3103 4233 3384 4301 praefecti,

1813 4314 2032 4369 nomine
2054 4313 2281 4369 Danihel
2309 4316 2373 4382 ²¹,
2394 4315 2457 4370 ad
2476 4316 2732 4371 domuum
2753 4334 2935 4389 regem
2963 4325 3129 4392 venit,
3156 4327 3390 4398 adque“

2154 4618 2539 4675 VARIANTES
2571 4619 2969 4676 LECTIONES.

1885 4756 1900 4786 ι
1928 4753 2178 4836 εθλιθιίθιθ
2219 4752 2274 4806 5.
2304 4753 2581 4836 ιᾳοιιιιξίεε
2737 4754 2758 4784 ³
2789 4753 2992 4836 alistrie
3167 4754 3189 4787 ³
3213 4755 3378 4836 elysi-

1811 4822 1950 4896 pona
1982 4824 2033 4878 7.
2137 4823 2159 4854 ’⁵
2214 4822 2506 4879 ιιιυιῐοει5.
2609 4824 2631 4855 ⁵
2665 4839 2791 4892 rege
2838 4822 2891 4877 2.
2942 4824 3054 4894 regi
3097 4822 3283 4882 carold
3324 4829 3375 4883 7.

1811 4898 1831 4928 '
1861 4895 2141 4968 basilicum
2175 4892 2228 4948 5.
2320 4895 2364 4968 _"
2396 4894 2629 4968 natalem
2656 4892 2709 4946 2.
2736 4892 2789 4946 6.
2818 4902 2873 4968 et
2901 4894 3040 4968 decu
3077 4894 3131 4948 7.
3235 4897 3256 4929 ⁸
3285 4914 3381 4968 pa-

1809 4968 1937 5024 scha
1983 4963 2233 5020 similiter
2261 4963 2372 5035 a7.
2470 4964 2750 5035 9linguam
2798 4962 3045 5035 eiusdem
3092 4962 3377 5035 tntncavc-

1807 5044 1935 5093 runt
1957 5036 2009 5088 7.
2088 5036 2130 5067 ¹⁰
2149 5034 2449 5089 custodiam
2474 5034 2528 5088 2.
2551 5032 2615 5087 ϐξ
2685 5034 2724 5064 ¹¹
2759 5042 2920 5088 noctu
2944 5032 2996 5088 5.
3019 5033 3070 5088 6.
3104 5034 3152 5090 7.
3222 5039 3378 5093 “vvi-

1807 5106 2076 5162 nicbisum
2108 5104 2501 5175 spolitanum7.
2566 5104 2611 5175 “_
2629 5102 2961 5175 spoletum7.
3029 5106 3337 5163 “renum..
3357 5147 3372 5161 .

1808 5186 1865 5232 et
1886 5177 2052 5248 deest
2088 5172 2153 5248 ag
2224 5174 2560 5248 ‘f‘lippeham
2583 5172 2636 5226 6.
2717 5173 2760 5204 “
2782 5173 3163 5248 paderbrunno
3190 5177 3377 5248 24η-

1810 5247 2092 5324 dabrunnp
2119 5244 2170 5324 ἶ.
2204 5245 2290 5324 _"
2318 5243 2749 5324 sclavorumgug
2775 5243 3092 5324 recipendos
3114 5245 3167 5301 2.
3194 5243 3294 5324 sel;
3318 5256 3375 5324 _et

1809 5320 1877 5374 ad
1900 5330 2009 5371 rec.
2042 5315 2095 5369 5.
2125 5313 2273 5386 6.7.4
2334 5313 2378 5386 ξ’
2406 5313 2693 5386 nortliudis
2718 5312 2775 5386 7Σ
2848 5313 2889 5345 ⁸³
2914 5313 3286 5386 hardingauvvi
3315 5316 3369 5371 5.

1808 5382 2296 5457 hardingavviniiti.
2338 5382 2697 5457 bardingaunj
2745 5384 2798 5437 7.
2885 5382 3274 5456 "exspectans
3313 5388 3367 5443 5.

1804 5461 1846 5491 ¹¹
1873 5451 2051 5513 daniel
2079 5456 2136 5509 2.
2212 5455 2257 5484 ²¹
2301 5460 2464 5521 atque
2485 5452 2538 5507 5.
2568 5451 2621 5509 6.
2656 5453 2705 5506 7.

1633 5550 1863 5609 NOTAE.

208 5649 229 5677 ι
268 5634 345 5687 Ita
371 5642 521 5688 certe
538 5629 701 5702 legati
721 5628 1037 5702 retulerunt,
1062 5646 1245 5688 veram
1266 5645 1484 5687 causam
1507 5626 1705 5684 videsis

144 5705 272 5775 apud
288 5700 613 5775 Scriptores
629 5700 973 5772 Byzantinos.

210 5777 237 5819 δ
272 5773 546 5830 Liuabon.

1883 5632 1905 5658 π
1949 5618 2058 5674 San
2098 5616 2330 5670 Lorenzo
2353 5615 2407 5669 in
2431 5613 2625 5672 Lucina
2654 5631 2773 5673 esse
2804 5618 3041 5687 videtur;
3079 5618 3151 5690 cf.
3173 5617 3371 5681 Leonis

1806 5692 1867 5747 lli
1894 5690 2089 5744 Vitam.

1953 5756 2346 5814 Stabulensem.
