3960 6346
110 375 222 431 457

631 501 865 542 ANNALES
899 501 1208 544 EGINHARDI.

110 579 296 643 niens,
324 574 757 633 benedictionem
799 585 856 633 et
884 579 1142 649 reliquias
1185 579 1251 636 de
1297 581 1419 637 loco
1463 597 1708 638 resurre-

110 669 320 724 ctionis
369 668 696 736 dominicae,
747 684 888 739 quae
935 671 1248 740 patriarcha
1301 673 1414 743 regi
1463 674 1702 737 miserat,

112 757 328 815 detulit.
357 759 426 814 Et
449 761 467 791 ι
501 775 598 816 rex
635 761 873 818 natalem
920 762 1138 819 Domini
1183 765 1238 820 in
1266 766 1458 821 eodem
1503 767 1706 836 palatio

114 853 370 909 residens
395 854 415 884 ¹
458 853 774 922 celebravit,
813 871 878 912 ac
917 857 1244 914 monachum
1294 859 1494 926 reverti
1519 859 1705 915 volen-

111 951 232 1002 tem
284 946 590 1012 absolvens,
633 947 959 1004 Zachariam
1005 951 1296 1020 quendam,
1346 953 1709 1022 presbiterum

110 1039 185 1095 de
210 1040 414 1110 palatio
443 1055 563 1106 suo,
594 1056 718 1096 cum
747 1043 938 1098 eodem
965 1043 1047 1099 ire
1077 1044 1256 1111 iussit,
1285 1045 1373 1101 cui
1401 1055 1456 1100 et
1485 1046 1709 1102 donaria

112 1146 218 1186 sua
250 1132 320 1188 ad
350 1132 440 1187 illa
467 1133 778 1188 veneranda
807 1134 925 1190 loca
952 1135 1244 1191 deferenda
1278 1123 1574 1193 commisit.

813 1226 1008 1282 DCCC.

187 1317 471 1373 Redeunte
511 1333 683 1372 verna
715 1317 736 1349 ³
789 1319 1068 1388 temperie,
1123 1321 1304 1376 medio
1352 1319 1468 1376 fere
1515 1322 1710 1381 Martio

111 1424 218 1463 rex
245 1407 569 1478 Aquisgrani
595 1407 617 1438 ⁸
669 1407 964 1477 digressus,
996 1408 1127 1464 litus
1154 1411 1343 1465 oceani
1371 1410 1562 1467 Gallici
1589 1430 1712 1484 per-

110 1498 391 1563 lustravit,
418 1507 473 1552 et
501 1498 556 1551 in
587 1498 702 1568 ipso
731 1497 891 1564 mari,
925 1499 1070 1568 quod
1106 1507 1235 1554 tunc
1259 1501 1467 1569 peratis
1491 1501 1513 1532 5
1538 1501 1710 1556 Nord-

110 1590 389 1646 mannicis
417 1589 670 1645 infestum
701 1598 822 1644 erat
847 1590 889 1656 5,
935 1590 1165 1646 classem
1207 1592 1465 1659 instituit,
1503 1595 1711 1663 praesi-

111 1682 210 1735 dia
241 1680 526 1754 disposuit,
559 1681 761 1750 pascha
785 1680 805 1712 ⁷
858 1680 914 1734 in
952 1680 1180 1736 Centulo
1212 1682 1234 1713 ⁸
1286 1684 1427 1752 apud
1461 1692 1708 1738 sanctum

109 1770 436 1826 Bicharium
477 1770 789 1825 celebravit.
843 1770 972 1826 lnde
1018 1771 1214 1826 iterum
1244 1787 1340 1842 per
1374 1772 1504 1828 litus
1540 1774 1709 1828 maris

1211 373 1356 434 CUM
1392 373 1979 438 LAURlSSENSIBUS
2011 375 2320 437 COLLATI.

1721 494 1774 553 Λ

3264 389 3372 444 458

2245 507 2479 551 ΑΝΝΑιεε
2512 508 2910 553 ιΑυιιιεθειηδεε.

1882 1293 1998 1349 Rex
2053 1295 2357 1352 absolutum
2405 1208 2943 1358 Hielgfiﬁinitanum
2991 1305 3006 1337 ¹
3058 1309 3385 1367 monachum

1810 1389 2014 1443 reverti
2040 1388 2188 1456 fecit,
2238 1393 2461 1449 mittens
2506 1411 2632 1471 cum
2667 1413 2730 1452 eo
2762 1399 3080 1457 Zachariam
3105 1405 3127 1434 ²
3173 1409 3387 1477 presbi-

1810 1491 1987 1536 terum
2015 1483 2082 1538 de
2105 1483 2307 1554 palatio
2345 1502 2464 1553 suo,
2493 1489 2587 1558 qui
2617 1490 2840 1546 donaria
2866 1494 2981 1551 eius
3008 1511 3105 1566 per
3133 1497 3223 1553 illa
3264 1515 3387 1556 san~

1810 1582 1899 1629 cta
1935 1575 2052 1630 loca
2081 1577 2339 1633 deferret.
2377 1579 2494 1650 Ipse
2529 1582 2708 1637 medio
2749 1600 2937 1641 mense
2977 1586 3170 1645 Martio
3191 1589 3390 1661 Aquis-

1808 1668 1962 1738 grani
1995 1669 2194 1739 palatio
2232 1671 2563 1742 digrediens,
2601 1674 2730 1731 litus
2769 1680 2958 1734 oceani
2984 1680 3176 1738 Gallici
3200 1683 3387 1753 perlu-

1809 1761 2021 1825 stravit,
2068 1762 2122 1816 in
2164 1763 2282 1834 ipso
2323 1765 2494 1831 mari,
2541 1767 2683 1836 quod
2722 1777 2850 1825 tunc
2889 1773 3093 1843 pyratis
3134 1772 3389 1830 infestum

113 1863 277 1919 iter’
331 1877 514 1934 agens,
558 1862 921 1932 Ratumagum
980 1863 1258 1919 civitatem
1293 1865 1474 1932 venit,
1525 1864 1705 1935 ibique

1821 1861 1950 1919 erat,
1991 1853 2221 1910 classem
2269 1856 2520 1922 instituit,
2561 1859 2833 1928 praesidia
2877 1863 3158 1933 disposuit,
3191 1868 3392 1936 pascha

116 1952 372 2024 Sequana
423 1969 582 2008 amne
618 1953 962 2020 transmisso,
990 1953 1240 2010 Turonos
1271 1956 1314 1986 5°
1345 1956 1413 2011 ad
1461 1967 1709 2011 sanctum

113 2046 416 2100 Martiuum
457 2045 721 2099 orationis
765 2060 929 2100 causa
965 2044 1240 2115 profectus
1266 2053 1370 2113 est,
1397 2055 1637 2102 moratus
1667 2046 1708 2077 “

116 2137 200 2191 ibi
228 2137 342 2191 dies
369 2136 573 2205 aliquot
600 2143 822 2206 propter
851 2136 1136 2190 adversam
1164 2135 1549 2208 Liutgardae"
1581 2153 1710 2194 con-

115 2229 268 2300 iugis
295 2227 641 2282 valitudinem
664 2228 730 2294 ‘5,
759 2244 899 2299 quae
925 2229 1125 2284 ibidem
1161 2237 1217 2284 et
1242 2228 1497 2285 defuncta
1523 2238 1580 2286 et
1603 2231 1708 2286 hu-

117 2328 273 2376 mata
303 2326 422 2374 est:
451 2319 586 2374 obiit
613 2328 796 2374 autem
825 2320 970 2374 diem
995 2320 1037 2351 ⁸³
1062 2319 1115 2374 2.
1143 2319 1282 2376 Non.
1315 2320 1432 2376 Iun.
1461 2321 1589 2376 Inde
1613 2335 1712 2392 per

119 2413 447 2468 Aurelianos
480 2427 545 2467 ac
572 2412 814 2468 Parisios
850 2412 1196 2484 Aquasgrani
1226 2414 1270 2445 ‘5
1320 2429 1575 2470 reversus
1604 2422 1707 2480 est,

121 2515 186 2562 et
232 2520 418 2560 mense
469 2503 712 2576 Augusto
758 2504 799 2535 ‘5
838 2505 1128 2562 inchoante
1176 2506 1571 2577 Mogontiacum
1620 2523 1712 2562 ve-

117 2598 302 2662 niens,
325 2596 626 2669 generalem
647 2606 970 2653 conventum
996 2599 1194 2654 ibidem
1212 2600 1420 2667 habuit,
1447 2608 1503 2656 et
1527 2602 1632 2656 iter
1656 2601 1713 2656 in

114 2689 337 2748 Italiam
369 2689 613 2744 condixit
634 2689 675 2722 5"
702 2709 714 2744 :
740 2698 902 2760 atque
931 2691 1056 2747 inde
1082 2691 1378 2762 profectus,
1406 2707 1530 2747 cum
1558 2709 1714 2749 exer-

118 2784 241 2838 citu
281 2781 594 2836 Ravennam
635 2783 802 2847 venit,
857 2781 1038 2852 ibique
1087 2792 1294 2853 septem
1341 2800 1451 2839 non
1480 2785 1713 2855 amplius

121 2875 248 2930 dies
290 2882 566 2938 moratus,
611 2872 897 2945 Pippinum
947 2873 1116 2929 ﬁlium
1170 2891 1327 2930 suum
1365 2893 1489 2931 cum
1523 2877 1714 2932 eodem

121 2967 371 3022 exemita
405 2967 458 3020 in
491 2975 692 3020 terram
718 2967 1223 3022 Beneventanorum
1254 2969 1332 3022 ire
1372 2969 1558 3035 iussit;
1592 2985 1712 3026 mo-

121 3074 370 3128 vensque
399 3058 463 3112 de
504 3057 763 3113 Ravenna
809 3058 970 3112 simul
1003 3058 1045 3090 ³⁸
1076 3075 1198 3114 cum
1255 3059 1387 3126 ﬁlio,
1432 3061 1714 3117 Anconam

119 3167 304 3223 usque
328 3152 610 3222 pervenit;
650 3167 757 3222 quo
792 3152 866 3206 ibi
902 3153 1390 3218 dimisso,Romam
1416 3158 1715 3227 proﬁcisci-

119 3254 240 3300 tur.
266 3241 365 3297 Cui
395 3258 516 3297 cum
542 3243 584 3274 ‘5
606 3243 781 3314 pridie
807 3259 969 3313 quam
1001 3246 1093 3300 illo
1121 3247 1166 3277 ²⁰
1190 3248 1417 3314 veniret,
1444 3249 1557 3304 Leo
1577 3266 1716 3322 papa

117 3336 277 3404 apud
312 3333 635 3388 Nomentum
673 3335 717 3365 ’ί
748 3347 773 3375 α
805 3337 1136 3392 occurrisset
1162 3338 1228 3402 ’³,
1270 3347 1326 3393 et
1366 3355 1490 3394 cum
1518 3356 1717 3412 magna

116 3444 259 3485 eum
294 3427 341 3459 ³³
363 3428 704 3484 veneratione
742 3429 943 3484 ibidem
984 3431 1311 3500 suscepisset
1333 3431 1399 3498 '5,
1429 3441 1553 3502 post
1591 3449 1716 3490 coe-

117 3536 280 3585 nam,
313 3535 418 3590 qua
448 3520 607 3575 simul
638 3521 829 3575 refecti
860 3530 1005 3587 sunt,
1037 3522 1130 3577 illo
1169 3523 1240 3578 ibi
1279 3535 1557 3591 manente,
1583 3542 1719 3597 pon-

118 3613 264 3669 tifex
295 3613 364 3667 ad
395 3615 588 3668 urbem
631 3615 931 3684 praecessit
957 3614 1023 3680 ’5,
1055 3623 1111 3669 et
1157 3616 1212 3670 in
1241 3618 1542 3672 crastinum
1585 3619 1630 3650 ’5
1662 3620 1718 3674 in

118 3709 390 3781 gradibus
417 3708 676 3763 basilicae
710 3708 854 3763 beati
885 3707 1032 3763 Petri
1073 3710 1302 3780 apostoli
1345 3727 1468 3766 cum
1511 3712 1719 3781 episco-

119 3803 216 3873 pis
257 3811 314 3857 et
357 3803 612 3857 universo
657 3802 804 3857 clero
849 3803 1195 3869 consistens,
1245 3805 1620 3861 advenientem
1671 3808 1714 3838 ’⁷

119 3895 154 3934 ιι
173 3907 425 3962 equoque
440 3892 855 3947 descendentem
872 3893 983 3947 Deo
998 3893 1184 3949 laudes
1201 3895 1428 3951 dicendo
1446 3905 1501 3952 et
1513 3899 1718 3966 gratias

119 3983 344 4054 agendo
364 3984 626 4053 suscepit,
649 3994 704 4038 et
733 3985 943 4038 cunctis
970 3984 1321 4054 psallentibus
1348 3988 1405 4040 in
1429 3988 1718 4044 ecclesiam

118 4075 375 4130 eiusdem
397 4074 757 4130 beatissimi’5
776 4075 1004 4144 apostoli
1027 4077 1196 4130 Deum
1223 4077 1530 4149 gloriﬁcans
1557 4091 1718 4151 atque

119 4165 492 4237 magniﬁcans
517 4166 838 4221 introduxit.
867 4167 1033 4222 Facta
1060 4178 1184 4222 sunt
1212 4168 1347 4225 haec
1378 4171 1432 4226 8.
1463 4171 1580 4226 Kal.
1610 4173 1717 4228 De-

120 4257 313 4314 oemb.
360 4257 491 4313 Post
539 4267 745 4326 septem
773 4272 902 4312 vero
929 4259 1043 4313 dies
1092 4275 1186 4314 rex
1217 4262 1476 4318 concione
1501 4272 1715 4332 vocata,

515 4373 606 4427 VA
615 4373 909 4428 RIANTES
949 4374 1351 4431 LECTIONES.

203 4465 218 4496 ‘
251 4464 412 4519 Deest
442 4481 480 4519 ι.
569 4465 664 4518 ’in
691 4479 740 4518 e.
767 4480 821 4533 p.
848 4481 892 4518 r.
926 4483 979 4518 η.
1005 4468 1056 4520 d.
1101 4467 1153 4520 4.
1203 4468 1255 4520 5.
1301 4468 1352 4522 6.
1431 4471 1452 4502 ³
1474 4473 1618 4528 veris
1659 4473 1713 4527 4.

1810 1944 1867 1998 in
1896 1943 2122 2000 Centulo
2149 1946 2289 2017 apud
2337 1958 2583 2003 sanctum
2611 1950 2926 2008 Richarium
2956 1956 3269 2013 celebravit.
3302 1959 3392 2014 ln-

1811 2034 1985 2106 deque
2027 2038 2224 2092 iterum
2261 2055 2358 2110 per
2391 2040 2519 2096 litus
2552 2044 2741 2098 oceani
2768 2045 3125 2118 Ratumagum
3150 2051 3171 2082 ³
3206 2053 3394 2108 civita-

1811 2137 1921 2185 tem
1944 2129 2221 2200 profectus
2247 2142 2352 2198 est,
2381 2134 2566 2204 ibique
2587 2134 2838 2206 Sequana
2869 2155 3027 2195 amne
3050 2145 3391 2212 transmisso,

1813 2223 2047 2279 Turonis
2076 2225 2144 2280 ad
2179 2237 2425 2280 sanctum
2454 2226 2742 2283 Martinum
2785 2231 3049 2288 orationis
3079 2249 3240 2291 causa
3268 2253 3397 2306 per-

1811 2314 2028 2380 venit‘,
2059 2323 2304 2370 moratus
2345 2316 2419 2371 ibi
2462 2318 2577 2373 dies
2621 2319 2826 2391 aliquot
2864 2333 3086 2393 propter
3113 2327 3394 2383 adversam

1815 2402 2047 2457 domnae
2078 2401 2099 2434 ’⁸
2149 2402 2476 2475 Liutgardae
2523 2408 2769 2479 coniugis
2818 2411 3207 2482 valitudinem,
3256 2434 3400 2487 quae

1815 2492 2017 2548 ibidem
2044 2501 2098 2548 et
2120 2494 2370 2550 defuncta
2400 2504 2454 2551 et
2474 2498 2697 2554 humata
2725 2510 2827 2557 est.
2851 2503 2995 2558 Obiit
3019 2517 3201 2564 autem
3230 2510 3318 2565 die
3339 2511 3396 2566 2.

1815 2582 1953 2639 Non.
1970 2584 2088 2639 Iun.
2116 2585 2244 2640 Inde
2269 2586 2696 2655 perAurelianos
2722 2607 2786 2647 ac
2806 2593 3042 2652 Parisios
3058 2598 3078 2629 5
3121 2614 3401 2672 regressus

1815 2676 2159 2749 Aquasgrani
2189 2694 2440 2736 reversus
2469 2688 2571 2736 est.
2600 2682 2667 2737 Et
2689 2685 2865 2755 pridie
2885 2687 3024 2743 Non.
3053 2689 3151 2746 Iul.
3184 2693 3402 2752 insolito

1816 2786 1970 2827 more
2013 2786 2207 2842 aspera
2249 2773 2444 2843 pruina
2489 2781 2632 2841 erat,
2671 2783 2726 2831 et
2766 2778 2818 2832 7.
2867 2779 2944 2834 Id.
2991 2782 3089 2836 Iul.
3127 2784 3402 2854 similiter,

1817 2867 1959 2934 quae
1993 2872 2177 2922 tamen
2215 2866 2350 2921 nihil
2395 2865 2850 2925 incommoditatis
2888 2871 3155 2931 fructibus
3185 2879 3400 2934 adtulit.

1818 2957 1888 3013 Et
1931 2973 2119 3015 mense
2173 2959 2419 3031 Augusto
2471 2959 2765 3018 inchoante
2808 2961 3202 3033 Mogontiacum
3240 2969 3261 3000 ⁸
3306 2986 3404 3026 ve-

1818 3051 1994 3120 niens,
2024 3053 2129 3107 iter
2169 3053 2224 3107 in
2262 3053 2473 3108 Italiam
2508 3054 2815 3120 condixit",
2851 3056 3025 3126 adque
3069 3059 3194 3115 inde
3219 3062 3401 3131 profe-

1821 3153 1961 3210 ctus,
2006 3161 2132 3199 cum
2166 3145 2406 3200 exercitu
2451 3144 2767 3201 Ravennam
2795 3147 2962 3201 venit.
2996 3148 3074 3203 Ibi
3101 3149 3123 3181 5
3151 3153 3406 3208 ordinata

1745 3212 1791 3277 θ
1823 3237 1877 3292 in
1904 3237 2312 3292 Beneventanos
2356 3237 2726 3306 expeditione,
2769 3247 2893 3307 post
2941 3249 3147 3311 septem
3191 3245 3404 3300 dierum

1820 3329 2064 3384 inducias
2090 3328 2318 3382 Romam
2363 3329 2467 3383 iter
2505 3329 2795 3395 convertit,
2841 3338 2896 3385 et
2940 3333 3241 3388 exercitum
3281 3351 3407 3390 cum

1818 3419 2047 3490 Pippino
2078 3419 2190 3474 ﬁlio
2220 3434 2317 3473 suo
2348 3417 2404 3472 in
2427 3418 2448 3449 ⁹
2492 3418 2997 3478 Beneventanorum
3043 3433 3220 3480 terras
3249 3442 3408 3497 prae-

1819 3513 2004 3568 datum
2039 3512 2118 3566 ire
2143 3511 2320 3566 iussit.
2352 3510 2580 3566 Romam
2608 3527 2738 3568 vero
2772 3530 2896 3570 cum
2921 3517 3177 3581 venisset,
3209 3532 3407 3574 occur-

1821 3606 1894 3660 rit
1920 3607 1969 3662 ei
1993 3604 2165 3676 pridie
2192 3604 2302 3660 Leo
2331 3621 2468 3676 papa
2499 3614 2554 3660 et
2578 3605 2808 3662 Romani
2854 3625 2980 3665 cum
3007 3626 3072 3667 eo
3107 3614 3248 3682 apud
3293 3613 3406 3670 No-

1819 3707 2061 3753 mentum
2087 3739 2102 3765 ,
2135 3699 2470 3768 duodecimo
2511 3699 2580 3754 ab
2627 3702 2762 3757 urbe
2820 3701 3032 3774 lapide,
3076 3714 3131 3759 et
3188 3722 3398 3763 summa

1819 3805 1942 3844 eum
1975 3790 2281 3845 humilitate
2314 3807 2632 3861 summoque
2672 3794 2879 3848 honore
2929 3798 3188 3866 suscepit,
3229 3815 3398 3867 pran-

1820 3885 2060 3954 densque
2086 3883 2126 3914 5°
2154 3899 2275 3937 cum
2306 3898 2372 3937 eo
2398 3884 2452 3937 in
2481 3883 2600 3938 loco
2622 3885 2914 3953 praedicto,
2945 3888 3127 3941 statim
3159 3903 3282 3942 eum
3331 3891 3402 3944 ad

1819 3975 2010 4028 urbem
2034 3973 2349 4043 praecessit.
2379 3973 2447 4027 Et
2476 3974 2528 4026 in
2565 3974 2862 4028 crastinum
2887 3975 2940 4029 in
2972 3978 3227 4046 gradibus
3260 3981 3405 4035 basi-

1819 4065 1958 4120 licae
1998 4065 2039 4095 5‘
2074 4063 2219 4119 beati
2263 4063 2406 4119 Petri
2457 4064 2685 4134 apostoli
2733 4072 2917 4134 stans,
2964 4069 3164 4148 missis.
3189 4073 3404 4128 obviam

1821 4157 2098 4212 Romanae
2143 4155 2295 4210 urbis
2332 4155 2566 4222 vexillis,
2597 4155 2862 4213 ordinatis
2895 4160 3059 4214 etiam
3097 4170 3259 4233 atque
3295 4164 3405 4218 dis-

1819 4249 2012 4320 positis
2048 4263 2147 4318 per
2199 4263 2437 4320 congrua
2485 4247 2601 4303 loca
2642 4256 2752 4303 tam
2785 4253 3198 4324 peregrinorum
3237 4271 3399 4326 quam

1820 4343 2017 4398 civium
2060 4343 2255 4395 turmis
2308 4341 2400 4409 qui
2447 4341 2683 4396 venienti
2732 4341 2919 4399 laudes
2957 4344 3199 4400 dicerent
3226 4387 3239 4409 ,
3287 4347 3404 4416 ipsc

1821 4448 1943 4486 cum
1977 4431 2122 4485 clero
2153 4437 2209 4485 et
2244 4430 2515 4500 episcopis
2553 4446 2695 4502 equo
2727 4433 3144 4492 descendentem
3174 4439 3402 4508 gradus-

116 4535 177 4589 5.
227 4534 283 4588 6.
367 4535 389 4566 ⁸
415 4535 738 4606 aquisgrano
765 4527 815 4587 7.
894 4537 1168 4605 5peractis
1203 4538 1266 4619 .2.
1314 4540 1505 4608 piratis
1549 4544 1602 4597 4.
1663 4545 1712 4598 6.
1742 4566 1797 4626 D
1823 4545 1927 4598 (1υο
1970 4527 2349 4582 ascendentem
2390 4527 2657 4596 suscepit:
2696 4529 2930 4600 dataque
2966 4531 3008 4561 ¹²
3037 4531 3312 4599 oratione,
3347 4533 3403 4587 ίιι

116 4606 348 4676 pyratis
386 4605 437 4659 5.
477 4607 528 4660 6.
575 4605 629 4660 ’7.

705 4606 838 4661 5ubi
887 4615 1015 4662 tunc
1058 4606 1340 4677 piraticam
1395 4615 1716 4670 nordmanni

117 4677 467 4732 exercebant
501 4677 553 4731 9.

655 4676 674 4708 ⁷
719 4687 966 4748 sanctum
995 4676 1192 4748 pascha
1217 4681 1269 4734 9.
1395 4683 1417 4714 ⁸
1440 4683 1496 4736 in
1526 4694 1717 4740 centu-

117 4747 175 4801 lo
209 4748 358 4800 deest
384 4748 436 4800 9.
513 4747 691 4801 5deest
715 4747 767 4800 5.
793 4749 846 4803 9.
927 4750 967 4780 ¹⁰
996 4747 1202 4806 turouis
1244 4753 1296 4806 5.
1327 4753 1379 4808 6.
1461 4755 1501 4785 ¹¹
1539 4771 1718 4810 mora—

117 4829 337 4896 tusque
352 4826 452 4896 Aes}
484 4818 556 4896 ibi
664 4889 687 4896 Α
724 4819 766 4848 ¹²
796 4819 1097 4896 _luitgardae
1117 4822 1168 4896 2.
1209 4823 1260 4896 5.
1303 4823 1355 4896 9.
1446 4825 1488 4857 ¹³
1510 4827 1716 4881 valetu-

117 4889 320 4964 dinem
423 4889 556 4964 5.4.
584 4888 634 4940 7.
660 4889 712 4942 9.
780 4890 836 4964 _“f
863 4888 950 4945 die
968 4891 1030 4944 ll.
1056 4892 1110 4946 5.
1134 4893 1186 4945 4.
1213 4893 1265 4946 5.
1289 4893 1343 4947 6.
1377 4896 1550 4964 pridie
1577 4897 1626 4950 7.
1662 4899 1713 4952 9.

120 4958 168 4988 ’5
220 4959 523 5037 aurelianis
547 4975 631 5045 _ac
676 4960 908 5045 p‘arisius
951 4964 1263 5045 aquisgrani
1301 4958 1715 5045 2.:parrhisios

116 5029 522 5098 aquisgranum
547 5029 599 5082 7.
681 5030 722 5060 ‘5
754 5033 965 5102 augusti
992 5029 1045 5086 2.
1082 5029 1342 5087 "'indixit
1371 5029 1433 5090 9:
1503 5039 1546 5069 ¹⁸
1577 5039 1718 5094 deest

115 5100 175 5152 9.
297 5099 344 5129 ¹⁹
389 5101 529 5154 deest
571 5097 624 5155 ὅ.
667 5099 719 5154 9.
824 5103 868 5133 ²⁰
917 5103 1041 5155 illuc
1079 5105 1129 5155 7.
1230 5106 1272 5135 ²¹
1307 5117 1620 5155 numentum
1664 5111 1715 5155 9-

160 5138 175 5150 .
299 5117 343 5129 "
389 5117 529 5153 aeest
571 5117 624 5153 ὓ.
667 5117 719 5153 υ.

115 5169 165 5198 ’²
250 5172 496 5224 occurrit.
547 5173 599 5225 5.
650 5171 703 5224 9.

824 5103 868 5133 ²⁰
917 5103 1041 5158 illuc
1079 5105 1129 5157 7.
1230 5106 1272 5135 ²¹
1307 5117 1622 5162 numentum
1664 5111 1716 5165 9.

778 5173 824 5203 ³³
851 5173 991 5228 deest
1027 5176 1080 5229 5.
1121 5175 1206 5248 9.Δ
1246 5176 1293 5248 ’5
1318 5179 1555 5248 suscepit
1578 5181 1631 5233 5.
1663 5181 1715 5235 9.

114 5240 478 5315 "_processit
501 5243 568 5315 5?
594 5242 646 5296 9.
723 5243 768 5315 ’5
795 5252 1119 5315 posteroque
1157 5245 1242 5300 die
1273 5247 1326 5303 9.
1404 5249 1446 5280 ³⁷
1477 5240 1625 5304 deest
1664 5250 1716 5304 2.

113 5311 256 5365 adv.
310 5327 496 5381 regem
543 5314 596 5370 9.
672 5315 718 5346 ‘5
743 5314 796 5369 b.
838 5315 979 5385 petri
1015 5311 1065 5369 εἰ.
1104 5316 1158 5369 2.

197 5504 231 5534 ⁸
262 5493 551 5549 Nomento.

195 5563 231 5604 ι)
262 5563 445 5645 Medio
494 5580 608 5645 tevo
655 5565 1006 5645 imperatores
1053 5555 1120 5645 ad
1150 5580 1398 5645 veterum
1435 5575 1722 5645 magistra-

106 5645 288 5712 tuum
330 5634 700 5712 imitationem
726 5634 822 5693 Via
845 5640 1184 5712 iTriumphali
1219 5657 1316 5712 per
1344 5634 1583 5700 montan
1614 5647 1725 5702 Ma-

107 5708 277 5762 rium
319 5707 397 5777 (in
429 5723 537 5786 quo
570 5710 804 5786 primum
842 5707 1117 5786 laetissimo
1145 5707 1294 5786 urbis
1333 5715 1434 5786 sibi
1471 5716 1725 5786 subjecta:

107 5788 364 5849 aspectu
392 5779 714 5852 gauderent)
741 5788 954 5854 portam
990 5782 1304 5854 Augelicam
1337 5785 1543 5842 intrare
1566 5779 1721 5844 'soliti

107 5858 296 5917 sunt;
355 5866 480 5905 nam
530 5865 660 5916 non,
710 5852 904 5922 quibus
949 5870 1049 5910 nos
1085 5852 1316 5923 tuimur,
1347 5857 1436 5913 via
1475 5866 1530 5913 et
1569 5868 1722 5930 porta

465 5941 742 6008 ΡΑτιιοι.
787 5945 943 6010 CIV.

1826 5859 2054 5930 juvabit.

1821 4620 2104 4676 basilicam
2150 4618 2296 4673 beati
2334 4617 2482 4673 Petri
2531 4621 2759 4690 apostoli
2802 4622 3156 4692 psallentibus
3197 4625 3406 4680 cunctis

1892 4712 1906 4729 '
1934 4709 2033 4782 [lbi
2060 4708 2314 4782 omnium
2357 4709 2686 4782 Brittonumi
2709 4712 2877 4768 duces
2927 4722 2985 4769 et
3019 4714 3246 4770 comites
3277 4731 3400 4772 cum

1821 4781 1976 4837 donis
2002 4781 2070 4836 ad
2095 4795 2219 4836 eum
2242 4789 2526 4834 venerunt.
2561 4781 2689 4854 9b.]

2218 4869 2609 4927 VARIANTES
2646 4873 3046 4930 LECTIONES.

1893 4964 2450 5022 ‘hierosolimitanum
2476 4965 2528 5019 6.
2545 4963 2647 5036 (7.)
2724 4966 3065 5036 fzachariam
3089 4967 3140 5022 5.
3212 4969 3232 5000 ³
3256 4977 3404 5024 rotu-

1822 5054 2035 5108 magam
2069 5037 2122 5091 5.
2168 5034 2563 5106 ratumagnum'
2588 5034 2641 5090 6.
2720 5034 2742 5066 ⁸
2775 5036 2968 5090 domna
2995 5036 3049 5090 2.
3125 5039 3147 5070 5
3174 5040 3405 5108 perisios

1822 5113 1872 5166 2.
1951 5109 1971 5140 5
1997 5108 2331 5166 magontiam
2363 5107 2416 5160 6.
2447 5105 2860 5166 mogunciacum
2886 5107 2938 5161 7.
3012 5109 3032 5141 5
3063 5111 3320 5166 conduxit
3347 5111 3402 5166 5.

1819 5113 1872 5166 2.
1951 5113 1971 5140 5
1997 5113 2331 5178 mogontiam
2363 5113 2416 5160 t5.
2447 5113 2860 5176 mogunciacum
2886 5113 2938 5161 7.
3012 5113 3032 5141 '
3063 5113 3320 5166 conduxit
3347 5113 3402 5166 5.

1817 5183 1870 5236 7.
1915 5179 2062 5252 italia
2091 5179 2145 5252 ti.
2177 5248 2187 5252 _
2223 5177 2449 5252 5ibique
2475 5178 2524 5252 7_.
2621 5176 2769 5252 1[ﬁlio
2798 5178 2850 5230 in
2875 5178 2927 5252 5.
2951 5179 3002 5232 6.
3027 5179 3080 5234 7.
3178 5182 3221 5213 5°
3243 5198 3408 5252 pran-

1821 5251 2019 5376 dcus
2100 5249 2142 5280 “
2175 5248 2232 5302 in
2251 5248 2474 5304 basilica
2493 5248 2568 5328 7.‘
2624 5248 2667 5278 ¹¹
2710 5249 3090 5307 ascendentem
3119 5253 3220 5308 sub
3244 5248 3405 5310 data-

1823 5339 1928 5376 aue
2000 5361 2013 5375 .

1823 5339 1928 5394 que
1959 5339 2013 5376 κ.

1649 5413 1882 5473 now.
2563 5492 2572 5500 ,

1806 5501 2094 5562 Flaminia
2143 5512 2199 5559 et
2240 5514 2400 5574 ponte
2430 5504 2612 5559 Milvio
2634 5503 2860 5562 Romam

2905 5509 3194 5579 petierunt.
3249 5508 3408 5566 Anno

1835 5587 2016 5631 tamen
2043 5576 2244 5630 Christi
2289 5577 2393 5632 800
2419 5579 2589 5632 sancti
2617 5575 2760 5632 Petri
2792 5575 3012 5636 basilica
3055 5581 3230 5638 adhuc
3255 5589 3411 5636 extra

1835 5648 2034 5725 Urbem
2080 5647 2186 5725 sita
2217 5658 2387 5725 _erat;
2441 5659 2750 5725 accuratam
2802 5649 2917 5725 ejus
2966 5653 3408 5725 descriptionem,

1833 5719 2048 5794 qualem
2073 5718 2300 5794 Carolus
2326 5730 2454 5794 tunc
2501 5722 2791 5794 invenerit,
2819 5718 2873 5777 in
2902 5739 3064 5794 opere
3083 5718 3193 5792 jain
3228 5722 3412 5794 prodi—

1834 5787 2065 5864 turoW.
2090 5788 2188 5845 Cll.
2214 5789 2391 5847 Caroli
2409 5793 2624 5849 Bunsen
2655 5801 2709 5849 et
2728 5787 3207 5852 EruestiPlat'tner
3229 5787 3410 5864 legere

2855 5956 2924 6019 15
