3960 6346
136 374 232 430 457

629 501 863 542 ANNALES
897 500 1206 543 EGINBABDI.

134 578 299 643 niens,
325 573 756 632 benedictionem
797 585 854 632 et
882 578 1140 648 reliquias
1183 579 1250 634 de
1294 580 1417 636 loco
1461 596 1706 637 resurre-

133 668 322 723 ctionis
370 667 695 736 dominicae,
745 683 887 738 quae
935 671 1247 739 patriarcha
1298 672 1411 742 regi
1461 673 1700 736 miserat,

130 757 328 814 detulit.
357 758 426 813 Et
448 760 465 790 ⁸
500 775 598 815 rex
634 760 872 817 natalem
918 761 1137 818 Domini
1181 765 1235 818 in
1264 765 1457 820 eodem
1501 765 1705 836 palatio

130 852 369 908 residens
394 853 414 882 ¹
457 853 772 921 celebravit,
811 870 876 910 ac
915 857 1243 912 monachum
1292 857 1492 924 reverti
1517 858 1703 914 volen-

127 950 237 1000 tem
287 945 589 1012 absolvens,
631 946 957 1002 Zachariam
1004 951 1294 1020 quendam,
1343 951 1707 1021 presbiterum

124 1038 194 1094 de
217 1039 412 1109 palatio
442 1053 562 1104 suo,
592 1055 717 1095 cum
745 1042 936 1097 eodem
964 1042 1046 1098 ire
1075 1043 1254 1110 iussit,
1284 1044 1372 1100 cui
1399 1054 1454 1099 et
1484 1044 1707 1101 donaria

123 1145 223 1186 sua
254 1132 320 1187 ad
348 1131 439 1186 illa
466 1133 777 1187 veneranda
804 1133 923 1188 loca
951 1133 1242 1190 deferenda
1277 1119 1572 1192 commisit.

811 1225 1006 1281 DCCC.

194 1316 470 1372 Redeunte
509 1332 682 1372 verna
714 1316 735 1348 ³
786 1317 1066 1386 temperie,
1122 1320 1302 1374 medio
1352 1319 1466 1376 fere
1513 1321 1708 1380 Martio

119 1423 223 1462 rex
247 1406 567 1478 Aquisgrani
593 1406 615 1437 ⁵
667 1406 962 1476 digressus,
994 1406 1126 1462 litus
1153 1410 1341 1464 oceani
1370 1409 1561 1466 Gallici
1588 1428 1710 1482 per-

117 1497 389 1562 lustravit,
416 1505 470 1551 et
499 1497 555 1550 in
585 1497 702 1566 ipso
730 1496 890 1563 mari,
924 1497 1069 1566 quod
1106 1506 1234 1553 tunc
1256 1500 1465 1568 peratis
1489 1499 1512 1531 ⁸
1537 1499 1709 1554 Nord-

116 1589 388 1644 mannicis
416 1588 669 1644 infestum
699 1596 820 1643 erat
845 1589 888 1656 ⁸,
933 1589 1163 1645 classem
1206 1590 1464 1658 instituit,
1501 1593 1709 1662 praesi-

115 1681 214 1734 dia
243 1679 524 1753 disposuit,
557 1680 759 1749 pascha
783 1679 804 1710 "
856 1679 912 1734 in
951 1679 1178 1735 Centulo
1211 1681 1232 1712 ⁸
1285 1682 1426 1750 apud
1459 1690 1706 1736 sanctum

113 1769 434 1826 Richarium
475 1769 788 1824 celebravit.
843 1769 971 1824 lnde
1018 1770 1214 1824 iterum
1241 1785 1338 1840 per
1374 1770 1503 1826 litus
1538 1771 1707 1826 maris

1209 372 1354 432 CUM
1390 371 1976 436 LAURISSENSI'BUS
2009 374 2319 436 COLLATI.

1720 492 1773 552 A

3261 387 3369 442 458

2243 506 2476 550 ΑΝΝΑιεε
2511 507 2908 551 ιΑυιιιεθειηδεε.

2499 1207 2693 1264 DCCC.

2499 1207 2542 1262 D
2679 1250 2693 1264 .

1880 1291 1997 1348 Rex
2051 1294 2356 1350 absolutum
2403 1207 2941 1356 Hierfsiﬁmitanum
2989 1303 3005 1335 ³
3056 1307 3383 1365 monachum

1809 1387 2013 1442 reverti
2039 1386 2187 1455 fecit,
2236 1391 2459 1447 mittens
2503 1409 2630 1469 cum
2664 1411 2728 1450 eo
2759 1397 3078 1454 Zachariam
3104 1403 3125 1432 ³
3172 1406 3385 1474 presbi-

1809 1488 1985 1535 terum
2014 1481 2080 1536 de
2103 1482 2306 1552 palatio
2344 1500 2463 1552 suo,
2492 1487 2586 1555 qui
2614 1488 2838 1544 donaria
2864 1491 2980 1549 eius
3005 1508 3104 1562 per
3132 1495 3220 1550 illa
3262 1513 3385 1554 san-

1809 1579 1896 1627 cta
1933 1573 2051 1628 loca
2080 1575 2337 1631 deferret.
2376 1577 2492 1647 Ipse
2527 1580 2706 1635 medio
2748 1598 2934 1639 mense
2975 1585 3168 1643 Martio
3189 1587 3388 1659 Aquis-

1806 1666 1961 1736 grani
1993 1667 2193 1737 palatio
2231 1669 2560 1741 digrediens,
2600 1672 2728 1729 litus
2766 1678 2956 1731 oceani
2983 1677 3174 1736 Gallici
3199 1681 3386 1750 perlu-

1808 1759 2020 1823 stravit,
2066 1760 2120 1814 in
2163 1761 2280 1831 ipso
2321 1763 2493 1828 mari,
2539 1765 2681 1834 quod
2721 1775 2848 1822 tunc
2887 1770 3092 1840 pyratis
3133 1770 3387 1827 infestum

115 1862 232 1918 iter
257 1863 278 1892 ⁹
331 1876 512 1932 agens,
557 1861 919 1931 Ratumagum
978 1862 1256 1917 civitatem
1290 1863 1473 1932 venit,
1523 1863 1704 1934 ibique
1732 1854 1780 1914 B
1807 1861 1948 1917 erat,
1990 1852 2220 1908 classem
2269 1854 2518 1919 instituit,
2561 1857 2831 1925 praesidia
2875 1861 3156 1930 disposuit,
3189 1866 3391 1934 pascha

118 1951 370 2022 Sequana
422 1967 580 2007 amne
616 1952 961 2018 transmisso,
989 1952 1239 2008 Turonos
1270 1954 1313 1985 ¹⁰
1345 1955 1412 2009 ad
1459 1965 1706 2010 sanctum

114 2045 414 2100 Martinam
455 2043 720 2098 orationis
764 2059 928 2098 causa
963 2042 1239 2114 profectus
1265 2053 1369 2111 est,
1395 2053 1636 2100 moratus
1665 2045 1706 2075 “

113 2135 202 2190 ibi
229 2135 341 2190 dies
368 2135 571 2204 aliquot
599 2141 821 2205 prOpter
851 2135 1136 2189 adversam
1162 2134 1548 2206 Liutgardae“
1580 2152 1708 2192 con—

115 2227 268 2298 iugis
297 2226 640 2281 valitudinem
663 2227 730 2293 ¹³,
759 2243 898 2298 quae
924 2227 1124 2283 ibidem
1160 2235 1216 2283 et
1242 2227 1495 2283 defuncta
1523 2237 1580 2284 et
1602 2229 1707 2284 hu-

114 2328 274 2374 mata
304 2327 385 2373 est
409 2337 420 2371 :
449 2318 584 2373 obiit
611 2327 794 2373 autem
824 2319 968 2373 diem
993 2318 1035 2349 ι*
1061 2319 1114 2372 2.
1143 2318 1282 2374 Non.
1314 2319 1431 2375 lun.
1460 2319 1588 2374 Inde
1612 2334 1711 2390 per

117 2412 445 2468 Aurelianos
479 2426 544 2466 ac
571 2411 813 2467 Parisios
850 2411 1195 2482 Aquasgrani
1227 2413 1269 2443 ”
1320 2427 1574 2468 reversus
1603 2421 1706 2480 est,

119 2515 186 2561 et
233 2519 418 2559 mense
467 2503 711 2575 Augusto
757 2503 798 2534 ¹⁶
837 2503 1128 2560 inchoante
1175 2504 1571 2575 Mogontiacum
1619 2521 1711 2560 ve-

113 2598 303 2660 niens,
325 2595 625 2668 generalem
646 2604 970 2652 conventum
995 2599 1193 2653 ibidem
1211 2599 1419 2665 habuit,
1447 2607 1501 2654 et
1526 2600 1632 2654 iter
1656 2599 1712 2654 in

111 2689 337 2748 Italiam
369 2688 612 2743 condixit
633 2688 673 2720 "
701 2707 713 2742 :
739 2698 900 2759 atque
930 2690 1055 2745 inde
1082 2689 1377 2760 profectus,
1405 2706 1529 2746 cum
1557 2707 1713 2747 exer-

114 2784 238 2838 citu
281 2780 592 2834 Ravennam
633 2781 801 2846 venit,
855 2780 1037 2850 ibique
1085 2790 1293 2852 septem
1342 2798 1450 2838 non
1479 2783 1712 2853 amplius

117 2874 246 2929 dies
288 2880 564 2938 moratus,
608 2871 897 2944 Pippinum
945 2872 1115 2927 ﬁlium
1169 2890 1326 2929 suum
1364 2891 1488 2930 cum
1522 2875 1712 2931 eodem

117 2966 369 3022 exercitu
403 2966 458 3019 in
491 2974 691 3019 terram
717 2965 1222 3021 Beneventanorum
1252 2967 1332 3020 ire
1371 2967 1558 3033 iussit;
1592 2983 1711 3024 Πιο-

115 3073 368 3127 verisque
399 3057 462 3110 de
503 3056 762 3111 Ravenna
807 3056 970 3111 simul
1001 3056 1044 3088 ³⁸
1076 3073 1198 3112 cum
1254 3058 1386 3125 ﬁlio,
1432 3059 1714 3116 Anconam

115 3166 302 3222 usque
327 3151 608 3221 pervenit;
649 3166 756 3220 quo
792 3150 866 3204 ibi
901 3151 1389 3217 dimisso,Romam
1416 3156 1715 3226 proﬁcisci-

115 3254 238 3299 tur.
264 3241 362 3296 Cui
393 3257 514 3296 cum
540 3242 582 3273 ¹⁹
605 3242 780 3312 pridie
806 3258 968 3312 quam
999 3244 1093 3298 illo
1120 3245 1165 3275 ²⁰
1190 3247 1416 3313 veniret,
1444 3247 1556 3303 Leo
1577 3264 1716 3320 papa

113 3335 274 3404 apud
310 3332 634 3388 Nomentum
672 3333 716 3364 ’ί
747 3346 772 3374 α
803 3335 1136 3390 occurrisset
1161 3337 1228 3401 ",
1270 3344 1325 3391 et
1365 3353 1490 3392 cum
1519 3354 1716 3410 magna

111 3443 254 3484 eum
289 3427 336 3458 ³³
357 3426 703 3483 veneratione
743 3427 943 3483 ibidem
984 3430 1310 3499 suscepisset
1332 3430 1398 3498 ’⁵,
1429 3439 1552 3500 post
1590 3447 1716 3488 coe-

113 3535 277 3585 nam,
310 3535 416 3589 qua
445 3519 606 3574 simul
638 3519 830 3573 refecti
859 3528 1004 3584 sunt,
1037 3520 1130 3575 illo
1168 3521 1239 3576 ibi
1279 3532 1556 3590 manente,
1582 3540 1718 3595 pon-

112 3613 260 3669 tifex
292 3613 361 3666 ad
397 3614 586 3667 urbem
630 3613 930 3682 praecessit
957 3612 1023 3679 ³⁸,
1054 3621 1110 3667 et
1157 3615 1211 3668 in
1241 3616 1541 3670 crastinum
1585 3617 1629 3647 ³⁸
1661 3618 1718 3672 in

111 3709 389 3780 gradibus
416 3707 675 3762 basilicae
709 3707 854 3762 beati
885 3705 1032 3761 Petri
1073 3708 1302 3779 apostoli
1344 3725 1468 3764 cum
1511 3710 1718 3779 episco-

111 3803 212 3873 pis
253 3811 312 3857 et
356 3801 610 3856 universo
655 3800 803 3856 clero
850 3802 1194 3867 consistens,
1245 3803 1619 3859 advenientem
1670 3806 1714 3836 ’⁷

112 3894 146 3934 b
165 3906 424 3962 equoque
440 3891 855 3946 descendentem
871 3891 983 3946 Deo
998 3892 1183 3947 laudes
1200 3893 1428 3949 dicendo
1446 3903 1500 3950 et
1513 3896 1717 3965 gratias

110 3983 342 4054 agendo
363 3983 624 4052 suscepit,
648 3993 703 4036 et
733 3983 942 4037 cunctis
969 3983 1320 4052 psallentibus
1349 3986 1404 4039 in
1429 3986 1716 4042 ecclesiam

108 4075 373 4130 eiusdem
395 4073 757 4128 beatissimi"
775 4074 1003 4142 apostoli
1027 4075 1195 4129 Deum
1224 4076 1530 4147 gloriﬁcans
1557 4088 1717 4149 atque

108 4165 491 4237 magniﬁcans
516 4165 838 4220 introduxit.
867 4165 1033 4221 Facta
1059 4176 1184 4220 sunt
1212 4167 1347 4223 haec
1377 4169 1431 4224 8.
1463 4169 1580 4224 Kal.
1610 4171 1717 4225 De-

110 4257 309 4314 cemb.
358 4256 490 4312 Post
537 4265 744 4325 septem
772 4271 902 4311 vero
929 4258 1042 4311 dies
1091 4274 1187 4312 rex
1216 4260 1476 4316 concione
1501 4270 1715 4330 vocata,

514 4371 908 4426 VARIANTES
949 4372 1351 4430 LECTIONES.

194 4465 212 4495 ⁸
245 4464 410 4518 Deest
442 4479 478 4518 ι.
568 4464 663 4516 ’ἰη
691 4478 739 4516 e.
766 4479 821 4532 p.
848 4480 891 4516 r.
925 4481 978 4517 η.
1005 4466 1056 4519 d.
1101 4465 1153 4518 4.
1203 4466 1255 4519 5.
1301 4467 1352 4521 6.
1431 4469 1617 4526 8veris
1658 4472 1713 4525 4.

1809 1943 1866 1996 in
1895 1941 2121 1998 Centulo
2147 1944 2288 2015 apud
2336 1955 2581 2001 sanctum
2610 1947 2925 2006 Richarium
2955 1954 3268 2011 celebravit.
3300 1957 3390 2012 ln-

1809 2032 1984 2104 deque
2025 2036 2222 2091 iterum
2259 2053 2357 2107 per
2391 2038 2518 2094 litus
2551 2042 2740 2096 oceani
2766 2043 3123 2116 Ratumagum
3149 2049 3170 2080 ³
3205 2050 3392 2106 civita-

1810 2136 1920 2183 tem
1944 2128 2220 2198 profectus
2247 2140 2352 2196 est,
2379 2131 2565 2201 ibique
2587 2132 2837 2203 Sequana
2868 2152 3026 2192 amne
3048 2142 3390 2209 transmisso,

1812 2221 2046 2277 Turonis
2075 2223 2142 2277 ad
2177 2234 2424 2278 sanctum
2453 2224 2742 2280 Martinum
2784 2229 3048 2286 orationis
3077 2247 3239 2288 causa
3268 2250 3396 2304 per-

1810 2312 2026 2378 venit‘,
2058 2321 2304 2368 moratus
2344 2314 2418 2369 ibi
2461 2315 2576 2371 dies
2619 2317 2825 2388 aliquot
2863 2331 3085 2391 propter
3112 2325 3393 2380 adversam

1815 2400 2046 2455 domnae
2077 2400 2099 2432 "
2149 2401 2474 2473 Liutgardae
2522 2406 2768 2477 coniugis
2817 2409 3206 2480 valitudinem,
3255 2432 3398 2484 quae

1813 2490 2016 2546 ibidem
2043 2499 2097 2546 et
2119 2492 2370 2548 defuncta
2399 2503 2454 2549 et
2473 2495 2697 2552 humata
2724 2506 2826 2554 est.
2850 2500 2994 2556 Obiit
3019 2514 3200 2561 autem
3229 2508 3317 2562 die
3339 2509 3395 2563 2.

1814 2581 1952 2637 Non.
1969 2582 2087 2637 Iun.
2115 2583 2244 2638 Inde
2269 2585 2695 2653 perAurelianos
2721 2605 2785 2645 ac
2804 2591 3041 2650 Parisios
3057 2596 3077 2626 ⁵
3120 2612 3400 2669 regressus

1815 2674 2157 2747 Aquasgrani
2187 2692 2440 2734 reversus
2468 2687 2570 2734 est.
2598 2680 2666 2735 Et
2687 2683 2864 2752 pridie
2886 2685 3024 2741 Non.
3053 2687 3150 2744 Iul.
3183 2691 3402 2749 insolito

1815 2784 1970 2825 more
2013 2785 2205 2840 aspera
2248 2771 2443 2840 pruina
2488 2781 2630 2839 erat,
2669 2781 2725 2829 et
2765 2775 2817 2830 7.
2867 2777 2944 2831 Id.
2991 2779 3087 2833 Iul.
3126 2782 3401 2852 similiter,

1817 2863 1959 2932 quae
1993 2870 2176 2920 tamen
2215 2865 2350 2919 nihil
2394 2864 2850 2923 incommoditatis
2887 2868 3154 2929 fructibus
3184 2876 3399 2932 adtulit.

1818 2955 1887 3011 Et
1930 2971 2118 3013 mense
2172 2957 2418 3029 Augusto
2471 2957 2764 3016 inchoante
2806 2959 3201 3031 Mogontiacum
3239 2967 3260 2997 ⁸
3305 2983 3403 3023 ve-

1818 3051 1993 3118 niens,
2024 3051 2128 3106 iter
2168 3051 2224 3104 in
2261 3051 2472 3106 Italiam
2507 3051 2749 3107 condixit
2770 3052 2814 3119 ⁷,
2851 3054 3024 3124 adque
3068 3057 3193 3113 inde
3219 3059 3400 3129 profe-

1821 3150 1961 3207 ctus,
2005 3158 2131 3198 cum
2166 3143 2405 3198 exercitu
2451 3142 2766 3199 Ravennam
2794 3145 2962 3199 venit.
2995 3146 3073 3201 lbi
3100 3147 3122 3178 ⁸
3150 3150 3405 3205 ordinata

1744 3210 1790 3275 α
1823 3235 1876 3290 in
1903 3235 2312 3290 Beneventanos
2356 3235 2725 3304 expeditione,
2769 3245 2892 3304 post
2939 3246 3146 3308 septem
3190 3242 3402 3297 dierum

1820 3327 2064 3382 inducias
2090 3326 2318 3381 Romam
2362 3327 2467 3381 iter
2505 3327 2794 3392 convertit,
2841 3336 2895 3383 et
2940 3331 3240 3385 exercitum
3279 3348 3405 3388 cum

1817 3417 2047 3488 Pippino
2078 3416 2189 3473 ﬁlio
2219 3432 2317 3471 suo
2348 3416 2404 3470 in
2426 3417 2447 3447 ⁸
2492 3416 2995 3475 Beneventanorum
3043 3430 3219 3478 terras
3248 3439 3408 3494 prae—

1819 3511 2004 3566 datum
2038 3510 2118 3565 ire
2142 3509 2320 3564 iussit.
2351 3507 2580 3564 Romam
2607 3525 2738 3566 vero
2771 3527 2896 3567 cum
2920 3514 3176 3577 venisset,
3209 3529 3406 3571 occur-

1820 3604 1894 3658 rit
1920 3605 1969 3659 ei
1993 3602 2164 3674 pridie
2192 3602 2302 3658 Leo
2331 3618 2468 3673 papa
2499 3612 2554 3658 et
2578 3603 2807 3660 Romani
2853 3622 2979 3662 cum
3007 3623 3072 3664 eo
3107 3610 3249 3679 apud
3293 3610 3405 3667 No-

1819 3705 2061 3751 mentum
2087 3737 2101 3761 ,
2134 3696 2469 3766 duodecimo
2511 3697 2580 3752 ab
2627 3699 2761 3754 urbe
2820 3699 3031 3771 lapide,
3075 3711 3130 3757 et
3187 3719 3396 3760 summa

1819 3804 1942 3842 eum
1975 3789 2280 3843 humilitate
2314 3804 2633 3859 summoque
2671 3791 2878 3845 honore
2928 3795 3188 3864 suscepit,
3229 3812 3397 3864 pran-

1820 3883 2059 3951 densque
2085 3881 2126 3913 ί⁰
2153 3897 2275 3935 cum
2306 3896 2372 3935 eo
2399 3881 2453 3934 in
2481 3881 2599 3936 loco
2621 3883 2913 3950 praedicto,
2944 3885 3126 3938 statim
3158 3900 3282 3939 eum
3331 3888 3401 3941 ad

1819 3973 2009 4026 urbem
2035 3971 2348 4041 praecessit.
2379 3971 2447 4024 Et
2475 3971 2528 4024 in
2564 3971 2861 4025 crastinum
2887 3972 2938 4027 in
2970 3975 3226 4045 gradibus
3261 3977 3404 4032 basi-

1818 4062 1957 4118 licae
1998 4062 2038 4093 “
2074 4061 2218 4117 beati
2262 4061 2405 4116 Petri
2457 4061 2685 4132 apostoli
2732 4070 2916 4131 stans,
2963 4067 3163 4145 missis.
3188 4069 3403 4126 obviam

1821 4155 2098 4209 Romanae
2143 4153 2294 4207 urbis
2332 4152 2566 4219 vexillis,
2597 4153 2861 4210 ordinatis
2895 4157 3058 4212 etiam
3096 4167 3258 4231 atque
3294 4161 3405 4216 dis-

1820 4247 2012 4318 positis
2048 4261 2146 4316 per
2199 4260 2436 4316 congrua
2484 4245 2601 4301 loca
2641 4253 2751 4300 tam
2785 4250 3197 4320 peregrinorum
3237 4268 3398 4323 quam

1820 4341 2016 4396 civium
2059 4340 2254 4393 turmis
2308 4338 2399 4407 qui
2447 4338 2683 4392 venienti
2732 4338 2919 4396 laudes
2956 4341 3238 4407 dicerent,
3286 4345 3403 4414 ipse

1820 4446 1943 4485 cum
1977 4429 2122 4483 clero
2153 4435 2208 4482 et
2244 4427 2515 4497 episcopis
2553 4444 2695 4500 equo
2726 4430 3143 4489 descendentem
3173 4435 3401 4506 gradus-

105 4535 167 4589 5.
221 4533 278 4587 6.
366 4536 387 4564 ⁸
414 4534 738 4604 aquisgrano
764 4525 814 4585 7.
894 4534 1168 4604 l‘peractis
1212 4536 1266 4589 2.
1313 4525 1525 4606 piratis
1549 4542 1602 4594 4.
1662 4543 1712 4596 6.
1742 4564 1797 4624 D
1823 4542 1926 4597 (1υο
1970 4525 2348 4580 ascendentem
2390 4525 2657 4594 suscepit,
2695 4527 2930 4596 ἀθιθαιιθ
2965 4529 3008 4559 ¹²
3036 4528 3311 4595 oratione,
3347 4531 3403 4584 in

103 4606 347 4675 pyratis
384 4605 436 4658 5.
477 4606 528 4659 6.
574 4605 629 4659 7.
705 4604 839 4660 “ubi
886 4613 1015 4661 tunc
1059 4604 1340 4675 piraticam
1395 4613 1717 4668 nordmanni

105 4677 468 4731 exercebant
500 4677 553 4730 9.
655 4675 674 4706 "
721 4686 965 4730 sanctum
993 4681 1190 4746 pascha
1217 4679 1269 4732 9.
1395 4681 1416 4711 ⁸
1440 4681 1496 4735 in
1526 4692 1717 4738 centu-

104 4747 165 4801 lo
201 4747 357 4799 deest
383 4747 436 4800 9.
512 4746 692 4800 ’deest
715 4746 767 4799 5.
793 4747 845 4801 9.
924 4749 966 4777 ¹⁰
995 4750 1202 4803 turonis
1244 4750 1295 4804 5.
1327 4751 1379 4805 6.
1461 4753 1500 4782 ¹¹
1539 4769 1718 4808 mora-

105 4829 335 4890 tusque
358 4825 450 4890 _est
483 4817 556 4890 ibi
585 4817 636 4890 Ζ.
668 4888 684 4890 _
725 4817 767 4846 ¹³
798 4817 1096 4890 luitgardae
1117 4820 1168 4873 2.
1209 4821 1260 4874 5.
1303 4822 1355 4875 9.
1446 4823 1488 4854 ¹⁸
1510 4825 1716 4878 valetu-

104 4889 315 4962 dinem
349 4888 401 4962 2.
423 4888 556 4962 5.4.
584 4887 635 4938 7.
661 4888 712 4941 9.
780 4889 836 4962 ,ιε
863 4887 1030 4943 diell.
1056 4890 1186 4944 3.4.
1213 4890 1343 4945 5.6.
1377 4894 1549 4962 pridie
1577 4895 1626 4948 7.
1662 4897 1713 4950 9.

107 4958 158 4988 ³⁵
212 4958 523 5032 aurelianis
548 4973 631 5032 _ac
675 4959 907 5032 parisius
952 4963 1262 5032 aquisgrani
1311 4958 1714 5032 2._parrhisios

102 5028 522 5129 aquisgranutn
548 5029 599 5080 7.
681 5029 722 5058 ¹⁶
754 5031 964 5130 augusti
991 5033 1044 5084 2.
1081 5028 1341 5086 1lvindixit
1370 5028 1433 5087 9:
1503 5037 1546 5067 ¹⁸
1577 5036 1717 5091 deest

101 5099 163 5150 9.
320 5098 343 5126 ⁹
389 5100 527 5153 deest
571 5097 625 5154 5.
667 5098 719 5151 9.
848 5103 867 5131 °
915 5102 1040 5156 illuc
1079 5103 1129 5155 7.
1230 5104 1272 5133 ’ί
1308 5115 1622 5160 numentum
1664 5108 1716 5162 9.

147 5137 163 5150 .
295 5116 343 5129 "
389 5116 527 5153 aeest
571 5116 625 5154 ο.
667 5116 719 5151 9.
825 5116 867 5131 ιν
915 5116 1040 5156 lllUC
1080 5116 1129 5155 Ἰ.
1231 5116 1272 5133 ἰ
1308 5116 1622 5160 numentum
1664 5116 1716 5162 9.

100 5168 155 5246 ξξ
243 5171 531 5246 occurrit_
547 5172 620 5246 _5.A
651 5169 703 5223 9.
725 5171 824 5246 ﬂ”
851 5172 990 5226 deest
1027 5174 1079 5228 5.
1121 5173 1205 5246 9.-
1245 5174 1291 5246 ’ἕ
1317 5177 1555 5246 suscepit
1578 5178 1631 5230 5.
1663 5178 1715 5232 9.

99 5239 479 5313 "processit
501 5242 569 5313 5?
594 5240 646 5295 9.
724 5241 769 5272 ³⁸
795 5251 1119 5313 posteroque
1156 5244 1242 5298 die
1273 5245 1325 5301 9.
1403 5247 1445 5278 ³⁷
1477 5239 1624 5302 ὶιεεεε
1663 5248 1717 5302 2.

97 5311 250 5364 adv.
305 5326 497 5380 regem
543 5312 596 5368 9.
673 5313 796 5367 "b.
838 5313 979 5383 petri
1014 5311 1065 5368 a.
1104 5314 1158 5367 2.

184 5503 220 5534 ⁸
255 5492 552 5548 Nomento.

181 5563 220 5604 δ
255 5562 445 5642 Medio
495 5579 610 5642 aevo
657 5563 1006 5642 imperatores
1052 5552 1121 5642 ad
1151 5578 1398 5642 veterum
1435 5573 1721 5642 magistra-

89 5644 282 5711 tuum
327 5633 700 5711 imitationem
727 5636 822 5691 Via
844 5638 1184 5711 _Triumphali
1219 5655 1316 5711 per
1343 5633 1583 5698 montem
1615 5645 1725 5700 Ma-

1821 4618 2104 4674 basilicam
2151 4616 2295 4670 beati
2334 4613 2482 4670 Petri
2531 4618 2758 4688 apostoli
2801 4620 3155 4689 psallentibus
3196 4622 3406 4676 cunctis

1892 4711 1907 4727 '
1932 4706 2032 4790 [lbi
2055 4707 2314 4790 _omnium
2356 4706 2688 4790 Brittonu‘m‘
2709 4709 2877 4766 duces
2927 4719 2984 4766 et
3019 4712 3246 4768 comites
3277 4728 3400 4768 cum

1821 4779 1976 4835 donis
2002 4779 2070 4833 ad
2095 4793 2218 4833 eum
2241 4787 2526 4832 venerunt.
2561 4779 2689 4852 9b.]

2218 4866 2609 4925 VARIANTES
2646 4871 3045 4928 LECTIONES.

1893 4961 2449 5020 ‘hierosolimitanum
2476 4962 2528 5016 6.
2545 4960 2646 5034 (7.)
2723 4964 3064 5034 _‘zachariam
3088 4964 3140 5019 5.
3211 4965 3232 4996 ³
3256 4973 3404 5022 rom-

1821 5051 2034 5106 magam
2069 5033 2122 5088 5.
2168 5031 2562 5103 τεηυιηεςηυω
2588 5031 2640 5086 6.
2721 5031 2742 5062 ⁵
2775 5033 2968 5088 domna
2994 5034 3048 5088 2.
3125 5036 3147 5068 ⁵
3174 5037 3405 5106 perisios

1821 5109 1872 5163 2.
1950 5107 1971 5138 ⁶
1997 5105 2331 5164 mogontiam
2363 5103 2416 5157 6.
2447 5102 2859 5164 mogunciacum
2886 5104 2937 5158 7.
3013 5107 3032 5138 ⁷
3062 5109 3320 5164 conduxit
3347 5107 3402 5163 5.

1819 5109 1872 5163 2.
1950 5109 1971 5138 ⁸
1997 5109 2331 5176 mogontiam
2363 5109 2416 5157 6.
2447 5109 2859 5172 mogunciacum
2886 5109 2937 5158 7.
3013 5109 3032 5138 ⁷
3062 5109 3320 5164 conduxit
3347 5109 3402 5163 5.

1817 5180 1870 5234 7.
1914 5177 2062 5231 italia
2091 5177 2145 5249 6.
2177 5245 2188 5249 _
2223 5175 2449 5249 “ibique
2475 5175 2524 5249 7_.
2621 5173 2769 5249 l[lilio
2799 5174 2848 5227 in
2874 5175 2927 5249 5.
2951 5175 3002 5229 6.
3027 5176 3080 5232 7.
3179 5179 3221 5210 ⁸ο
3243 5195 3408 5249 pran-

1821 5249 2019 5373 dens
2101 5247 2142 5278 ¹¹
2176 5245 2232 5300 in
2251 5245 2474 5301 basilica
2493 5244 2568 5324 7.~
2625 5245 2667 5275 “
2709 5246 3090 5304 ascendentem
3119 5251 3220 5306 sub
3243 5244 3404 5306 data-

1822 5336 1928 5373 aue
2001 5359 2014 5372 .

1822 5336 1928 5391 que
1959 5336 2014 5373 z.

1648 5410 1882 5471 NOTAE.

1831 5503 2097 5576 Flaminia
2143 5510 2198 5576 et
2233 5511 2400 5576 ponte
2430 5489 2859 5576 Milvio_Romam
2905 5505 3194 5576 petierunt.
3249 5505 3409 5562 Anno

1834 5584 2016 5629 tamen
2043 5573 2244 5628 Christi
2289 5574 2392 5629 800
2419 5575 2589 5628 sancti
2616 5572 2759 5629 Petri
2791 5572 3011 5633 basilica
3055 5579 3230 5635 adhuc
3254 5586 3410 5633 extra

1835 5646 2034 5722 Urbem
2080 5644 2186 5722 sita
2216 5655 2387 5722 _erat;
2441 5655 2750 5722 accuratam
2802 5646 2917 5722 ejus
2966 5651 3408 5722 descriptionem,

89 5707 270 5761 rium
315 5706 398 5777 (in
429 5722 538 5790 quo
572 5709 804 5790 primum
844 5706 1117 5790 laetissimo
1145 5706 1294 5790 urbis
1333 5713 1433 5790 sibi
1471 5714 1725 5790 subjecta;
1833 5716 2048 5790 qualem
2073 5715 2300 5790 Carolus
2326 5706 2454 5790 tunc
2502 5719 2790 5790 invenerit,
2818 5706 2872 5774 i'n
2901 5736 3064 5790 opere
3082 5706 3193 5789 jain
3228 5706 3411 5790 prodi;

88 5787 366 5848 aspectu
393 5779 714 5850 gauderent)
741 5791 954 5852 portam
990 5779 1304 5852 Angelicam
1336 5784 1543 5839 intrare
1567 5779 1721 5841 'soliti

88 5857 290 5914 sunt;
356 5865 481 5904 nam
530 5864 660 5915 non,
709 5850 904 5921 quibus
951 5867 1049 5908 nos
1087 5850 1316 5922 utimur,
1347 5855 1435 5911 via
1475 5864 1530 5912 et
1570 5866 1722 5928 porta

466 5939 742 6006 ΡΑτιιοι..
788 5943 943 6007 ClV.

1826 5856 2054 5927 juvabit.

1833 5785 2065 5860 turoAW.
2090 5785 2188 5842 Cll.
2213 5785 2390 5843 Caroli
2409 5788 2624 5846 Bunsen
2655 5798 2709 5846 et
2727 5785 2953 5846 Ernesti
2966 5785 3206 5848 Plattner
3230 5785 3408 5860 legere

2855 5952 2924 6016 15
