3960 6346
237 406 324 465 ωε
1666 408 1983 475 ANNALES

3351 418 3460 476 462
3472 478 3478 482 .

233 524 372 585 multi
406 522 499 580 alii
542 522 818 581 Romanae
854 524 1006 582 urbis
1050 522 1391 595 habitatores
1424 523 1655 595 nobiles,
1690 528 1783 598 qui
1808 532 1863 593 Α
1884 525 2170 595 conplures
2203 525 2491 597 Sarraceni
2520 526 2897 599 conprehensi.
2938 530 3008 587 Et
3052 531 3109 593 in
3144 531 3300 597 Italia
3321 534 3461 605 Tea-

230 616 375 675 simul
399 631 589 673 omnes
615 617 806 672 eadem
827 615 1091 673 sententia
1120 616 1356 677 damnati
1383 625 1527 681 sunt.
1554 616 1784 675 Ordina—

229 714 296 777 tis
334 714 522 777 deinde
566 712 842 770 Romanae
892 712 1042 769 urbis
1074 718 1129 768 et
1177 712 1459 783 apostolici
1510 712 1783 782 totiusque

224 805 396 864 italiae
439 822 549 865 non
593 813 802 861 tantum
844 805 1074 878 publicis
1100 807 1193 862 sed
1219 807 1383 863 etiam
1407 804 1784 871 ecclesiasticis

226 906 283 954 et
314 898 535 969 privatis
584 897 745 955 rebus
782 927 858 940 —
895 914 1020 954 nam
1062 906 1174 955 tota
1202 899 1219 931 ί
1270 900 1448 963 hieme
1488 913 1595 954 non
1639 898 1783 955 aliud

224 989 342 1049 fecit
368 991 660 1061 imperator
681 1020 750 1032 --
775 991 1047 1061 missaque
1074 992 1269 1055 iterum
1294 993 1352 1055 in
1377 991 1783 1055 Bcheventanos

224 1084 549 1154 expeditione
569 1100 691 1142 cum
710 1084 941 1154 Pippino
963 1084 1074 1140 lilio
1098 1098 1216 1148 suo,
1240 1084 1356 1154 ipse
1374 1092 1498 1155 post
1523 1083 1721 1153 pascha
1749 1084 1779 1149 7

223 1178 434 1237 Kalend.
464 1179 635 1237 Maias
685 1178 860 1239 Roma
888 1177 1184 1249 profectus,
1218 1177 1518 1248 Spoletium
1548 1178 1569 1209 ³
1610 1177 1777 1237 venit.

221 1272 295 1331 ibi
325 1272 447 1331 dum
476 1282 643 1339 esset,
672 1272 958 1334 “Kalend.
985 1272 1154 1329 Maias
1180 1274 1313 1329 hora
1341 1272 1519 1331 noctis
1546 1271 1781 1330 secunda

220 1372 389 1425 teme
428 1374 607 1425 motus
638 1365 910 1423 maximus
931 1366 952 1398 ³
993 1364 1168 1423 iactus
1213 1373 1318 1431 est,
1349 1380 1458 1435 quo
1486 1372 1596 1421 tota
1625 1364 1780 1422 italia

216 1458 444 1529 graviter
483 1472 747 1515 concussa
787 1464 891 1513 est.
933 1456 1051 1525 Quo
1097 1463 1248 1513 motu
1287 1450 1493 1513 tectum
1526 1455 1781 1513 basilicae

214 1547 351 1604 beati
375 1547 529 1609 Pauli
558 1561 583 1591 ³
614 1547 843 1619 apostoli
871 1564 1066 1619 magna
1096 1563 1160 1604 ex
1188 1554 1344 1617 parte
1369 1562 1494 1602 cum
1519 1546 1635 1605 suis
1670 1554 1783 1605 tra-

213 1640 362 1698 bibus
379 1639 580 1697 decidit
602 1638 644 1706 ⁸,
673 1640 808 1696 etin
834 1639 1155 1710 quibusdam
1195 1638 1329 1695 locis
1377 1639 1541 1694 urbes
1566 1638 1588 1669 ⁸
1629 1650 1782 1695 mon—

212 1738 391 1802 tesque
437 1731 460 1764 ⁶
500 1739 748 1788 ruerunt.
801 1729 1004 1789 Eodem
1063 1746 1207 1787 anno
1264 1729 1382 1787 loca
1441 1730 1703 1800 quaedam
1754 1729 1777 1763 ⁷

211 1822 349 1879 circa
397 1821 645 1879 Rhenum
692 1821 913 1881 ﬂuvium
951 1828 1010 1877 et
1037 1822 1095 1877 in
1118 1820 1291 1884 Gallia
1322 1821 1456 1878 etin
1486 1819 1777 1881 Germania

212 1922 558 1972 tremuerunt.
592 1880 908 1972 Pestilentia
938 1922 1163 1985 propter
1207 1880 1489 1990 mollitiem
1515 1915 1536 1947 ⁸
1562 1913 1775 1971 hiberni
1802 1890 1850 1951 Β
1879 1880 2261 1990 T2313???

210 2004 464 2074 temporis
486 2004 507 2036 '
557 2003 701 2063 facta
745 2012 847 2060 est.
897 2003 1198 2075 Imperator
1236 2006 1306 2063 de
1342 2004 1581 2075 Spoletie
1604 2005 1646 2039 ³⁸
1670 2003 1778 2063 ila-

208 2112 432 2157 vennam
458 2098 625 2165 venit,
673 2106 729 2157 et
773 2098 980 2169 aliquot
1009 2098 1052 2139 ¹⁸
1084 2097 1177 2170 [ἢ.
1207 2100 1449 2165 veniens,
1489 2114 1541 2157 a.
1580 2100 1645 2154 Α.
1683 2097 1774 2172 L.]

208 2190 323 2247 dies
358 2190 433 2247 ibi
472 2199 736 2257 moratus,
768 2188 989 2261 Papiam
1029 2192 1293 2262 perrexit.
1322 2191 1400 2249 ibi
1423 2191 1703 2248 nuntiatur
1733 2191 1775 2225 “

208 2283 281 2349 ei,
315 2281 517 2353 legatos
550 2284 753 2350 Aaron,
797 2285 940 2356 regis
972 2284 1285 2351 Persarum,
1312 2283 1516 2358 [Aaron
1538 2283 1773 2339 Amirai-

207 2374 521 2439 mumminin
548 2391 594 2433 r.
621 2375 681 2437 Ρ.
724 2374 791 2435 Δ.
828 2375 921 2448 ι..)
966 2383 1182 2447 portum
1237 2376 1391 2435 Pisas
1419 2377 1461 2415 ⁸³
1504 2378 1772 2443 intrasse;

206 2467 398 2537 quibus
421 2469 635 2524 obviam
662 2470 705 2500 η
735 2470 978 2536 mittens,
1012 2471 1154 2525 inter
1180 2469 1456 2527 Vercellos
1481 2471 1523 2502 ¹⁵
1554 2478 1609 2525 et
1631 2471 1773 2541 Epo-

204 2560 406 2616 rediam
436 2560 481 2593 “
514 2561 543 2602 δ
573 2560 879 2635 [Eporeiam
905 2560 968 2617 Α.
998 2561 1089 2636 L.]
1118 2578 1210 2619 eos
1235 2563 1338 2620 sibi
1367 2561 1497 2619 fecit
1520 2560 1783 2648 praesen:

203 2651 327 2709 tari.
369 2651 522 2709 Unus
550 2653 694 2709 enim
718 2669 785 2711 ex
817 2652 991 2726 [Unus
1031 2669 1098 2711 ex
1137 2653 1203 2708 Δ.
1252 2650 1346 2729 L.]
1367 2655 1451 2713 eis
1472 2662 1590 2715 erat
1613 2653 1778 2713 Persa

200 2744 267 2801 de
288 2744 517 2809 oriente,
541 2743 748 2815 legatus
766 2746 1139 2816 praedictique
1160 2746 1305 2818 regis
1330 2745 1560 2818 [legatus
1583 2762 1628 2800 r.
1654 2746 1780 2803 Per-

200 2850 382 2893 sarum
407 2836 474 2891 Α.
504 2834 572 2910 L]
595 2867 667 2878 —
693 2852 819 2892 nam
861 2838 969 2893 duo
1006 2836 1222 2893 fuerant
1246 2864 1323 2879 -υ
1343 2838 1483 2893 alter
1520 2836 1777 2896 Sarrace-

197 2944 303 2985 nus
328 2929 393 2984 de
420 2927 624 2997 Africa,
647 2930 856 3002 legatus
877 2928 1107 2989 Amirati
1132 2929 1426 2998 Abraham,
1455 2930 1545 3004 qui
1573 2932 1629 2989 in
1657 2948 1783 2991 con-

194 3019 332 3078 ﬁnio
352 3020 569 3079 Africae
592 3022 647 3077 in
673 3022 902 3085 Fossato
932 3033 953 3062 ο
980 3023 1361 3092 praesidebat;
1394 3022 1487 3094 qui
1516 3021 1669 3079 isaac
1693 3023 1781 3079 lu-

194 3113 417 3179 daenm,
452 3129 616 3185 quem
645 3116 945 3187 imperator
973 3125 1100 3172 ante
1127 3116 1544 3187 quadriennium
1576 3118 1644 3173 ad
1670 3130 1783 3172 me-

190 3216 470 3264 moratum
520 3223 703 3281 regem
754 3207 846 3281 [ad
891 3213 1021 3281 reg.!
1055 3209 1120 3264 Α.
1169 3208 1259 3282 ι.]
1316 3210 1607 3269 Persarum
1660 3226 1783 3266 cum

191 3298 481 3363 Lantirido
503 3309 559 3357 et
586 3298 907 3373 Sigimnndo
935 3302 976 3335 ¹⁷
1016 3302 1212 3374 legatis
1249 3304 1364 3361 suis
1408 3303 1634 3363 miserat

189 3394 338 3466 gini.
364 3393 582 3450 miserat
606 3396 671 3449 Α.
702 3394 814 3468 L.],
847 3410 1126 3453 reversum
1157 3413 1279 3452 cum
1304 3398 1514 3468 magnis
1542 3397 1782 3452 muneri-

185 3486 302 3539 bus
330 3483 725 3541 nuntiaverunt.
756 3484 891 3541 Nam
918 3484 1231 3543 Lantfridus
1255 3502 1319 3543 ac
1348 3485 1700 3559 Sigimundus
1737 3486 1779 3520 ¹⁸

183 3575 359 3631 ambo
384 3574 440 3635 in
467 3574 656 3632 eodem
686 3574 878 3631 itinere
908 3576 1145 3632 defuncti
1175 3585 1301 3634 sunt
1329 3576 1514 3651 [ambo
1542 3576 1783 3634 defuncti

183 3674 377 3723 cant.
405 3665 470 3721 A.
500 3665 611 3741 L.].
650 3668 789 3725 Tum
812 3668 903 3724 ille
928 3669 1078 3725 misit
1113 3669 1513 3726 Ercanbaldnm
1540 3672 1583 3704 ⁸⁸
1625 3680 1781 3727 nota-

179 3760 341 3815 rium
401 3761 456 3815 in
504 3760 784 3832 Liguriam
834 3764 903 3819 ad
943 3763 1172 3819 classem
1221 3762 1543 3836 parandam,
1598 3781 1705 3837 qua
1732 3765 1778 3798 '°

182 3847 405 3911 elefans
427 3852 471 3883 ’ί
496 3860 552 3915 et
573 3869 636 3909 ea
659 3871 797 3925 quae
815 3872 940 3915 eum
961 3856 1005 3887 ²²
1030 3873 1096 3913 eo
1118 3848 1503 3914 adferebantur
1533 3859 1579 3890 ’³
1609 3857 1780 3931 [defe-

179 3943 461 4000 rebantur
485 3944 551 3999 A.
575 3944 664 4019 L.]
697 3948 1143 4005 subveherentur.
1180 3948 1300 4018 ipse
1324 3964 1476 4016 vero,
1506 3949 1781 4005 celebrato

177 4037 281 4103 die
309 4038 479 4094 natali
501 4041 672 4101 sancti
698 4041 952 4101 iohannis
974 4041 1249 4111 Baptistae
1268 4044 1410 4112 apud
1434 4042 1776 4113 Eporediam,

172 4131 362 4203 Alpes
401 4142 773 4205 transgressus
794 4135 839 4166 "'
866 4136 920 4189 in
949 4134 1177 4190 Galliam
1216 4150 1468 4192 reversus
1512 4143 1611 4192 est.
1659 4138 1775 4208 ipsa

170 4230 411 4279 aestate
439 4233 595 4295 capta
633 4234 716 4282 est
745 4227 1066 4291 Barcinona,
1093 4228 1284 4284 civitas
1325 4229 1378 4283 in
1422 4227 1677 4301 Hispania
1712 4230 1776 4295 ’⁸,

173 4316 304 4373 iam
333 4316 559 4381 biennio
581 4318 816 4376 obsessa.
848 4318 1022 4378 Zatun
1045 4319 1091 4351 "
1115 4319 1427 4395 praefectus
1469 4324 1587 4380 eius
1615 4332 1669 4381 et
1690 4324 1781 4381 alii

1884 617 2002 671 te"
2032 617 2059 657 ἀ
2091 618 2286 679 civitas
2328 619 2578 677 similiter
2608 627 2767 693 capta
2802 628 2858 678 et
2893 620 3115 687 incensa
3155 630 3262 695 est,
3308 625 3461 685 eius-

1883 723 1989 779 que
2014 709 2060 740 ³³
2101 710 2408 779 praefectus
2453 711 2738 773 Roselmus
2797 713 3202 785 conprehensus
3232 715 3299 769 ³⁸.
3349 715 3457 774 Ca.

1882 801 2038 857 stella
2061 817 2201 875 quae
2225 806 2293 859 ad
2325 804 2498 876 ipsam
2532 805 2808 863 civitatem
2837 806 3198 877 pertinebant,
3233 808 3290 865 in
3317 808 3468 866 dedi~

1881 894 2093 950 cionem
2121 907 2342 970 accepta
2370 905 2513 955 sunt.
2540 899 2712 955 Zatun
2746 906 2804 955 et
2838 899 3128 963 Boselmus
3146 917 3254 961 una
3280 902 3368 961 die
3394 907 3465 961 ad

1880 986 2245 1056 praesentiam
2268 987 2613 1060 imperatoris
2634 989 2845 1047 deducti
2867 989 2933 1063 ³ο,
2957 996 3014 1049 et
3036 991 3201 1053 exilio
3222 992 3464 1067 damnati

1882 1085 2027 1137 sunt.
2066 1078 2237 1149 ipsius
2273 1082 2402 1139 anni
2451 1096 2636 1139 mense
2680 1080 3002 1143 Octobrio“
3045 1083 3196 1147 isaac
3236 1084 3465 1147 indecus

1882 1166 1948 1225 de
1986 1165 2172 1223 Africa
2194 1183 2319 1227 cum
2342 1169 2576 1227 elefanto
2600 1185 2899 1245 regressus,
2928 1181 3147 1245 portum
3175 1172 3405 1233 Veneris
3434 1189 3458 1219 ο

1882 1258 2135 1326 intravit;
2185 1269 2242 1319 et
2281 1263 2409 1337 quia
2465 1273 2689 1337 propter
2733 1265 2888 1323 nives
2926 1266 2973 1300 “
3023 1266 3186 1341 Alpes
3230 1268 3465 1331 transire

1880 1365 1989 1411 non
2037 1352 2247 1424 potuit,
2289 1353 2549 1415 Vercellis
2591 1355 2872 1419 hiemavit.
2918 1357 3221 1435 Imperator
3262 1361 3463 1434 Aquis-

1880 1445 2035 1517 grani
2064 1447 2267 1518 palatio
2295 1449 2473 1513 natale
2496 1449 2543 1481 ⁸³
2570 1450 2786 1509 Domini
2813 1452 3107 1517 celebravit
3139 1454 3363 1531 [celebra
3394 1458 3464 1521 Et

1880 1534 2148 1594 inmutav.
2178 1553 2238 1596 se
2262 1555 2523 1601 numerus
2547 1557 2738 1599 annor.
2764 1544 2823 1601 in
2845 1545 2912 1602 A.
2940 1545 3033 1622 L.]

2560 1676 2801 1737 DCCCII.

1951 1786 2164 1844 Herena
2203 1788 2521 1875 imperatrix
2547 1791 2614 1848 de
2641 1791 3111 1869 Constantinopoli
3141 1799 3293 1857 misit
3316 1794 3465 1875 iega-
3528 1832 3533 1837 ~

2304 1873 2574 1949 Leonem,
2623 1884 2960 1952 spatharium
3008 1896 3230 1960 propter
3274 1873 3463 1963 pacem

1879 1969 2309 2026 confirmandam
2348 1970 2438 2044 [de
2480 1986 2615 2043 pace
2657 1974 3027 2032 conﬁrmanda
3070 1978 3136 2033 A.
3183 1970 3275 2053 L.]
3324 1983 3467 2037 inter

1875 2060 2118 2121 Francos
2173 2070 2230 2117 et
2276 2060 2537 2130 Graecos,
2601 2070 2658 2119 et
2695 2064 2994 2137 imperator
3043 2067 3283 2125 vicissim
3338 2088 3467 2147 pro-

1875 2162 1999 2227 pter
2038 2154 2239 2227 ipsum,
2289 2154 2538 2211 absoluto
2581 2154 2691 2223 illo,
2744 2156 2896 2215 misit
2939 2156 3109 2227 lesse,
3154 2160 3468 2235 episcopum

1874 2244 2342 2321 Ambianensem,
2401 2254 2457 2305 et
2497 2245 2893 2320 Helmgaudum
2937 2248 2984 2281 ”
3027 2252 3281 2311 comitem
3327 2240 3469 2310 Con-

1877 2337 2305 2406 stantinopolim,
2337 2346 2400 2395 ut
2424 2353 2614 2408 pacem
2648 2356 2774 2396 eum
2802 2355 2870 2399 ea
2894 2348 3215 2399 statuerent.
3243 2345 3291 2379 ³⁸
3315 2343 3470 2401 Gele-

1876 2426 2093 2481 bratum
2121 2435 2205 2482 est
2235 2429 2437 2498 pascha
2481 2424 2807 2504 Aquisgrani
2850 2433 3076 2507 palatio.
3127 2434 3300 2508 Ipsius
3339 2437 3469 2495 anni

1877 2522 2065 2571 mense
2096 2514 2250 2580 iulio,
2294 2518 2360 2575 l5
2392 2516 2618 2575 Kalend.
2662 2518 2915 2595 Augusti,
2958 2525 3108 2581 venit
3149 2518 3302 2583 isaac
3342 2540 3470 2589 cum

1876 2602 2112 2662 eleianto
2136 2615 2193 2662 et
2219 2609 2450 2671 caeteris
2498 2611 2833 2677 muneribus,-
2880 2629 3021 2686 quae
3048 2630 3081 2672 a
3104 2631 3230 2687 rege
3268 2616 3467 2674 Persa-

1879 2712 2000 2751 rum
2045 2698 2210 2753 missa
2247 2707 2395 2768 sunt,
2446 2710 2504 2758 et
2546 2698 2874 2777 Aquisgrani
2920 2709 3104 2764 omnia
3154 2710 3470 2783 imperatori

1879 2786 2087 2849 detulit.
2136 2786 2345 2847 Nomen
2389 2790 2626 2850 elefanto
2668 2795 2915 2869 [elefanti
2943 2794 3009 2855 A.
3047 2798 3139 2875 L.]
3168 2806 3290 2861 erat
3316 2802 3467 2865 Abu-

1879 2878 2034 2937 labaz
2058 2879 2123 2939 “.
2148 2879 2353 2941 Ortona
2386 2882 2407 2922 τ
2439 2884 2635 2943 civitas
2662 2886 2716 2941 in
2744 2886 2898 2949 italia
2925 2892 2980 2951 in
3006 2893 3334 2955 deditionem
3368 2910 3465 2952 aes

1880 2979 2055 3042 cepta.
2084 2971 2314 3030 Luceria
2345 2976 2372 3016 ε
2398 2990 2617 3046 quoque
2644 2975 2919 3049 frequenti
2940 2982 3225 3041 obsidione
3239 2983 3468 3060 fatigata

1881 3070 1939 3119 et
1966 3064 2083 3134 ipsa
2111 3065 2166 3120 in
2192 3066 2522 3125 deditionem
2567 3070 2738 3138 Venit,
2787 3073 3229 3147 praesidiumque
3254 3086 3469 3141 nostro-

1882 3173 2003 3213 rum
2024 3156 2078 3213 in
2107 3172 2171 3217 ea
2210 3160 2466 3231 positum.
2511 3159 2812 3234 imperator
2855 3169 3084 3226 aestatis
3126 3176 3370 3241 tempore
3409 3172 3467 3229 in

1742 3247 1783 3330 ζ³
1809 3262 1854 3325 C
1884 3247 2178 3311 Arduenna
2203 3252 2488 3310 venatibus
2508 3253 2815 3327 indulgens,
2849 3255 2925 3330 [v.
2966 3274 3194 3329 operam
3216 3261 3382 3329 dedit,
3411 3268 3470 3318 et

1810 3302 1854 3325 υ
1886 3340 1952 3394 Α.
1998 3338 2091 3412 L.]
2138 3340 2306 3397 misso
2352 3341 2628 3400 Saxonum
2659 3302 2710 3381 2"
2761 3302 3036 3414 eidem:
3072 3302 3468 3408 transalbiahos

1884 3428 2128 3487 Saxones
2189 3435 2440 3489 vastavit.
2501 3432 2812 3492 Grimaldus
2833 3436 2905 3504 ³⁸,
2961 3438 3464 3496 Beneventanorum

1883 3526 2014 3590 dux,
2058 3524 2113 3580 in
2157 3525 2383 3582 Luceria
2409 3526 2454 3559 ”
2482 3527 2812 3600 Winigisum
2839 3528 2885 3563 “
2922 3533 3174 3589 comitem
3216 3531 3463 3604 Spoletii,

1881 3617 1972 3687 qui
2001 3618 2275 3686 praesidio
2306 3626 2577 3689 praeerat,
2608 3619 2835 3678 adversa
2854 3622 3152 3680 valitudine
3177 3623 3461 3697 fatigatum

1880 3710 2092 3766 obsedit
2115 3709 2183 3776 ⁸⁸,
2215 3719 2269 3767 et
2294 3711 2351 3766 in
2381 3713 2712 3769 deditionem
2754 3717 2980 3787 accepit,
3015 3725 3339 3788 captumque
3368 3719 3466 3776 hoc

1880 3802 2106 3858 noriﬂce
2151 3803 2358 3858 habuit.
2409 3801 2713 3874 imperator
2742 3805 3067 3877 Aquisgrani
3097 3806 3333 3863 natalem
3360 3807 3467 3868 Do-

1878 3896 2012 3951 mini
2049 3896 2362 3951 celebravit.
2392 3895 2482 3969 [Et
2529 3899 2792 3954 inmutav.
2824 3914 2884 3956 se
2906 3914 3167 3957 numerus
3198 3910 3463 3957 annorum

1879 3985 1939 4042 in
1965 3986 2030 4041 Δ.
2060 3985 2151 4058 L.]

2534 4123 2795 4183 DCCClii.

1958 4237 2072 4295 liae
2101 4239 2281 4303 hieme
2312 4241 2459 4303 circa
2490 4243 2667 4312 ipsum
2695 4243 2954 4315 palatium
2982 4254 3041 4303 et
3066 4245 3327 4311 ﬁnitimas
3373 4263 3465 4305 m-

1886 4328 2075 4401 giones
2106 4338 2289 4389 terrae
2335 4342 2515 4393 motus
2563 4333 2767 4403 iactas,
2804 4342 2862 4392 et
2914 4338 3222 4395 mortalitas
3272 4338 3465 4395 subse-

1412 4500 1802 4563 VARIANTES
1838 4505 2238 4567 LECTIONES.

259 4607 280 4691 ξ
311 4605 414 4691 toti
447 4604 574 4691 ne.
629 4609 687 4691 _’
729 4608 992 4691 spoletnm
1020 4610 1237 4691 415.35.
1297 4613 1534 4691 _'__d_eest
1556 4615 1669 4691 βῆ.
1765 4617 1787 4651 ι
1821 4620 2018 4691 cecidit
2042 4621 2089 4675 Β
2102 4622 2155 4676 5.
2254 4624 2276 4657 ⁵
2304 4626 2457 4685 urbis
2482 4636 2696 4685 montes
2718 4629 2831 4686 B2.
2907 4631 2931 4667 ⁸
2970 4639 3025 4689 et
3076 4622 3290 4689 montes
3322 4632 3373 4688 Β
3408 4634 3461 4691 τ.

166 4679 195 4762 τ
230 4678 410 4762 deest
444 4677 554 4762 ne;
629 4680 650 4711 ο
676 4677 1233 4762 ῐ)]‹)11ἱ(ῑξεξιῐὶ“βὲ...5ζ
1297 4682 1319 4713 ο
1346 4685 1569 4762 Hiberni
1601 4696 1839 4762 tempore
1870 4690 1979 4745 ιη.
2061 4693 2102 4725 ιο
2130 4677 2944 4762 spoliantis???Eiiduod
2970 4677 3465 4761 ἱῑεῗῗῗῖιῖιιῆίᾶἶ

166 4759 280 4803 tor
316 4749 431 4801 ΒΞ.
513 4749 555 4780 ¹³
587 4759 801 4812 portum
855 4753 907 4805 in
964 4751 1116 4808 Pisas
1141 4752 1253 4808 B7.
1354 4756 1397 4787 ¹⁵
1423 4758 1601 4811 oviam
1640 4752 1682 4812 l.

1782 4761 1827 4792 ”
1851 4762 2098 4818 verceilis

2184 4765 2237 4841 2.
2273 4767 2349 4841 7.__
2404 4768 2447 4800 ¹⁸
2495 4773 2768 4841 eporeiam
2795 4765 2907 4826 BZ.
2933 4773 2987 4827 5.
3011 4773 3061 4828 6.
3085 4773 3136 4829 7.
3236 4775 3278 4806 ¹⁷
3304 4776 3465 4841 sigis-

513 4749 555 4780 1³

166 4765 280 4803 tor
316 4765 431 4801 b2.
516 4765 555 4780 ι’
581 4765 801 4852 portum
855 4768 907 4805 in
966 4765 1116 4808 Pisas
1141 4765 1253 4808 B7.
1354 4765 1397 4787 “
1423 4765 1601 4839 oviam
1640 4765 1682 4812 l.
1782 4765 1827 4792 ”
1851 4765 2098 4845 verceilis
2130 4765 2237 4820 ΒΞ.
2273 4767 2323 4821 7.
2404 4768 2447 4800 ¹⁶
2495 4773 2768 4841 eporeiam
2795 4765 2907 4826 BZ.
2933 4773 2987 4827 5.
3011 4773 3061 4828 6.
3085 4773 3136 4829 7.
3236 4775 3278 4806 ¹⁷
3304 4776 3348 4839 si
3389 4777 3463 4837 is-

162 4817 503 4905 arx‘in‘ndoj.
602 4820 1014 4905 “nsrglsmunflus
1046 4823 1163 4905 δίη
1197 4824 1838 4905 "erchembauidumﬂ.
1880 4833 2287 4905 erclnnboldum
2317 4837 2371 4892 5.
2446 4843 2871 4898 erchanboldum
2925 4843 2978 4899 6.
3040 4793 3463 4905 erclianbalifum

160 4887 321 4945 B6.
409 4887 736 4959 "quelii
812 4892 1183 4951 “elel'asBS.
1259 4898 1305 4927 ³³

161 4959 229 5032 ’_‘
271 4960 349 5032 in
396 4962 583 5032 spania
606 4961 716 5025 B5.
746 4964 799 5019 in
823 4962 1027 5032 ispania
1067 4964 1179 5021 B6.
1218 4959 1498 5032 hispaniae
1528 4968 1640 5023 B7.

157 5030 224 5085 B
266 5031 332 5084 7.
409 5031 456 5071 θ’
493 5030 894 5101 conprehensus
918 5044 1001 5091 est
1024 5036 1081 5091 2.
1106 5038 1159 5092 4.
1187 5038 1240 5092 5.
1277 5030 1390 5093 B7.
1469 5039 1513 5071 ³ο

1344 4913 1482 4968 quae
1509 4900 1575 4953 de
1595 4900 1705 4955 85.
1738 4901 1789 4956 6.

1718 4972 2051 5053 “satum—AB
2081 4975 2144 5053 7.
2175 4987 2328 5053 zatus
2355 4979 2408 5053 4.
2449 4982 2525 5053 ita
2550 4992 2598 5038 et
2624 4983 2786 5053 infra.

1885 4904 1933 4935 ³³
1956 4920 2063 4979 que
2105 4906 2490 4965 deferebantur
2528 4906 2637 4967 ΒΞ.
2712 4916 2757 4947 ’³
2798 4919 3165 4985 transgressus
3206 4925 3290 4972 est
3337 4904 3464 4972 3L5.

1888 4991 1976 5029 um
2010 4976 2051 5028 Β
2081 4975 2133 5031 7.
2175 4987 2328 5033 zatus
2355 4979 2408 5034 4.
2449 4982 2525 5036 ita
2550 4992 2598 5038 et
2624 4983 2786 5043 infra.
2877 4984 2919 5015 ’⁷
2949 4992 3097 5040 rcate
3123 4982 3205 5043 li.
3282 4988 3328 5019 ⁸⁸
3350 4989 3464 5043 eius

2949 5000 3097 5040 P8318
3123 5000 3205 5043 11.
3282 5000 3327 5019 ³⁸
3350 5003 3469 5044 eius

1553 5045 1794 5114 perducti
1832 5040 1875 5097 B
1889 5044 1940 5099 5.
1974 5045 2026 5099 6.
2104 5046 2149 5080 ⁸¹
2187 5052 2434 5107 octubrio
2470 5051 2581 5107 ΒΞ.
2654 5040 2700 5084 ³⁵
2739 5053 2880 5108 deest
2929 5056 2978 5108 i.
3066 5050 3111 5091 ³³
3148 5040 3462 5114 ἠθιδῐθιιῖἰῖ

158 5101 230 5194 ξς
272 5101 679 5194 ξιξξῑξξψιιὲιρ)
723 5104 1215 5194 5.]6ε1ἰξιδδιιπᾳιέω
1360 5110 1422 5194 6..
1452 5111 1502 5164 7.
1649 5110 1757 5169 BG.
1798 5117 1852 5194 8.
1895 5101 2704 5194 ὴθῇεερριιῆἶξί-ἱιέἱῆςῇἀυιι
2740 5101 2874 5177 “B77.-
2934 5101 2986 5157 ἦ
3014 5101 3461 5185 εωῑυὲἶῖἧίωὶὶξ.

155 5170 546 5268 ³⁶ρῦυ1ξιξιεῃ
575 5173 624 5268 li
633 5175 684 5229 7.
724 5170 1181 5268 ambulabaznﬁﬁ.
1221 5179 1303 5268 ﬂ"
1349 5182 1517 5268 misso
1570 5183 1627 5237 in
1641 5187 1941 5268 familiam
2052 5170 2790 5268 sif‘"mi’s§o"£§é’§é{ih"9."
2823 5170 2876 5228 λδ
3322 5170 3388 5254 5³.

151 5244 559 5319 grimoaldus.
591 5247 644 5304 9.
723 5247 768 5279 ³⁸
795 5248 1013 5306 lucerna
1033 5248 1146 5307 B6.
1220 5249 1266 5284 ⁸ο
1292 5252 1610 5324 winegisum
1634 5254 1747 5311 ΒΞ.
1824 5257 1870 5289 ⁸⁸
1898 5256 2125 5331 fatigata
2149 5244 2646 5321 suntiobvsedith'é.

1736 5409 1970 5471 NOTAE.

334 5558 478 5626 Qum
503 5559 868 5627 pulcherrima
911 5561 1155 5617 omnim
1198 5562 1424 5627 basilica
1461 5576 1610 5623 anno
1646 5565 1783 5623 asas

147 5644 399 5756 mea-Is:
398 5629 591 5759 1ἑῖιῑυ,
617 5632 750 5687 heu!
790 5638 901 5688 tota
924 5631 1295 5705 conﬂagravit.

254 5782 285 5813 °
334 5771 742 5845 Regmess.

1963 5571 1993 5612 ὁ
2019 5571 2216 5644 (ζωαί,
2242 5570 2389 5644 haud
2412 5578 2597 5644 procul
2621 5578 2689 5635 ab
2712 5579 2935 5641 Ortona.

1976 5654 1999 5726 ξ
2036 5642 2226 5726 forte.
2240 5642 2453 5726 Ve’neré,
2479 5665 2539 5726 _.n
2565 5651 2706 5707 ostio
2730 5654 2878 5726 sinus
2903 5656 3206 5726 Spezziani.

1976 5712 2002 5804 t-
2023 5712 2277 5804 ξιξ-φερε
2301 5714 2577 5804 Superius,
2608 5725 2898 5804 non_longe
2928 5712 3356 5804 τί

1974 5782 2002 5824 ⁸
2024 5782 2168 5866 inter
2193 5782 2471 5870 meridiem
2506 5782 2914 5863 et'occideptem
2941 5782 3168 5870 Siponti.
