3960 6346
220 393 338 451 ‘65

223 512 449 577 itinere,
471 506 651 563 subito
683 505 752 560 ad
782 503 1163 575 imperatorem
1190 516 1360 575 usque
1376 502 1644 573 pervenit.
1670 501 1816 558 Man-
1841 505 1895 568 Α

222 602 414 670 sitque
439 598 580 670 apud
609 595 760 650 illum
810 595 926 650 dies
983 604 1126 660 octo,
1155 604 1211 650 et
1259 595 1400 650 sicut
1446 596 1649 651 dictum
1693 603 1810 664 est,

223 694 464 749 Romam
489 687 782 760 repedavit.
813 686 904 757 [Et
927 687 1178 742 inmutat.
1207 696 1293 743 est
1321 701 1582 742 numerus
1618 701 1809 743 annor.

220 783 382 839 in'A.
411 781 502 854 L.]

299 896 388 916 η..
423 894 560 966 [Rex
606 908 738 949 vero
786 891 1048 963 reliquam
1095 892 1554 966 partemhiemis
1601 893 1657 948 in
1706 894 1815 949 iam

219 967 376 1048 dicto
403 964 611 1048 palatio
629 979 914 1048 peragens,
939 966 1141 1035 pascha
1188 964 1400 1018 Domini
1449 979 1573 1018 cum
1616 966 1814 1036 gaudio

221 1034 548 1093 celebravit.
580 1035 614 1089 9
641 1034 720 1107 b.]
779 1034 784 1035 “
943 1034 946 1035 ⁷
1625 1034 1639 1036 “

221 1107 872 1250 ‘3'Ilreverum
920 1105 1206 1177 episcopus
1235 1104 1374 1162 obiit
1397 1104 1623 1162 Kalend.
1651 1104 1812 1163 Octo-

264 1194 364 1234 I'IS.
395 1194 441 1231 Η
462 1194 516 1232 Ζ.
543 1194 597 1232 ὓ.

297 1360 417 1416 Non
459 1360 630 1417 multo
663 1369 788 1433 post
812 1361 1095 1432 Capcanus
1123 1365 1180 1428 ί,
1219 1363 1474 1434 princeps
1509 1362 1809 1432 Hunorum,

219 1461 451 1525 propter
471 1453 853 1510 necessitatem
874 1455 1059 1524 populi
1090 1455 1171 1510 sui
1200 1455 1581 1526 imperatorem
1605 1457 1738 1512 adiit
1767 1457 1810 1524 ³,

217 1543 508 1614 postulans
561 1543 584 1574 ‘
620 1543 724 1599 sibi
771 1543 949 1600 locum
1004 1545 1119 1600 dari
1167 1545 1236 1599 ad
1278 1545 1629 1602 habitandum
1672 1548 1816 1603 inter

219 1631 512 1688 Sabariam
540 1645 566 1673 ι
595 1641 650 1688 et
675 1632 1012 1689 Carnuntum
1042 1633 1063 1665 ⁸
1086 1634 1136 1700 b,
1160 1635 1287 1704 quia
1323 1645 1548 1706 propter
1592 1635 1814 1693 infesta-

218 1724 433 1780 tionem
474 1723 790 1780 Sclavorum
821 1725 875 1780 in
901 1725 1146 1794 pristinis
1185 1725 1404 1782 sedibus
1431 1741 1553 1782 esse
1581 1742 1688 1783 non
1716 1744 1814 1799 po-

219 1821 387 1868 terat.
437 1813 459 1844 ⁶
494 1814 665 1880 Quem
704 1814 998 1883 imperator
1051 1815 1285 1885 benigne
1325 1818 1562 1887 suscepit
1588 1848 1662 1861 -—
1693 1828 1814 1874 erat

217 1905 373 1961 enim
411 1903 695 1975 Capcanus
723 1907 742 1936 ⁷
773 1906 1124 1972 Christianus,
1159 1909 1378 1963 nomine
1405 1908 1807 1966 Theodorus—

218 2007 275 2054 et
302 1998 561 2068 precibus
588 1997 706 2052 eius
728 2012 992 2064 annuens,
1009 1999 1326 2055 muneribus
1351 2000 1612 2056 donatum
1631 2002 1812 2058 redire

216 2090 492 2162 permisit.
546 2087 646 2156 Qui
689 2089 906 2144 rediens
936 2090 957 2121 ⁸
979 2090 1047 2144 ad
1079 2091 1336 2160 populum
1384 2107 1563 2158 suum,
1591 2108 1763 2162 pauco
1788 2095 1809 2125 '

219 2193 470 2254 tempore
493 2191 768 2239 transacto
792 2183 934 2238 diem
958 2178 1111 2238 obiit.
1163 2184 1230 2238 Et
1277 2185 1426 2241 misit
1468 2186 1718 2257 Caganus
1766 2187 1812 2218 ³ο

214 2291 389 2330 unum
419 2277 489 2332 de
530 2277 883 2346 optimatibus
916 2277 956 2307 “
994 2277 1141 2342 suis,
1172 2286 1363 2346 petens
1399 2278 1502 2334 sibi
1549 2280 1810 2334 honorem

213 2371 542 2440 antiquum,
566 2384 728 2438 quem
781 2368 1033 2439 Caganus
1067 2369 1108 2400 "
1146 2370 1288 2440 apud
1327 2369 1511 2425 Hunos
1541 2370 1584 2401 ¹³
1611 2371 1813 2426 habere

213 2461 444 2516 solebat.
476 2459 642 2515 Cuius
683 2460 936 2529 precibus
970 2459 1268 2530 imperator
1316 2459 1606 2516 adsensum
1654 2475 1810 2531 prae-

212 2551 355 2614 buit,
387 2558 442 2606 et
478 2565 748 2605 summam
776 2551 942 2605 totius
967 2551 1121 2622 regni
1164 2550 1316 2606 iuxta
1343 2551 1584 2622 priscum
1618 2565 1810 2606 eorum

213 2642 386 2696 ritum
407 2641 683 2711 Caganum
715 2639 759 2671 ³⁵
789 2641 991 2696 habere
1033 2641 1308 2709 praecepit.
1357 2640 1561 2695 Eodem
1603 2655 1746 2694 anno
1780 2641 1809 2692 .'

213 2733 369 2788 misit
393 2732 694 2788 exercitum
723 2747 881 2787 suum
908 2747 1030 2786 cum
1059 2731 1170 2786 ﬁlio
1197 2747 1295 2787 suo
1323 2730 1488 2785 Karlo
1517 2731 1573 2784 in
1604 2739 1809 2786 terram

215 2824 557 2890 Sclavorum,
585 2823 678 2894 qui
727 2830 993 2879 vocantur
1037 2824 1080 2853 ¹⁸
1110 2822 1352 2877 Beheimi
1383 2822 1427 2854 “
1459 2823 1518 2875 “.
1554 2821 1655 2890 Qui
1695 2837 1810 2878 om-

212 2931 343 2971 nem
373 2916 414 2946 ιτ
448 2915 663 2970 illorum
681 2915 723 2946 "’
745 2915 981 2984 patriam
1003 2913 1378 2985 depopulatus,
1404 2912 1596 2968 ducem
1618 2927 1808 2968 eorum

211 3008 436 3063 nomine
481 3008 790 3063 Becbonem
838 3006 881 3038 ²⁹
927 3006 1255 3079 [Lechonem
1285 3006 1350 3060 Α.
1382 3005 1472 3078 L.]
1499 3007 1732 3073 occidit,
1755 3014 1810 3062 et

210 3099 342 3154 inde
371 3114 672 3172 regressus,
691 3100 748 3154 in
776 3097 987 3170 Vosego
1015 3100 1060 3129 ὀ
1075 3097 1211 3154 silva
1237 3099 1304 3154 ad
1331 3107 1545 3169 patrem
1574 3098 1805 3164 “venit,

211 3189 270 3244 in
297 3189 417 3244 loco
451 3191 544 3260 qui
588 3191 789 3246 dicitur
837 3190 1004 3262 Camp
1050 3201 1099 3246 ο.
1131 3189 1267 3244 Nam
1324 3189 1620 3260 imperator
1671 3189 1807 3246 Iulio

212 3299 410 3339 mense
435 3285 500 3339 de
528 3285 855 3356 Aquisgrani
890 3284 1192 3355 profectus,
1225 3299 1325 3353 per
1359 3283 1669 3338 Theodonis
1711 3282 1810 3338 vil-

215 3375 331 3430 lam
353 3377 398 3406 ²²
415 3386 572 3446 atque
596 3377 777 3431 Mettis
801 3375 1101 3447 [profectus
1117 3375 1320 3430 Theod.
1337 3391 1390 3428 v.
1414 3390 1465 3428 a.
1490 3388 1589 3444 per
1609 3373 1808 3429 Mettis.

211 3469 282 3524 Α.
300 3468 392 3542 ι.]
421 3471 709 3536 transiens,
725 3469 994 3540 Vosegum
1009 3469 1055 3500 ’³
1069 3468 1243 3539 petiit.
1263 3467 1449 3537 Ibique
1469 3466 1745 3521 venationi
1764 3465 1812 3498 ’δ

213 3573 418 3614 vacans
452 3557 596 3631 [ven.
635 3574 856 3630 operam
890 3559 1025 3613 dans
1061 3557 1126 3611 Α.
1151 3557 1262 3629 L.],
1289 3567 1412 3628 post
1443 3558 1808 3612 reversionem

209 3653 492 3708 exercitus
515 3653 583 3708 ad
613 3651 892 3707 Rumerici
920 3651 967 3682 ’⁸
998 3650 1281 3706 castellum
1319 3649 1345 3687 ά
1380 3649 1676 3719 profectus,
1709 3648 1813 3704 ibi-

208 3759 316 3815 que
345 3744 684 3814 aliquantum
705 3743 752 3775 ³⁸
781 3743 1039 3814 temporis
1072 3750 1336 3808 moratus,
1369 3744 1434 3796 ad
1461 3741 1810 3796 biemandum

211 3835 266 3888 in
292 3831 755 3888 Theodonis-villa
777 3831 979 3902 palatio
997 3845 1095 3885 suo
1123 3829 1390 3885 consedit.
1422 3828 1499 3883 Ibi
1527 3829 1596 3882 ad
1626 3829 1808 3883 eum"

212 3923 374 3977 ambo
399 3923 442 3953 ²⁸
466 3923 563 3978 ﬁlii
596 3923 678 3977 sui
707 3922 971 3992 Pippinus
992 3930 1046 3976 et
1068 3921 1366 3976 Hludoicus
1396 3927 1680 3984 venerunt,
1718 3933 1811 3974 ce-

207 4015 552 4086 lebravitque
574 4015 647 4070 ibi
673 4013 908 4069 natalem
922 4013 1157 4070 Domini.
1189 4011 1278 4084 [Et
1293 4012 1555 4066 inmutav.
1579 4025 1637 4065 se
1658 4025 1806 4066 num.

210 4123 409 4164 annor.
440 4107 496 4162 in
522 4107 588 4161 A.
615 4106 703 4179 L.]

207 4271 253 4324 Α
283 4201 303 4219 ⁸
337 4197 661 4343 [ευὲηὺθῗεει
685 4200 980 4272 imperator
1017 4198 1072 4254 in
1097 4197 1321 4270 palatio,
1353 4197 1498 4269 quod
1533 4198 1698 4254 situm
1724 4205 1810 4255 est

258 4285 405 4343 quis.
532 4312 544 4324 .
763 4341 769 4343 Α
869 4341 878 4343 _
1076 4341 1089 4343 _
1300 4339 1312 4343 Α
1683 4340 1693 4343 Α

258 4285 405 4340 quis.
433 4285 465 4325 υ
494 4285 544 4325 D.

1710 382 2031 444 ANNALES

1837 1870 1887 1931 B

3383 379 3488 436 466

1916 510 2205 628 ﬁenetrare
2228 499 2508 572 praecipit.
2553 499 2770 557 Partem
2815 509 2997 558 autem
3041 501 3317 559 exercitus
3364 515 3493 558 cum

1965 573 2115 627 arolo
2145 587 2292 628 reae.
2321 573 2430 627 ﬁlio
2463 588 2560 628 suo
2577 614 2590 628 .
2614 588 2712 628 ner
2737 574 3055 628 orientalem
3081 582 3289 628 partem
3318 572 3492 628 Fran-

1965 573 2115 627 arolo
2145 587 2292 662 rege,
2321 573 2560 655 ﬁlioosuo
2577 614 2590 638 ,
2614 588 2712 643 per
2737 574 3055 662 orientalem
3068 582 3289 662 partem
3318 572 3492 662 Fran-

1918 591 2115 628 naroro
2145 591 2292 662 rege,
2321 591 2430 627 uno
2463 591 2560 628 suo
2577 614 2590 638 ,
2614 591 2712 643 per
2737 591 3055 628 orientalem
3068 591 3289 698 Ipartem
3319 591 3347 627 r
3365 591 3492 628 ran-

1917 645 2036 699 ciae
2077 659 2171 699 seu
2196 644 2518 698 Germaniae
2545 645 2623 698 ire
2654 645 2947 714 praecepit,
2976 653 3036 698 ut
3117 646 3303 699 ircano
3350 643 3493 698 saltu

1916 715 2232 776 transiecta,
2259 715 2546 769 iamdictos
2575 714 2798 770 Sclavos
2833 715 3132 769 invaderet.
3157 715 3332 769 Aliam
3359 728 3494 769 vero

1913 795 2124 910 gartem
2140 801 2238 854 per
2260 785 2551 868 Saxoniam
2573 786 2830 868 dirigens,
2847 795 2984 840 utex
3003 785 3173 840 altera
3195 795 3348 867 parte
3367 799 3496 840 cum

1961 857 2223 910 amnibus
2262 866 2317 910 et
2368 858 2848 910 innumerabilibus
2887 856 3094 910 Sclavis
3113 899 3127 910 .
3156 863 3383 910 tranStto
3425 854 3494 909 ab

1961 857 2223 911 amnibus
2262 866 2317 910 et
2368 854 2848 912 innumerabilibus
2887 856 3127 922 Sclavis,
3156 854 3383 910 transito
3425 854 3494 909 ab

1917 927 2168 996 aquilone
2221 928 2474 981 iamdicto
2516 929 2676 994 saltu,
2717 929 2770 981 in
2819 928 3039 983 Sclavos
3095 933 3494 998 prorumperet.

1917 997 2101 1070 Tertia
2128 1013 2339 1070 quoque
2374 1013 2439 1051 ex
2466 1007 2619 1066 parte
2659 999 3066 1070 expeditionem-
3095 997 3260 1070 totius
3304 997 3500 1070 Baioa-

1915 1068 2030 1122 riae
2062 1069 2116 1122 in
2162 1069 2390 1122 eandem
2437 1069 2706 1124 regionem
2731 1068 2963 1124 'intrare
2997 1068 3174 1123 iussit.
3204 1068 3496 1124 Venientes

1917 1085 2030 1122 riae
2062 1085 2116 1122 In
2162 1085 2390 1122 eanuem
2437 1085 2706 1191 regionem
2759 1085 2963 1124 intrare
2997 1085 3174 1123 llISSll.
3213 1085 3496 1124 venientes

1917 1147 2099 1192 autem
2125 1139 2363 1208 undique
2392 1139 2445 1192 in
2471 1155 2504 1208 p
2526 1139 2756 1194 aniciem
2794 1140 3035 1203 Bchemi,
3063 1139 3304 1193 universi
3346 1139 3497 1208 prin-

1917 1209 2064 1277 cipes
2095 1209 2430 1282 diversarum
2461 1211 2715 1282 gentium.
2739 1210 2791 1264 in
2828 1218 3120 1282 conspectu
3144 1211 3287 1282 regis
3314 1208 3499 1282 Karoli

1917 1289 2300 1349 pervenerunt.
2342 1279 2720 1335 Castrametati
2776 1289 2904 1335 sunt
2937 1278 3116 1335 autem
3147 1278 3278 1334 haut
3307 1278 3499 1349 procul

1917 1347 1947 1403 a
1981 1366 2040 1406 se
2086 1349 2163 1404 illi
2205 1350 2624 1405 innumerabiles
2661 1352 2932 1406 exercitus
2975 1352 3262 1406 distantes.
3309 1347 3500 1404 Κειτοὶί

1918 1431 2097 1476 autem
2129 1423 2360 1493 regisﬂet
2383 1422 2682 1490 principum
2707 1422 2799 1492 qui
2837 1437 2960 1476 cum
2984 1431 3238 1493 eoerant
3270 1420 3501 1493 imperio

1915 1490 2221 1564 usustotus
2259 1492 2363 1564 ille.
2390 1493 2684 1564 exercitus,
2727 1490 2902 1561 ipsam
2955 1492 3253 1564 regionem-
3280 1490 3498 1564 invasit.

1919 1561 2025 1618 Sed
2049 1563 2227 1618 Sclavi
2259 1562 2400 1617 invia
2422 1570 2477 1615 et
2504 1562 2673 1616 saltus
2701 1558 3070 1631 penetrantes,
3100 1579 3158 1617 se
3186 1562 3412 1616 minime
3432 1558 3502 1614 ad

1915 1648 2153 1704 pugnam
2191 1642 2668 1703 praeparaverunt.
2730 1633 2950 1688 Vastata
2980 1642 3158 1688 autem
3188 1641 3245 1688 et
3279 1633 3500 1704 incensa

1953 1701 2015 1758 er
2037 1705 2108 1758 40
2135 1701 2250 1759 dies
2300 1701 2488 1759 eadem
2530 1704 2770 1774 regione,
2818 1704 3007 1758 ducem
3043 1718 3230 1758 eorum
3278 1701 3498 1774 nomine

1964 1776 2225 1830 ecbonem
2253 1775 2469 1830 occidit.
2505 1774 2572 1828 Et
2599 1772 2740 1829 'dum
2781 1789 2884 1829 nec
2925 1775 3032 1828 iam
3079 1774 3272 1844 pabula
3322 1772 3498 1844 equis,

1919 1855 2014 1900 aut.
2035 1845 2248 1901 'cibaria
2278 1845 2539 1900 exercitui
2569 1853 2946 1914 superessent,
2971 1841 3180 1899 vastata
3223 1852 3279 1898 et
3319 1841 3388 1896 ad
3418 1841 3502 1895 ni-

1914 1917 2086 1973 hilum
2109 1917 2328 1972 redacta
2358 1917 2464 1970 iam
2491 1915 2635 1970 dicta
2665 1916 2904 1986 regione,
2936 1915 3003 1968 ad
3054 1915 3274 1985 propria
3318 1926 3503 1986 rever-

1913 2003 2010 2043 sus
2047 1997 2150 2042 est.
2183 1986 2481 2057 Imperator
2516 2001 2648 2041 vero
2694 1981 2862 2056 ipsius
2909 1981 3137 2057 aestatis
3158 1981 3394 2054 tempus
3441 1981 3501 2057 _i_n

1914 2058 2202 2112 venatione
2224 2051 2280 2113 ei
2303 2058 2631 2112 iocunditate
2655 2051 2940 2127 peragens,
2965 2071 3062 2125 per
3099 2051 3365 2127 Vosagtim
3395 2051 3499 2127 _sil-

1915 2143 2037 2182 vam
2087 2128 2192 2182 iter
2237 2127 2472 2192 faciens,
2502 2122 2752 2198 pervenit
2792 2122 2868 2181 ad
2932 2122 3266 2198 locum_qui'
3303 2122 3504 2198 dicitur

1915 2198 2168 2268 Campus.
2199 2198 2385 2268 Ibique
2411 2192 2616 2268 aliquot
2646 2197 2834 2254 diebus
2870 2212 3078 2252 moram
3117 2192 3341 2268 faciens,
3363 2192 3502 2247 dile-

1915 2266 2066 2323 ctum
2087 2268 2253 2323 ﬁlium
2281 2266 2438 2324 suum
2466 2266 2721 2324 Karolum
2745 2283 2928 2338 regem
2959 2268 3027 2322 ab
3049 2266 3395 2338 expeditione
3421 2277 3503 2338 re—

1914 2355 2278 2421 versumcum
2309 2341 2504 2421 gaudio
2529 2341 2786 2421 suscepit.
2812 2333 2966 2421 Ἰξιόεῖ
2999 2333 3137 2421 vero
3155 2350 3342 2390 mense
3369 2333 3504 2421 Iulio

1915 2409 1982 2464 de
2007 2406 2333 2480 Aquisgrani
2353 2410 2651 2480 profectus,
2688 2406 3000 2465 Theodonis
3022 2406 3208 2463 villam
3227 2406 3500 2478 pervenit,

1915 2479 2085 2550 atque
2105 2479 2203 2550 per
2231 2479 2428 2544 Mettis,
2455 2489 2559 2536 etc.
2599 2482 2632 2536 9
2663 2480 2746 2554 b.]

2562 2593 2827 2652 DCCCVI.

1986 2685 2182 2742 Statim
2223 2693 2348 2756 post
2381 2686 2622 2742 natalem
2653 2687 2871 2744 Domini
2898 2695 3168 2743 venerunt
3204 2685 3420 2741 Willeri
3453 2682 3504 2718 ¹⁹

1914 2785 1970 2834 et
2008 2777 2240 2845 Beatus,
2286 2778 2453 2833 duces
2482 2777 2742 2834 Venetiae
2765 2820 2780 2843 ,
2811 2794 3023 2834 necnon
3067 2785 3122 2832 et
3163 2777 3365 2833 Paulus
3397 2775 3505 2831 dux

1911 2871 2131 2927 laderae
2163 2871 2207 2902 ³ο
2242 2882 2266 2911 ο
2298 2879 2460 2941 atque
2488 2871 2533 2903 ³¹
2561 2873 2801 2928 Donatus
2838 2872 3082 2928 eiusdem
3123 2872 3365 2926 civitatis
3391 2870 3506 2939 epi-

1912 2977 2128 3032 scopus,
2179 2962 2343 3034 legati
2372 2961 2746 3018 Dalmatarum
2772 2963 2818 2994 ⁸²
2845 3004 2860 3030 ,
2890 2963 2957 3018 ad
2983 2961 3352 3033 praesentiam
3398 2961 3504 3016 im-

1909 3053 2180 3123 peratoris
2224 3067 2350 3106 cum
2387 3054 2600 3122 magnis
2637 3054 2814 3112 donis.
2845 3053 2911 3108 Et
2944 3053 3088 3109 facta
3129 3061 3214 3108 est
3255 3053 3328 3108 ibi
3353 3051 3503 3108 ordi-

1911 3145 2061 3200 natio
2097 3145 2164 3200 ab
2206 3145 2534 3215 imperatore
2574 3146 2640 3200 de
2683 3145 2912 3201 ducibus
2943 3154 2999 3200 et
3037 3145 3253 3215 populis
3298 3143 3345 3175 ⁸³
3392 3153 3504 3197 tam

1835 3231 1880 3294 C
1913 3238 2172 3293 Venetiae
2207 3252 2370 3308 quam
2410 3238 2731 3294 Dalmatiae.
2777 3239 2994 3309 lllisque
3035 3239 3334 3305 absolutis,
3367 3254 3503 3294 con-

1913 3341 2134 3386 ventum
2162 3331 2354 3386 habuit
2390 3332 2686 3402 imperator
2723 3348 2845 3387 cum
2893 3332 3223 3402 primoribus
3269 3339 3326 3386 et
3361 3331 3504 3401 opti-

1914 3423 2152 3478 matibus
2181 3421 2518 3478 Francorum
2550 3424 2615 3478 de
2633 3439 2768 3494 pace
2799 3424 3178 3479 constituenda
3205 3433 3260 3480 et
3285 3436 3509 3479 conser-

1914 3515 2091 3569 vanda
2135 3515 2278 3568 inter
2321 3514 2460 3569 ﬁlios
2485 3530 2649 3582 suos,
2688 3524 2743 3570 et
2781 3515 3043 3571 divisione
3077 3515 3232 3588 regni
3257 3515 3504 3570 facienda

1914 3606 1970 3660 in
2004 3613 2114 3660 tres
2138 3613 2324 3676 partes
2344 3646 2359 3672 ,
2389 3614 2451 3659 ut
2473 3605 2639 3661 sciret
2665 3607 3043 3678 unusquisque
3073 3607 3309 3673 illorum,
3341 3621 3508 3675 quam

1914 3704 2124 3767 partem
2157 3697 2294 3751 tueri
2337 3705 2394 3751 et
2419 3713 2610 3768 regere
2634 3698 2930 3763 debuisset,
2965 3699 3010 3752 si
3042 3706 3317 3768 superstes
3356 3697 3401 3727 ³³
3429 3695 3509 3751 illi

1916 3788 2191 3842 deveniret
2215 3787 2480 3859 [eveniret
2503 3788 2568 3842 Α.
2599 3787 2710 3860 L.].
2738 3789 2815 3844 De
2829 3790 2930 3844 hac
2950 3790 3241 3860 partitione
3263 3797 3317 3842 et
3339 3796 3509 3842 testa-

1914 3888 2156 3936 mentum
2210 3880 2454 3947 factum,
2512 3891 2566 3936 et
2621 3882 2971 3937 iureiurando
3039 3883 3108 3935 ab
3155 3878 3509 3950 Optimatibus

1912 3971 2249 4027 Francorum
2280 3972 2658 4026 conﬁrmatum
2679 4012 2695 4037 ,
2744 3981 2800 4026 et
2829 3971 3247 4026 constitutiones
3270 3970 3318 4006 υ
3356 3969 3512 4040 pacis

1915 4061 2317 4116 conservandae
2371 4076 2535 4115 causa
2577 4059 2622 4091 ³⁸
2669 4061 2878 4129 factae,
2930 4071 3092 4132 atque
3146 4061 3281 4117 haec
3325 4058 3513 4115 omnia

1912 4155 2112 4211 litteris
2140 4156 2394 4210 mandata
2442 4163 2590 4223 sunt,
2643 4163 2698 4210 et
2738 4155 2907 4212 Leoni
2939 4171 3144 4227 papae,
3193 4163 3254 4211 ut
3281 4155 3367 4210 liis
3405 4167 3508 4208 sua

1914 4260 2081 4301 manu
2109 4245 2503 4312 subscriberet,
2528 4261 2628 4316 per
2648 4245 2982 4301 Einhardum
3013 4247 3057 4278 ³⁷
3081 4247 3267 4302 missa.
3300 4243 3508 4311 Quibus

284 4338 326 4361 δ’
355 4340 433 4412 [et
467 4338 571 4414 per'
591 4351 704 4397 tres
722 4341 841 4398 vias
865 4341 919 4396 in
953 4341 1180 4396 eandem
1201 4339 1478 4414 regionem
1514 4340 1815 4396 exercitum
1839 4355 1894 4416 Ῑ)
1918 4339 2160 4410 pontifex
2213 4340 2390 4407 lectis,
2428 4347 2484 4395 et
2520 4340 2810 4396 adsensum
2859 4343 3140 4413 praebuit,
3193 4350 3248 4396 et
3289 4338 3509 4410 propria

1463 4455 1859 4512 VARIANTES
1894 4456 2298 4514 LECTIONES.

283 4549 573 4625 {Rigbodo
619 4561 724 4625 etc.
765 4554 1018 4625 reperitur
1067 4553 1225 4625 etiam
1268 4552 1326 4604 in
1371 4565 1496 4604 ann.
1549 4547 1806 4625 fulgens.

209 4621 337 4676 B5.
393 4619 631 4692 éapanus
675 4623 726 4678 5.
779 4619 830 4678 6.
876 4640 1107 4679 cacanus
1157 4623 1210 4677 9.
1269 4635 1506 4689 caganus
1557 4621 1608 4692 7_.
1657 4619 1702 4692 Β
1731 4620 1782 4672 7.

209 4690 501 4747 carnotum
542 4693 588 4746 B
619 4693 671 4748 5.
715 4707 1038 4749 coruuntum
1097 4694 1150 4747 5.
1204 4701 1526 4747 carnontum
1564 4690 1610 4744 Β
1666 4691 1718 4744 7.

211 4763 265 4817 6.
300 4762 354 4816 8.
381 4763 435 4836 9.
459 4773 722 4836 captanus
741 4765 788 4818 B
819 4766 871 4820 5.
903 4781 1141 4836 capanus
1171 4763 1224 4836 5.
1254 4764 1312 4836 6.
1339 4777 1575 4836 cacantis
1599 4761 1652 4818 9.
1681 4761 1997 4836 caganus7.
2022 4762 2067 4836 Β
2097 4765 2148 4836 7.

247 4849 390 4888 anus
416 4833 464 4887 1.
499 4832 552 4888 2.
586 4835 638 4888 5.
669 4835 723 4889 4.
753 4837 805 4890 5.
839 4837 891 4890 6.
935 4832 987 4890 7.
1029 4835 1075 4888 Β
1110 4835 1163 4889 2.
1195 4835 1247 4889 5.
1287 4834 1339 4888 6.
1369 4834 1420 4886 7.
1445 4832 1498 4887 8.
1532 4832 1768 4888 cacanus
1793 4835 1848 4889 9.
1929 4835 1970 4864 “
2001 4833 2354 4889 obtimatibus
2377 4833 2423 4887 Β
2444 4835 2500 4889 2.

1894 4620 1914 4652 ³
1957 4621 2164 4676 addidit
2205 4621 2251 4675 Β
2307 4621 2363 4675 2.

1867 4701 2118 4762 poterant
2168 4692 2224 4746 4.
2277 4692 2328 4748 5.
2379 4693 2431 4748 6.

1908 4551 2251 4652 :ca‘pcgnusn
2273 4549 2342 4652 4..
2375 4550 2431 4605 2.
2463 4549 2637 4652 ,5.Λ4..
2669 4549 2782 4652 l(7.)
2824 4548 2876 4652 Β
2896 4549 2957 4652 Ξό
2989 4550 3039 4606 6.
3063 4549 3510 4652 ἔῃξέἓξὶηιὲι

2509 4620 2786 4693 postolans
2831 4621 2876 4674 B
2922 4621 2976 4675 2.
3085 4621 3105 4652 ⁸
3134 4629 3418 4674 carnutum
3452 4620 3505 4676 6.

2533 4693 2552 4723 ⁷
2591 4707 2864 4762 capcanus
2915 4692 2963 4744 I.
2989 4690 3043 4744 2.
3072 4691 3126 4762 .5.
3163 4690 3218 4762 4.
3251 4689 3424 4762 (7.).B
3446 4691 3504 4746 2.

2241 4762 2263 4794 ⁸
2295 4762 2612 4819 reddiensB
2637 4760 2692 4817 2.
2768 4762 2789 4792 ’
2815 4775 3017 4831 paucos
3060 4760 3106 4814 Β
3150 4761 3228 4831 2.
3264 4760 3269 4761 “
3331 4761 3374 4792 ¹⁰
3421 4777 3513 4817 ca-

2585 4835 2627 4864 ¹²
2677 4830 2919 4904 cagaitus
2965 4833 3017 4886 1.
3046 4831 3101 4886 2.
3125 4831 3178 4885 4.
3207 4830 3260 4886 6.
3292 4831 3424 4904 7._B
3451 4831 3508 4904 2.

252 4946 266 4958 .
301 4903 355 4958 6.
384 4904 438 4958 7.
465 4905 518 4959 8.
552 4922 824 4976 capcanus
848 4908 900 4961 5.
931 4921 1168 4976 capanus
1196 4905 1249 4960 5.
1281 4919 1517 4960 cacanus
1551 4904 1603 4958 9.
1685 4905 1728 4934 ¹³
1760 4905 1901 4975 apud
1928 4905 2104 4959 hunos
2143 4905 2281 4959 deest
2308 4904 2352 4958 Β
2383 4905 2436 4959 6.
2517 4904 2560 4936 ⁸⁸
2599 4900 2865 5029 εθῖοιὶυηι
2913 4919 3051 4956 corr.
3103 4916 3308 4974 cagano
3353 4900 3399 4956 Β
3451 4903 3506 4958 2.

252 4975 258 5005 '
295 4983 525 5029 vocatur
551 4978 767 5029 beheim
795 4978 846 5029 4.
927 4977 969 5008 ¹⁶
993 4977 1205 5029 behemi
1239 4977 1290 5029 7.
1317 4975 1639 5029 behemanni
1664 4975 1715 5029 9.
1746 4975 2017 5029 behehuni
2051 4975 2092 5028 Β
2121 4976 2174 5029 7.
2275 4976 2316 5008 ¹⁷
2357 4991 2515 5029 omne
2543 4977 2568 5028 1
2600 4975 2645 5028 Β
2713 5015 2726 5027 .
2833 4973 2875 5004 ¹⁸
2910 4973 3093 5028 omnia
3131 4973 3168 5026 i.
3202 4983 3258 5029 et
3285 4989 3340 5029 ι).
3369 4972 3414 5026 Β
3445 4973 3503 5029 7.

213 4975 258 5006 ³³
295 4983 525 5029 vocatur
551 4975 767 5032 beheim
795 4978 846 5032 4.
927 4977 969 5008 ¹⁶
993 4975 1205 5031 behemi
1239 4977 1290 5030 7.
1317 4975 1639 5030 behemanni
1664 4975 1715 5030 9.
1746 4975 2017 5030 behehuni
2051 4975 2092 5028 Β
2121 4976 2174 5030 7.

2275 4976 2316 5008 ¹⁷
2357 4991 2515 5031 omne
2543 4977 2568 5028 1
2600 4975 2645 5028 Β
2670 4972 2726 5029 6.
2819 4973 2875 5044 f3
2896 4973 3093 5044 omnia
3131 4972 3258 5044 ifet
3285 4989 3340 5044 p.
3369 4972 3414 5026 Β
3445 4973 3503 5030 7.

213 5046 257 5118 ξ’
291 5045 591 5100 hcchonem
621 5048 673 5102 1.
715 5049 770 5102 2.
807 5051 861 5104 5.
889 5049 943 5102 4.
973 5048 1026 5101 5.
1059 5048 1110 5101 6.
1149 5047 1201 5101 7.
1232 5047 1516 5118 lechonem
1561 5046 1612 5099 9.
1645 5045 1689 5098 Β
1728 5046 1781 5100 2.
1816 5047 1866 5100 5.
1901 5047 1953 5100 6.
1982 5047 2034 5100 7.
2067 5049 2120 5102 8.
2195 5048 2241 5078 '°
2270 5049 2533 5118 vosegol.
2557 5047 2612 5118 5.
2643 5044 2780 5118 4._5.
2807 5041 2932 5118 6._B
2967 5043 3026 5118 2.
3049 5043 3192 5118 5._ﬁ_.
3221 5041 3506 5118 8.fvosega

209 5117 267 5172 2.
301 5132 556 5189 vosegum
570 5119 620 5172 7.
641 5134 893 5189 vogesum
909 5121 964 5176 9.
980 5133 1197 5189 wosago
1220 5117 1265 5171 B
1283 5117 1342 5189 7..
1357 5119 1428 5171 ita
1457 5118 1714 5189 deinceps.

251 5203 346 5242 um
366 5187 433 5241 B.
469 5187 523 5244 6.
610 5188 657 5220 "
682 5187 1061 5246 venationibus
1087 5187 1204 5243 8'2.

287 5258 344 5331 6.
375 5328 388 5331 _
441 5259 484 5289 ’⁷
508 5273 695 5315 eorum
736 5260 780 5314 Β
807 5261 860 5316 2.
937 5262 982 5292 ’⁸
1015 5258 1503 5331 ibique-ambo2.
1575 5257 1618 5288 ’θ
1651 5259 1928 5331 wilharius
1967 5262 2020 5314 9.
2080 5260 2318 5316 wrllerus
2364 5262 2415 5314 7.

988 5327 1169 5402 populi
1195 5330 1239 5384 Β
1272 5331 1335 5402 2.
1378 5330 1792 5402 -“superestes
1819 5329 1862 5383 Β
1898 5332 1951 5385 2.
2029 5331 2076 5362 ³⁸
2105 5333 2490 5386 constitutione
2514 5328 2636 5402 B2.
2705 5327 2758 5402 _“
2784 5345 2945 5402 cause
2972 5329 3035 5383 Β.
3063 5329 3116 5402 2.
3185 5327 3505 5402 ."einhar-

213 5329 261 5361 “
303 5328 685 5386 dalmatiarum
709 5331 755 5386 Β
787 5333 838 5386 7.
917 5333 963 5364 ³³

1805 5119 1848 5148 ²¹
1870 5119 1934 5171 ad
1951 5118 2330 5187 imperatorem
2353 5114 2488 5173 5:01
2516 5116 2670 5172 codd.
2703 5114 2768 5168 Β.

1298 5188 1344 5218 ’⁸
1371 5185 1641 5242 νοηπειτίοῑ
1663 5187 1775 5242 BG.
1825 5185 2080 5243 rumorici
2103 5191 2154 5244 7.
2185 5191 2446 5244 rumrichi
2493 5189 2546 5244 9.
2585 5185 2848 5241 numerici
2880 5185 2934 5240 4.

2869 5115 2913 5146 ²¹
2936 5115 3061 5169 villa
3084 5115 3129 5169 Β
3154 5115 3206 5170 7.
3284 5116 3330 5147 ’³
3347 5115 3507 5172 vosa-

3035 5187 3079 5216 ¹⁶
3110 5186 3505 5256 aliquantulum

2524 5259 2568 5289 ⁸ο
2610 5259 2824 5328 ioderae
2864 5256 2909 5312 Β
2938 5257 2989 5311 7.
3093 5258 3135 5289 ³⁸
3165 5260 3340 5328 adque
3368 5257 3413 5312 Β
3441 5256 3497 5311 2.

214 5400 350 5474 dum
383 5401 447 5474 l._
470 5401 524 5455 2.
549 5401 604 5456 4.
639 5403 689 5456 7.
725 5402 770 5458 Β
825 5403 877 5458 5.
912 5403 963 5459 7.
988 5399 1342 5459 einardumB
1371 5400 1424 5456 2.
1453 5401 1810 5456 heinbardum
1835 5402 1879 5456 Β
1909 5404 1960 5458 6.
2000 5403 2340 5458 heinlardum
2366 5405 2419 5457 5.
2457 5400 2812 5474 eginbardum
2839 5401 2892 5457 9.
2926 5400 3294 5473 pernhardum
3321 5399 3373 5455 6.
3406 5413 3507 5471 per

215 5471 545 5528 einbardum
568 5473 711 5529 deest
739 5474 792 5529 5.

1733 5564 1964 5622 ΝΟΤᾸΕ.

292 5669 320 5698 ⁸
361 5655 568 5714 Samar

1921 5654 2181 5731 Bruyeres
2209 5655 2474 5731 ad_rivu_m
2513 5655 2758 5731 Velogne,
2783 5675 2813 5715 a
2839 5659 3205 5730 septentrione
3228 5654 3507 5721 Romarid

291 5727 324 5768 δ
361 5726 654 5804 Heimburg
672 5729 931 5804 oppidum
957 5729 1021 5785 ad
1045 5727 1369 5796 Danubium,
1412 5726 1467 5781 in
1505 5725 1737 5782 Austriaa
1762 5735 1819 5782 et
1923 5725 2151 5804 montis,
2175 5727 2318 5804 etab
2342 5729 2555 5788 oriente
2577 5725 2802 5803 Spinalii
2827 5725 3088 5804 (Epinal).

215 5797 520 5871 ﬂungarite
553 5797 874 5871 conﬁnibus.

315 5867 603 5940 O'Chantpa
666 5871 721 5927 in
778 5869 1164 5943 Letharingla,
1217 5867 1344 5926 villa
1415 5877 1588 5941 parva
1647 5877 1815 5938 prope

1992 5797 2020 5836 ἀ
2051 5795 2421 5854 Remiremont.

2000 5879 2023 5908 ο
2048 5866 2209 5924 Zara.
