3960 6346
516 360 615 420 167

1810 360 2184 428 semesam
2221 360 2510 418 seems
3600 376 3670 437 ια

517 498 680 539 nianu
724 480 1064 554 subscripsit.
1094 460 1395 553 hnperator
1413 523 1428 549 ,
1458 481 1682 537 dimisso
1701 486 1934 553 utroque
1950 479 2063 537 iilio
2085 480 2103 514 ί
2132 484 2186 547 Α
2208 479 2491 537 undecima
2520 488 2676 553 parte
2699 477 2959 554 Virginis.
2994 480 3124 537 Nam
3145 492 3197 539 et
3221 483 3362 542 stella
3389 484 3592 548 Mercurii
3626 498 3670 553 te

515 579 574 637 in
602 592 832 648 regnum
859 570 965 633 sibi
986 575 1326 648 deputatum,
1370 572 1599 645 Pippino
1639 568 1849 632 scilicet
1888 581 1945 630 et
1968 573 2100 631 illu—

514 671 692 738 doieo,
741 671 809 725 de
835 669 965 726 vilia
1004 664 1318 725 Theodonis
1364 666 1492 742 [Th.
1539 667 1743 740 palatio
1771 669 1838 724 Α.
1885 667 1974 741 L.]
2002 684 2101 739 per

513 766 789 829 Mosellam
819 771 876 825 et
920 763 1173 825 Rhenum
1202 762 1440 820 secunda
1479 778 1619 835 aqua
1647 754 2039 835 Noviomagum
2076 761 2098 795 '

512 860 823 933 navigavit,
867 859 1051 931 ibique
1095 850 1117 893 ³
1156 867 1407 923 sanctum
1445 853 1917 928 quadragesimale
1959 854 2097 911 ieiu-

510 954 663 1010 nium
707 959 767 1009 et
809 950 1237 1009 sacratissimum
1283 949 1519 1021 paschae
1564 947 1915 1004 festivitatem
1957 946 2099 1002 cele-

508 1044 711 1105 bravit.
733 1042 805 1101 Et
832 1043 956 1101 inde
981 1046 1108 1115 post
1131 1056 1236 1098 non
1262 1038 1465 1097 multos
1492 1039 1610 1096 dies
1634 1036 1979 1113 Aquasgrani
2006 1051 2099 1091 ve-

510 1140 689 1202 niens.
722 1136 946 1195 Karlum
986 1135 1158 1195 lilium
1186 1151 1345 1192 suum
1374 1132 1431 1190 in
1461 1142 1665 1193 terram
1713 1131 2033 1189 Sclavorum
2074 1129 2098 1164 ⁸

510 1232 604 1302 qui
632 1231 888 1287 dicuntur
916 1229 938 1262 ⁸
964 1226 1181 1292 Sorabi,
1210 1234 1268 1282 et
1312 1225 1505 1283 sedent
1536 1222 1753 1296 [Sorabi
1783 1222 1875 1293 qui
1901 1222 2096 1279 sedent

507 1323 574 1378 Α.
606 1321 695 1397 L.]
750 1337 915 1395 super
940 1314 1166 1397 Albim?
1200 1316 1424 1374 ﬂuvium
1444 1358 1459 1384 ,
1489 1332 1613 1372 cum
1642 1316 1886 1371 exercitu
1922 1314 2091 1381 misit,

508 1415 566 1470 in
594 1396 703 1486 qua
731 1414 1076 1488 expeditione
1123 1396 1417 1471 Miliduoch
1451 1410 1473 1444 "
1513 1408 1830 1466 Sclavorum
1873 1407 1984 1463 dux
2012 1407 2096 1465 in-

505 1504 766 1562 terfectus
792 1513 903 1571 est,
934 1505 1149 1575 duoque
1183 1502 1407 1560 castella
1433 1502 1502 1558 ab
1525 1499 1769 1559 exercitu
1790 1498 2091 1564 aediﬁcata,

504 1610 675 1654 unum
722 1612 884 1673 super
914 1596 1087 1669 ripam
1126 1590 1364 1651 fluminis
1411 1593 1600 1660 Baiae,
1652 1592 1883 1649 alterum
1941 1592 2094 1647 iuxta

501 1687 725 1748 ﬂuvium
760 1684 941 1747 Albim
976 1702 1024 1744 ο.
1068 1686 1388 1760 Sclavisque
1431 1685 1663 1758 pacatis,
1723 1683 1920 1741 Karlus
1967 1699 2089 1740 cum

506 1782 753 1838 exercitu
793 1795 1107 1852 regressus,
1142 1779 1198 1839 in
1228 1778 1349 1837 loco
1393 1779 1488 1848 qui
1514 1777 1715 1835 dicitur
1755 1775 1872 1833 Silii
1895 1776 1918 1809 ⁸
1946 1776 1975 1818 ι)
2002 1792 2092 1832 su-

2202 573 2321 629 Kai.
2358 570 2560 645 Aprilis
2597 570 2713 630 visa
2750 582 2835 631 est
2864 575 2920 630 in
2948 574 3060 631 sole
3088 578 3236 647 quasi
3257 593 3407 649 parva
3429 585 3599 640 macula
3614 590 3671 643 ni-

2201 680 2313 736 gra,
2357 665 2631 735 paululum
2672 667 2924 739 superius
2948 667 3120 723 media
3156 669 3193 704 "
3227 669 3406 744 [nigra,
3438 683 3583 733 tamen
3600 694 3674 750 p.s

2199 759 2377 813 medio
2388 762 2451 813 Α.
2466 757 2554 832 L.]
2568 768 2758 816 centro
2768 761 3008 816 eiusdem
3021 759 3224 826 sideris,
3236 764 3540 832 quaeanobis
3551 770 3583 800 "
3593 780 3675 829 octo

2198 848 2314 905 dies
2333 851 2683 921 corispicitur.
2727 851 2772 885 “
2802 850 2912 908 Sed
2937 853 3148 921 quando
3174 854 3393 923 primum
3417 856 3599 915 intravit
3617 865 3675 919 vel

2197 942 2365 996 exivit
2380 982 2395 1008 ,
2428 942 2662 998 nubibus
2689 942 3103 1014 impedientibus
3127 941 3335 999 minime
3360 956 3522 1005 notare
3542 949 3676 1023 [adno-

2200 1044 2316 1095 tare
2353 1037 2418 1092 A.
2456 1036 2546 1111 L.]
2576 1038 2871 1109 potuimus.
2918 1038 2963 1069 ¹⁰
2990 1036 3186 1095 iterum
3232 1054 3405 1097 mense
3442 1038 3620 1114 Augusti
3644 1042 3673 1078 ἰ

2199 1131 2286 1185 11.
2321 1132 2438 1186 Kal.
2474 1131 2752 1202 Septemb.
2790 1132 3023 1204 eclypsis
3056 1132 3213 1187 lunae
3251 1132 3382 1189 facta
3411 1140 3485 1190 est
3517 1136 3617 1192 hora
3646 1138 3676 1171 "

2197 1226 2379 1281 noctis
2411 1227 2591 1291 tertia,
2623 1226 2737 1281 sole
2764 1225 2944 1296 posito
2975 1225 3029 1279 in
3058 1227 3244 1296 quinta
3273 1234 3414 1295 parte
3438 1227 3626 1299 Virginis
3640 1238 3677 1284 et

2198 1319 2326 1377 luna
2353 1319 2410 1375 in
2449 1321 2639 1389 quinta
2664 1328 2819 1388 parte
2847 1318 3105 1374 Piscium.
3137 1317 3326 1388 Sicque
3353 1320 3415 1374 ab
3440 1324 3549 1375 anni
3566 1337 3677 1392 supe-

2196 1409 2361 1469 rioris
2391 1410 2733 1480 Septembrio
2758 1425 2933 1480 usque
2956 1411 3025 1464 ad
3054 1410 3179 1465 anni
3203 1412 3479 1481 praesentis
3503 1411 3677 1482 Septem-

2195 1503 2375 1559 brium
2406 1511 2490 1557 ter
2515 1503 2644 1557 luna
2671 1503 2963 1557 obscurata
3004 1509 3091 1557 est
3122 1512 3178 1556 et
3202 1503 3279 1558 sol
3302 1503 3473 1558 semel.
3503 1503 3678 1559 Radber-

2196 1601 2285 1649 tus
2311 1593 2378 1662 ²⁸,
2411 1593 2611 1648 missus
2652 1591 2997 1663 imperatoris
3022 1631 3038 1658 ,
3071 1593 3163 1664 qui
3198 1593 3263 1648 de
3287 1595 3486 1663 oriente.
3506 1605 3678 1649 revene-

2194 1684 2388 1750 batur,
2439 1684 2725 1739 defunctus
2762 1691 2882 1751 est,
2930 1690 2986 1737 et
3031 1682 3238 1755 legatus
3275 1684 3408 1756 regis
3447 1682 3678 1750 Persarum,

2196 1779 2420 1834 nomine
2446 1777 2692 1843 Abdeila,
2722 1788 2846 1831 cum
2875 1776 3157 1831 monachis
3184 1776 3249 1831 de
3278 1772 3568 1830 Hierusalem
3586 1810 3598 1840 ,
3618 1774 3678 1843 qui

498 1887 597 1947 per
636 1874 809 1946 ripam
861 1873 1041 1929 Mosae
1086 1871 1324 1927 ﬂuminis
1367 1870 1437 1925 ad
1483 1869 1869 1942 imperatorem
1917 1869 2087 1923 venit.
2119 1854 2168 1917 Β
2194 1872 2464 1943 legatione
2489 1871 2730 1926 Thomae
2757 1870 3106 1940 patriarchae
3132 1870 3485 1943 fungebantur,
3517 1884 3680 1940 quorum

500 1960 667 2020 Missa
698 1971 782 2021 est
809 1971 867 2029 et
889 1974 1088 2021 manus
1126 1963 1191 2019 de
1229 1961 1478 2016 Bnioaria
1500 1968 1555 2017 et
1578 1958 1903 2015 Alamannia
1929 1968 2090 2031 atque

499 2055 817 2126 Burgundia
839 2056 982 2113 sicut
1003 2070 1147 2111 anno
1172 2052 1451 2125 superiore
1472 2052 1528 2108 in
1547 2060 1749 2111 terram
1769 2048 2024 2106 Beéheim
2042 2048 2086 2119 ’,

497 2154 825 2223 vastataque
854 2156 1036 2203 terrae
1064 2160 1171 2201 non
1202 2145 1424 2201 minima
1454 2145 1724 2215 portione,
1753 2144 1956 2214 absque
1978 2143 2090 2199 ullo

496 2242 651 2314 gravi
679 2239 1022 2298 incommodo
1046 2254 1314 2312 regressa.
1338 2236 1542 2295 Eodem
1565 2253 1708 2293 anno
1733 2239 1787 2292 in
1808 2236 2089 2293 Corsicam

496 2330 733 2387 insulam
780 2339 971 2388 contra
1008 2328 1224 2389 Mauros
1272 2330 1369 2403 qui
1416 2345 1538 2386 eam
1571 2327 1858 2389 vastabant
1896 2325 2087 2385 classis

495 2423 562 2478 de
586 2422 736 2477 Italia
767 2439 797 2477 a
820 2423 1047 2493 Pippino
1076 2423 1247 2478 missa
1272 2430 1377 2488 est,
1408 2422 1561 2479 cuius
1587 2422 1879 2481 adventum
1911 2419 2085 2477 Mauri

491 2530 603 2570 non
628 2523 978 2585 expectantes
1008 2517 1426 2583 abscesserunt;
1462 2532 1604 2571 unus
1640 2525 1821 2570 tamen
1864 2522 2081 2571 110811⁵0-

491 2621 637 2674 rum,
685 2605 1030 2665 iiadumarus
1061 2622 1246 2667 comes
1278 2607 1321 2639 ¹⁰
1350 2607 1591 2663 civitatis
1623 2605 1866 2673 Genuae,
1892 2607 2083 2677 inpru-

492 2697 687 2756 denter
709 2705 900 2755 contra
935 2714 1031 2755 eos
1061 2699 1327 2755 dimicans
1352 2699 1570 2757 occisus
1607 2708 1708 2754 est.
1734 2698 1792 2752 in
1823 2697 2082 2767 Hispania

488 2808 621 2850 vero
655 2791 886 2849 Navarri
918 2793 959 2823 “
989 2800 1046 2849 et
1073 2792 1515 2864 Pampilonenses
1563 2792 1625 2857 ¹²,
1658 2791 1753 2863 qui
1790 2791 2085 2861 superiori-

487 2884 594 2942 bus
615 2885 772 2941 annis
797 2884 867 2940 ad
896 2881 1230 2941 Sarracenos
1266 2883 1311 2916 "
1343 2882 1683 2950 defecerant,
1723 2884 1781 2939 in
1811 2882 1972 2943 ﬁdem
1998 2900 2082 2942 re—

489 2975 634 3046 cepti
662 2984 806 3031 sunt.
856 2974 1062 3033 Classis
1096 2990 1129 3030 a
1171 2974 1410 3032 Niciforo
1450 2975 1812 3046 imperatore,
1848 2975 1935 3032 cui
1990 2975 2082 3031 Ni-

488 3076 611 3125 ceta
626 3067 888 3139 patricius
906 3076 1176 3139 praeerat,
1192 3069 1259 3123 ad
1275 3068 1682 3141 reciperandam
1700 3067 1742 3099 “‘
1756 3068 2081 3125 Dalmatiam

486 3161 741 3230 mittitur,
783 3169 840 3217 et
874 3160 1038 3233 legati
1074 3161 1169 3234 qui
1197 3170 1324 3217 ante
1359 3169 1621 3235 quattuor
1655 3160 1771 3217 fere
1795 3165 1977 3218 annos
2006 3161 2075 3220 ad

490 3252 607 3326 [qui
634 3228 837 3311 dudum
865 3228 1021 3307 a.'A.
1053 3228 1142 3327 Li]
1175 3268 1358 3326 regem
1376 3228 1686 3309 'Persarum
1726 3253 1879 3310 missi
1916 3263 2072 3322 sunt,
2103 3228 2148 3292 (ἶ

491 3357 594 3415 per
636 3342 1158 3422 ipsas‘Graecarum
1198 3345 1417 3400 navium
1456 3345 1723 3402 stationes
1760 3347 2077 3413 transvecti,

487 3438 554 3493 ad
596 3437 899 3496 Tarvisiani
933 3439 978 3470 ¹⁸
1006 3448 1197 3509 portus
1232 3438 1654 3513 receptaculum,
1698 3437 1844 3494 nullo
1888 3438 2081 3494 adver-

484 3530 756 3589 sariorum
795 3531 1093 3600 sentiente,
1138 3531 1378 3604 regressi
1422 3539 1568 3591 sunt.
1608 3530 1910 3603 imperator
1938 3530 2080 3586 cele-

482 3630 669 3686 bravit
692 3629 930 3689 natalem
960 3632 1174 3691 Domini
1202 3632 1553 3705 Aquisgrani.
1589 3631 1680 3706 [Et
1707 3632 1961 3691 inmutat.
1993 3640 2081 3691 est

484 3736 748 3781 numerus
774 3737 973 3783 annor.
1004 3724 1062 3785 in
1091 3725 1159 3783 Δ.
1197 3722 1289 3797 L.]

1134 3854 1424 3915 DCCCVii.

557 3964 712 4024 Anno
754 3966 1038 4039 superiore
1072 3969 1127 4026 4.
1174 3969 1315 4028 Non.
1350 3968 1656 4042 Septembr.
1694 3969 1796 4027 fuit
1838 3970 2074 4043 eclypsis

481 4058 674 4128 lunae;
723 4068 851 4115 tunc
876 4062 1054 4117 stabat
1080 4058 1161 4117 soi
1192 4062 1247 4118 in
1279 4063 1487 4118 decima
1523 4072 1677 4118 sexta
1712 4072 1868 4134 parte
1896 4064 2074 4136 Virgi-

481 4147 589 4217 nis,
615 4146 744 4205 luna
773 4152 955 4204 autem
982 4147 1037 4204 in
1064 4144 1274 4206 decima
1303 4161 1457 4207 sexta
1484 4161 1639 4222 parte
1662 4151 1933 4220 Piscium;
1965 4153 2073 4208 hoc

483 4248 666 4297 autem
708 4255 852 4295 anno
893 4240 1069 4311 pridie
1104 4238 1221 4296 Kal.
1267 4241 1428 4299 Febr.
1481 4240 1582 4299 fuit
1620 4243 1661 4274 ¹⁶
1690 4243 1814 4300 luna
1862 4244 2070 4301 decima

482 4330 736 4404 septima,
768 4330 983 4402 quando
1023 4331 1179 4387 stella
1222 4331 1364 4389 lovis
1413 4335 1569 4404 quasi
1608 4350 1708 4404 per
1745 4352 1865 4391 eam
1897 4344 2073 4390 trans-

482 4424 565 4481 ire
598 4425 715 4480 visa
741 4432 846 4491 est,
880 4433 935 4480 et
959 4426 1012 4481 5.
1044 4425 1121 4481 id.
1150 4426 1312 4482 Febr.
1346 4427 1449 4483 fuit
1479 4429 1712 4501 eclypsis
1738 4430 1867 4487 solis
1892 4430 2071 4487 media

483 4513 590 4585 die,
625 4520 807 4573 stante
835 4524 1067 4588 utroque
1095 4517 1274 4574 sidere
1299 4519 1355 4575 in
1397 4519 1657 4577 vicesima
1689 4522 1877 4593 quinta
1915 4533 2069 4596 parte

480 4618 724 4689 Aquarii.
754 4620 959 4678 lterum
983 4619 1039 4674 4.
1063 4616 1182 4677 Kal.
1215 4620 1374 4679 Mart.
1404 4620 1505 4678 fuit
1533 4622 1766 4695 eclypsis
1791 4624 1981 4691 lunae,
2013 4635 2070 4682 et

480 4716 849 4781 apparuerunt
882 4712 1029 4768 acies
1054 4713 1246 4768 eadem
1277 4721 1433 4769 nocte
1455 4715 1624 4770 mirae
1654 4714 2060 4786 magnitudinis,

481 4809 538 4859 et
564 4804 646 4862 sol
686 4806 839 4861 stetit
864 4805 920 4860 in
949 4806 1233 4862 undecima
1261 4815 1416 4878 parte
1447 4805 1685 4864 Piscium
1706 4848 1721 4874 ,
1749 4814 1807 4862 et
1840 4806 1965 4862 luna
2007 4807 2062 4862 in

2094 4588 2147 4648 D

2191 1965 2414 2021 nomina
2444 1964 2596 2020 fuere
2621 1962 2889 2034 Georgius
2912 1971 2972 2019 et
2997 1963 3150 2020 Felix
3188 1964 3297 2036 [hic
3314 1961 3546 2033 Georgius
3572 1961 3608 1992 ’⁸
3626 1972 3681 2016 est

2192 2057 2331 2112 abba
2360 2056 2415 2111 in
2444 2062 2630 2111 monte
2657 2054 2875 2119 Oliveti,
2923 2060 2980 2110 et
3023 2055 3111 2109 cui
3149 2053 3317 2126 patria
3348 2051 3592 2109 Germania
3609 2056 3681 2116 est,

2192 2151 2286 2222 qui
2343 2150 2507 2205 etiam
2558 2149 2779 2220 proprio
2830 2154 3062 2203 vocatur
3086 2144 3321 2203 nomine
3365 2144 3620 2214 Egilbaldus
3651 2143 3681 2174 ³³

2190 2242 2328 2297 Ann.
2362 2239 2554 2313 Lean]
2598 2240 2667 2296 ad
2702 2240 3091 2309 imperatorem
3118 2244 3491 2310 pervenerunt,
3519 2246 3681 2289 munera

2190 2335 2499 2393 deterentes
2535 2344 2677 2405 quae
2702 2333 3014 2403 praedicms
3057 2343 3153 2388 rex
3181 2327 3478 2402 imperatori
3502 2328 3680 2389 trnseat,
3744 2353 3748 2357 -

2186 2428 2243 2485 id
2269 2436 2353 2484 est
2377 2427 2707 2499 papilionem
2733 2431 2789 2481 et
2815 2425 3052 2482 tentoria
3078 2420 3208 2478 atrii
3237 2422 3379 2495 Intrii
3398 2420 3532 2476 vario
3550 2416 3680 2474 colore

2186 2517 2331 2573 facta
2378 2518 2441 2571 Α.
2492 2515 2582 2589 L.]
2621 2516 2793 2573 mirae
2818 2514 3211 2586 magnitudinis
3238 2521 3293 2569 et
3314 2506 3678 2582 pulchritudinis;

2186 2616 2343 2666 erant
2388 2609 2536 2663 enim
2582 2606 2767 2663 omnia
2804 2607 3048 2673 bissina,
3105 2614 3215 2661 tam
3251 2604 3467 2660 tentoria
3490 2613 3616 2673 quam
3647 2605 3683 2652 et

2184 2699 2343 2756 funes
2403 2713 2594 2754 eorum
2620 2739 2634 2765 ,
2687 2697 2920 2753 diversis
2966 2697 3137 2753 tincta
3180 2695 3457 2752 coloribus.
3512 2690 3683 2747 Fuerunt

2182 2800 2465 2861 praeterea
2493 2784 2716 2843 munera
2737 2787 2970 2858 praefati
3000 2788 3150 2859 regis
3170 2787 3330 2859 pallia
3347 2785 3493 2845 sirica
3512 2781 3550 2816 “
3567 2778 3682 2836 multa

2182 2890 2239 2937 et
2272 2882 2541 2952 preciosa,
2571 2888 2628 2936 et
2649 2880 2849 2937 odores
2869 2886 3034 2951 atque
3065 2882 3337 2954 unguenta
3358 2884 3411 2933 et
3428 2872 3681 2933 balsamum;

2183 2990 2285 3031 nec
2308 2991 2417 3030 non
2442 2982 2499 3030 et
2526 2974 2867 3046 horologium
2901 2988 2972 3029 ex
3003 2973 3280 3029 auricaico
3307 2978 3419 3026 arte
3443 2964 3681 3024 mechanica

2182 3066 2412 3123 mirifice
2447 3068 2816 3137 conpositum,
2843 3069 2896 3122 in
2918 3082 3029 3138 quo
3053 3067 3337 3123 duodecim
3358 3065 3579 3119 horarum
3603 3071 3684 3112 cur-

2183 3172 2277 3214 sus
2304 3158 2372 3214 ad
2417 3158 2744 3230 clepsidram
2788 3159 3141 3227 vertebatur,
3193 3173 3315 3215 cum
3343 3154 3541 3211 totidem
3564 3147 3684 3205 aereis

2180 3251 2380 3323 pilulis,
2409 3267 2549 3322 quae
2599 3254 2666 3307 ad
2696 3252 3116 3323 compietionem
3141 3251 3390 3307 horarum
3416 3243 3678 3307 decidebant,

2180 3350 2236 3399 et
2268 3357 2398 3399 casu
2434 3359 2533 3399 suo
2558 3344 2862 3399 subiectum
2894 3343 2999 3398 sibi
3028 3342 3323 3399 cimbalum
3360 3336 3538 3395 tinnire
3566 3330 3683 3387 {acle-

2179 3433 2346 3500 bant,
2390 3432 2587 3488 additis
2617 3432 2672 3488 in
2713 3432 2906 3489 eodem
2937 3432 3183 3488 eiusdem
3212 3429 3415 3487 numeri
3446 3422 3685 3497 equitibus,

2179 3524 2272 3594 qui
2320 3537 2419 3594 per
2463 3522 2748 3579 duodecim
2793 3521 3067 3579 fenestras
3106 3522 3385 3594 completis
3424 3514 3554 3574 horis
3583 3511 3683 3567 erit

2178 3612 2326 3677 bant,
2357 3620 2413 3669 et
2442 3613 2656 3684 inpulsu
2688 3614 3022 3686 egressionis
3061 3629 3196 3670 suae
3221 3612 3436 3669 totidem
3464 3608 3684 3666 fenestmy

2178 3717 2316 3774 quae
2342 3705 2493 3774 prius
2537 3712 2694 3760 erant
2732 3713 2953 3775 apertae
2977 3744 2992 3770 ,
3027 3705 3384 3768 claudebant;
3427 3713 3514 3755 nec
3543 3708 3626 3750 non
3649 3694 3686 3743 α

2178 3794 2283 3853 alia
2310 3799 2478 3853 multa
2507 3804 2667 3854 erant
2698 3798 2753 3853 in
2785 3799 2903 3869 ipso
2935 3798 3241 3870 heroiogio,
3280 3809 3415 3867 quae
3453 3801 3577 3846 nunc
3595 3796 3685 3841 eitu-

2176 3900 2392 3947 merare
2437 3890 2656 3963 longum
2697 3898 2802 3947 est.
2832 3891 3081 3946 Fuerunt
3122 3897 3399 3963 praeterea
3426 3884 3550 3939 inter
3577 3888 3684 3949 prle-

2176 3982 2316 4039 dicta
2363 3998 2587 4040 munera
2637 3984 2965 4041 candelabra
3008 3982 3120 4041 duo
3163 3998 3233 4039 ex
3267 3980 3520 4038 auricalco
3562 3970 3685 4027 mirio

2174 4076 2564 4145 magnitudinis
2582 4085 2636 4132 et
2658 4078 3003 4147 proceritatis
3021 4094 3039 4140 ;
3067 4093 3209 4148 quae
3233 4077 3407 4132 omnia
3428 4073 3476 4127 in
3497 4070 3684 4137 Αειυειιεθ

2177 4165 2379 4240 [omnia
2407 4170 2576 4241 Aquis
2610 4173 2675 4226 Α.
2707 4171 2794 4246 L.]
2822 4173 3036 4244 paiacio
3063 4174 3131 4230 ad
3170 4173 3532 4245 imperatorem
3556 4159 3682 4218 delata

2174 4268 2318 4316 sunt.
2356 4262 2655 4333 imperator
2697 4263 2933 4337 legatum
2966 4277 3020 4321 et
3050 4267 3347 4323 monachos
3385 4279 3474 4336 per
3505 4257 3684 4326 aliqua”

2172 4356 2289 4405 tum
2319 4358 2527 4421 tempus
2556 4369 2740 4409 secum
2770 4357 3031 4422 retinens,
3073 4358 3129 4412 in
3173 4357 3382 4413 italiam
3409 4348 3597 4411 direxit,
3631 4350 3682 4395 al-

2172 4456 2277 4513 que
2321 4443 2393 4498 ibi
2441 4458 2534 4500 eos
2576 4453 2789 4517 tempus
2838 4448 3201 4520 navigationis
3233 4454 3507 4518 expectare
3548 4433 3681 4493 iussit;

2173 4535 2468 4607 eodemque
2498 4552 2639 4592 anno
2667 4530 3039 4594 Burchardum
3068 4540 3111 4572 "
3159 4540 3410 4601 comitem
3434 4527 3597 4591 stabuli
3627 4520 3682 4579 sui

2173 4644 2296 4683 cum
2338 4630 2511 4687 classe
2547 4632 2696 4688 misit
2743 4633 2799 4689 in
2843 4632 3160 4701 Corsicam,
3197 4643 3258 4689 ut
3301 4646 3416 4688 eam
3454 4644 3482 4682 a
3517 4618 3682 4681 Mauris.

2171 4722 2263 4790 qui
2300 4715 2670 4793 superioribus
2713 4726 2870 4782 annis
2904 4726 3032 4784 illuc
3059 4727 3383 4798 praedatum
3409 4720 3572 4778 venire
3594 4724 3685 4768 ωηο

2172 4817 2499 4880 sueverant,
2555 4813 2903 4882 defenderet;
2952 4816 3046 4888 qui
3097 4817 3252 4873 iuxta
3312 4803 3684 4872 consuetudinem

1699 4920 2086 4979 VARIANTES
2113 4921 2514 4982 LECTiONES.

554 5012 572 5045 ¹
601 5010 714 5069 ﬁlio
740 5020 803 5067 ut
831 5027 861 5066 r

966 5029 1058 5087 um
1084 5012 1210 5087 Βδ.
1264 5015 1309 5087 Α³
1340 5015 1719 5087 naviomagum
1741 5015 1795 5087 5.
1871 5017 1893 5049 ³
1929 5017 2001 5072 ibi
2040 5014 2086 5071 Β
2117 5017 2171 5074 5.

2276 5019 2300 5051 ⁸
2335 5021 2389 5075 in
2430 5028 2629 5079 terram
2656 5022 2963 5079 sclavorum
2998 5024 3080 5081 his
3122 5023 3336 5080 uocibus
3362 5018 3534 5090 incipit

479 5082 756 5158 qnnuliugt
782 5078 1054 5158 [finitumi
1094 5080 1213 5158 to._
1257 5082 1282 5158 ε
1315 5087 1407 5158 qui
1435 5078 1704 5158 diciturB
1735 5086 1788 5142 2.
1885 5087 1906 5118 ο
1930 5087 2131 5143 albiam
2157 5087 2202 5143 B
2233 5090 2288 5146 2.
2385 5092 2405 5124 τ
2433 5078 2727 5150 miliduohc
2754 5078 3099 5152 agminds'ci.
3130 5078 3473 5153 5.7miliduoh'
3509 5085 3553 5141 6.
3588 5078 3680 5158 mihi

479 5147 659 5230 dpohc
683 5150 743 5230 _B
756 5150 1147 5230 _2.‘mii)duoch
1174 5154 1219 5210 Β
1243 5156 1298 5230 6.
1331 5147 1394 5230 1'
1411 5156 1538 5230 psylli
1566 5155 1610 5210 Β
1641 5156 1693 5211 8.

480 5218 526 5257 ¹⁶
554 5224 728 5282 comis
750 5223 796 5281 Β
827 5225 882 5278 2.
920 5224 973 5278 5.
1053 5226 1094 5258 ιί
1116 5228 1303 5284 navari
1334 5227 1378 5283 Β
1406 5218 1458 5283 5.

477 5296 845 5368 recipiendam
862 5295 914 5350 4.
942 5295 993 5350 5.
1025 5295 1076 5351 6.
1108 5296 1154 5351 Β
1180 5299 1233 5354 2.
1264 5299 1314 5354 5.
1335 5300 1386 5355 6.
1404 5295 1830 5371 reCUperandam
1868 5300 1918 5355 7.
1949 5301 2000 5355 9.
2025 5300 2070 5354 Β
2099 5302 2150 5355 7.
2230 5304 2274 5335 ⁸⁸
2296 5305 2610 5361 taravisiani
2630 5307 2676 5361 B
2698 5306 2750 5362 7.
2777 5295 3051 5363 tarvisani'
3063 5310 3113 5365 7.

480 5364 533 5421 1.
613 5368 654 5399 "
688 5366 865 5421 medio
885 5365 1023 5421 5⁵15.
1055 5369 1107 5421 7.
1131 5371 1185 5421 9.
1215 5368 1299 5421 10.
1380 5370 1423 5403 ¹⁵
1445 5387 1585 5421 aliae
1625 5379 1679 5421 et
1706 5387 1735 5421 a
1768 5372 1922 5421 nobis
1949 5380 2072 5421 octo
2098 5372 2212 5421 dies
2234 5377 2670 5421 mnsninielmmr
2700 5374 2757 5421 R
2791 5377 2842 5421 9-
2938 5378 2983 5411 η
3009 5395 3037 5421 ει
3077 5398 3113 5421 ni

519 5407 533 5420 .
593 5365 654 5399 Ἰν
688 5366 865 5422 medio
885 5365 1023 5423 5⁸15.
1055 5369 1107 5422 7.
1131 5371 1185 5425 9.
1215 5368 1299 5424 10.
1380 5370 1423 5403 ’⁵
1445 5365 1585 5442 quae
1625 5379 1679 5425 et
1706 5387 1735 5425 a
1768 5372 1922 5427 nobis
1949 5380 2072 5426 octo
2098 5372 2212 5428 dies
2234 5377 2670 5445 conspiciebatur
2694 5374 2758 5432 Β.
2791 5377 2844 5433 9.
2938 5378 2983 5411 ¹’
3008 5395 3039 5433 a
3077 5378 3232 5435 nobis
3257 5392 3385 5433 cons

519 5437 664 5512 ctog
694 5438 777 5512 b._
848 5438 893 5512 ἐξ
921 5438 1049 5512 item
1101 5442 1359 5512 adnotare
1401 5443 1675 5512 potuimus
1699 5443 1751 5497 9.
1784 5442 1817 5496 9
1857 5443 1910 5496 h.
1945 5444 2120 5497 notari
2160 5447 2334 5512 potuit
2358 5446 2411 5501 5.
2503 5450 2548 5479 ’ί
2578 5464 2761 5505 mense
2804 5451 3015 5512 augusti
3048 5450 3113 5504 10
3141 5449 3263 5504 BG.
3362 5448 3385 5479 ¹

478 5508 524 5540 ’⁸
552 5507 849 5585 radberdus
873 5508 923 5585 1.
954 5510 1321 5585 rathertus._7.
1340 5507 1467 5585 9.58
1498 5514 1548 5585 7.
1648 5513 1693 5585 ξι
1715 5514 1804 5585 hic
1829 5514 2043 5585 georius
2070 5514 2114 5569 Β
2141 5507 2196 5571 ϐ.

478 5446 604 5493 octo
630 5437 664 5493 9
694 5438 747 5492 b.

478 5594 541 5636 ca
568 5580 617 5635 l.
642 5578 697 5635 2.
719 5580 775 5636 ὅ.
805 5580 853 5637 Β
880 5578 935 5634 2.
963 5580 1016 5637 5.
1048 5579 1100 5637 6.
1176 5582 1219 5614 ’⁷
1252 5582 1619 5656 burghardum
1644 5584 1690 5641 Β
1716 5584 1770 5640 2.

1801 5158 1822 5189 ⁹
1850 5159 2094 5213 beeheim
2127 5177 2265 5217 corr.
2292 5162 2506 5218 beheim
2540 5147 2587 5218 1.
2628 5147 3182 5222 Βέίιθίέιι-ᾸΪΕῘΒ1ξξ
3206 5147 3678 5222 Βέῆθηωηηοι-οίηξ·

1538 5229 2133 5320 ἷίμρομηξρςορθιλςεξὶεξ
2214 5232 2311 5320 ita
2329 5218 2823 5320 sarracenisliij:
2864 5218 3408 5320 ‘ﬁreciperanjd‘a'mj.

3211 5255 3330 5291 (iam
3362 5255 3408 5289 ι.
3447 5255 3493 5286 ‘5.
3525 5255 3604 5299 tu.)
3625 5255 3678 5298 μς·

3208 5306 3250 5338 ³⁸
3276 5306 3429 5363 Febr.
3475 5302 3579 5357 luna
3610 5289 3680 5344 fllli

3208 5395 3232 5419 ε
3257 5375 3563 5419 nnncninillll'
3583 5363 3678 5419 ἀίθεο

2196 5389 2212 5428 3
2234 5380 2670 5457 conspiciebatur
2694 5380 2758 5432 Β.
2791 5380 2844 5433 9.
2938 5380 2983 5411 ¹⁹
3008 5395 3039 5433 a
3077 5380 3232 5435 nobis
3257 5380 3563 5478 conspicitur
3583 5380 3678 5419 dies.

2196 5446 2411 5521 otu|t_5.
2496 5450 2548 5521 ff
2578 5464 2765 5521 mense
2804 5451 3015 5521 augusti
3048 5450 3113 5504 10
3141 5449 3263 5504 BG.
3362 5448 3395 5521 ξ
3422 5429 3677 5521 herili}:-

2320 5518 2367 5550 ’⁵
2396 5518 2705 5590 egelbaldus
2728 5519 2774 5574 B
2801 5519 2854 5575 5.
2875 5509 2940 5577 ii.
2969 5521 3322 5594 engeibaldus
3356 5517 3401 5573 Β
3421 5517 3468 5572 7.
3533 5509 3570 5542 ²⁶
3592 5509 3680 5560 εἰη·

1970 5678 2207 5739 NOTAE.

548 5776 581 5847 ξ
606 5762 765 5846 naue
794 5771 849 5847 et
874 5765 1106 5847 alterum
1129 5776 1316 5828 contra
1345 5769 1690 5844 Magdeburg.
1713 5769 1820 5829 CF.
1846 5769 2052 5833 Chron.

480 5834 751 5893 Ioissiac.
779 5835 848 5889 ad
874 5837 930 5891 h.
959 5854 1009 5893 a.

2234 5775 2264 5820 δ
2294 5773 2453 5849 εειιε,
2483 5776 2551 5835 ad
2569 5777 2819 5839 dextram
2843 5777 3006 5838 Mosae
3022 5776 3198 5855 ripam
3213 5817 3228 5844 ,
3257 5785 3422 5848 prope
3446 5753 3628 5824 Dissuta
