3960 6346
203 319 319 377 869

1685 313 1998 374 ANNALES

3362 306 3469 370 570

203 448 368 492 suam
386 432 455 487 de
479 429 775 501 Hispaniae
793 428 990 502 gressi,
1010 428 1188 498 primo
1208 425 1520 483 Sardiniam
1539 425 1787 498 adpulsi1
1815 451 1870 515 Α
1890 424 2177 483 cuiusdam
2201 423 2386 496 oppidi
2412 436 2539 481 cum
2564 422 2814 494 plurimis
2838 424 3112 481 Danon
3138 424 3469 495 primoribus

204 534 339 582 sunt
363 562 380 590 ,
439 522 621 592 ibique
662 534 787 577 cum
844 519 1032 576 Sardis
1092 519 1298 591 proelio
1356 518 1685 585 commisso,
1734 527 1791 575 et
1893 516 2209 576 interfectus
2250 525 2355 574 est.
2401 515 2573 573 Filius
2599 522 2780 573 autem
2816 516 3165 586 imperatoris
3193 516 3390 574 list-lus
3424 519 3466 550 "

202 617 397 674 multis
432 622 653 672 suorum
689 614 906 670 amissis
930 640 1003 657 --
1032 624 1155 669 nam
1203 613 1305 668 tria
1339 611 1489 668 milia
1534 610 1609 667 ibi
1635 610 1792 680 ﬁceci-

199 708 353 763 disse
373 706 728 778 perhibentur
755 735 826 747 -—
848 706 903 760 in
928 704 1207 762 Corsicam
1236 712 1386 759 recto
1406 718 1572 760 cursu
1592 717 1787 775 perva-

197 805 424 856 nerunt.
455 797 535 857 lbi
562 797 762 854 iterum
792 796 849 851 in
873 796 1106 866 quodam
1126 803 1285 866 portu
1306 793 1551 850 eiusdem
1576 793 1788 850 insulae

195 904 329 947 cum
350 890 524 946 classe
544 889 635 945 cui
653 887 999 944 Burchardus
1018 889 1039 919 ²
1065 894 1342 959 praeerat.
1368 885 1574 957 proelio
1598 887 1789 943 decer-

197 987 480 1045 ta'verunt,
513 976 751 1049 victique
779 994 845 1035 ac
883 978 1054 1050 fugati
1093 987 1219 1034 sunt
1237 1019 1251 1043 ,
1281 978 1496 1034 amissis
1526 978 1787 1034 tredecim

193 1073 435 1128 navibus
481 1078 537 1127 et
584 1070 831 1142 plurimis
868 1086 1087 1127 suorum
1133 1070 1455 1127 interfectis.
1495 1071 1646 1129 Adeo
1694 1072 1786 1128 illo

191 1177 346 1219 anno
371 1163 427 1217 in
460 1162 711 1218 omnibus
735 1163 873 1218 locis
900 1163 1127 1218 adversa
1161 1161 1380 1219 fortuna
1401 1162 1611 1236 fatigati
1631 1173 1781 1232 sunt,

191 1262 257 1308 ut
290 1253 394 1324 ipsi
420 1253 525 1309 sibi
547 1254 648 1309 hoc
670 1253 934 1310 accidisse
972 1254 1153 1310 testati
1181 1255 1290 1310 sint
1318 1256 1362 1322 ³,
1390 1271 1456 1311 eo
1476 1257 1623 1326 quod
1642 1272 1785 1314 anno

190 1344 479 1413 superiore
511 1352 705 1400 contra
741 1358 958 1400 omnem
1007 1345 1275 1402 iustitiam
1302 1348 1370 1403 de
1405 1348 1677 1405 Patelaria
1705 1347 1727 1381 ⁵
1753 1361 1782 1392 ι

187 1436 374 1492 insula
400 1437 680 1510 setaginta
713 1440 1016 1496 monachos
1050 1444 1358 1510 asportatos
1380 1442 1436 1496 in
1474 1441 1735 1514 Hispania
1759 1443 1783 1475 ⁸

186 1529 574 1595 vendiderunt,
620 1544 855 1599 quorum
877 1530 1044 1601 aliqui
1082 1546 1183 1603 per
1213 1532 1595 1589 liberalitatem
1635 1535 1656 1566 ‘
1682 1535 1783 1590 inp

183 1621 470 1690 peratoris
507 1622 705 1677 iterum
738 1623 807 1678 ad
845 1638 942 1678 sua
974 1622 1192 1696 [iterum
1221 1624 1277 1680 in
1310 1640 1409 1681 sua
1436 1626 1503 1681 Α.
1539 1626 1629 1700 L.]
1660 1628 1782 1685 loca

181 1714 401 1770 reversi
430 1722 576 1770 sunt.
619 1714 809 1772 Niceta
835 1718 1098 1789 patricius
1120 1757 1138 1785 ,
1169 1717 1263 1789 qui
1289 1732 1414 1774 cum
1436 1720 1612 1776 classe
1647 1735 1779 1777 con-

1889 608 2103 667 Albiam
2129 616 2294 681 ponte
2320 608 2497 664 iunxit
2522 608 2591 675 “,
2610 617 2667 664 et
2695 607 2999 665 exercitum
3022 608 3113 663 eui
3138 616 3387 678 praeerat
3412 609 3466 664 in

1890 696 2126 754 Lin‘ones
2151 699 2197 731 ¹³
2220 708 2277 754 et
2302 698 2643 770 Smeldingos
2674 698 2719 731 “
2754 697 2808 764 λ),
2837 698 2932 769 qui
2964 705 3024 755 et
3060 697 3163 770 ipsi
3191 700 3265 755 ad
3285 700 3465 758 (ἰοειοο

1890 788 2092 846 fridum
2140 806 2325 862 regem
2369 790 2703 859 defecerant,
2737 798 2941 863 quanta
2976 791 3155 862 potuit
3183 790 3463 847 celeritate

1890 884 2243 954 transposuit,
2256 884 2633 957 populatisque
2645 885 3065 955 circumquaque
3083 894 3276 942 eorum
3295 886 3464 957 agris,

1892 975 2125 1031 transito
2156 976 2354 1031 iterum
2381 975 2619 1041 ﬂumine,
2650 990 2775 1033 cum
2820 976 3075 1033 incolumi
3118 977 3369 1033 exercitu
3409 977 3466 1032 in

1888 1063 2187 1121 Saxoniam
2215 1081 2275 1122 se
2305 1068 2526 1138 recepit.
2552 1068 2720 1124 Erant
2746 1083 2871 1124 cum
2894 1067 3190 1124 Godofrido
3216 1068 3273 1124 in
3298 1082 3466 1140 expe-

1886 1158 2089 1214 ditione
2110 1160 2386 1230 praedicta
2414 1160 2593 1217 Sclavi
2620 1161 2715 1232 qui
2744 1162 3000 1218 dicuntur
3026 1161 3214 1218 Wiltzi
3261 1162 3325 1229 ⁸⁸,
3356 1161 3452 1232 qui

1884 1258 2108 1321 propter
2144 1253 2396 1322 antiquas
2438 1252 2753 1309 inimicitias
2774 1268 2910 1323 quas
2938 1269 3063 1310 cum
3092 1252 3368 1311 Abodritis
3414 1253 3459 1293 “~

1884 1342 2088 1398 habere
2139 1342 2417 1411 solebant,
2464 1352 2655 1415 sponte
2701 1359 2761 1401 se
2810 1345 2982 1416 copiis
3007 1344 3125 1402 eius
3165 1346 3461 1403 coniunxe-

1886 1442 2017 1491 runt
2042 1436 2104 1501 ν’,
2136 1437 2364 1509 ipsoque
2389 1437 2446 1493 in
2486 1453 2712 1509 regnum
2738 1453 2895 1494 suum
2943 1446 3281 1506 revertente,
3333 1454 3460 1496 cum

1883 1527 2082 1599 praeda
2109 1544 2274 1599 quam
2323 1532 2377 1587 in
2405 1530 2687 1587 Abodritis
2714 1547 2910 1603 capere
2938 1540 3255 1603 potuerunt,
3279 1540 3334 1591 et
3358 1534 3462 1605 ipsi

1885 1620 2104 1677 domum
2149 1624 2387 1694 regressi
2418 1633 2562 1679 sunt.
2591 1623 2921 1681 Godofridus
2957 1640 3109 1692 vero,
3140 1626 3459 1697 priusquam

1882 1720 2267 1781 reverteretur,
2299 1715 2576 1772 destructo
2604 1715 2650 1749 ³⁸
2691 1717 2956 1786 emporio,
2983 1718 3129 1789 quod
3157 1718 3211 1773 in
3260 1717 3455 1774 oceani

181 1808 669 1879 stantinopoiitana
696 1810 921 1866 sedebat
951 1810 1006 1866 in
1036 1811 1287 1877 Venetia,
1311 1826 1447 1882 pace
1480 1812 1624 1899 facta
1652 1829 1779 1870 cum
1805 1826 1854 1891 Β
1882 1800 2040 1859 litore
2064 1806 2436 1872 constitutum,
2470 1807 2655 1879 lingua
2682 1807 2957 1865 Danorum
3002 1810 3163 1866 Reric
3188 1821 3211 1850 ο
3242 1810 3461 1866 diceba-

178 1897 416 1969 Pippino
434 1916 583 1972 rege,
608 1909 666 1956 et
694 1901 918 1957 indutiis
940 1917 1110 1971 usque
1126 1902 1192 1956 ad
1212 1916 1452 1959 mensem
1474 1897 1778 1976 Angustum

178 1992 501 2049 constitutis
518 2032 534 2057 ,
560 1993 793 2049 statione
820 1993 993 2050 soluta
1013 1992 1538 2065 Constantinopolim
1562 2000 1777 2068 regres-

179 2098 279 2139 sus
321 2091 429 2140 est.
463 2083 577 2140 Hoc
603 2096 748 2140 anno
787 2086 808 2117 "
849 2085 1146 2156 imperator
1184 2086 1384 2155 pascha
1415 2086 1589 2158 Aquis
1632 2089 1776 2145 cele-

177 2176 369 2232 bravit
404 2191 508 2232 nec
536 2186 643 2232 non
671 2184 728 2232 et
759 2176 995 2232 natalem
1018 2177 1252 2233 Domini.
1290 2176 1382 2249 [Et
1402 2178 1654 2236 inmutat.
1677 2189 1776 2249 est

177 2274 449 2326 numerus
481 2274 675 2326 amor.
712 2269 769 2325 in
790 2271 854 2325 Α.
882 2268 973 2342 L.]

821 2362 1132 2419 DCCCVIII.

250 2458 479 2529 Hiemps
506 2455 825 2513 mollissima
858 2457 961 2512 hac
990 2456 1251 2528 pestilens
1294 2455 1399 2513 fuit
1427 2457 1485 2512 in
1513 2456 1611 2513 illo
1638 2464 1775 2513 tem-

174 2561 350 2619 pore,
405 2551 643 2616 vereque
690 2546 982 2602 inchoante
1030 2547 1334 2615 imperatur
1381 2545 1774 2619 Noviomagum

174 2639 488 2710 profectus,
521 2645 804 2693 transacto
836 2637 912 2693 ibi
939 2636 1393 2709 quadragesimali
1424 2638 1654 2705 ieiunio,
1685 2654 1775 2696 ce-

174 2732 397 2788 lebrato
446 2731 613 2789 etiam
652 2739 841 2789 sancto
884 2731 1111 2802 pascha,
1158 2731 1360 2788 iterum
1403 2731 1586 2802 Aquas
1610 2733 1633 2764 ⁸
1685 2749 1777 2791 re-

176 2834 408 2899 gressus
440 2834 545 2883 est.
579 2826 651 2882 Et
699 2825 826 2895 quia
859 2824 1244 2890 nunciabatur;
1291 2823 1773 2884 Godol‘ridum’re-

174 2934 300 2991 gem
333 2919 615 2974 Danorum
640 2918 696 2973 in
717 2917 1013 2973 Abodritos
1038 2930 1162 2973 cum
1188 2916 1434 2973 exercitu
1464 2918 1767 2986 traiecisse,

172 3008 403 3064 Karlum
436 3007 609 3063 tilium
641 3018 797 3064 suum
828 3006 898 3062 ad
925 3005 1141 3063 Albiam
1165 3022 1291 3063 cum
1322 3006 1500 3063 valida
1525 3007 1768 3065 Franco-

173 3115 301 3156 rum
337 3107 397 3156 et
432 3098 715 3157 Saxonum
750 3114 915 3155 manu
953 3098 1123 3166 misit,
1170 3098 1362 3155 iubens
1388 3114 1627 3156 vaesano
1653 3102 1768 3173 regi

1880 1903 1989 1961 tur,
2017 1903 2071 1951 et
2097 1909 2351 1969 magnam
2387 1914 2555 1971 regno
2584 1899 2730 1956 illius
2757 1900 3195 1957 commoditatem
3222 1903 3459 1973 vectigao

1876 1985 2011 2043 lium
2037 1988 2401 2058 persolutione
2424 1991 2759 2061 praestabat,
2795 1991 3180 2062 translatisque
3203 1992 3328 2048 inde
3356 2006 3457 2047 ne-

1875 2080 2253 2149 gotiatoribus,
2274 2081 2449 2138 soluta
2460 2082 2638 2139 classe
2659 2083 2727 2138 ad
2747 2090 2965 2154 portum
2983 2083 3077 2153 qui
3088 2083 3397 2155 Sliesthorp
3411 2083 3455 2116 ¹⁹

1877 2168 2078 2228 dicitur
2110 2185 2235 2227 cum
2262 2172 2516 2229 universo
2539 2172 2787 2229 exercitu
2827 2173 2995 2228 venit.
3024 2173 3102 2228 ibi
3150 2173 3195 2207 ’°
3233 2188 3334 2245 per
3360 2172 3461 2229 ali-

1875 2269 2012 2332 quot
2036 2261 2153 2319 dies
2187 2272 2451 2331 moratus,
2481 2263 2709 2319 limitem
2736 2264 2890 2335 regni
2921 2264 3005 2321 sui
3034 2264 3129 2335 qui
3159 2262 3456 2321 Saxoniam

1875 2354 2119 2423 respicit,
2150 2355 2294 2411 vallo
2339 2357 2551 2412 munire
2594 2357 2906 2423 constituit,
2937 2372 3006 2414 eo
3056 2357 3239 2425 modo,
3285 2365 3348 2414 ut
3386 2356 3456 2412 ab

1874 2448 2123 2504 orientali
2152 2450 2321 2506 maris
2348 2450 2491 2515 sinu,
2523 2463 2686 2521 quem
2712 2450 2788 2506 illi
2816 2449 3083 2507 Ostarsalt
3103 2451 3147 2481 "
3178 2449 3207 2490 ἀ
3247 2450 3453 2516 dicunt,

1872 2554 2046 2610 usque
2071 2541 2139 2596 ad
2162 2541 2554 2597 occidentalem
2583 2557 2849 2599 oceanum
2878 2549 3049 2599 totam
3087 2541 3395 2615 Aegidorae
3425 2553 3451 2583 ι

1874 2632 2113 2691 ﬂuminis
2130 2634 2508 2704 Aquilonalem
2530 2634 2706 2705 ripam
2732 2634 3129 2691 munimentum
3148 2633 3274 2689 valli
3296 2646 3456 2704 prae-

1874 2733 2105 2788 texeret,
2149 2740 2256 2781 una
2286 2735 2493 2782 tantum
2520 2727 2565 2758 ³⁸
2608 2734 2764 2797 porta
2790 2726 3037 2793 dimissa,
3080 2741 3178 2798 per
3216 2736 3382 2797 quam
3405 2725 3451 2759 ⁸³

1875 2831 2032 2873 carra
2059 2823 2115 2871 et
2142 2817 2354 2885 equites
2383 2818 2559 2872 emitti
2587 2826 2644 2873 et
2683 2818 2853 2888 recipi
2888 2818 3196 2889 potuissent
3235 2833 3250 2871 :
3281 2817 3458 2879 diviso

1873 2909 2056 2980 itaque
2104 2922 2271 2979 opere
2314 2909 2458 2966 inter
2485 2910 2653 2967 duces
2679 2911 2983 2981 copiarum,
3023 2910 3243 2966 domum
3268 2922 3454 2964 rever-

1875 3017 1968 3058 sus
2007 3008 2112 3058 est.
2148 3001 2358 3058 Interea
2388 3015 2487 3057 rex
2530 3000 3110 3059 Nordanhumbrornm
3138 2999 3184 3032 “
3221 3000 3289 3056 de
3315 2998 3459 3057 Brit-

1870 3095 2018 3151 tania
2057 3095 2252 3163 insula,
2282 3096 2500 3152 nomine
2522 3095 2751 3152 Eardull'
2765 3096 2831 3162 ³⁸,
2862 3110 3030 3167 regno
3054 3102 3110 3150 et
3134 3093 3313 3166 patria
3340 3093 3460 3165 pul-
3528 3112 3541 3127 α

173 3191 474 3257 resistere,
504 3190 553 3247 si
597 3188 870 3246 Saxoniae
907 3190 1170 3246 terminos
1198 3188 1417 3261 adgredi
1449 3199 1757 3261 temptaret.
1789 3196 1835 3260 α
1866 3200 1979 3252 sus,
2007 3176 2076 3242 ad
2100 3187 2484 3257 imperatorem
2512 3186 2640 3242 dum
2666 3187 2844 3242 adhuc
2868 3185 3184 3257 Noviomagi
3207 3198 3452 3242 morare-

174 3282 296 3341 Sed
336 3283 431 3340 ille
456 3284 667 3341 stativis
701 3298 804 3354 per
842 3282 1049 3352 aliquot
1077 3283 1194 3339 dies
1224 3282 1279 3338 in
1321 3282 1481 3339 litore
1531 3284 1765 3351 habitis,

174 3376 509 3446 expugnatis
533 3375 700 3432 etiam
728 3381 785 3430 et
811 3388 976 3429 manu
1004 3373 1178 3443 captis
1205 3372 1414 3443 aliquot
1449 3373 1768 3431 Sclavorum

173 3463 445 3531 castellis,
475 3479 600 3521 cum
638 3479 834 3537 magno
862 3465 1143 3535 copiarum
1173 3479 1398 3520 suarum
1438 3465 1769 3523 detrimento

172 3567 437 3614 reversus
487 3564 590 3612 est.
624 3555 762 3611 Nam
807 3555 935 3612 licet
975 3556 1310 3614 Drasconem
1332 3555 1374 3622 ³,
1406 3554 1598 3612 ducem
1623 3557 1769 3613 Abt.-

173 3647 477 3713 dritorum,
505 3645 851 3717 popularium
875 3645 1003 3702 ﬁdei
1030 3645 1358 3704 diuidentem
1388 3647 1507 3704 loco
1528 3648 1768 3719 pepulis-

170 3747 281 3806 set,
311 3738 671 3795 Godelaibum
695 3738 763 3806 ⁸ο,
788 3738 958 3794 alium
984 3738 1200 3806 ducem,
1229 3740 1352 3797 dolo
1388 3748 1604 3811 captum
1634 3741 1771 3811 pati-

169 3829 301 3887 bulo
326 3830 723 3902 suspendisset,
760 3830 1149 3887 Abodritorum
1170 3832 1307 3887 duas
1324 3841 1511 3902 partes
1542 3832 1646 3889 sibi
1679 3846 1768 3888 ve-

170 3924 407 3996 ctigales
431 3923 675 3991 fecisset,
702 3923 941 3995 optimos
971 3931 1151 3981 tamen
1176 3924 1411 3982 militum
1443 3932 1670 3981 suorum
1709 3934 1766 3982 et

171 4030 341 4070 manu
366 4015 806 4086 promptissimus
850 4015 1053 4081 amisit,
1081 4024 1139 4072 et
1177 4031 1303 4072 cum
1341 4016 1425 4073 eis
1453 4015 1624 4072 lilium
1651 4017 1767 4071 fra—

172 4106 277 4165 tris
305 4108 420 4176 sui,
448 4107 670 4166 nomine
724 4106 1103 4177 Reginoldum,
1131 4108 1227 4179 qui
1266 4107 1325 4166 in
1366 4108 1768 4179 obpugnatione

1871 3286 1963 3334 tur
1989 3279 2160 3345 venit,
2206 3288 2263 3334 et
2306 3277 2580 3349 patefacto
2609 3278 2874 3334 adventus
2926 3277 3011 3334 sui
3058 3277 3298 3349 negotio,
3341 3275 3451 3332 Ro-

1872 3385 2017 3426 mam
2057 3368 2442 3440 proliciscitur,
2495 3370 2774 3441 Romaque
2815 3369 3032 3427 rediens
3052 3408 3067 3436 ,
3107 3384 3205 3441 per
3242 3370 3452 3442 legatos

1872 3462 2107 3519 Romani
2154 3462 2425 3533 pontiﬁcis
2448 3470 2505 3518 et
2530 3462 2715 3519 domui
2738 3461 3084 3534 imperatoris
3123 3461 3177 3516 in
3218 3470 3448 3533 regnum

1871 3570 2032 3615 suum
2078 3555 2376 3611 reducitur.
2407 3555 2452 3586 "
2479 3553 2737 3611 Praeerat
2765 3562 2895 3610 tunc
2919 3553 3178 3626 temporis
3207 3552 3454 3611 ecclesias

1872 3647 2151 3703 Romanae
2189 3646 2301 3702 Leo
2330 3645 2545 3711 tertius,
2590 3645 2745 3702 cuius
2770 3646 2980 3718 legatus
3020 3646 3090 3700 ad
3126 3644 3449 3701 Brittaniam

1869 3742 2108 3797 directus
2144 3748 2230 3798 est
2253 3740 2501 3797 Aldulfus
2522 3740 2568 3771 "
2589 3740 2850 3796 diaconus
2869 3740 2936 3795 de
2962 3740 3078 3810 ipsa
3090 3737 3355 3793 Brittania
3378 3737 3451 3804 ⁸⁸,

1870 3832 2090 3888 natione
2118 3830 2286 3897 Saxo,
2312 3840 2370 3887 et
2394 3846 2519 3887 cum
2555 3846 2621 3887 eo
2653 3833 2722 3887 ab
2750 3831 3079 3900 imperatore
3102 3830 3148 3862 ¹⁹
3174 3829 3329 3885 missi
3353 3829 3453 3886 ab-

1868 3923 2027 3978 bates
2069 3922 2175 3978 duo
2203 3921 2513 3977 Hrotl‘ridus
2539 3922 2584 3953 ³⁰
2625 3922 2872 3977 notarius
2905 3921 2925 3959 ί
2958 3929 3015 3976 et
3038 3918 3375 3976 Nantharius
3403 3919 3450 3952 "

1865 4013 2033 4068 abbas
2058 4014 2127 4069 de
2151 4019 2340 4069 sancto
2364 4012 2674 4067 Audemaro
2704 4011 2771 4066 “.
2801 4011 3103 4083 Imperator
3126 4025 3258 4067 vero
3296 4010 3446 4069 aedi-

1869 4104 2046 4161 ﬁcatis
2074 4120 2173 4175 per
2202 4104 2408 4176 legatos
2449 4118 2577 4160 suos
2601 4118 2765 4175 super
2790 4103 2970 4161 Albim
2991 4101 3215 4161 ﬂuvium
3234 4102 3447 4162 duobus

1401 4216 1794 4280 VABJANTES
1830 4216 2231 4277 LECTIONES.

245 4321 267 4352 ³
285 4319 588 4376 sardiniam
611 4318 810 4390 inpulsi
829 4317 875 4373 B
895 4318 949 4373 2.

170 4393 426 4516 sganiam
461 4390 507 4445 B
532 4391 584 4445 7.
670 4378 701 4422 ’⁸
728 4390 1035 4472 libertatem
1060 4389 1105 4443 Β
1137 4378 1219 4444 ’7.υ
1283 4391 1303 4422 ⁷
1340 4390 1454 4444 Hoc
1483 4390 1540 4444 in
1565 4404 1708 4445 anno
1735 4389 1780 4443 Β
1802 4390 1855 4444 2.
1932 4389 1953 4421 ⁸
1981 4389 2152 4514 Aquis
2181 4378 2309 4470 13.7.
2391 4378 2424 4471 ξ’
2447 4387 2800 4470 drasoconeni

170 4470 192 4516 t
230 4476 547 4516 rasiconem
576 4460 629 4516 9.
732 4462 773 4494 ³ο
811 4462 1153 4516 aodolatbum
1197 4459 1250 4516 5.
1356 4461 1397 4491 ⁷⁸
1444 4461 1675 4515 domnus
1722 4460 1916 4516 Karlus
1947 4460 1996 4515 B
2064 4500 2079 4515 .
2158 4460 2198 4490 "
2231 4468 2440 4515 iuuerit
2473 4458 2592 4512 B2.
2693 4459 2735 4491 “
2764 4459 2797 4515 lt

170 4459 547 4542 thrasicprem
576 4460 672 4542 9-..
811 4461 1153 4542 εράοιρίιηηεξ
1197 4459 1250 4542 Ξ·

173 4534 217 4565 “
251 4530 592 4589 smeldianos
627 4531 673 4585 Β
694 4531 746 4587 5.
817 4529 885 4564 *³⁸
908 4529 1084 4587 wilzzi
1110 4529 1153 4584 Β
1198 4530 1251 4586 5.
1284 4529 1429 4587 wilzi
1455 4531 1502 4586 B
1533 4530 1583 4584 7.

169 4603 296 4659 ΒΞ.
325 4603 381 4659 7.

169 4674 469 4747 sliesthrop
490 4674 537 4729 B
566 4673 619 4747 _5.
654 4671 902 4747 sbestorb
928 4672 975 4728 Β
998 4674 1056 4747 6.
1088 4671 1410 4747 sciesthrop.
1449 4672 1495 4747 Β
1536 4672 1589 4727 7.
1624 4671 1887 4747 liesthorp
1917 4673 1965 4747 Β
1997 4674 2070 4747 _9.
2098 4671 2409 4747 isliesvvicﬂ
2442 4671 2525 4726 l2.

1664 4531 1707 4563 ¹⁶
1733 4546 1897 4601 quam
1944 4531 2211 4588 abodritis
2239 4524 2291 4601 ι.

484 4594 505 4634 ⁸
535 4602 843 4674 suesthorp.
876 4602 929 4658 5.
945 4594 1264 4674 _ﬂiesthorp.
1309 4600 1364 4656 4.
1404 4600 1690 4674 sliestorph
1724 4594 1776 4657 5'.
1854 4603 2167 4674 siliestorph
2193 4601 2244 4655 6.
2282 4600 2508 4674 liesthor
2534 4599 2985 4674 aliigslieslhorp.‘
2998 4597 3050 4653 7.
3086 4595 3361 4674 ‘sliestorli‘
3390 4598 3444 4674 εξ.

1026 4319 1047 4349 ⁷
1075 4318 1426 4391 Burghardus
1442 4318 1488 4373 B
1510 4320 1564 4375 2.
1660 4319 1681 4350 ³
1702 4320 1886 4376 testati
1909 4327 2037 4375 sunt
2064 4320 2114 4374 l.
2144 4317 2190 4372 B
2217 4318 2270 4372 5.
2350 4315 2372 4347 ⁸
2391 4316 2674 4387 patellaria
2695 4316 2742 4371 B
2758 4317 2810 4373 5.
2879 4316 3104 4374 atelaria
3120 4301 3166 4373 Β
3188 4316 3238 4370 6.
3316 4314 3338 4347 ⁸
3365 4316 3451 4371 hi-

1026 4406 1035 4442 l
1060 4389 1105 4442 Β
1137 4391 1189 4442 7.
1283 4391 1303 4422 "
1340 4390 1454 4442 Hoc
1483 4390 1540 4442 in
1565 4404 1708 4442 anno
1735 4389 1780 4442 Β
1802 4390 1855 4442 2.
1932 4389 1953 4421 ⁸
1981 4389 2152 4442 Aquis
2181 4378 2227 4442 Β
2256 4389 2309 4442 7.
2404 4388 2424 4419 ⁹
2447 4387 2800 4442 drasoconeni
2836 4334 2883 4442 Β
2911 4389 2966 4442 8.
2993 4396 3298 4442 trasconcm
3323 4385 3371 4440 B
3397 4387 3448 4441 7.

2911 4389 2966 4444 8.
2993 4396 3298 4445 trasconcm
3323 4385 3371 4440 B
3397 4387 3448 4441 7.

2180 4460 2198 4490 ¹
2231 4458 2440 4515 iuncxit
2473 4458 2516 4512 Β
2539 4459 2592 4512 2.
2693 4459 2735 4491 ⁸³
2764 4459 2953 4515 lilones
2984 4457 3051 4511 5.
3082 4456 3349 4512 hilinones
3393 4456 3448 4513 9.

2391 4530 2431 4561 ¹⁷
2460 4530 2888 4586 coniuncxerunt
2912 4524 2960 4585 B
2984 4520 3036 4584 2.
3117 4524 3160 4561 ¹⁸
3189 4526 3455 4585 distructo

2603 4672 2647 4702 ²⁰
2680 4671 2864 4742 Ibique
2888 4666 2934 4724 Β
2957 4667 3010 4723 2.
3079 4666 3454 4742 _‘ﬂpgtharsalt

168 4745 221 4799 2.
261 4735 548 4803 orstal'salt
568 4745 623 4800 5.
652 4744 973 4800 ostersaltus
994 4742 1048 4799 5.
1073 4735 1429 4801 ostersalt.’6.
1464 4746 1515 4800 9.
1546 4735 1966 4801 οειθτιιεθιιάιὶἱ
1996 4743 2308 4799 lestarhsalt
2341 4743 2393 4797 7.
2422 4741 2683 4799 ostarsalz
2714 4735 2838 4796 B2.
2864 4736 3096 4796 ostarsal
3124 4735 3169 4792 B
3193 4736 3246 4792 5.
3280 4749 3452 4795 estar—

169 4818 283 4872 salt
314 4816 363 4871 Β
393 4817 443 4874 7.
476 4814 761 4874 ostarsaltz
788 4816 833 4870 Β
859 4817 912 4872 8.
967 4825 1073 4871 etc.

1150 4817 1195 4847 "
1226 4825 1407 4887 tamen
1452 4816 1498 4870 Β
1525 4816 1576 4869 7.
1607 4831 1716 4871 uno
1747 4824 1796 4870 't.
1824 4823 1986 4887 portu
2017 4816 2242 4871 dimisso
2269 4830 2367 4887 per
2390 4830 2553 4887 quem
2581 4812 2634 4887 4.
2659 4811 2713 4887 5_.
2747 4812 2799 4867 6.

2908 4811 2962 4881 ’ᾗ
2998 4825 3095 4881 per
3120 4823 3279 4881 quem
3313 4808 3359 4881 ι.
3393 4810 3446 4865 2.

102 4932 109 4935 .
169 4889 214 4919 ³³
242 4887 881 4946 nordidanbumbrorum
922 4886 975 4942 2.
1007 4885 1505 4943 nordhnmbrornm
1552 4889 1605 4943 5.
1640 4888 1691 4941 9.
1737 4879 2336 4943 ηοιῖίιθηίιιὼινοηιῐηᾌ.
2367 4879 2902 4940 nortbanimbrorum
2933 4879 3451 4936 5Xnordanumbro-

170 4975 298 5015 rum
331 4960 387 5015 6.
418 4958 1017 5015 norddanhumbrorum
1047 4958 1098 5012 7.

1197 4958 1244 4989 ’⁵
1269 4959 1469 5014 earduf
1496 4959 1541 5013 l.
1579 4957 1860 5015 eardulfus
1905 4960 1960 5014 5.
1990 4959 2042 5013 7.
2080 4957 2126 5011 Β
2153 4958 2204 5012 7.
2243 4955 2438 5011 ardull'.
2471 4956 2522 5010 9.

2598 4953 2643 4985 '“
2668 4953 2955 5010 deducitur
2976 4946 3020 5004 Β
3045 4950 3098 5005 2.
3179 4951 3221 4983 ⁷⁷
3253 4950 3446 5006 addul—

168 5030 257 5087 fus
286 5030 331 5089 Β
356 5031 408 5086 7.
441 5030 707 5100 adolphus
727 5030 782 5084 9.
856 5027 902 5062 ’⁸
928 5029 997 5085 de
1025 5028 1141 5157 Ἔδει
1166 5026 1395 5085 brisinia
1423 5030 1469 5084 Β
1494 5030 1546 5085 2.
1627 5030 1671 5062 ²⁹
1704 5031 1771 5086 ad
1803 5030 2187 5107 iniperatorem
2210 5028 2262 5081 l.
2291 5026 2344 5082 5.
2370 5027 2423 5082 6.
2443 5026 2496 5082 9.
2572 5023 2617 5056 ³ο
2652 5022 2952 5106 ruotl'ridns
2980 5021 3032 5076 5.
3061 5022 3115 5106 4.
3150 5021 3451 5079 bortfridus

168 5099 221 5155 5.
259 5102 319 5157 6.
355 5102 616 5157 rotl'ridus
643 5099 693 5155 7.
726 5099 990 5156 rutfridus
1072 5141 1086 5154 .
1132 5099 1471 5157 hruotfridus
1508 5101 1553 5155 Β
1580 5101 1632 5156 2.
1659 5103 1713 5157 7.
1765 5102 2082 5157 hrodiridus
2110 5099 2156 5154 B
2180 5098 2232 5153 5.
2265 5098 2318 5154 6.
2396 5097 2441 5130 ³¹
2471 5103 2772 5152 mantarins
2817 5094 2872 5149 5.
2902 5103 3186 5151 nantanus
3209 5092 3266 5151 4.
3297 5110 3445 5150 man-

166 5099 221 5155 5.
259 5102 319 5158 6.
355 5099 616 5160 rotl'ridus
643 5099 693 5155 7.
726 5099 990 5156 rutfridus

1132 5099 1471 5157 hruotfridus
1508 5101 1553 5155 Β
1580 5101 1632 5156 2.
1659 5103 1713 5157 7.
1765 5092 2082 5159 hrodi'ridus
2110 5099 2156 5154 B
2180 5098 2232 5153 5.
2265 5098 2318 5154 6.
2396 5097 2441 5130 ³¹
2471 5096 2772 5152 mantarins
2817 5094 2872 5149 5.
2902 5094 3186 5151 nantarius
3209 5092 3266 5151 4.
3297 5110 3445 5150 man-

169 5173 401 5231 cliarius
432 5170 484 5229 6.
562 5172 607 5207 ³⁸
638 5173 934 5229 audomaro
959 5170 1013 5226 2.
1045 5170 1096 5225 7.
1126 5167 1171 5226 Β
1212 5171 1267 5228 2.
1312 5171 1365 5228 5.
1399 5172 1731 5229 audemauro
1759 5172 1813 5230 5.
1853 5170 2039 5231 sancti
2046 5169 2374 5231 ‘autlemauri
2394 5168 2450 5226 6.
2472 5176 2688 5226 otmaro
2711 5167 2746 5224 5
2770 5164 2817 5222 Β
2842 5163 2895 5222 7.
2916 5166 3167 5224 othmaro
3194 5162 3245 5222 9.

1685 5308 1916 5369 NOTAE“.

243 5419 274 5454 ι
304 5400 457 5465 Inter
482 5405 729 5462 Siciliam
760 5413 815 5461 et
840 5403 1081 5460 Africam
1112 5404 1216 5461 sita

245 5480 279 5521 δ
312 5479 464 5535 Inter
490 5475 697 5532 Wilzos
728 5485 783 5532 et
807 5476 1097 5532 Abodritos
1129 5475 1275 5531 ultra
1299 5475 1511 5532 Albiam
1538 5476 1753 5532 habita-

170 5552 331 5617 bant,
362 5547 660 5619 Smeldingi
689 5547 859 5619 Albia:
876 5548 1181 5619 propiores.
1204 5546 1287 5603 Cf.
1317 5545 1571 5603 Chronici
1603 5547 1758 5605 Gott—

174 5621 432 5677 vvicensis
460 5617 687 5687 Prodr.,_
703 5617 766 5684 ll,
796 5617 919 5673 660.

248 5704 272 5731 ο
297 5684 793 5761 GebhardioLilist.
824 5689 1009 5746 Daniae
1031 5704 1086 5761 p.
1120 5689 1244 5757 581,
1275 5697 1361 5747 est
1387 5687 1757 5756 Rorich,villa

176 5776 346 5835 parva
396 5774 568 5833 prope
612 5759 980 5828 Wismariam,
1029 5759 1190 5828 quam
1226 5770 1406 5817 tamen
1443 5761 1499 5817 in
1546 5761 1757 5831 mappis

1857 5409 2232 5482 Myaphjcis
2259 5407 2404 5463 haud
2435 5401 2672 5463 invenio.

1927 5478 2081 5536 d'Dié
2102 5478 2301 5535 0stsee.
2640 5512 2643 5515 -
3102 5512 3103 5515 η

1934 5561 1957 5590 ⁶
1988 5551 2083 5606 Die
2132 5551 2329 5613 It‘ider;
2359 5550 2431 5606 cf.
2490 5568 2509 5602 ί
2542 5543 2722 5606 Kieler
2752 5543 2981 5621 manu,
3011 5563 3031 5597 ι
3084 5550 3215 5599 tom.
3243 5539 3316 5599 IV
3336 5580 3354 5609 ,
3381 5554 3439 5616 p.

1857 5621 1984 5677 405.

1937 5694 1955 5731 ί
1986 5691 2169 5747 Abbas
2201 5690 2261 5748 S.
2286 5691 2535 5749 Amandi.
