3960 6346
159 349 267 408 475

1649 326 1969 402 annuas

3323 349 3428 408 474

160 466 433 527 vocabulo
445 462 712 522 Esesfelth
727 462 744 494 ¹
762 473 811 529 α,
827 467 882 518 et
894 467 1187 532 occupatus
1206 464 1292 516 est
1319 455 1387 514 ab
1406 455 1746 530 Egberto’et
1771 463 1824 522 Α
1848 458 1956 512 iam
1985 470 2106 514 esse
2129 456 2352 524 solutas,
2380 471 2562 531 regem
2585 473 2715 515 vero
2740 455 3092 518 Goﬂo‘trioum
3118 463 3262 521 domi
3291 481 3436 524 esse.

164 561 461 620 comitibus
510 555 792 611 Saxonicis
834 554 983 610 circa
1012 554 1134 609 idus
1177 551 1421 616 Martias,
1460 557 1518 605 et
1544 549 1749 604 muniri
1848 548 1917 603 Et
1948 563 2137 604 revera
2180 551 2255 604 ita
2293 559 2430 604 erat.
2473 550 2576 618 Qui
2618 551 2840 607 nuntius
2881 553 3016 609 adeo
3053 554 3440 625 imperatorem

166 662 396 726 coeptus
428 653 471 703 ³.
500 648 768 703 Aureolus
819 661 1002 703 comes
1024 644 1064 712 ⁸,
1094 645 1186 714 qui
1218 644 1272 698 in
1313 643 1633 717 commertio
1662 641 1752 696 Hi-

168 745 394 818 spaniae
421 749 584 810 atque
624 738 831 794 Galliae
871 745 1022 792 trans
1044 735 1319 791 Pirineum
1342 743 1531 789 contra
1555 732 1752 789 Oscam

169 845 226 893 et
270 834 762 902 Caesaraugustam
807 829 829 860 ⁸
864 826 1155 894 residebat,
1204 824 1492 881 defunctus
1547 832 1650 887 est,
1700 831 1756 879 et

170 929 411 983 Amoroz
439 925 484 990 ⁸,
513 921 819 993 praefectus
865 920 1327 991 Caesaraugustae
1354 926 1518 988 atque
1543 916 1716 973 Oscae
1737 958 1752 982 ,

172 1022 354 1076 locum
384 1017 502 1073 eius
527 1013 614 1087 [0.
639 1014 1000 1070 ministerium
1028 1014 1144 1068 eius
1173 1011 1238 1064 Α.
1267 1011 1356 1084 L.]
1381 1012 1600 1076 invasit,
1625 1010 1757 1065 etin

175 1112 419 1169 castellis
459 1110 479 1142 ⁷
531 1107 674 1163 illius
723 1107 994 1177 praesidia
1025 1105 1313 1176 disposuit,
1366 1105 1642 1175 missaque
1690 1100 1759 1156 ad

175 1205 562 1273 imperatorem
590 1200 612 1231 ⁸
641 1199 931 1270 legatione,
983 1212 1104 1254 sese
1156 1213 1280 1254 cum
1326 1197 1575 1253 omnibus
1621 1211 1761 1266 quae

173 1293 412 1348 habebat
463 1292 518 1346 in
572 1290 898 1346 deditionem
957 1289 1030 1344 illi
1078 1288 1267 1344 venire
1305 1288 1440 1344 velle
1488 1289 1758 1359 promisit.

175 1384 425 1455 Eclypsis
452 1382 613 1438 lunae
640 1381 865 1451 contigit
887 1380 939 1434 7.
965 1381 1083 1436 Kal.
1110 1381 1323 1437 Ianuar.

852 1470 1096 1528 DCCCX.

151 1550 159 1568 ’
248 1568 484 1624 Amoroz
503 1568 550 1634 ’,
589 1565 1053 1637 Caesaraugustae
1070 1566 1112 1597 ¹⁰
1135 1552 1461 1638 praefectus,
1483 1571 1768 1636 postquam

179 1661 529 1732 imperatoris
551 1660 715 1731 legati
738 1661 810 1716 ad
828 1676 949 1716 eum
977 1669 1360 1731 pervenerunt,
1388 1662 1545 1731 petiit
1571 1669 1633 1715 ut
1661 1660 1768 1716 col-

177 1753 429 1825 loquium
454 1752 604 1808 ﬂeret
627 1754 767 1808 inter
792 1753 968 1822 ipsum
995 1760 1053 1808 et
1078 1753 1354 1823 Hispanici
1378 1753 1565 1808 limitis
1591 1762 1772 1808 custo—

1850 639 2175 708 concitavit,
2209 649 2269 695 ut
2307 641 2488 697 missis
2515 643 2570 698 in
2599 657 2787 699 omnes
2815 644 3238 718 circumquaque
3271 650 3448 719 regio-

1852 745 1951 787 nes
1985 733 2054 786 ad
2091 735 2526 805 congregandum
2567 735 2869 790 exercitum
2906 738 3133 804 nuntiis,
3177 739 3291 810 ipse
3331 742 3449 798 sine

1854 841 2005 881 mora
2045 828 2245 896 palatio
2282 830 2470 885 exiens
2503 830 2566 896 ",
2608 831 2785 902 primo
2827 832 3046 902 quidem
3068 833 3229 888 classi
3259 849 3452 890 occur-

1857 935 1978 975 rere
2001 921 2068 987 ”,
2095 923 2286 978 deinde
2311 925 2630 980 transmisso
2653 926 2843 982 Rheno
2869 926 3109 993 ﬂumine,
3134 930 3188 984 in
3217 929 3337 986 loco
3359 931 3453 1001 qui

1857 1013 2152 1084 Lippeham
2181 1016 2222 1045 ἰ
2253 1025 2477 1071 vocatur
2517 1019 2700 1088 copias
2739 1034 2877 1088 quae
2917 1022 3156 1076 nondum
3187 1036 3454 1078 convene-

1861 1110 1986 1158 rant
2013 1105 2201 1160 statuit
2225 1107 2456 1176 operiri;
2488 1108 2578 1163 ubi
2602 1109 2728 1164 dum
2759 1111 2963 1181 aliquot
2985 1112 3100 1168 dies
3122 1122 3454 1181 moraretur,

1863 1195 2068 1252 elefans
2099 1197 2204 1264 ille,
2237 1213 2397 1267 quem
2439 1200 2488 1255 ei
2528 1199 2712 1256 Aaron
2750 1216 2846 1257 rex
2889 1202 3314 1261 Sarracenorum
3358 1205 3461 1261 mi-

1865 1298 2029 1355 serat,
2049 1289 2227 1343 subita
2248 1300 2422 1344 morte
2446 1291 2623 1360 periit.
2649 1289 3006 1365 Congregatis
3027 1297 3243 1352 tandem
3271 1297 3460 1367 copiis,

1863 1392 2068 1454 quanta
2093 1383 2268 1452 potuit
2293 1383 2568 1439 celeritate
2591 1386 2658 1440 ad
2679 1386 2894 1442 Alaram
2920 1389 2963 1418 ²²
2987 1386 3210 1444 ﬂuvium
3235 1397 3466 1444 conten-

1867 1479 1976 1545 dit,
2007 1479 2308 1548 castrisquc
2343 1479 2492 1533 iuxta
2521 1479 2878 1535 conﬂuentem
2907 1481 3043 1547 eius,
3076 1497 3183 1552 quo
3213 1482 3466 1538 Wisurae

1869 1570 2072 1625 ﬂumini
2096 1569 2463 1640 coniungitur,
2486 1570 2698 1640 positis,
2721 1572 2992 1628 minarum
3014 1572 3293 1628 Godofridi
3322 1572 3468 1641 regis

1869 1660 2233 1733 praestolatur
2269 1668 2540 1716 eventum.
2587 1661 2722 1716 Nam
2763 1678 2856 1719 rex
2903 1663 3010 1730 ille,
3041 1665 3333 1720 vanissima
3373 1677 3470 1734 spe

1871 1752 2132 1808 victoriae
2161 1751 2399 1818 inﬂatus,
2444 1754 2560 1808 acie
2591 1769 2650 1808 se
2683 1770 2806 1810 cum
2849 1756 3174 1827 imperatore
3215 1755 3471 1828 congredi

177 1845 300 1911 des,
331 1845 656 1915 promittens
684 1858 743 1899 se
770 1845 826 1898 in
853 1859 917 1899 eo
941 1844 1210 1914 colloquio
1239 1859 1365 1900 cum
1390 1845 1502 1899 suis
1526 1844 1777 1898 omnibus
1804 1844 1851 1904 B
1879 1843 2016 1898 velle
2044 1842 2298 1898 iactabat.
2333 1842 2440 1898 Sed
2465 1844 2589 1898 dum
2620 1844 2915 1914 imperator
2940 1847 2993 1900 in
3023 1855 3325 1902 memorato
3352 1847 3472 1901 loco

178 1938 236 1992 in
269 1937 617 2007 imperatoris
655 1935 923 1992 dicionem
963 1951 1084 1992 esse
1112 1945 1434 2002 venturum;
1479 1936 1623 2006 quod
1650 1933 1777 1991 licet

179 2030 482 2098 imperator
502 2036 562 2082 ut
589 2028 745 2084 ﬂeret
765 2029 1065 2095 annuisset,
1088 2029 1272 2084 multis
1296 2027 1777 2084 intervenientibus

180 2121 364 2176 causis
402 2121 668 2175 remansit
705 2119 985 2175 infectum.
1031 2119 1224 2186 Mauri,
1267 2121 1335 2176 de
1374 2128 1487 2176 tota
1517 2119 1774 2190 Hispania

181 2211 421 2265 maxima
445 2210 619 2266 classe
638 2211 679 2241 ιι
703 2221 1015 2280 conparata,
1032 2212 1211 2281 primo
1235 2211 1562 2276 Sardiniam,
1581 2211 1775 2266 deinde

180 2301 462 2356 Corsicam
498 2302 849 2372 appulerunt,
883 2303 1138 2374 nulloque
1161 2303 1215 2357 in
1241 2319 1303 2358 ea
1332 2305 1549 2357 invento
1571 2302 1777 2372 praesi-

181 2394 290 2458 dio,
319 2393 556 2448 insulam
576 2409 748 2464 paene
779 2401 946 2449 totam
973 2394 1301 2465 subegerunt
1328 2395 1392 2448 ".
1419 2394 1628 2448 Interea
1653 2393 1778 2463 Pip-

182 2484 346 2553 pinus
391 2499 514 2550 rex,
562 2485 788 2554 perfidia
833 2487 1030 2542 ducum
1075 2487 1457 2542 Veneticorum
1499 2487 1776 2554 incitatus,

183 2576 480 2631 Veneciam
528 2577 668 2633 bello
717 2587 969 2648 terraque
1009 2578 1257 2648 marique
1302 2579 1460 2634 iussit
1505 2587 1777 2649 appetere,

181 2669 542 2739 subiectaque
565 2670 797 2726 Venecia
823 2672 852 2712 b
884 2686 949 2726 ac
975 2671 1202 2727 ducibus
1227 2672 1343 2726 eius
1372 2672 1428 2726 in
1453 2671 1780 2727 deditionem

183 2761 448 2831 acceptis,
493 2761 721 2817 eandem
763 2762 991 2818 classem
1035 2763 1102 2818 ad
1143 2763 1451 2820 Dalmaciae
1493 2764 1653 2820 litora
1687 2780 1783 2820 va—

183 2855 384 2910 standa
420 2857 590 2911 misit.
639 2857 745 2913 Sed
783 2875 907 2914 cum
947 2859 1164 2926 Paulus,
1207 2859 1516 2917 Cefalaniae
1547 2862 1592 2894 ¹³
1626 2877 1784 2932 prae-

183 2946 381 3012 fectus,
429 2955 554 3004 cum
597 2950 843 3006 orientali
889 2950 1062 3008 classe
1107 2952 1176 3007 ad
1219 2953 1478 3027 auxilium
1524 2955 1785 3011 Dalmatis

183 3037 474 3094 ferendum
500 3040 840 3108 adventaret,
867 3042 1016 3113 regia
1039 3041 1230 3098 classis
1261 3043 1330 3097 ad
1354 3044 1575 3114 propria
1601 3059 1785 3116 regre-

184 3131 352 3185 ditur.
377 3130 688 3188 Hruodtrud
711 3133 776 3199 η’,
802 3134 910 3188 filia
933 3135 1276 3205 imperatoris
1296 3151 1434 3206 quae
1455 3145 1585 3191 natu
1611 3138 1787 3192 maior

181 3228 307 3278 erat
342 3221 408 3287 ”,
453 3223 507 3278 8.
553 3222 679 3278 ldus
718 3222 835 3278 Iun.
869 3224 912 3255 ”
942 3224 1084 3280 diem
1127 3226 1278 3280 obiit.
1323 3225 1620 3297 Imperator
1657 3242 1787 3283 vero

182 3312 514 3386 Aquisgrani
540 3317 717 3373 adhuc
741 3331 907 3388 agens
935 3326 990 3372 et
1012 3327 1203 3372 contra
1224 3317 1578 3373 Godofridum
1602 3335 1785 3391 regem

187 3409 589 3479 expeditionem
636 3411 926 3476 meditans,
972 3411 1222 3466 nuntium
1270 3413 1508 3481 accepit,
1555 3411 1786 3467 classem

186 3499 549 3556 ducentarum
594 3502 812 3556 navium
848 3503 915 3557 de
954 3501 1319 3558 Nordmannia
1351 3505 1390 3535 ³⁷
1421 3503 1651 3559 Frisiam
1693 3521 1785 3575 ap-

185 3590 412 3659 pulisse,
461 3600 710 3663 totasque
758 3593 1001 3649 Frisiaco
1042 3595 1189 3649 litori
1235 3595 1544 3650 adiacentes
1579 3597 1786 3653 insulas

187 3696 311 3736 esse
345 3689 602 3748 vastatas,
639 3683 854 3754 iamque
882 3686 1181 3740 exercitum
1211 3685 1360 3740 illum
1397 3687 1448 3740 in
1486 3688 1784 3744 continenti

186 3790 330 3839 esse,
357 3783 620 3846 ternaque
641 3777 845 3846 proelia
864 3793 988 3832 cum
1010 3777 1345 3834 Frisionibus
1365 3779 1702 3835 commisisse
1720 3780 1784 3848 ¹⁸,

186 3867 482 3939 Danosque
511 3870 746 3926 victores
781 3871 1043 3926 tributum
1071 3872 1229 3926 victis
1258 3872 1580 3942 inposuisse,
1614 3881 1670 3930 et
1699 3888 1791 3929 ve-

187 3958 402 4029 ctigalis
438 3961 658 4016 nomine
695 3969 912 4018 centum
951 3961 1116 4018 libras
1144 3964 1355 4032 argenti
1397 3979 1426 4018 a
1457 3964 1795 4020 Frisionibus

1879 1937 2075 1992 stativa
2117 1936 2369 2000 haberet,
2415 1936 2752 1992 diversarum
2794 1953 2975 1993 rerum
3019 1940 3193 1994 nuntii
3240 1940 3308 1995 ad
3348 1953 3473 1993 eum

1879 2026 2196 2082 deferuntur
2216 2027 2282 2080 ³³.
2312 2025 2447 2082 Nam
2471 2036 2528 2082 et
2555 2027 2784 2082 classem
2808 2045 2947 2098 quae
2973 2029 3204 2086 Frisiam
3228 2029 3476 2085 vastabat

1881 2120 2100 2175 domum
2125 2135 2432 2191 regressam
2451 2160 2465 2185 ,
2498 2127 2553 2175 et
2582 2118 2936 2175 Godofridum
2965 2136 3148 2192 regem
3178 2136 3209 2175 a
3237 2120 3476 2190 quodam

1883 2227 1982 2268 suo
2021 2213 2249 2268 satellite
2290 2211 2666 2278 interfectum,
2712 2212 2995 2267 castellum
3024 2212 3286 2268 vocabulo
3328 2211 3478 2267 Hoh-

1882 2303 2044 2358 buoki
2072 2304 2118 2334 ³⁵
2152 2314 2174 2341 ο
2203 2301 2391 2358 Albiae
2420 2302 2626 2358 ﬂumini
2672 2303 3000 2374 adpositum,
3040 2303 3096 2358 in
3127 2320 3234 2375 quo
3265 2303 3379 2360 Odo
3404 2303 3479 2358 le-

1884 2405 2042 2467 gatus
2063 2396 2406 2466 imperatoris
2429 2405 2485 2450 et
2505 2395 2853 2451 orientalium
2877 2395 3161 2450 Saxonum
3182 2404 3301 2451 erat
3325 2409 3480 2466 prae-

1884 2490 2110 2556 sidium,
2165 2505 2196 2542 a
2228 2489 2443 2543 Wiltzis
2483 2490 2529 2520 ’⁸
2569 2497 2816 2558 captum;
2876 2497 2930 2545 et
2975 2489 3262 2560 Pippinum
3311 2487 3480 2542 ﬁlium

1883 2584 2022 2647 eius,
2046 2598 2228 2653 regem
2252 2582 2458 2648 Italiae,
2483 2583 2536 2637 8.
2563 2582 2686 2636 Idus
2713 2582 2808 2636 Iul.
2837 2582 2904 2637 de
2929 2596 3159 2652 corpore
3181 2581 3479 2652 migrasse;

1888 2677 2129 2746 duasque
2169 2677 2468 2746 legationes
2507 2675 2574 2728 de
2623 2675 2852 2730 diversis
2897 2683 3167 2728 terrarum
3211 2673 3481 2744 partibus,

1885 2786 2051 2826 unam
2078 2770 2144 2824 de
2169 2768 2657 2838 ConstantinOpoli,
2681 2768 2911 2823 alteram
2933 2767 3000 2821 de
3019 2764 3271 2822 Corduba
3294 2764 3360 2830 ",
3391 2778 3481 2835 pa-

1886 2866 1966 2920 cis
1995 2863 2274 2919 faciendae
2304 2878 2470 2917 causa
2507 2863 2800 2917 adventare
2842 2869 3117 2916 narratur.
3162 2859 3368 2928 Quibus
3398 2857 3486 2914 ille

1888 2953 2144 3023 acceptis,
2173 2953 2431 3022 disposita
2456 2967 2558 3022 pro
2587 2952 2849 3023 temporis
2881 2951 3191 3006 conditione
3223 2949 3485 3018 Saxonia,

1890 3047 2111 3103 domum
2168 3047 2480 3102 revertitur.
2537 3045 2709 3100 Tanta
2763 3045 2865 3100 fuit
2918 3045 2974 3099 in
3025 3058 3091 3099 ea
3146 3044 3489 3114 expeditione

1888 3139 2052 3194 boum
2096 3137 2431 3207 pestilentia,
2478 3145 2540 3191 ut
2583 3151 2756 3207 paene
2802 3135 2980 3191 nullus
3027 3142 3178 3190 tanto
3224 3136 3490 3191 exercitui

1815 3209 1858 3272 (ἶ
1891 3238 2214 3302 superesset,
2240 3231 2368 3299 quin
2399 3244 2587 3284 omnes
2611 3243 2783 3299 usque
2811 3229 2879 3282 ad
2903 3243 3070 3282 unum
3101 3227 3386 3281 interirent
3406 3226 3487 3293 ¹⁷;

1889 3331 1943 3378 et
1969 3339 2076 3377 non
2104 3322 2275 3377 solum
2307 3321 2409 3386 ibi,
2442 3321 2538 3376 sed
2564 3321 2728 3375 etiam
2759 3334 2922 3390 super
2956 3318 3142 3391 [etiam
3171 3333 3269 3388 per
3297 3317 3363 3370 Α.
3395 3314 3487 3388 L.]

1889 3432 2077 3472 omnes
2105 3416 2151 3447 ’⁸
2180 3415 2498 3485 imperatori
2527 3414 2796 3469 subiectas
2822 3412 3132 3483 provincias
3160 3409 3305 3465 illius
3328 3424 3490 3480 gene-

1887 3511 1965 3566 ris
1994 3509 2309 3564 animalium
2347 3507 2653 3562 mortalitas
2697 3505 3073 3561 inmanissime
3111 3512 3356 3575 grassata
3383 3509 3487 3557 est.

1879 3607 2191 3674 Imperator
2241 3601 2579 3673 Aquasgrani
2625 3600 2851 3656 veniens
2889 3613 3076 3655 mense
3123 3595 3378 3653 Octobrio
3419 3594 3489 3659 ”,

1892 3705 2219 3752 memoratas
2259 3695 2552 3765 legationes
2589 3691 2823 3757 audivit,
2863 3703 3163 3760 pacemque
3191 3703 3316 3743 cum
3345 3685 3492 3741 Nici-

1896 3785 2014 3840 foro
2041 3786 2368 3856 imperatore
2396 3792 2450 3837 et
2483 3797 2606 3836 cum
2633 3781 2836 3836 Abulaz
2867 3794 2992 3849 rege
3019 3777 3308 3848 Hispaniae.
3338 3775 3486 3831 fecit.

1898 3876 2034 3930 Nam
2080 3874 2317 3930 Niciforo
2367 3873 2647 3928 Venetiam
2691 3871 2925 3926 reddidit
2979 3868 3022 3899 ³⁰
3075 3867 3124 3933 ἀ,
3166 3875 3220 3921 ct
3258 3866 3493 3920 Haimri-

1903 3982 2026 4022 cum
2063 3966 2107 3997 ³¹
2139 3965 2393 4019 comitem
2425 3962 2555 4016 olim
2585 3977 2614 4015 a
2647 3959 2966 4015 Sarraccnis
3001 3965 3247 4027 captum,
3286 3954 3490 4010 Abulaz

1434 4055 1828 4112 VARIANTES
1860 4055 2262 4112 LECTIONES.

263 4147 282 4176 ¹
310 4144 506 4199 esfelth
535 4146 582 4198 1.
618 4144 776 4200 esfelt
797 4146 851 4200 4.
883 4143 936 4199 5.
958 4146 1009 4200 6.
1043 4145 1365 4201 esesfelth2.
1389 4146 1474 4200 10.
1505 4146 1616 4201 B2.
1635 4147 1688 4200 5.
1708 4147 1982 4204 esesl‘eltB
2003 4147 2054 4202 6.
2075 4145 2386 4203 essesfelt9.
2419 4143 2704 4200 essesfelth
2731 4141 2778 4197 B
2809 4144 2860 4199 8.
2897 4141 3053 4197 esfelt
3081 4141 3134 4194 1.
3164 4140 3408 4196 eselfelth
3435 4141 3490 4195 5.

189 4218 242 4271 7.
263 4215 509 4270 esselfclt
525 4215 568 4268 Β
591 4215 640 4268 7.
717 4218 736 4246 ³
766 4217 834 4270 ab
847 4217 1089 4286 egibcrto
1115 4218 1166 4271 5.
1186 4216 1238 4271 6.
1318 4217 1338 4248 ³
1354 4225 1578 4286 caeptus
1619 4219 1669 4272 1.

193 4288 234 4340 Β
259 4287 314 4340 2.
395 4286 416 4316 ⁸
445 4301 661 4341 amaroz
689 4286 741 4340 5.
767 4287 820 4341 9.
853 4286 898 4340 B
923 4289 975 4343 8.
1052 4288 1071 4320 "
1106 4295 1161 4341 et
1189 4287 1422 4343 castellis

189 4373 287 4412 roz
317 4354 362 4409 Β
391 4355 443 4409 6.
524 4357 567 4387 ¹⁰
595 4365 1012 4426 caesaraugusto
1041 4356 1086 4410 B
1115 4358 1167 4411 2.
1248 4360 1290 4389 “
1319 4359 1490 4414 classe
1530 4361 1581 4414 1.

1748 4219 1769 4250 ⁵
1799 4219 2035 4273 auriolas
2051 4218 2220 4273 comis
2235 4216 2278 4270 Β
2292 4217 2346 4272 2.
2425 4217 2445 4248 ⁸
2461 4223 2954 4286 caesaraugustum.
2966 4253 3002 4286 ..
3023 4221 3494 4286 caestaraugustus

1517 4289 1572 4344 2.
1651 4289 1672 4320 ⁸
1702 4291 1770 4345 ab
1801 4291 2181 4360 imperatorem
2216 4289 2260 4360 Β
2284 4287 2436 4360 ᾏΙΝ
2453 4285 2695 4360 DCCCX.
2728 4284 2846 4360 135ζ
2887 4287 2943 4360 _°
2970 4284 3280 4360 Amaro_z_5.

1662 4361 1703 4432 '_'
1731 4355 2046 4432 subigerunt
2077 4361 2121 4414 Β
2149 4360 2203 4432 2.
2238 4359 2291 4414 5.
2421 4359 2768 4432 subiecerunt
2806 4356 2851 4410 Β
2887 4355 2938 4409 7.

190 4425 1003 4501 οεΐειξειὶεεξ-ϐλοερὶιειιεηρθθ7.
1033 4427 1324 4501 celalaniae
1365 4429 1409 4482 Β
1450 4429 1503 4484 5.
1544 4429 1841 4501 celafaniac
1857 4425 2049 4501 'Bouq.

3021 4299 3198 4338 maroz
3227 4296 3280 4339 5.
3299 4296 3490 4336 armo-

3021 4355 3062 4385 ¹³
3095 4354 3390 4409 cefalaaiae
3427 4350 3483 4406 5.

2130 4429 2175 4461 ”
2201 4431 2491 4484 hruodtrut
2527 4428 2572 4482 B
2613 4427 2664 4482 5.
2701 4425 2989 4482 hruottrud
3029 4424 3083 4478 2.
3128 4420 3402 4478 hruodrud
3433 4420 3489 4476 5.

191 4497 514 4553 rhodtrudis
541 4497 591 4551 7.
622 4491 892 4553 rotdrudis
922 4499 974 4554 9.
1057 4498 1099 4529 ¹⁸
1128 4507 1254 4552 natu
1284 4501 1463 4554 minor
1489 4509 1609 4555 erat
1635 4500 1688 4554 5.
1770 4502 1813 4531 ¹⁸
1835 4501 1918 4555 III.
1945 4491 2083 4555 Non.
2110 4501 2223 4555 iun.
2253 4501 2296 4554 Β
2318 4501 2370 4554 5.
2451 4501 2491 4530 ¹⁷
2523 4497 2882 4554 nordmannia
2907 4497 2959 4549 1.
2985 4493 3406 4550 nordusmannia
3429 4491 3486 4546 2.

191 4569 558 4623 nordmannia
586 4569 638 4621 5.
670 4569 722 4623 4.
756 4569 807 4622 6.
843 4570 895 4624 9.
928 4569 973 4622 Β
1002 4568 1054 4622 5.
1085 4569 1468 4625 northmannia
1494 4571 1545 4625 5.
1579 4571 1960 4626 nortdmannia
1987 4573 2040 4625 7.
2076 4573 2415 4626 nortmannia
2446 4569 2490 4625 Β
2516 4570 2570 4624 2.
2600 4571 2650 4622 7.
2680 4568 2964 4625 normania
2994 4567 3038 4620 Β
3068 4565 3120 4620 6.
3156 4564 3325 4618 Tanta
3353 4563 3490 4616 vocis

191 4640 425 4693 varietas
446 4640 574 4712 satis
599 4640 830 4712 indicgt,_
849 4640 1044 4693 codicis
1065 4640 1123 4712 1.
1156 4637 1429 4712 lectionem
1459 4643 1739 4712 genuinam
1770 4660 1896 4697 esse.
1978 4643 2020 4674 ¹⁸
2049 4643 2352 4697 commissis
2384 4643 2434 4695 1.
2461 4641 2518 4695 2.
2551 4641 2604 4695 4.
2636 4641 2689 4695 6.
2723 4639 3015 4712 commisse
3113 4633 3492 4712 2._ﬁc_om_nﬁsse

193 4727 338 4763 corr.
369 4711 708 4764 commisisse
735 4710 779 4762 Β
802 4710 853 4764 5.
880 4710 1216 4764 commisisse
1235 4710 1288 4764 7.
1320 4712 1371 4765 9.
1403 4710 1695 4767 commissa
1724 4713 1836 4766 alii.

192 4780 427 4853 excidit,
465 4783 628 4853 pergit
668 4781 810 4849 infra
840 4782 896 4853 in
925 4797 1046 4834 voce
1077 4781 1192 4853 eius
1231 4797 1411 4853 regem
1452 4785 1653 4838 italiae.
1731 4785 1776 4814 ὀ
1807 4780 2119 4839 occurreret
2148 4785 2191 4838 Β
2221 4784 2270 4837 7.
2349 4786 2390 4814 ²¹
2412 4780 2495 4853 Ἰίρ

1918 4713 1958 4744 ¹⁹
1979 4713 2183 4786 palatio
2203 4715 2390 4786 exiens
2411 4723 2525 4786 post
2548 4709 2935 4786 Itaecuverbanin
2957 4703 3488 4786 codicenB_2..[oIium

2498 4785 2638 4853 pelia
2675 4783 2730 4837 5.
2760 4783 2811 4836 6.
2852 4779 3083 4847 lippeam
3113 4775 3158 4853 Β
3187 4775 3236 4828 7.
3285 4774 3492 4853 lippeu-

191 4850 345 4904 heim
372 4852 426 4905 9.
465 4845 475 4850 ⁷
503 4845 806 4905 "'alraram
840 4852 889 4904 1.
927 4866 1140 4905 araram
1168 4852 1220 4905 9.
1254 4845 1487 4909 alvacram
1513 4854 1558 4907 B
1585 4854 1636 4908 6.
1716 4855 1761 4884 ’³
1789 4853 2038 4909 deferunt
2069 4855 2119 4908 1.
2149 4856 2202 4909 5.
2231 4854 2274 4908 Β
2299 4855 2350 4908 7.
2383 4845 2650 4909 venerunt
2679 4854 2732 4906 5.
2766 4845 3100 4908 devenerunt
3123 4845 3176 4899 6.
3210 4845 3493 4915 perferun-

189 4929 284 4973 tur
312 4921 366 4975 9.
396 4921 711 4975 deferuntur
738 4922 791 4975 2.
819 4922 870 4975 7.
899 4919 944 4974 B
971 4921 1023 4975 5.
1061 4922 1128 4976 ad
1166 4935 1224 4975 se
1253 4923 1501 4979 deferunt
1529 4924 1574 4978 Β
1601 4925 1653 4978 6.

190 4991 234 5022 ’τ
268 4992 574 5060 perirentB
598 4994 649 5047 7.
726 4993 771 5024 ἐ

1757 4925 1802 4956 as
1833 4915 2138 4956 Lagum...“

819 4926 870 4975 7.
899 4926 944 4974 Β
971 4926 1023 4975 5.
1061 4926 1128 4976 ad
1166 4935 1224 4975 se
1253 4926 1501 4979 deferunt
1529 4926 1574 4978 Β
1601 4926 1653 4978 6.
1757 4926 1802 4956 ’⁵
1833 4926 2141 4980 hohbuochi
2168 4926 2220 4980 5.
2317 4926 2364 4956 ¹⁸
2387 4926 2592 4980 wilzzis
2620 4926 2666 4979 B
2696 4926 2747 4978 5.
2782 4926 2833 4975 6.
2961 4926 3006 4948 ’δ
3064 4926 3296 4971 COI'GODa
3345 4926 3390 4968 Β
3435 4926 3488 4969 5-

801 5007 898 5061 per
924 5008 1111 5048 omnes
1137 4993 1221 5046 10.
1298 4995 1341 5029 ’θ
1366 4996 1614 5050 octubrio
1633 4995 1678 5048 Β
1703 4995 1755 5049 7.
1787 4998 2072 5051 octimbrio
2098 4995 2142 5049 B
2169 4997 2222 5051 6.
2299 4997 2344 5028 ³⁰
2374 4997 2551 5051 reddit
2583 4997 2633 5050 1.
2692 4995 2754 5026 ·³¹
2783 4987 3156 5061 hamrjcuml.
3178 4986 3228 5061 1.
3260 4986 3345 5040 10.
3369 5001 3492 5061 am-

2317 4926 2364 4956 ¹⁸
2387 4926 2592 4980 wilzzis
2620 4924 2666 4979 B
2696 4924 2747 4978 5.
2782 4923 2833 4975 6.
2961 4917 3006 4948 ²⁶
3064 4914 3296 4971 cordoba
3345 4914 3390 4968 Β
3435 4914 3488 4969 5.

191 5055 370 5116 ricum
394 5062 448 5116 2.
481 5064 765 5133 hanricum
795 5055 848 5119 5.
878 5065 1014 5118 amri
1037 5063 1088 5118 5.
1125 5063 1297 5133 hamri
1329 5065 1381 5121 6.
1411 5067 1693 5122 henricum
1744 5067 1795 5120 7.
1827 5068 2185 5124 beimrichum
2225 5068 2280 5123 9.
2332 5069 2653 5123 haimricum
2700 5064 2746 5118 B
2767 5065 2819 5118 2.
2847 5059 2902 5114 5.
2926 5057 2980 5113 8.
3012 5057 3334 5113 heimricum
3362 5055 3407 5111 Β
3434 5055 3488 5112 6.

1718 5202 1949 5260 NOTAE.

192 5133 527 5189 adimricum
553 5132 599 5187 Β
625 5133 678 5187 7.

267 5304 297 5333 α
339 5291 572 5348 Itzehoe.

267 5363 297 5402 h
339 5362 628 5434 Pippinum
665 5381 775 5421 non
809 5381 998 5423 omnes
1033 5366 1365 5422 Venetorum
1401 5363 1607 5420 insulas
1646 5365 1788 5420 obti-

191 5435 432 5518 nuisse,_
456 5436 550 5491 sed
587 5447 749 5518 ponte
791 5438 969 5492 navali
1008 5437 1202 5518 Rivum
1245 5436 1426 5518 altum.
1455 5452 1789 5518 aggressum,

189 5513 526 5576 tempestate
571 5509 748 5563 subito
794 5520 977 5564 coorta
1021 5508 1089 5563 ab
1133 5508 1347 5577 incepto
1395 5507 1657 5563 desistere
1703 5523 1794 5563 co-

189 5585 386 5631 actum
417 5592 554 5643 esse,
587 5594 653 5633 ex
685 5581 1008 5636 Venetorum
1039 5579 1310 5634 chronicis
1344 5588 1575 5633 constat.

270 5659 295 5685 ε
343 5646 420 5702 De
457 5662 523 5703 eo
556 5650 795 5722 multum
842 5651 1174 5722 disputatur;
1219 5650 1309 5704 alii
1357 5647 1633 5722 Hamburg
1672 5665 1793 5707 esse

233 5726 429 5783 utant,
478 5720 674 5789 quibus
717 5718 942 5778 obstare
979 5723 1209 5786 videtur,
1299 5719 1404 5774 uod
1444 5718 1720 5792 Hamburg
1762 5735 1796 5776 a

188 5735 398 5844 ,VVilzis
426 5790 586 5844 naulo
612 5792 825 5844 longius
851 5793 1118 5844 distabat:
1152 5791 1243 5844 alii
1262 5738 1662 5844 ιΒοίιιεξιιιηιιιιι.
1697 5806 1794 5844 vo-

275 5789 398 5847 ilzis
426 5790 586 5863 paulo
611 5792 825 5867 longius
851 5793 1118 5860 distabat;
1152 5791 1243 5849 alii
1270 5789 1662 5864 Boitzenburg,
1691 5789 1794 5851 'vo-

1895 5295 2086 5351 cabulo
2117 5304 2298 5353 tamen
2327 5298 2458 5354 satis
2486 5296 2740 5360 adverso;
2779 5293 2999 5352 Bﬁchen
3027 5295 3210 5366 potius
3245 5292 3407 5366 fuerit
3437 5291 3490 5346 in

1898 5368 2097 5451 ducatu
2122 5368 2584 5451 ‘I‘Jauenburgeusi
2606 5407 2620 5430 ,
2643 5382 2772 5451 _no_n
2793 5364 3182 5451 ‘rnagianuam
3221 5366 3274 5419 in
3321 5364 3490 5418 altera

1898 5439 2013 5508 ripa
2041 5438 2376 5494 Holdunsteti
2402 5437 2460 5494 et
2478 5437 2656 5492 Illiuni
2687 5437 2755 5491 ab
2780 5437 2935 5492 Albia
2966 5439 3191 5493 distans.

1967 5508 1992 5548 ἀ
2030 5509 2186 5563 Pacis
2214 5509 2371 5577 hujus
2396 5508 2731 5564 conditiones
2759 5523 2826 5562 ex
2857 5517 3016 5578 pacto
3039 5505 3304 5564 Hlotharii
3333 5504 3354 5559 I
3387 5505 3489 5561 im-

1933 5580 2163 5633 eratoris
2191 5595 2312 5634 cum
2344 5581 2566 5636 Venetis
2603 5579 3008 5652 cognoscimus,
3049 5580 3188 5650 quod
3219 5593 3285 5634 ex
3314 5591 3489 5632 mem-

1896 5594 2083 5706 Eranis
2110 5650 2317 5704 archivi
2344 5651 2474 5706 olim
2499 5650 2811 5706 reinublica:
2839 5650 3077 5706 Venetae.
3112 5648 3223 5706 iam
3254 5646 3486 5702 Caesarei

1935 5649 2089 5724 ranis
2110 5650 2317 5724 archivi
2344 5651 2474 5707 olim
2499 5646 2811 5724 reipublicae
2839 5646 3082 5724 Venetae,
3111 5648 3223 5724 jam
3254 5646 3486 5702 Caesarei

1900 5719 2360 5794 Vindobonensis,
2408 5719 2738 5797 descriptum
2783 5721 3075 5781 lectoribus
3117 5722 3172 5778 in
3213 5725 3488 5792 posterum

1895 5805 2279 5866 proponemus.
