3960 6346
148 408 269 465 477

1628 372 1947 449 ANNALES

3326 378 3431 441 418

150 530 286 578 ctus
310 516 620 576 uunciatur.
646 513 746 571 Cui
771 528 895 571 cum
930 506 1238 583 Sigifridus,
1268 520 1437 578 nepos
1464 503 1746 562 Godofridi
1771 506 1827 569 Α
1849 516 2007 558 suum
2043 498 2425 575 llemmingum
2450 498 2553 555 sibi
2590 498 2796 554 remitti
2822 506 3035 570 rogant.
3067 498 3086 519 ί
3138 497 3251 555 Hoc
3288 514 3432 557 anno

148 616 331 689 regis,
377 622 435 669 et
475 610 650 666 Anulo
694 610 734 677 ⁸,
779 622 947 680 nepos
976 606 997 637 ¹
1046 602 1285 660 [lerioldi
1339 599 1611 674 quondam
1660 612 1747 653 re-

149 709 245 781 gis
297 705 319 737 ³
350 701 618 780 [Herioidi
657 707 713 757 et
762 699 932 772 ipsius
983 695 1125 769 regis
1174 696 1238 750 Α.
1290 691 1412 766 L.],
1456 690 1748 747 succedere

147 798 488 862 voluissent,
519 809 693 865 neque
730 791 873 847 inter
901 806 1016 855 eos,
1064 798 1186 844 uter
1222 800 1450 858 regnare
1502 782 1746 846 deberet,

146 890 455 951 convenire
483 886 769 961 potuisset.
799 864 1126 953 comparatis
1154 878 1326 950 cepiis
1354 884 1408 932 et
1446 873 1743 931 commisso

146 982 409 1054 proelio,
451 978 611 1034 ambo
668 977 993 1032 moriuntur.
1057 973 1192 1029 Pars
1245 979 1427 1025 tamen
1484 967 1746 1023 Anulonis

149 1073 357 1144 adepta
400 1068 686 1125 victoriam
729 1068 773 1132 δ,
815 1065 1014 1120 fratres
1064 1064 1182 1118 eius
1210 1059 1525 1117 Herioldum
1555 1066 1610 1114 et
1640 1057 1747 1113 Re-

146 1165 456 1237 ginfridum
483 1164 503 1196 ⁸
533 1179 686 1234 reges
729 1161 833 1218 sibi
885 1159 1199 1226 constituit;
1241 1173 1404 1237 quam
1430 1154 1745 1215 necessario

144 1275 287 1331 pars
312 1259 457 1314 victa
484 1265 688 1321 secuta,
718 1254 938 1310 eosdem
983 1252 1086 1327 sibi
1119 1266 1346 1323 regnare
1377 1265 1485 1305 non
1516 1248 1739 1304 abnuit:

147 1351 205 1405 in
234 1365 304 1405 eo
328 1347 537 1421 proelio
566 1344 654 1412 i0,
685 1344 789 1401 9-50
816 1343 836 1375 °
865 1343 970 1398 viri
1001 1341 1264 1398 cecidisse
1296 1346 1610 1394 narrantur.
1653 1337 1745 1392 Ni-

146 1446 363 1503 ciforus
392 1446 689 1514 imperator
717 1448 838 1513 post
866 1440 1065 1496 multas
1094 1448 1151 1494 et
1201 1438 1446 1509 insignes
1488 1436 1745 1492 victorias

144 1537 207 1594 in
238 1536 444 1593 Moesia
470 1534 747 1607 provincia
775 1532 1069 1589 commisso
1099 1546 1221 1585 cum
1251 1528 1502 1600 Bulgaris
1538 1527 1744 1599 proelio

144 1630 414 1696 moritur,
443 1635 499 1683 et
524 1625 791 1682 Michahel
821 1639 988 1697 gener
1035 1622 1152 1678 eius
1203 1623 1501 1692 imperator
1539 1618 1743 1685 factus,

144 1720 369 1793 legatos
416 1717 758 1791 imperatoris
806 1715 991 1789 [legat.
1037 1714 1219 1771 domni
1274 1713 1311 1769 i.
1350 1712 1416 1767 Α.
1448 1711 1536 1786 1η]
1570 1710 1742 1778 Karli,

145 1815 245 1883 qui
287 1814 357 1869 ad
410 1812 709 1869 Niciforum
736 1811 756 1843 "
809 1810 962 1867 missi
1002 1806 1242 1874 fuerunt,
1276 1805 1333 1862 in
1361 1804 1745 1862 Constantino-

1848 592 2029 649 ldibus
2063 589 2187 649 Maii
2212 599 2335 662 post
2357 590 2639 648 meridiem
2669 588 2804 647 solis
2824 590 3060 663 eclypsis
3087 589 3210 646 fuit.

1915 700 1949 736 ⁸
1985 700 2507 774 [Βοδθιιιιιείεὼὺθε
2539 702 2762 774 sancti
2804 701 3061 758 Germani
3112 701 3431 761 monasterii

1847 772 1958 827 vita
1988 772 2248 847 ‘decestit.
2294 773 2497 847 Alruuno
2526 773 2807 847 (Irming)_
2825 789 3041 845 quoque
3068 775 3437 846 prudentissi-

1847 859 1969 900 mus
1992 843 2077 901 vir
2102 844 2222 903 loco
2255 845 2377 903 eius
2400 843 2685 903 successit.
2717 843 2808 901 7.1

2479 989 2791 1049 DCCCXIII.

1925 1147 2226 1218 imperator
2285 1144 2613 1222 Aquisgrani
2664 1150 2967 1218 hiemavit,
3034 1159 3092 1208 et
3138 1150 3435 1225 incipiente

1850 1240 1999 1297 verni
2030 1242 2289 1312 temperie
2321 1241 2363 1273 "
2397 1241 2772 1298 Amalharium
2796 1243 2841 1276 '°
2888 1243 3280 1300 Treverensem
3310 1246 3431 1317 epi-

1847 1347 2069 1404 scopum
2110 1340 2166 1388 et
2208 1332 2432 1388 Petrum
2471 1334 2727 1389 abbatem
2779 1334 3098 1391 monasterii
3146 1333 3433 1391 Nonantu-

1844 1424 1926 1480 las
1957 1425 2001 1455 “
2030 1430 2252 1494 propter
2287 1438 2479 1494 pacem
2510 1439 2635 1478 cum
2662 1423 2924 1479 Michaele
2949 1424 3281 1495 imperatore
3301 1438 3435 1480 con-

1846 1514 2167 1570 ﬁrmandam
2193 1515 2718 1584 Constantinopolim
2747 1515 2917 1571 misit.
2934 1514 3079 1572 Pons
3095 1517 3139 1549 "
3155 1515 3296 1589 apud
3322 1516 3436 1573 Mo-

1845 1607 2154 1678 gontiacum
2188 1622 2373 1661 mense
2420 1606 2559 1661 Maio
2598 1607 2850 1662 incendio
2895 1606 3271 1680 conﬂagravit,
3304 1614 3431 1678 post

1844 1699 1986 1768 quod
2016 1700 2315 1769 imperator
2335 1714 2457 1755 cum
2487 1700 2544 1753 in
2569 1699 2864 1756 Arduenna
2896 1706 3209 1767 venaretur,
3234 1699 3434 1771 pedum

1845 1790 2031 1847 dolore
2057 1791 2332 1857 decubuit,
2361 1799 2417 1846 et
2447 1790 2830 1847 convalescens
2864 1791 3220 1863 ‘Aquasgrani
3256 1804 3436 1848 rever-

146 1871 296 1975 poli'
314 1904 555 1974 suscepit
583 1911 638 1959 et
662 1900 925 1966 absolvit;
952 1916 1074 1956 cum
1096 1871 1292 1971 quibus
1316 1906 1370 1954 et
1392 1914 1518 1954 suos
1536 1898 1745 1970 legatos
1773 1871 1820 1931 Β
1849 1900 1941 1941 ευε
1972 1891 2088 1951 θεῑὲ
2132 1900 2196 1940 ac
2249 1883 2441 1940 deinde
2480 1883 2667 1975 habito
2695 1884 2934 1975 generali
2964 1892 3264 1952 οοηνθηων
3308 1897 3437 1975 σο·

148 2000 375 2064 (ΕΙ-ειη,
393 1997 748 2055 Michahelem
774 1997 982 2053 scilicet
1004 1995 1339 2066 episcopum,
1359 2001 1413 2047 et
1432 1990 1707 2049 Arsaiium
1720 1992 1741 2023 ⁹

146 2101 321 2163 atque
354 2090 765 2163 Theognostum
815 2089 858 2119 ¹⁰
900 2085 1390 2161 protospatharios,
1429 2094 1485 2140 et
1511 2101 1611 2157 per
1650 2100 1743 2141 eos

145 2198 341 2253 pacem
369 2199 400 2237 a
428 2181 668 2238 Niciforo
708 2182 975 2252 inceptam
1004 2177 1365 2235 conﬁrmavit.
1386 2177 1520 2231 Nam
1550 2176 1745 2247 Aquis-

147 2276 334 2348 grani,
369 2276 463 2331 ubi
489 2275 556 2331 ad
584 2276 965 2346 imperatorem
995 2278 1279 2339 venerunt,
1309 2271 1571 2342 scriptum
1598 2273 1743 2343 pacti

148 2366 216 2421 ab
249 2382 317 2421 eo
361 2365 418 2420 in
470 2365 703 2421 ecclesia
742 2363 1127 2435 suscipientes,
1181 2377 1331 2419 more
1383 2376 1517 2429 suo,
1558 2362 1612 2418 id
1660 2371 1746 2419 est

148 2456 364 2514 Graeca
394 2457 595 2529 lingua,
623 2457 809 2512 laudes
836 2457 886 2512 ei
913 2456 1186 2521 dixerunt,
1209 2454 1596 2524 Imperatorem
1618 2468 1743 2508 eum

146 2559 204 2606 et
253 2550 529 2608 Basileum
561 2551 602 2582 ”
630 2549 963 2622 appellantes
986 2588 1001 2614 ,
1045 2555 1101 2603 et
1137 2546 1458 2603 revertendo
1508 2545 1742 2602 Romam

145 2644 457 2711 venientes,
487 2644 542 2699 in
581 2642 808 2699 basilica
858 2641 1033 2698 sancti
1073 2631 1226 2696 Petri
1254 2648 1309 2696 et
1346 2638 1576 2710 apostoli
1607 2654 1743 2695 eun-

147 2738 275 2793 dem
300 2737 448 2811 pacti
485 2752 581 2793 seu
607 2735 840 2791 foederis
870 2734 1109 2790 libellum
1138 2748 1168 2787 a
1198 2733 1379 2787 Leone
1401 2747 1539 2804 papa
1566 2731 1743 2787 denuo

148 2838 531 2902 susceperunt.
578 2828 787 2897 Quibus
836 2827 1111 2895 dimissis,
1156 2827 1455 2897 imperator
1502 2824 1741 2895 generali

148 2931 426 2981 moventi:
477 2922 649 2993 Aquis
700 2921 1018 2978 solemniter
1083 2919 1269 2976 habito
1295 2956 1312 2984 ,
1367 2918 1741 2974 Bernhardum

150 3012 327 3070 illium
356 3012 594 3083 Pippini,
620 3021 871 3084 nepotem
914 3025 1095 3077 suum,
1128 3010 1185 3065 in
1228 3008 1438 3064 Italiam
1472 3008 1652 3074 misit;
1684 3015 1742 3062 et

144 3116 374 3179 propter
417 3103 620 3162 famam
674 3100 886 3170 classis,
946 3117 1086 3174 quae
1137 3108 1193 3157 et
1233 3101 1300 3158 de
1347 3098 1532 3155 Africa
1580 3108 1634 3155 et
1675 3099 1741 3155 de

147 3199 415 3269 Hispania
462 3199 531 3257 ad
561 3194 884 3253 vastandam
930 3193 1143 3250 italiam
1177 3200 1408 3248 ventura
1434 3190 1737 3258 dicebatur,

147 3290 445 3346 Walauem
494 3292 539 3325 “
592 3290 765 3347 filium
818 3286 1123 3345 Bernhardi
1174 3284 1435 3356 patruelis
1491 3284 1574 3340 sui
1619 3299 1744 3339 cum

148 3380 249 3438 illo
280 3396 403 3438 esse
430 3380 600 3450 iussit,
635 3381 990 3453 quoadusque
1021 3393 1205 3434 rerum
1257 3385 1485 3434 eventus
1540 3376 1745 3432 securi-

149 3483 323 3531 tatem
352 3473 554 3531 nostris
592 3473 850 3531 adferret.
885 3471 1030 3529 llaec
1057 3470 1250 3527 classis
1286 3470 1484 3542 partim
1514 3469 1571 3526 in
1613 3468 1747 3526 Cor-

148 3567 346 3633 sicam,
392 3567 590 3636 partim
636 3567 691 3622 in
731 3566 1040 3622 Sardiniam
1096 3564 1276 3629 venit;
1329 3571 1383 3618 et
1412 3578 1478 3618 ea
1524 3562 1745 3633 quidem

147 3671 280 3733 pars
326 3672 465 3729 quae
507 3652 575 3714 ad
602 3653 915 3715 Sardiniam
968 3666 1051 3713 est
1087 3656 1284 3722 delata,
1315 3670 1452 3726 pene
1490 3663 1605 3710 tota
1653 3652 1748 3710 de-

149 3748 259 3809 leta
313 3758 416 3807 est.
468 3748 672 3808 Classis
726 3751 894 3809 etiam
938 3750 1400 3806 Nortmannorum
1452 3746 1496 3781 ’³
1550 3746 1744 3803 Hiber-

151 3843 298 3898 niam
351 3841 669 3899 Scottorum
720 3842 765 3874 “
821 3842 1054 3899 insulam
1110 3842 1368 3913 adgressa
1398 3880 1414 3907 ,
1486 3840 1742 3896 commis-

150 3947 321 4003 soque
364 3944 490 3988 cum
541 3931 744 3989 Scottis
788 3932 834 3967 ”
877 3932 1113 4002 proelio,
1163 3939 1320 4001 parte
1366 3946 1474 3985 non
1530 3930 1741 3986 modica

152 4025 624 4082 Nordmannorum
680 4025 1000 4092 interfecta,
1060 4026 1291 4095 turpiter
1347 4023 1600 4096 fugiendo
1647 4024 1742 4078 do-

149 4135 302 4176 mum
330 4134 549 4177 reversa
600 4126 703 4176 cst.
737 4119 850 4175 Pax
879 4134 1005 4174 cum
1050 4118 1255 4173 Abulaz
1306 4117 1345 4149 ¹⁶
1376 4132 1502 4186 rege
1538 4117 1736 4171 Sarra-

149 4225 412 4267 cenorum
466 4210 638 4277 facta,
669 4211 798 4266 item
846 4224 970 4269 cum
1034 4210 1169 4265 duce
1227 4208 1737 4264 Beneventanorum

150 4305 488 4373 Grimoaldo,
517 4313 573 4361 et
596 4304 789 4361 tributi
836 4303 1055 4359 nomine
1089 4304 1279 4376 viginti
1319 4296 1559 4374 quinque
1589 4301 1739 4357 milia

148 4399 450 4455 solidorum
491 4397 612 4454 auri
661 4414 693 4453 a
742 4396 1137 4454 Beneventanis
1186 4395 1381 4451 soluta.
1448 4393 1738 4464 Expeditio

148 4489 294 4547 facta
327 4491 399 4546 ad
426 4489 679 4557 Wiltsos,
706 4498 763 4545 et
790 4490 858 4545 ab
884 4489 967 4545 eis
1005 4488 1231 4554 obsides,
1270 4485 1498 4555 accepti.
1531 4484 1743 4540 Hariol-

1844 1984 2026 2033 catum
2062 1976 2129 2032 ad
2177 1991 2236 2032 se
2290 1975 2432 2047 apud
2480 1974 2824 2047 Aquasgrani
2875 1974 3046 2030 lilium
3098 1990 3255 2031 suum
3296 1974 3430 2029 illu-

1843 2067 2059 2124 doicum
2090 2067 2138 2099 “
2167 2066 2496 2138 Aquitaniae
2521 2082 2727 2136 regem,
2767 2081 3028 2123 coronam
3058 2065 3137 2121 illi
3168 2066 3433 2137 inposuit,

1841 2167 1897 2214 et
1923 2158 2219 2229 imperialis
2244 2160 2479 2214 nominis
2505 2154 2609 2215 sibi
2636 2167 2949 2215 consortem
2977 2157 3131 2225 fecit,
3156 2158 3432 2214 Bernhar-

1843 2253 2076 2321 dumque
2099 2259 2353 2322 nepotem
2398 2267 2580 2318 suum,
2608 2250 2782 2306 ﬁlium
2809 2248 3027 2323 Pippini
3067 2249 3170 2306 ﬁlii
3196 2251 3304 2317 sui,
3333 2250 3440 2307 ltu-

1841 2342 1947 2398 liae
2014 2342 2298 2413 praefecit,
2344 2351 2403 2398 et
2436 2357 2624 2415 regem
2665 2341 2928 2413 appellari
2965 2342 3141 2397 iussit.
3190 2341 3437 2399 Concilia

1842 2446 2058 2506 quoque
2119 2434 2271 2489 iussu
2322 2434 2441 2490 eius
2491 2448 2658 2503 super
2709 2440 2858 2489 statu
2903 2434 3262 2489 ecclesiarum
3311 2444 3438 2490 cor-

1843 2520 2069 2596 rigendo
2114 2536 2216 2595 per
2254 2528 2427 2579 totam
2465 2523 2698 2579 Galliam
2740 2525 2811 2580 ab
2846 2526 3118 2595 episcopis
3164 2525 3439 2582 celebrata

1842 2626 1999 2689 sunt,
2034 2636 2271 2692 quorum
2313 2635 2483 2676 unum
2535 2620 2894 2691 Mogontiaci,
2945 2620 3180 2676 alterum
3225 2620 3433 2685 Remis,

1842 2714 2063 2768 tertium
2099 2712 2356 2778 Turonis,
2410 2720 2667 2782 quartum
2709 2710 3013 2768 Cabillione
3058 2709 3138 2778 ⁸⁸,
3180 2711 3433 2781 quintum

1840 2803 2049 2861 Arelati
2093 2811 2479 2875 congregatum
2507 2811 2625 2869 est,
2666 2809 2723 2859 et
2774 2802 3252 2868 constitutionum,
3291 2812 3437 2871 quae

1842 2897 1899 2951 in
1927 2895 2156 2967 singulis
2201 2895 2379 2950 factae
2422 2902 2570 2957 sunt,
2618 2892 2839 2949 collatio
2870 2902 3056 2947 coram
3106 2891 3440 2962 imperatore

1842 2988 1898 3044 in
1947 2988 2041 3043 illo
2074 2996 2346 3043 conventu
2367 2986 2583 3052 habita;
2613 3001 2753 3057 quas
2785 2985 2880 3055 qui
2906 2999 3067 3040 nosse
3095 2984 3353 3051 voluerit,
3381 2983 3438 3039 in

1843 3078 2166 3150 supradictis
2192 3080 2431 3150 quinque
2469 3078 2782 3134 civitatibus
2829 3078 3077 3134 invenire
3121 3078 3326 3148 poterit
3364 3076 3438 3142 ³⁸,

1843 3185 2173 3243 quamquam
2201 3179 2256 3225 et
2278 3170 2334 3225 in
2376 3170 2602 3227 archivo
2643 3169 2831 3239 palatii
2861 3168 3193 3239 exemplaria
3219 3169 3440 3224 illarum

1850 3264 2173 3320 habeantur.
2223 3261 2374 3317 Missi
2427 3269 2554 3316 sunt
2597 3262 2664 3317 de
2719 3262 2824 3317 hoc
2885 3268 3154 3316 conventu
3214 3259 3439 3330 quidam

1848 3356 2184 3414 Francorum
2227 3361 2287 3410 et
2334 3352 2613 3410 Saxonum
2641 3353 2911 3424 primores
2941 3360 3094 3409 trans
3128 3350 3312 3408 Albim
3340 3350 3441 3407 ilu-

1847 3447 1995 3503 vium
2037 3447 2107 3501 ad
2133 3445 2367 3501 confinia
2414 3443 2909 3512 Nordmannorum,
2939 3443 3033 3515 qui
3074 3459 3266 3517 pacem
3312 3458 3441 3500 cum

1847 3540 1928 3597 eis
1968 3538 2266 3596 secundum
2289 3538 2608 3610 petitionem
2632 3553 2819 3609 regum
2844 3537 3057 3593 illorum
3090 3535 3360 3605 facerent,
3384 3544 3442 3592 et

1848 3632 2079 3688 fratrem
2103 3646 2292 3687 eorum
2319 3631 2637 3687 redderent.
2673 3629 2880 3698 Quibus
2911 3628 3178 3699 θυωρπὶ
3209 3641 3439 3683 numero

1844 3758 1916 3771 —-
1943 3743 2071 3782 nam
2118 3725 2186 3781 16
2214 3725 2258 3756 ’⁸
2288 3734 2447 3781 erant
2473 3755 2546 3765 —
2590 3724 2659 3779 de
2702 3722 3031 3795 primatibus
3075 3722 3352 3777 Danorum
3381 3719 3438 3774 in

1843 3820 1966 3875 loco
2015 3818 2273 3890 deputato
2325 3817 2735 3883 occurrissent,
2790 3813 3115 3870 iuramentis
3161 3813 3439 3882 utrimque

1828 3893 2002 3968 ‘factis
2024 3927 2132 3982 pax
2158 3908 2497 3973 confirmata,
2544 3915 2601 3961 et
2641 3920 2833 3976 regum
2878 3903 3049 3959 frater
3080 3902 3161 3957 eis
3191 3900 3438 3956 redditus

1844 4013 1946 4061 est.
1976 4003 2079 4071 Qui
2124 4010 2309 4058 tamen
2335 4016 2401 4057 eo
2440 4008 2682 4069 tempore
2717 3997 2865 4053 domi
2889 4012 2997 4052 non
3027 4002 3203 4062 erant,
3232 3992 3328 4050 sed
3355 3994 3425 4050 ad

1844 4101 2264 4160 Westarfoldam
2290 4101 2334 4133 ’⁷
2369 4113 2395 4142 ι
2424 4117 2551 4156 cum
2578 4097 2822 4155 exercitu
2872 4095 3128 4169 profecti,
3158 4110 3300 4167 quae
3353 4110 3440 4151 re-

1846 4199 1935 4271 gio
1959 4197 2146 4253 ultima
2178 4196 2326 4268 regni
2348 4211 2539 4251 eorum
2566 4194 2708 4249 inter
2736 4190 3162 4262 septentrionem
3187 4196 3244 4245 et
3287 4187 3434 4244 occi-

1848 4292 2065 4348 dentem
2094 4291 2221 4357 sita,
2265 4298 2454 4345 coutra
2483 4286 2845 4359 aquilonalem
2887 4285 3183 4340 Brittaniae
3211 4282 3434 4338 summi-

1846 4394 2015 4441 tatem
2037 4385 2276 4456 respicit,
2291 4384 2447 4439 cuius
2472 4382 2744 4453 principes
2761 4379 2805 4411 ²⁸
2826 4395 2893 4435 ac
2913 4378 3146 4449 populus
3158 4376 3238 4431 eis
3259 4374 3436 4429 subici

1850 4483 2193 4540 recusabant.
2218 4479 2427 4548 Quibus
2454 4476 2796 4548 perdomitis,
2829 4489 2956 4530 enm
2985 4470 3356 4533 revertissent,
3381 4475 3438 4522 et

149 4581 253 4637 dus
280 4583 322 4616 ¹⁷
354 4590 411 4638 et
438 4580 787 4655 Reginfridus
826 4580 892 4651 ⁸⁸,
933 4596 1091 4653 reges
1113 4580 1407 4643 Danorum,
1457 4577 1625 4634 missa
1671 4578 1740 4636 ad
1767 4559 1822 4590 υ
1847 4575 2072 4632 fratrem
2097 4573 2165 4629 ab
2195 4573 2537 4643 imperatore,
2552 4569 2780 4625 missum
2805 4566 3158 4637 recepissent,
3198 4561 3294 4616 lilii
3323 4559 3435 4655 Go-

149 4651 546 4746 imperatorern
595 4674 887 4747 legatione,
916 4651 1103 4747 pacem
1143 4680 1354 4745 petunt,
1407 4676 1463 4727 et
1504 4669 1734 4727 fratrem
1848 4667 2043 4726 dofridi
2073 4666 2218 4738 regis
2257 4664 2315 4721 et
2338 4679 2408 4721 ex
2436 4662 2769 4736 primoribus
2811 4660 3087 4716 Danorum
3114 4668 3222 4710 nou
3253 4651 3433 4723 pauci,

1362 4803 1756 4862 VARIANTES
1790 4798 2193 4859 LECTlONES.

223 4903 238 4933 ¹
266 4901 444 4957 Anolo
472 4898 516 4953 Β
545 4898 598 4955 5.
622 4896 675 4953 8.
711 4897 876 4953 amilo
900 4898 950 4952 7.
994 4898 1044 4954 9.
1080 4904 1137 4952 et
1172 4894 1333 4951 anulo
1366 4908 1421 4950 n.
1452 4894 1508 4949 h.
1562 4907 1617 4965 q.
1665 4889 2076 4965 regis_deest_2._
2104 4889 2167 4965 *ξ
2198 4902 2433 4965 ηερμες.
2468 4880 2807 4965 ηθριιεηΒ-Ξ.
2872 4878 2906 4965 ς
2933 4890 3043 4965 ναξ
3065 4874 3123 4965 l‘.’
3163 4873 3434 4965 “:Xie‘t'q.

223 4907 238 4933 ¹
266 4907 444 4957 Anolo
472 4907 516 4953 B
545 4907 598 4955 5.
622 4907 675 4953 δ.
711 4907 876 4953 amilo
900 4907 950 4952 7.
994 4907 1044 4954 9.
1080 4907 1137 4952 et
1172 4907 1333 4951 anulo
1366 4908 1421 4950 n.
1452 4907 1508 4949 n.
1665 4907 1809 4965 regis
1838 4907 1981 4946 aeesr
2013 4907 2068 4943 Ζ.
2147 4907 2167 4918 ·
2198 4907 2433 4959 nepus...
2468 4907 2641 4955 nepus
2680 4907 2721 4963 ιθ
2755 4907 2807 4935 z.
2887 4907 2901 4910 -
2934 4907 3034 4948 μω
3067 4907 3116 4929 ι.
3271 4907 3432 4932 uctu-

148 4972 232 5028 ria
262 4971 317 5027 5.
349 4972 405 5025 4.
440 4970 492 5025 6.
528 4968 578 5023 7.
611 4968 698 5023 i0.
739 4968 783 5041 Β
810 4969 865 5023 2.
889 4969 941 5022 5.
965 4966 1020 5041 θ.
1049 4966 1109 5041 _8.
1139 4968 1221 5041 9_._
1273 4968 1295 4999 '
1320 4965 1552 5041 reginfr_
1595 4978 1684 5019 um
1704 4965 1775 5041 Β.
1804 4962 1859 5041 7ἐ
1894 4959 2250 5041 reginfridum
2377 4948 2959 5041 6.,‘rage‘nfrtdnuml;

148 4972 232 5028 ria
262 4971 317 5027 5.
349 4972 405 5025 4.
440 4971 492 5025 6.
528 4971 578 5023 7.
604 4971 698 5053 ⁸10.
810 4971 865 5023 2.
889 4971 941 5022 5.
965 4971 1020 5023 ϐ.
1056 4971 1109 5024 8.
1139 4971 1194 5023 9.
1273 4971 1295 4999 ⁵
1320 4971 1684 5048 reginfredum
1804 4971 1856 5015 7.
1894 4971 2250 5034 reginirtdum
2283 4971 2337 5041 ἓξ.
2377 4971 2430 5011 t5.
2474 4971 2845 5080 ragemnuum
2880 4971 2924 5003 ι.
3023 4971 3042 4978 ν
3085 4971 3131 5001 ι
3164 4971 3432 5011 υυυωιι..
3490 5036 3493 5039 ἢ

146 5043 252 5098 viri
273 5041 321 5096 Β
346 5042 402 5096 5.
479 5042 498 5073 ⁷
527 5057 617 5112 qui
647 5040 935 5095 metrorum
967 5040 1016 5094 i.
1038 5038 1092 5093 Ω.
1168 5039 1189 5069 ⁸
1208 5039 1263 5093 in
1282 5035 1799 5112 constantinopohm
1825 5033 1881 5087 2.
1920 5033 1961 5085 Β
1983 5032 2036 5112 5_.
2064 5102 2092 5112 Α
2118 5029 2139 5063 ⁹
2159 5028 2418 5112 arfasiutn
2440 5028 2494 5082 2.
2719 5021 3355 5112 adque__te_ognostr:ti_m

145 5089 618 5184 Itheoguisttjini
641 5089 1574 5184 "3Tsaepta—fugaEﬁpéiiniiés
1595 5089 1658 5163 ei
1681 5105 1806 5184 inde
1827 5104 2035 5160 reversi
2062 5102 2116 5157 9.
2197 5103 2240 5132 “
2284 5098 2645 5184 w'allonemntl.
2699 5089 3431 5184 .“Ln‘ojdﬁusglamrgrumf

148 5160 723 5241 Inruihiﬁiibﬁia's.
751 5182 803 5236 7.
843 5160 1055 5237 5:972:
1077 5160 1212 5236 5.6:
1230 5160 1723 5235 nondamannorum
1750 5176 1805 5230 4.
1833 5184 2283 5229 nortmannorum
2312 5171 2357 5224 Β
2382 5171 2433 5224 7.
2461 5163 2994 5241 northanimbrorum
3015 5160 3434 5241 5..nor_-danurn-

146 5231 903 5312 i;;a;..;;;“é;:""=r.aa.'.1..;.;
930 5231 1207 5307 1.3.5.1}
1232 5231 1748 5306 agamnam.
1828 5247 1873 5278 η
1896 5245 2086 5302 scottis
2111 5244 2161 5298 ι.
2188 5245 2241 5299 s.
2268 5243 2322 5296 5.
2348 5243 2413 5315 ι.
2439 5241 2493 5295 5.
2522 5239 2574 5315 7.
2593 5238 2694 5315 Δις).
2720 5234 2766 5289 B
2788 5234 2842 5315 ᾖ.
2864 5232 2918 5289 5.
2938 5231 3000 5315 ρ.
3080 5232 3126 5315 ιτ
3151 5231 3346 5315 ειευιει
3375 5231 3430 5315 3.

150 5301 203 5360 7'.
219 5301 506 5382 her-iniiinii
537 5327 592 5381 ὅ.
625 5301 903 5379 itit-9‘7..-
934 5301 1378 5379 beriboldwus'tl."
1401 5301 1888 5392 “igniculum
1909 5301 1913 5302 ν
1932 5317 1986 5372 6.
2017 5315 2360 5392 ragenfridus
2383 5308 2785 5392 7.‘reinfr‘idus__
2895 5390 2916 5392 μ
2937 5303 2981 5392 ξ’
3001 5303 3169 5392 veris

147 5377 602 5452 verna—7.;erno
627 5377 869 5466 tempore
895 5377 965 5449 9.7
1183 5395 1228 5466 ’_°
1259 5377 1710 5466 Almahariiimﬁ.
1756 5391 1841 5466 _“_
1863 5377 2186 5466 novantulas
2199 5383 2522 5466 6._nantulas
2542 5381 2587 5435 B
2731 5377 3332 5466 Α”ῃΡρῐιεηίξιᾳ-,ιξξηξςρ
3350 5387 3436 5466 τε·

148 5445 953 5552 tegas;agisagiss1
983 5445 1169 5591 ῐδΆτ.
1194 5445 1679 5547 8.’9.“ίο.’μ.ηζ
1754 5460 1802 5493 υ
1827 5460 2213 5516 hludouuicum
2243 5457 2289 5512 ις
2309 5456 2363 5510 s.
2388 5453 2747 5508 hlodowicum
2770 5448 2815 5504 Β
2844 5448 2900 5504 5.
2977 5447 3023 5478 ἰ
3053 5445 3337 5502 cabillouis
3363 5445 3430 5539 _s.

149 5539 210 5591 Ἰ.
233 5538 563 5591 cabrllomQ.
595 5537 859 5591 cablllone
883 5538 936 5591 ὅ.
968 5538 1019 5591 6.
1106 5574 1119 5591 .
1152 5537 1205 5590 7.
1281 5536 1329 5568 ³⁸
1357 5542 1532 5591 notuit
1553 5533 1599 5588 Β
1620 5534 1673 5590 5.
1750 5533 1796 5566 ’⁸
1838 5546 1965 5587 nam
1996 5530 2092 5588 XV
2114 5530 2178 5591 6;
2210 5544 2339 5585 nam
2366 5524 2453 5583 Vl.
2477 5524 2524 5581 Β
2555 5524 2606 5580 7.
2683 5523 2725 5556 ’⁷
2765 5518 3200 5578 werstarfoldam
3226 5515 3283 5572 4.
3324 5529 3430 5571 we-

149 5515 865 5595 ii'éaiinfdiisl'é'auiiibhé
883 5515 1036 5592 576‘:
1049 5515 1246 5591 bii."
1281 5515 1331 5568 ἱέ
1356 5515 1534 5605 patuit
1553 5515 1677 5590 BE.
1750 5533 1796 5605 ιφ
1830 5515 1965 5587 nam
1996 5530 2092 5588 xv
2114 5530 2178 5598 6;
2210 5544 2339 5585 nam
2366 5524 2453 5583 γι.
2477 5524 2524 5581 B
2555 5524 2606 5580 7.
2683 5523 2725 5556 ιτ
2765 5518 3200 5578 πει-ειειατυωαω
3226 5515 3283 5572 4.
3324 5529 3436 5571 we-

146 5609 478 5669 sterfoldam
500 5608 546 5665 B
573 5608 625 5666 6.
657 5608 1090 5666 westerfoeldam
1111 5609 1165 5665 9.
1241 5607 1285 5639 ³⁸
1310 5604 1567 5679 princeps
1586 5606 1631 5661 B
1673 5605 1728 5661 5.
1763 5604 1816 5660 6.

1670 5735 1903 5796 NOTAE.

225 5838 659 5972 agamnam
680 5839 735 5898 in
763 5836 1088 5902 occidentali
1112 5835 1438 5896 Chersonesi
1459 5833 1745 5895 Cimbricae
1780 5831 1972 5899 latere,
2012 5830 2069 5887 in
2093 5826 2242 5886 Jutia
2284 5822 2646 5885 meridionali.
2718 5816 2988 5879 Gebhardi
3054 5816 3182 5875 hist.
3225 5801 3437 5885 bauim,
3514 5819 3529 5831 '

145 5928 212 5989 p.
233 5928 363 5972 nos.
