3960 6346
490 375 598 433 4⁵19
1776 375 2093 436 EGINIIAR]

2197 365 2481 428 ABBATIS
3679 362 3809 419 480

491 489 582 560 qui
612 486 722 543 iam
745 483 948 543 dudum
973 482 1165 540 relicta
1187 483 1368 556 patria
1392 482 1535 555 apud
1561 482 1804 539 Sueones
1823 487 1841 518 ί
1885 482 2073 538 exula-
2099 483 2150 544 Α
2173 486 2437 534 venerunt
2467 478 2535 545 ¹⁸,
2571 476 2776 548 legatos
2813 490 2970 543 suos,
2997 475 3397 532 Cbristoforum
3423 476 3810 547 spatbarium

488 583 638 646 bant,
676 579 984 650 conparatis
1014 579 1394 648 undecumque
1420 577 1606 647 copiis,
1647 575 1848 630 bellum
1871 575 1952 629 eis
1997 574 2076 627 in-
2154 576 2229 627 'et
2253 570 2575 641 Gregorium
2595 571 2898 635 diaconem,
2948 585 3074 625 cum
3115 569 3196 625 eis
3227 569 3296 624 ad
3332 570 3600 625 domuum
3637 569 3810 625 Kar-

489 675 752 741 tulerunt,
781 680 838 728 et
862 671 1258 728 confluentibus
1285 672 1352 727 ad
1380 686 1438 727 se
1461 671 1662 740 passim
1694 685 1762 725 ex
1787 668 1936 724 omni
1971 669 2076 724 Da—
2175 667 2306 726 lum,
2353 673 2408 720 et
2453 679 2550 734 per
2579 679 2673 719 eos
2714 664 3137 735 descriptionem
3177 673 3235 719 et
3293 663 3813 719 conﬁrmationem

488 784 686 826 norum
733 775 877 822 terra
903 765 1242 837 popularium
1291 765 1487 820 turmis
1525 765 1580 830 ’,
1609 763 1900 819 commisso
1951 777 2074 817 cum
2174 757 2318 826 pacti
2339 771 2401 811 ac
2423 754 2654 811 foederis
2674 755 2842 810 misit.
2905 754 3112 822 Quibus
3161 756 3424 824 susceptis
3466 765 3656 826 atque
3714 753 3814 810 di-

489 863 571 919 eis
608 861 834 934 proelio,
858 860 1022 916 etiam
1052 874 1219 928 regno
1243 874 1349 914 non
1380 856 1552 912 multo
1580 872 1674 912 eos
1701 856 1886 910 labore
1909 869 2077 926 pepu-
2176 849 2374 912 missis,
2427 848 2661 902 domnus
2685 847 3029 902 Hludowicus
3063 847 3269 919 legatos
3311 863 3457 913 suos,
3491 847 3815 902 Nordber-

490 953 691 1008 lerunt.
740 950 942 1006 Mauris
995 950 1062 1005 de
1117 949 1338 1005 Corsica
1395 950 1414 980 ³
1463 949 1529 1003 ad
1580 947 1893 1019 Hispaniam
1949 963 2074 1003 cum
2175 950 2288 996 tum
2329 940 2370 971 ⁸⁸
2410 940 2732 1010 Regieusem
2759 940 3074 1009 episcopum
3101 947 3158 994 et
3182 939 3558 994 Richowinum
3599 940 3653 970 ³⁷
3693 939 3814 993 Pa-

491 1044 661 1102 multa
722 1041 923 1113 praeda
982 1041 1331 1098 redeuntibus
1375 1040 1728 1110 Irmingarius
1773 1039 1795 1071 ⁸
1821 1080 1836 1105 ,
1894 1054 2078 1097 comes
2175 1033 2412 1088 tavinum
2445 1033 2486 1063 ³⁸
2513 1032 2790 1097 comitem,
2822 1031 2889 1084 ad
2911 1031 3146 1086 Leonem
3173 1033 3556 1100 imperatorem
3591 1033 3683 1087 ob
3715 1047 3813 1088 re-

491 1136 876 1206 Emporiianus
903 1148 931 1177 α
958 1176 972 1202 ,
1000 1135 1054 1189 in
1084 1133 1339 1190 Maiorica
1370 1133 1596 1188 insidias
1637 1132 1841 1202 posuit,
1872 1140 1926 1187 et
1952 1142 2077 1188 octo
2174 1127 2479 1181 novandam
2518 1139 2703 1179 secum
2745 1124 3043 1178 amicitiam
3078 1130 3132 1179 et
3177 1125 3509 1194 praedictum
3541 1132 3811 1193 pactum

489 1244 659 1285 naves
687 1244 876 1285 eorum
908 1229 1070 1298 cepit,
1104 1227 1158 1282 in
1189 1227 1387 1297 quibus
1413 1226 1735 1296 quingentos
1774 1234 1829 1279 et
1863 1241 1928 1280 eo
1957 1240 2074 1280 am-
2175 1216 2605 1271 conﬁrmandum
2641 1215 2842 1271 diPeXii
2869 1214 2946 1281 "i
2998 1216 3294 1285 habitoque
3325 1217 3675 1286 Αίίυίδεωηί
3709 1233 3812 1286 ge-

487 1320 632 1393 plius
659 1319 856 1376 Corsos
883 1319 1124 1389 captivos
1165 1319 1387 1372 invenit.
1444 1316 1557 1373 Hoc
1587 1317 1758 1371 Mauri
1799 1318 2078 1374 vindicare
2176 1310 2348 1366 nerali
2395 1309 2578 1381 populi
2603 1312 2684 1364 Sili
2713 1316 2979 1364 conventu
3013 1310 3082 1364 ad
3109 1309 3342 1364 iusUlias
3381 1308 3685 1364 faciendas
3752 1318 3813 1364 et

487 1412 754 1480 volentes,
785 1411 1178 1467 Centumcellas
1220 1410 1249 1451 b
1304 1410 1534 1465 Tusciae
1576 1410 1850 1466 civitatem
1894 1421 1950 1467 ei
1979 1411 2074 1466 Ni-
2177 1401 2555 1472 oppressiones
2599 1401 2942 1471 popularium
2972 1400 3314 1464 relevandas,
3344 1399 3644 1471 legatosin
3679 1416 3812 1455 om-

489 1519 641 1560 ceam
665 1517 688 1545 e
727 1504 1037 1576 provinciae
1062 1501 1433 1558 Narbonensis
1475 1510 1844 1558 vastaverunt.
1891 1503 2078 1560 Sardi-
2177 1506 2274 1545 "es
2315 1490 2468 1561 regni
2510 1489 2592 1545 sui
2624 1497 2808 1559 Partes
2844 1489 3047 1544 dimiSii
3074 1490 3138 1556 ¹⁰τ
3169 1489 3543 1544 Bemhardum
3588 1504 3811 1560 τθεεω

488 1601 635 1655 "iam
688 1615 902 1671 quoque
965 1599 1231 1670 adgressi,
1290 1597 1688 1667 commissoque
1727 1613 1850 1652 cum
1889 1598 2078 1654 Sardis
2175 1583 2384 1649 Italiae,
2411 1592 2661 1655 nepotem
2691 1598 2872 1648 suum,
2915 1583 2983 1637 ad
3015 1597 3074 1637 se
3093 1590 3396 1647 evocatum,
3449 1584 3808 1636 muneribus

489 1690 714 1760 proelio,
742 1689 883 1761 pulsi
910 1704 975 1745 ac
996 1689 1149 1754 victi,
1181 1697 1237 1743 et
1259 1688 1444 1742 multis
1475 1703 1698 1743 suorum
1727 1689 1964 1754 amissis,
1995 1704 2078 1744 re-

2197 1679 2436 1731 lonatum
2468 1677 2522 1730 in
2546 1677 2588 1708 ἰ
2620 1691 2844 1747 regnum
2874 1675 3107 1740 remisit,
3151 1691 3276 1729 cum
3331 1673 3670 1729 Grimoaldo
3729 1676 3805 1740 “,

488 1789 771 1836 cesserunt
801 1780 843 1834 ⁸.
891 1779 963 1834 At
1005 1778 1234 1834 Michael
1281 1779 1578 1849 imperator
1623 1778 1884 1848 Bulgaros
1932 1780 2076 1836 bello
2105 1845 2142 1849 _
2178 1768 2685 1823 Benei'emanomm
2725 1769 2879 1832 duce,
2907 1775 3126 1838 Paetum
3150 1767 3280 1823 Ῑθείῐ
3319 1775 3475 1837 illiille
3510 1766 3806 1834 ίῖτιῐιθνίῑν

487 1875 749 1944 adpetens
776 1915 791 1939 ,
849 1873 996 1928 haud
1027 1872 1314 1942 prosperis
1358 1845 1708 1928 successibus
1730 1845 1958 1939 'utitur,
2016 1888 2080 1929 ac
2105 1845 2154 1907 Β
2181 1875 2248 1914 eo
2273 1859 2434 1915 mOdO
2458 1858 2566 1928 (Ιυδ
2585 1866 2639 1913 ει
2668 1867 2845 1929 Paier
2875 1859 3082 1914 εείιίοθῐ
3109 1867 3170 1912 ιιι
3203 1857 3571 1914 Beneventani
3608 1859 3808 1913 πέδιλ’

487 1964 714 2037 proinde
770 1966 991 2020 domum
1039 1979 1312 2029 reversus,
1358 1963 1603 2034 deposito
1633 1964 1935 2020 diademate
1964 1981 2081 2021 mo.
2183 1955 2298 2002 tum
2327 1949 2484 2017 annis
2503 1949 2729 2020 singulis
2757 1958 2961 2020 septem
2988 1949 3133 2004 milia
3157 1949 3356 2005 solidos
3379 1950 3572 2004 darent
3601 1968 3616 2000 :
3664 1959 3807 2005 tunc

490 2057 698 2112 nachus
729 2054 992 2122 efﬁcitur;
1027 2055 1081 2110 in
1103 2055 1256 2110 cuius
1286 2054 1465 2110 locum
1506 2055 1638 2122 Leo,
1671 2056 1879 2110 Bardae
1905 2057 2078 2127 patri-

2197 2040 2317 2094 luos
2339 2056 2407 2095 ex
2429 2040 2555 2095 ﬁliis
2578 2041 2714 2106 suis,
2729 2041 3069 2097 Hlotharium
3093 2043 3139 2073 ’³
3161 2043 3215 2096 in
3242 2043 3574 2107 Baioariam,
3594 2040 3806 2114 Pippi-

489 2146 561 2201 cii
587 2146 608 2176 θ
653 2146 817 2211 ﬁlius,
876 2146 1173 2216 imperator
1217 2147 1584 2200 consumitur.
1633 2145 1858 2201 Cmmas
1896 2148 1941 2212 τ’
1983 2163 2081 2204 rex
2182 2145 2314 2184 num
2340 2131 2395 2184 in
2422 2130 2768 2201 Aquitaniam
2794 2131 2961 2187 misit.
3021 2131 3308 2187 Harioldus
3345 2143 3400 2187 et
3428 2132 3806 2205 Reginfridus

488 2238 866 2310 Bulgarorum,
901 2238 992 2309 qui
1017 2239 1316 2295 Niciforum
1366 2240 1750 2309 imperatorem
1794 2249 1920 2296 ante
1947 2241 2080 2296 duos

2197 2237 2337 2292 reges
2362 2223 2656 2290 Danorum,
2690 2226 2781 2294 qui
2809 2240 2951 2280 anno
2979 2227 3259 2296 superiore
3287 2242 3315 2280 a
3343 2226 3467 2281 ﬁliis
3487 2227 3691 2282 Godof
3691 2229 3800 2284 ridi

490 2346 666 2387 annos
696 2331 988 2399 interfecit,
1037 2339 1094 2388 et
1137 2332 1452 2387 Michaelem
1499 2333 1566 2387 de
1614 2332 1816 2388 Moesia
1853 2332 2080 2404 fugavit,
2183 2315 2312 2370 victi
2341 2324 2586 2387 etresno
2635 2317 2776 2388 pulsi
2802 2316 3042 2383 fuerunt.
3100 2319 3367 2389 reparatis
3408 2320 3653 2384 viribus.
3693 2322 3801 2376 ite--

490 2426 747 2482 secundis
777 2427 939 2482 rebus
967 2425 1142 2481 elatus
1167 2442 1291 2482 cum
1333 2427 1576 2481 exercitu
1603 2442 1776 2497 usque
1812 2426 1881 2481 ad
1907 2427 2082 2496 ipsam

2197 2421 2304 2460 mm
2325 2407 2404 2462 eis
2427 2407 2627 2463 bellum
2650 2408 2980 2470 intulerunt;
3016 2411 3069 2464 in
3089 2426 3196 2480 quo
3224 2410 3481 2466 conflictu
3505 2421 3562 2466 et
3585 2412 3804 2484 Regin-

491 2518 1012 2590 Constantinopolim
1056 2520 1308 2586 accessit,
1331 2529 1387 2574 et
1409 2521 1560 2574 iuxta
1586 2529 1800 2590 portam
1844 2522 2083 2579 civitatis
2184 2497 2358 2558 “idus
2399 2506 2455 2553 et
2500 2513 2641 2590 imus
2671 2500 2738 2555 de
2783 2500 2908 2556 ﬁliis
2944 2499 3246 2590 GQdOfridi'
3296 2503 3388 2572 qui
3437 2504 3616 2558 maio"
3662 2517 3803 2560 “am

492 2619 676 2668 castra
721 2589 920 2683 posuit.
974 2611 1146 2680 Quem
1183 2613 1465 2668 moenibus
1500 2589 1649 2668 urbis
1679 2613 2084 2683 obequitamem
2185 2598 2320 2656 erat,
2342 2589 2670 2683 interfectus
2700 2599 2800 2683 est.
2852 2590 2970 2658 Quo
2999 2589 3163 2656 facto,
3203 2591 3491 2646 Herioldus
3530 2591 3579 2623 "'
3623 2595 3803 2648 rebus

491 2704 604 2759 Leo
630 2679 1250 2774 imﬁemtor’e’mpﬁone
1281 2703 1446 2768 facta,
1474 2703 1752 2758 incautum
1782 2679 2010 2774 e‘xcepit,
2029 2711 2086 2759 et
2185 2681 2300 2736 suis
2325 2679 2595 2747 difﬁdens,
2630 2683 2698 2737 ad
2727 2682 3110 2752 imperatorem
3140 2683 3309 2748 venit,
3337 2692 3391 2738 et
3410 2698 3467 2738 se
3499 2683 3557 2738 in
3581 2701 3793 2740 manus

493 2795 734 2868 graviter
757 2794 1104 2851 vulneratum
1147 2795 1402 2866 fugiendo
1431 2795 1536 2850 sibi
1582 2795 1868 2852 consulere
1899 2810 1962 2851 ac
1989 2811 2086 2866 pa-
2257 2792 2277 2813 ¹⁵
2319 2791 2587 2874 [sepultus
2612 2793 2782 2879 Aquis
2805 2795 2857 2848 in
2881 2795 3101 2879 basilica
3123 2803 3342 2876 sanctae
3368 2795 3464 2850 Dei
3496 2797 3796 2879 genitricis

496 2866 660 2940 iriam
681 2885 1120 2958 ulrpiier.redire
1146 2887 1343 2956 coegit
2187 2866 2505 2964 ἓΡέἾᾷίΡέῗ
2514 2866 3800 2964 ἓὲῗδξῖῗξῗνέὲιηὲθῖἒῗὲ,ΞΡῗηῗῗῖηὶῗῖΞὲἓὲΫΗ

2188 2942 2292 2999 est,
2321 2943 2375 3006 et
2398 2937 2452 2988 in
2483 2937 2611 2991 sede
2639 2951 2803 2991 aurea
2831 2937 3024 2992 sedens
3054 2939 3288 3006 positum
3311 2945 3396 2991 est
3416 2938 3468 2991 in
3492 2949 3802 2994 curvatura

2186 3005 2484 3075 sepulchri,
2509 3023 2640 3062 ense
2673 3023 2836 3062 aureo
2865 3005 3164 3074 accinctus,
3195 3008 3534 3076 evangelium
3562 3025 3631 3062 au
3643 3026 3800 3064 reum

1127 2996 1444 3055 DCCCXIV.

569 3105 810 3162 Domnus
832 3104 1030 3162 Karlus
1060 3106 1356 3178 imperator
1382 3108 1510 3164 dum
1530 3108 1855 3181 Aquisgrani
1881 3109 2088 3168 hiema-

2197 3084 2381 3131 lenens
2412 3078 2464 3131 in
2500 3079 2750 3135 manibus
2770 3086 2824 3132 et
2849 3079 3098 3150 genibus,
3149 3077 3421 3133 reclinatis
3444 3079 3701 3135 humeris
3745 3081 3801 3136 in

2197 3147 2476 3220 cathedra,
2499 3160 2554 3204 et
2602 3150 2777 3220 capite
2809 3151 3036 3204 honeste
3057 3158 3242 3204 erecto
3289 3149 3456 3220 ligato
3505 3167 3683 3205 aurea
3711 3168 3802 3206 ca-

498 3209 603 3267 ret.
655 3215 798 3256 anno
833 3201 1029 3257 aetatis
1057 3202 1279 3257 circiter
1309 3205 1711 3275 septuagesimo
1744 3206 1955 3276 primo,
1993 3223 2084 3264 re-
2113 3208 2158 3271 C
2191 3201 2316 3275 te...
2338 3201 3272 3275 eadem;an'E‘t’aa'aaessie
3291 3201 3800 3291 iig..;.n;‘.;.‘.:ci;e

497 3293 589 3364 gni
644 3299 825 3347 autem
876 3292 1294 3363 quadragesimo
1341 3295 1573 3364 septimo
1622 3295 1666 3360 ⁸,
1715 3296 2086 3367 subactaeque
2193 3291 2372 3346 crucis
2398 3292 2632 3367 positum
2657 3299 2759 3346 est.
2808 3291 2875 3367 Et
2902 3293 3253 3367 repleverunt
3296 3293 3652 3361 sepulchrum
3683 3297 3797 3348 eius

492 3361 682 3439 Italiae
702 3361 1122 3455 quadragesimo
1147 3383 1328 3448 tertio,
1344 3361 1416 3439 ex—
1432 3400 1540 3454 quo
1558 3401 1688 3440 vero
1715 3361 2012 3456 imperator
2033 3398 2090 3445 et
2577 3361 3241 3456 ἓξεῗῖξδξξίίξτῗξςεῙΞῨῖξῗδΡῖξ)
3261 3371 3662 3456 ,ἓξᾙξῗῗίξῗξδξ
3674 3367 3796 3456 ῘΡῨ

501 3432 681 3439 ---η-η
707 3432 1117 3455 τηαν---η
1152 3432 1328 3448 --η-ν,
1348 3432 1409 3439 ν.-
1435 3432 1536 3454 τ--
1573 3432 1685 3440 η--
1715 3432 2003 3456 --.γυ-ην.
2035 3432 2090 3445 ν.

501 3477 778 3548 Augustus
798 3476 1098 3548 appellatus
1125 3486 1209 3533 est
1237 3493 1379 3532 anno
1405 3478 1616 3534 decimo
1647 3489 1863 3549 quarto,
1897 3481 1948 3534 5.
1966 3480 2086 3536 Kal.

2197 3432 2566 3486 saurismultis
2586 3432 2656 3486 in
2674 3448 2826 3486 auro.
2850 3432 3119 3487 Vestitum
3141 3442 3227 3488 est
3256 3449 3453 3503 corpus
3477 3435 3600 3488 eius
3628 3436 3797 3489 resti-

2197 3503 2391 3557 mentis
2413 3503 2800 3572 imperialibus,
2830 3513 2885 3559 et
2911 3504 3131 3559 sudario
3159 3505 3260 3559 sub
3287 3505 3598 3559 diademate
3621 3505 3795 3560 facies

495 3567 657 3624 Febr.
716 3569 878 3624 rebus
906 3569 1160 3636 humanis
1209 3570 1488 3625 excessit”
1524 3572 1563 3623 ‘.
1630 3570 1795 3626 Cuius
1837 3573 1916 3628 rei
1951 3589 2090 3626 nun-

2192 3574 2312 3628 eius
2338 3581 2527 3642 operta
2547 3582 2649 3628 est.
2691 3574 2940 3629 Cilicium
2963 3575 3036 3646 ad
3061 3590 3281 3631 carnem
3293 3576 3410 3630 eius
3430 3577 3674 3646 positum
3693 3586 3791 3640 est,

502 3661 645 3715 cium
676 3675 799 3715 cum
817 3659 1163 3716 Hludowicus
1195 3662 1336 3717 ﬁlius
1356 3663 1544 3717 eiusin
1569 3662 1858 3734 Aquitania
1882 3665 1922 3696 ιο
1947 3664 2090 3735 apud
2193 3659 2300 3735 939
2314 3653 2768 3735 egeriae-“retere
2791 3645 3795 3735 irrieeeeiyrgeiseper;ressimemis

500 3749 810 3806 Tedoadum
848 3752 890 3782 “
919 3750 946 3790 ἀ
990 3751 1196 3820 villam,
1245 3755 1335 3810 ubi
1355 3762 1410 3809 et
1441 3755 1552 3825 ipse
1576 3762 1704 3810 tunc
1741 3756 2088 3822 hibernabat,

2195 3715 2564 3787 imperialibus
2592 3731 2721 3785 pera
2746 3717 3101 3786 peregrinalis
3114 3733 3276 3771 aurea
3303 3715 3479 3787 posita
3492 3727 3596 3781 est,
3626 3735 3788 3787 quam

496 3841 748 3912 plurimis
762 3842 1127 3900 deferentibus
1153 3847 1470 3916 accepisset,
1505 3847 1782 3902 tricesimo
1804 3856 2092 3918 postquam

2195 3785 2425 3840 Romam
2450 3797 2669 3856 portare
2697 3785 2898 3841 solitus
2921 3796 3061 3841 erat.
3130 3785 3416 3857 Sceptrum
3463 3785 3694 3844 aureum
3746 3799 3794 3844 et

2195 3864 2408 3912 scutum
2447 3873 2670 3911 aureum
2701 3858 2843 3926 quod
2875 3858 2984 3912 Leo
3006 3874 3147 3929 papa
3173 3871 3593 3914 consecraverat
3616 3901 3630 3922 ,
3663 3869 3791 3914 ante

497 3936 552 3991 id
577 3935 850 3991 acciderat
881 3935 970 3992 die
1007 3937 1348 4010 Aquasgrani
1390 3939 1558 4003 venit,
1619 3954 1938 4009 summoque
1977 3955 2094 3994 om-

502 4027 652 4082 nium
677 4027 1012 4085 Francorum
1038 4041 1305 4088 consensu
1334 4049 1398 4088 ac
1435 4031 1621 4086 favore
1651 4034 1789 4103 patri
1809 4034 2090 4090 successit.

2195 3941 2318 4010 eum
2337 3929 2511 4010 posita
2534 3937 2658 3982 sunt
2678 3928 3036 4010 dependentia
3051 3947 3063 3982 :
3079 3928 3146 3984 iet
3169 3929 3485 4010 clausumﬂet
3498 3930 3790 4010 sigillatum

503 4118 570 4172 Et
619 4119 688 4173 ad
737 4121 974 4192 suscepti
1006 4124 1157 4194 regni
1197 4125 1724 4179 administrationem
1780 4142 1911 4181 cura
1959 4142 2092 4182 con-

2196 4007 2279 4053 est
2302 3999 2646 4071 sepulchrum
2675 3997 2827 4071 eiUs.
2895 3997 3064 4054 Nemo
3116 4009 3297 4071 autem
3344 3997 3783 4071 referI'erotest,

504 4223 686 4276 versa,
718 4213 896 4282 primo
919 4214 1218 4286 legationes
1240 4217 1476 4287 gentium
1509 4235 1647 4288 quae
1668 4219 1736 4273 ad
1764 4227 1976 4288 patrem
2006 4234 2098 4273 ve-

2197 4080 2433 4139 quantus
2463 4070 2708 4140 planctus
2737 4078 2790 4124 et
2814 4068 2992 4142 luctus
3020 4086 3120 4140 pro
3170 4086 3235 4124 eo
3267 4070 3432 4126 fuerit
3465 4087 3562 4142 per
3580 4068 3782 4126 univer-

2199 4155 2313 4195 sam
2352 4149 2584 4214 terram;
2615 4142 2778 4214 etiam
2810 4141 2954 4196 inter
2980 4141 3614 4214 paganosplangebatur,
3637 4143 3782 4212 quasi

502 4311 719 4369 nerant,
751 4305 962 4362 auditas
984 4308 1238 4374 absolvit,
1271 4309 1406 4364 alias
1431 4310 1626 4366 deinde
1655 4312 1818 4367 simili
1850 4314 2008 4368 modo
2028 4315 2096 4370 ad

501 4404 712 4465 patrem
737 4398 956 4468 quidem
990 4401 1032 4432 ι’
1063 4401 1278 4468 missas,
1311 4403 1378 4458 ad
1408 4419 1466 4459 se
1498 4419 1628 4460 vero
1666 4407 1950 4462 venientes
1978 4422 2098 4464 sus-

503 4488 666 4558 cepit.
695 4487 841 4547 lnter
870 4509 1007 4564 quas
1031 4496 1323 4567 praecipua
1352 4496 1452 4552 fuit
1481 4499 1681 4571 legatio
1699 4501 1764 4556 de
1786 4497 2097 4557 Constanti-

2196 4220 2360 4284 pater
2387 4211 2557 4284 orbis.
2626 4211 2892 4284 Maximus
2921 4211 3328 4284 vero'planc'tus
3357 4211 3504 4268 inter
3535 4211 3780 4269 christia-

2198 4280 2297 4355 nos
2336 4280 2459 4344 fuit.
2511 4291 2566 4336 et
2585 4283 2874 4354 praecipue
2917 4299 3016 4355 per
3052 4280 3365 4338 universum
3394 4301 3622 4355 regnum
3652 4286 3778 4337 eius.

2199 4352 2330 4408 Oleo
2353 4361 2530 4406 autem
2561 4352 2750 4408 sancto
2777 4352 3030 4410 inunétus
3055 4357 3121 4410 ab
3158 4352 3482 4425 episcopisf
3506 4366 3560 4411 et
3596 4355 3784 4425 viatico

2200 4435 2433 4496 sumpto,
2466 4433 2520 4480 et
2548 4426 2799 4480 omnibus
2821 4426 2936 4481 suis
2964 4427 3257 4496 dispositis,
3281 4424 3669 4481 commendans
3692 4424 3786 4478 Do-
3811 4438 3819 4496 ἦ

2201 4495 2351 4550 mino
2378 4497 2627 4565 spiritum
2659 4512 2836 4562 suum,
2881 4497 3016 4551 obiit
3045 4495 3098 4552 in
3131 4513 3265 4567 pace
3291 4514 3434 4552 anno
3461 4497 3568 4553 8H
3599 4497 3663 4550 ab
3709 4497 3784 4549 iu-
3817 4501 3820 4505 ’

505 4581 683 4651 nopoli
703 4563 909 4640 directa
935 4586 1000 4640 ³³.
1033 4563 1168 4642 Nam
1200 4563 1311 4645 Leo
1333 4563 1629 4660 imperator
1658 4593 1749 4661 qui
1784 4592 2032 4650 Michaeli
2051 4596 2095 4628 ί*
2119 4563 2175 4624 D
2202 4563 2520 4661 ⁰ξ³τ¹ἓ³ίῖ⁰¹ἱθ
2542 4567 2764 4661 Βθπξίηί,
2810 4563 3376 4661 “9⁵¹¹’ῘᾸΞ⁵¹¹ὈῘ¹¹’Ῐ⁵⁸Ῑ“
3459 4569 3527 4623 Et
3553 4567 3787 4661 "33"”?!

504 4686 866 4744 successerat,
923 4679 1146 4736 dimisso
1190 4681 1503 4737 Amalhario
1541 4685 1794 4755 episcopo
1847 4694 1901 4741 et
1932 4687 2094 4744 Petro

503 4765 722 4834 abbate,
748 4771 839 4840 qui
856 4771 925 4827 ad
947 4771 1262 4829 Michaelem
1289 4775 1507 4845 quidem
1538 4777 1712 4844 missi,
1731 4778 1798 4832 ad
1821 4794 1879 4833 se
1906 4787 2089 4833 tamen

2233 4638 2620 4694 loriosissimus
2650 4639 2958 4694 Ludovicus
2989 4639 3133 4694 ﬁlius
3159 4640 3276 4693 eius
3300 4655 3398 4708 pro
3424 4654 3513 4703 eo,
3539 4647 3786 4709 regnante

2236 4655 2620 4694 tormmssnmus
2650 4655 2958 4694 LUthVlCUS
2989 4655 3133 4694 nuus
3159 4655 3276 4693 eius
3300 4655 3398 4708 pro
3424 4655 3513 4703 eo,
3539 4655 3785 4709 regnante

2194 4655 2422 4765 gomino
2449 4717 2637 4781 nostro
2665 4710 2784 4763 Iesu
2814 4709 3054 4781 Christo,
3104 4711 3191 4765 cui
3217 4718 3301 4765 est
3324 4711 3499 4781 gloria
3530 4711 3585 4765 in
3615 4708 3785 4764 secula

2195 4781 2528 4835 seculorum.
2587 4780 2782 4836 Amen.
2815 4780 2876 4835 11
2891 4780 2931 4854 .]
3333 4780 3342 4820 ἶ

1735 4869 2128 4927 VARIANTES
2163 4870 2566 4927 LECTIONES.

580 4953 599 4986 ¹
632 4969 854 5014 soeones
878 4958 932 5014 2.
964 4975 1230 5017 suueones
1257 4962 1310 5016 5.
1343 4976 1538 5019 suenes
1556 4961 1630 5017 ‘4.
1657 4977 1928 5019 suenones
1962 4962 2009 5016 Β
2036 4963 2091 5018 2.
2132 4977 2333 5019 suones
2355 4963 2400 5017 Β
2427 4963 2480 5019 5.
2557 4964 2578 4994 ’
2600 4963 2776 5020 turbis
2803 4965 2854 5019 I.
2879 4963 2934 5020 5.
2958 4965 3011 5019 6.
3090 4966 3111 4997 ³
3138 4963 3344 5020 sorsica
3365 4961 3412 5018 B
3429 4963 3487 5018 5.

1960 5034 1981 5065 ⁵
2009 5045 2374 5091 recesserunt.
2404 5036 2461 5089 in
2480 5036 2578 5089 hac
2619 5052 2739 5090 voce
2781 5035 3026 5091 desinunt
3051 5037 3097 5091 B
3116 5035 3170 5090 2.
3198 5037 3252 5090 5.
3284 5035 3334 5089 7.

506 5026 698 5105 garius
720 5027 821 5105 2.._.
849 5030 1089 5105 ingarius
1116 5033 1162 5087 B
1192 5034 1245 5087 2.
1280 5033 1714 5105 herminguarius
1742 5035 1788 5088 Β
1805 5033 1854 5088 7.

3604 4966 3627 4996 δ
3651 4964 3786 5019 irmi-

3438 5037 3460 5065 ⁶
3484 5035 3572 5092 leo
3597 5037 3785 5092 eabdae

508 5097 768 5176 patricius
791 5101 842 5154 3.
874 5097 960 5176 leo
983 5105 1190 5173 bapdae
1217 5105 1270 5159 9.
1297 5104 1383 5160 leo
1402 5097 1610 5176 papvdae
1636 5105 1825 5160 Chesn.
1900 5106 1921 5136 "
1952 5106 2150 5162 crimas
2176 5107 2229 5160 4.
2263 5109 2487 5161 brumas
2517 5105 2569 5160 6.
2645 5106 2667 5136 ⁸
2702 5105 2883 5161 XLIIII
2919 5107 2972 5162 2.
3051 5108 3072 5138 ⁹
3101 5107 3334 5162 excessit
3353 5107 3481 5176 ﬁnis
3510 5109 3666 5162 codd.
3711 5107 3781 5160 lo.

509 5167 858 5249 II._quoqm_t
883 5174 976 5249 ju's
1011 5167 1179 5249 pauca
1232 5176 1300 5249 de
1321 5167 1590 5249 sep'uliura
1619 5175 1949 5249 imperatoris
1995 5194 2157 5249 supra
2187 5177 2352 5231 allata
2387 5178 2557 5231 addit.
2636 5177 2678 5208 ¹⁰
2703 5178 3013 5247 aequitania
3034 5178 3079 5233 Β
3097 5177 3150 5232 6.
3183 5179 3258 5249 ita
3283 5167 3517 5249 saepius.

3619 5181 3658 5211 ιι

510 5238 708 5320 dadum
880 5243 931 5320 ξ’».
956 5238 1209 5320 teoadum
1229 5247 1278 5301 5.
1305 5248 1357 5302 6.
1379 5238 1760 5320 'theotluadu'm
1786 5247 1860 5320 7.Δ
1881 5238 2202 5320 thedoadum
2231 5249 2282 5320 9.
2362 5249 2406 5280 ¹¹
2432 5257 2642 5320 patrem
2669 5238 2802 5304 ante.
2822 5249 3035 5319 quidem
3063 5249 3115 5305 9.
3195 5248 3238 5279 ¹³
3267 5249 3333 5304 de
3351 5238 3513 5305 const
3559 5251 3722 5320 missa
3740 5247 3782 5320 9.

515 5308 560 5342 ⁸⁸
633 5310 1068 5368 michaheliB2.
1160 5317 1203 5347 ¹⁸
1224 5327 1486 5374 venerant
1524 5317 1714 5372 Chesn.

513 5380 818 5437 ricbonium
864 5384 914 5438 5.
947 5384 996 5438 7.
1032 5385 1075 5438 Β
1105 5385 1157 5442 6.
1202 5391 1523 5446 richwinum
1561 5390 1613 5446 9.

1823 5317 1864 5348 ¹⁶
1890 5319 2205 5374 norbertum
2250 5319 2304 5374 4.
2367 5317 2660 5375 5.ἠοι·(1ιιε
2711 5317 2925 5375 bertum
2949 5321 3002 5374 2.

1712 5389 1755 5421 ¹⁸
1793 5389 2088 5458 pitavinum
2119 5390 2174 5444 4.
2218 5392 2552 5461 pictavinum
2585 5391 2632 5444 B
2658 5391 2711 5446 6.
2767 5392 3058 5462 pictavium
3112 5389 3163 5444 7.
3209 5392 3588 5462 pictavensem
3635 5391 3784 5459 Bouq.

3102 5320 3143 5352 ιτ
3169 5319 3481 5376 richoinum
3509 5321 3565 5376 2.
3591 5323 3643 5376 4.
3681 5319 3721 5374 Β
3741 5319 3782 5372 5.

517 5451 560 5536 ’.θ
597 5454 1030 5536 _eot_iﬁrmandum
1074 5458 1222 5536 t_nisi_t
1261 5462 1342 5536 9.Δ
1390 5463 1434 5536 'f’
1464 5462 1548 5536 sui
1577 5461 1726 5536 ﬁnes
1775 5451 1942 5536 misit.
1975 5463 2045 5536 9._
2102 5463 2146 5536 τί
2167 5451 2389 5536 donavit
2440 5462 2585 5536 etin
2608 5463 2672 5536 9.7
2701 5533 2711 5536 _
2738 5451 2785 5494 ’ί
2809 5451 3240 5536 grimoldo
3261 5461 3357 5536 εἰη
3400 5451 3785 5536 "blutbariuiu

513 5521 569 5607 ξ,
596 5520 889 5607 [mperium
1005 5527 1298 5607 lotharium
1318 5532 1370 5590 9.
1404 5534 1480 5588 ita
1503 5533 1763 5606 deinceps.
1840 5532 1888 5565 “
1909 5531 2212 5591 heriholtus
2250 5536 2303 5590 9.
2335 5535 2480 5591 facto
2504 5533 2782 5591 herioldus
2809 5520 2878 5591 vI.
2909 5535 2963 5590 2.
2994 5534 3095 5607 (5.)
3121 5534 3210 5590 10.
3253 5533 3300 5588 Β
3328 5534 3381 5590 5.
3414 5537 3470 5593 6.
3519 5532 3783 5592 barioldns

514 5595 569 5647 4.
593 5593 645 5649 5.
669 5595 719 5650 6.
750 5597 799 5651 7.
837 5597 1136 5657 heriholtus
1165 5603 1216 5659 9.

2016 5696 2246 5758 NOTAE.

584 5791 620 5894 τ’
638 5783 1108 5894 (lipgid'uia‘mdie
1139 5790 1431 5861 Ampurias
1458 5801 1704 5852 vocatur.

645 5856 1071 5916 Cirim-vaccinia.

2277 5803 2305 5903 αῖ
2340 5793 2678 5939 ἔέίὲαριίηρο
2709 5862 2964 5926 Saumur.
2997 5857 3211 5940 ﬁnies.
3251 5857 3378 5923 Not.
3416 5861 3780 5936 6.114.852-
