3960 6346
132 349 253 410 481

1617 334 1940 402 ANNALES

3311 329 3424 390 48$

134 471 298 527 illius
347 461 748 524 commendavit
782 477 797 529 ;
856 473 1016 532 quem
1043 459 1134 516 ille
1181 465 1489 530 susceptum
1527 459 1585 515 in
1637 459 1738 516 Sa-
1766 460 1821 522 Α
1842 454 2004 527 legati
2023 451 2320 526 pontiﬁcis,
2361 447 2628 506 Iohannes
2650 448 2936 518 episcopus
2956 447 3426 506 Silvae-candidae

136 564 377 620 xoniam
427 562 528 626 ire,
567 568 623 614 et
656 563 983 628 oportunum
1035 564 1250 625 tempus
1303 562 1589 625 expectare
1630 553 1740 609 ius-

136 658 256 721 sit,
310 670 422 725 quo
474 653 564 720 ei,
616 650 758 707 sicut
793 649 809 680 ³
842 647 1091 720 petierat,
1135 646 1392 704 auxilium
1439 645 1583 702 ferre
1643 659 1741 716 po-

137 749 354 804 tuisset
386 747 428 799 ⁹.
784 733 786 735 ’

811 831 1098 891 DCCCXV.

217 935 438 990 Iussum
455 939 539 988 est
566 931 634 986 ab
666 931 1014 999 imperatore,
1041 936 1100 982 ut
1115 926 1359 984 Saxones
1383 935 1438 982 et
1459 921 1741 981 Abodriti’

142 1028 217 1083 ad
231 1029 379 1082 hanc
393 1023 794 1094 expeditionem
808 1027 1284 1092 praepararentur,
1315 1024 1744 1088 temptatumque

144 1124 206 1177 in
235 1122 335 1176 illa
366 1120 546 1174 hieme
581 1116 790 1172 duabus
818 1115 1048 1182 vicibus,
1097 1113 1144 1169 si
1182 1113 1332 1168 Albis
1375 1109 1595 1165 transiri
1620 1123 1746 1178 pos«
1775 1173 1780 1178 _

147 1221 237 1269 set
263 1212 309 1278 ⁸,
344 1211 441 1267 sed
478 1209 778 1264 mutatione
818 1208 995 1263 subita
1045 1206 1188 1262 aeris
1244 1203 1467 1260 emolliti
1508 1201 1679 1272 glacie
1721 1200 1744 1232 ⁵

147 1304 399 1360 ﬂuminis
444 1302 703 1365 resoluta,
745 1300 1020 1370 negotium
1049 1296 1311 1352 remansit
1339 1294 1592 1350 infectum
1621 1290 1741 1363 [im-

148 1395 462 1469 perfectum
508 1392 712 1464 A.L.],
765 1393 936 1447 donec
985 1391 1203 1445 tandem
1249 1389 1427 1444 hieme
1467 1391 1743 1440 transacta

150 1488 308 1542 circa
341 1486 578 1541 medium
610 1485 723 1539 fere
745 1483 764 1514 °
793 1483 989 1538 Maium
1013 1497 1256 1537 mensem
1279 1487 1604 1550 oportunum
1618 1493 1746 1548 pro—

151 1577 441 1634 ﬁciscendi
473 1586 682 1645 tempus
706 1573 916 1629 adrisit.
959 1573 1111 1628 Tunc
1136 1588 1326 1628 omnes
1362 1571 1619 1626 Saxonici
1651 1585 1746 1624 co-

150 1669 331 1724 mites
358 1681 650 1735 omnesque
670 1665 1057 1720 Abodritorum
1083 1665 1271 1734 c0piae
1299 1679 1420 1718 cum
1451 1662 1625 1733 legato
1648 1662 1748 1716 im-

151 1758 436 1827 peratoris
449 1755 696 1810 Baldrico
724 1757 766 1821 ⁷,
808 1755 949 1809 sicut
976 1755 1184 1808 iussum
1215 1764 1350 1820 erat,
1377 1755 1444 1808 ad
1488 1753 1746 1808 auxilium

1841 557 1899 605 et
1917 547 2232 604 Theodorus
2256 542 2628 600 nomenclator
2651 549 2705 598 et
2732 540 2954 613 Sergius
2968 543 3094 607 dux,
3121 541 3425 611 subsecuti,

1843 640 1909 697 de
1938 639 2023 695 his
2051 654 2190 710 quae
2212 638 2429 694 domino
2454 652 2552 692 suo
2573 636 2970 702 obiciebantur,
2991 651 3090 706 per
3110 636 3288 692 omnia
3321 637 3424 692 im-

1841 731 2081 804 peratori
2103 729 2504 786 satisfecerunt.
2530 729 2717 800 Legati
2742 727 3040 784 Sardorum
3055 727 3122 784 de
3142 727 3321 784 Carali
3335 731 3381 760 ²²
3394 728 3426 771 ιι

1844 823 2060 880 civitate
2094 823 2233 878 dona
2253 821 2488 878 ferentes
2509 829 2793 878 venerunt.
2851 821 2962 876 Pax
2975 835 3115 892 quae
3138 836 3262 876 cum
3286 821 3430 877 Abu-

1845 915 1927 970 laz
1951 931 2076 988 rege
2104 915 2531 971 Sarracenorum
2570 915 2732 983 facta,
2779 924 2836 971 et
2866 928 2965 986 per
2991 914 3286 970 triennium
3315 929 3430 970 ser.

1845 1013 1970 1060 vata
1997 1015 2136 1072 erat,
2166 1005 2314 1061 velut
2338 1006 2543 1061 inutilis
2568 1006 2777 1076 irrupta
2799 1005 2867 1072 “,
2891 1014 2946 1060 et
2970 1012 3161 1060 contra
3182 1021 3307 1060 eum
3327 1005 3405 1060 ite
3428 1040 3432 1045 -

1846 1112 1968 1153 rum
1987 1098 2185 1153 bellum
2206 1106 2518 1168 susceptum
2548 1105 2651 1153 est.
2707 1096 3044 1153 Nordbertus
3073 1097 3119 1129 ’δ
3145 1098 3431 1168 episcopus

1847 1200 1903 1247 et
1923 1192 2219 1248 Richoinus
2249 1193 2296 1224 "
2325 1207 2510 1248 comes
2564 1191 2632 1247 de
2661 1190 3128 1261 Constantinopoli
3173 1192 3431 1259 regressi,

1796 1306 1798 1308 ν
1850 1284 2266 1355 descriptionem
2288 1285 2433 1353 pacti
2454 1298 2614 1353 quam
2653 1281 2763 1337 Leo
2785 1282 3080 1352 imperator
3110 1282 3191 1337 eis
3213 1283 3435 1336 dederat

1850 1376 2171 1442 detulerunt;
2206 1377 2297 1446 qui
2319 1376 2462 1431 inter
2498 1383 2715 1430 caetera
2749 1383 2927 1430 terrae
2949 1383 3154 1428 motum
3179 1373 3407 1444 gravissi

1851 1484 1998 1523 mum
2023 1484 2206 1523 mense
2230 1466 2473 1538 Augusto
2493 1481 2593 1538 per
2616 1466 2903 1520 continuos
2944 1464 3185 1533 quinque
3213 1463 3330 1518 dies
3358 1462 3435 1517 ibi

1852 1559 2142 1628 contigisse
2175 1557 2497 1622 retulerunt,
2549 1571 2657 1626 quo
2687 1564 2743 1609 et
2794 1555 2964 1624 ipsius
2993 1553 3145 1608 urbis
3187 1552 3435 1608 aediﬁcia

1852 1650 2110 1720 conplura
2141 1651 2422 1715 cecidisse,
2445 1657 2501 1704 et
2515 1649 2746 1702 aliarum
2771 1647 3049 1702 civitatum
3079 1646 3306 1716 populos
3331 1645 3436 1700 rui-

1853 1743 1941 1798 nis
1968 1743 2257 1812 obpressos
2272 1757 2391 1796 esse
2419 1740 2603 1796 testati
2621 1745 2766 1794 sunt.
2818 1737 2924 1794 Sed
2952 1746 3008 1794 et
3034 1737 3088 1792 in
3112 1736 3284 1793 Gallia
3302 1737 3440 1792 San-

154 1826 427 1908 Rarioldo
466 1848 487 1879 ⁸
527 1847 809 1902 ferendum
858 1856 1008 1901 trans
1045 1846 1368 1917 Aegidoram
1419 1845 1638 1899 ﬂuvium
1693 1845 1750 1899 in
1777 1826 1826 1888 Β
1853 1843 2009 1890 tones
2037 1835 2100 1900 ³⁸,
2159 1835 2351 1890 civitas
2384 1832 2732 1904 Aquitaniae,
2782 1844 2970 1886 mense
3021 1828 3362 1899 Septembrio
3391 1828 3437 1861 ³⁷

155 1947 370 1996 terram
411 1936 884 1992 Nordmannorum
923 1936 1190 1991 vocabulo
1226 1935 1469 1990 Sinlendi
1499 1935 1519 1965 ⁹
1551 1947 1576 1975 ει
1620 1949 1747 2004 per-

157 2032 410 2096 veniunt,
435 2037 491 2085 et
518 2029 644 2084 inde
662 2027 913 2100 profecti,
957 2029 1186 2098 septimo
1215 2028 1432 2082 tandem
1449 2027 1536 2082 die
1555 2028 1608 2081 in
1631 2026 1752 2082 loco

156 2123 257 2194 qui
322 2121 521 2176 dicitur
552 2121 592 2150 ¹⁰
625 2161 638 2174 .
683 2159 696 2174 .
741 2161 755 2175 .
797 2121 852 2174 in
892 2120 1049 2175 litore
1103 2119 1292 2174 oceani
1349 2119 1389 2149 “
1445 2128 1623 2173 castra
1653 2133 1752 2188 po-

158 2224 302 2269 nunt
329 2233 342 2268 :
391 2216 434 2245 ¹²
460 2213 644 2283 ibique
679 2213 893 2268 stativis
921 2213 1100 2268 triduo
1124 2212 1346 2278 habitis,
1367 2227 1490 2267 cum
1516 2211 1612 2266 ﬁlii
1641 2210 1750 2267 Go-

162 2306 390 2372 dofridi,
429 2307 524 2377 qui
557 2307 602 2338 ³³
635 2314 820 2361 contra
843 2321 938 2361 eos
973 2305 1184 2376 magnis
1214 2305 1384 2374 copiis
1411 2313 1466 2359 et
1493 2305 1754 2360 ducenta-

159 2417 287 2457 rum
323 2400 548 2454 navium
578 2399 748 2454 classe
776 2407 1087 2471 comparata
1123 2398 1179 2452 in
1201 2397 1377 2452 insula
1405 2396 1635 2468 quadam
1663 2395 1758 2450 tri-

159 2488 268 2544 bus
293 2489 513 2544 milibus
539 2506 570 2544 a
598 2487 896 2544 continenti
923 2500 1177 2560 separata
1203 2488 1513 2543 residebant
1535 2488 1602 2555 νδ,
1629 2503 1755 2543 cum

161 2583 246 2638 eis
283 2582 325 2612 ³⁸
345 2581 602 2651 congredi
630 2596 737 2635 non
766 2580 1048 2645 auderent,
1075 2580 1305 2634 vastatis
1331 2579 1757 2649 circumquaque

160 2673 362 2727 vicinis
383 2671 539 2742 pagis
561 2679 616 2726 et
643 2671 880 2740 acceptis
903 2669 1245 2740 popularium
1261 2671 1540 2726 obsidibus
1566 2669 1657 2736 40,
1690 2670 1758 2726 ad

163 2767 556 2836 imperatorem
604 2765 661 2820 in
688 2763 981 2819 Saxoniam
1021 2753 1233 2818 reversi
1279 2771 1424 2819 sunt.
1467 2761 1588 2832 Ipse
1611 2766 1758 2818 enim

165 2867 299 2914 tunc
323 2859 585 2928 temporis
606 2858 660 2912 in
691 2858 810 2914 loco
831 2857 925 2927 qui
952 2857 1151 2913 dicitur
1188 2856 1578 2912 Padrabruuno
1602 2855 1646 2886 ιθ
1666 2871 1759 2926 ge-

166 2953 411 3008 neralem
434 2953 618 3024 populi
643 2953 725 3009 sui
761 2963 1084 3008 conventum
1133 2952 1386 3008 habebat.
1445 2951 1524 3007 Ibi
1545 2950 1614 3004 ad
1634 2964 1759 3004 eum

167 3061 363 3101 omnes
387 3045 733 3100 orientalium
764 3045 1084 3101 Sclavorum
1112 3047 1380 3116 primores
1403 3053 1460 3099 et
1478 3043 1640 3115 legati
1666 3055 1761 3096 ve-

169 3144 394 3194 nerunt.
455 3135 564 3191 Sed
585 3147 876 3207 antequam
899 3138 1026 3192 illuc
1047 3137 1280 3202 veniret,
1321 3137 1376 3190 id
1406 3143 1489 3191 est
1517 3150 1639 3190 cum
1666 3133 1761 3188 ad-

167 3224 282 3284 huc
301 3228 447 3284 domi
478 3236 623 3283 esset
651 3229 714 3294 ιτ,
745 3229 987 3284 adlatum
1021 3237 1106 3283 est
1125 3228 1194 3294 ei,
1247 3227 1514 3297 quosdam
1557 3227 1623 3281 de
1640 3224 1757 3295 pri-

171 3322 428 3378 moribus
459 3319 826 3376 Romanorum
851 3323 918 3377 ad
946 3321 1382 3376 interﬁciendum
1403 3320 1643 3374 Leonem
1664 3332 1760 3389 pa-

171 3428 307 3484 pam
338 3412 394 3467 in
425 3413 537 3482 ipsa
557 3416 688 3469 urbe
707 3414 880 3468 Roma
901 3413 1262 3482 conspirasse,
1296 3426 1361 3467 ac
1387 3409 1602 3475 deinde,
1634 3424 1760 3464 cum

173 3504 340 3560 huius
367 3519 563 3561 causae
592 3505 850 3560 indicium
873 3505 940 3560 ad
974 3503 1284 3575 pontiﬁcem
1309 3509 1452 3558 esset
1500 3502 1758 3569 delatum,

171 3612 367 3652 omnes
388 3596 530 3652 illius
554 3597 803 3652 factionis
827 3604 1079 3653 auctores
1100 3596 1269 3665 ipsius
1290 3594 1435 3650 iussu
1464 3592 1631 3648 luisse
1652 3600 1764 3647 tru-

174 3687 402 3744 cidatos.
473 3689 628 3756 Quod
657 3703 782 3743 cum
829 3687 1053 3743 moleste
1095 3685 1282 3751 ferret,
1321 3684 1586 3741 ordinatis
1632 3691 1760 3737 tunc

176 3776 497 3862 Sclavorum
525 3787 580 3833 et
607 3778 848 3835 Herioldi
874 3779 1054 3844 rebus,
1104 3779 1329 3848 ipsoque
1350 3777 1406 3830 in
1427 3775 1660 3830 Saxonia
1681 3773 1762 3828 di-

174 3871 344 3927 misso
373 3913 389 3936 ,
442 3887 566 3926 cum
619 3871 688 3926 ad
732 3869 1145 3926 Franconol‘urd
1192 3868 1452 3940 palatium
1503 3865 1760 3930 venisset,

175 3961 554 4018 Bernhardum
605 3980 787 4035 regem
833 3963 1040 4028 Italiae,
1096 3969 1346 4032 nepotem
1380 3974 1560 4023 suum,
1587 3957 1681 4026 qui
1710 3965 1764 4012 et

177 4054 298 4124 ipse
326 4055 371 4086 ³⁸
392 4070 514 4109 cum
541 4070 606 4112 eo
631 4054 685 4108 in
713 4053 951 4110 Saxonia
979 4053 1178 4117 fuerat,
1237 4051 1306 4105 ad
1331 4046 1763 4120 cognoscendum

177 4145 324 4215 quod
350 4146 711 4200 nunciabatur
736 4144 965 4200 Romam
991 4143 1178 4198 mittit.
1238 4141 1289 4196 Is
1312 4155 1437 4196 cum
1459 4139 1687 4194 Romam
1720 4137 1763 4170 ¹⁹

174 4237 440 4303 venisset,
462 4237 796 4307 aegritudine
825 4236 1102 4303 decubuit,
1126 4249 1216 4291 res
1244 4243 1425 4290 tamen
1453 4248 1591 4303 quas
1615 4223 1765 4288 com-

177 4337 398 4400 pererat
425 4344 524 4398 per
548 4326 839 4384 Geroldum
864 4328 910 4360 ²⁰
940 4327 1218 4393 comitem,
1257 4325 1351 4396 qui
1374 4325 1443 4380 ad
1469 4325 1576 4380 hoc
1596 4322 1647 4378 ei
1690 4321 1767 4376 le-

1855 1926 2052 1982 dicitur
2100 1925 2402 1980 tremuisse.
2468 1923 2692 1979 Rhenus
2718 1922 2765 1954 ⁸⁸
2785 1921 2980 1978 ﬁuvius
3028 1921 3223 1992 alpinis
3247 1920 3439 1976 imbri-

1853 2017 1955 2073 bus
1982 2017 2028 2048 ²⁹
2053 2025 2263 2083 auctus,
2297 2017 2442 2071 ultra
2463 2015 2681 2070 solitum
2704 2013 3017 2070 exundavit.
3042 2012 3295 2077 Romani,
3316 2026 3441 2066 cum

1854 2107 2090 2164 Leonem
2115 2123 2313 2178 papam
2353 2105 2690 2178 aegritudine
2738 2103 3058 2159 decubuisse
3099 2103 3351 2157 viderent
3371 2100 3439 2165 ³ο,

1855 2198 2082 2254 collecta
2103 2214 2290 2263 manu,
2341 2197 2524 2252 omnia
2581 2194 2803 2266 praedia
2843 2209 2983 2264 quae
3009 2193 3153 2248 idem
3182 2193 3225 2224 ³⁸
3263 2192 3441 2264 ponti-

1854 2287 1946 2344 fex
1972 2290 2017 2321 ³²
2048 2289 2104 2344 in
2153 2289 2488 2360 singularum
2532 2287 2815 2342 civitatum
2864 2285 3158 2340 territoriis
3196 2284 3244 2316 ³³
3291 2283 3446 2339 novi-

1855 2384 1943 2434 ter
1989 2379 2262 2434 exstruxit
2297 2378 2364 2445 ³δ,
2406 2378 2586 2448 primo
2634 2376 2938 2447 diripiunt,
2987 2376 3180 2432 deinde
3219 2375 3446 2430 inmisso

1855 2468 1983 2539 igne
2029 2479 2293 2535 cremant,
2346 2477 2461 2524 tum
2491 2468 2718 2523 Romam
2773 2467 2854 2521 ire
2903 2474 3169 2532 statuunt,
3222 2475 3276 2521 et
3304 2479 3448 2536 quae

1857 2559 1962 2616 sibi
2006 2569 2192 2630 erepta
2255 2559 2622 2629 querebantur
2689 2555 2956 2611 violenter
3005 2555 3222 2612 auferre
3261 2573 3274 2609 :
3337 2569 3446 2626 quo

1859 2659 2158 2723 comperto,
2203 2650 2552 2707 Bernhardus
2600 2665 2697 2704 rex
2725 2649 2893 2725 missa
2937 2663 3102 2703 manu
3132 2663 3232 2719 per
3272 2645 3450 2702 Wini-

1859 2747 2036 2819 gisum
2066 2747 2257 2802 ducem
2294 2745 2614 2815 Spolitinum
2645 2752 2700 2798 et
2739 2743 3061 2799 seditionem
3098 2742 3245 2796 illam
3290 2742 3448 2797 seda-

1859 2837 1956 2903 vit,
2003 2844 2058 2892 et
2081 2851 2175 2892 eos
2199 2835 2267 2890 ab
2293 2836 2506 2904 incepto
2529 2835 2576 2865 ³⁸
2598 2834 2653 2906 [a
2677 2843 2833 2904 cepto
2853 2835 2918 2896 Α,
2950 2833 3040 2906 L.]
3067 2834 3330 2890 desistere
3372 2831 3449 2890 fe-

1860 2930 1956 2996 cit,
1980 2943 2225 3000 quaeque
2245 2937 2398 3000 gesta
2418 2935 2596 2994 erant,
2619 2942 2717 2999 per
2742 2926 2950 2996 legatos
2978 2941 3106 2983 suos
3133 2924 3448 2997 imperatori

1861 3023 2160 3079 nunciavit.

2489 3111 2804 3168 DCCCXVI.

1786 3183 1831 3248 α
1931 3205 2121 3261 Hieme
2156 3213 2450 3270 transacta,
2481 3204 2723 3258 Saxones
2743 3211 2796 3257 et
2817 3203 3110 3260 orientales
3135 3199 3331 3256 Franci
3353 3215 3449 3274 ex-

1862 3297 2190 3368 peditionem
2226 3297 2280 3351 in
2309 3296 2546 3350 Sorabos
2574 3292 2796 3349 Sclavos
2820 3335 2835 3360 ,
2865 3295 2958 3364 qui
2997 3294 3144 3348 dicto
3167 3292 3453 3348 audientes

1864 3409 1973 3449 non
2000 3398 2178 3457 erant,
2205 3388 2385 3444 facere
2411 3386 2566 3452 iussi,
2605 3386 2871 3456 imperata
2900 3394 3121 3442 strenue
3143 3383 3449 3454 compleve—

1865 3491 2026 3550 runt,
2065 3489 2121 3538 et
2157 3479 2558 3537 contumacium
2588 3477 2868 3533 audaciam
2896 3493 3005 3533 non
3040 3491 3238 3547 magno
3264 3474 3453 3531 labore

1864 3579 2322 3644 compresserunt.
2367 3568 2503 3624 Nam
2530 3585 2638 3624 una
2670 3569 2894 3624 civitate
2920 3577 3257 3640 expugnata,
3302 3567 3454 3637 quic—

1868 3667 1998 3738 quid
2027 3666 2081 3721 in
2109 3681 2174 3721 ea
2199 3672 2358 3736 gente
2379 3663 2592 3732 {rebelle
2616 3662 2920 3729 videbatur,
2958 3663 3294 3718 subiectione
3319 3676 3451 3731 pro-

1867 3758 2034 3814 missa
2067 3756 2394 3827 conquievit.
2428 3755 2700 3811 Vascones
2728 3755 2821 3824 qui
2870 3763 3018 3808 trans
3054 3752 3363 3807 Garonnam
3398 3757 3458 3805 et

1867 3849 2012 3904 circa
2038 3847 2315 3902 Pirineum
2343 3854 2582 3900 montem
2610 3844 2896 3907 habitant,
2925 3850 3150 3912 propter
3179 3840 3453 3896 sublatum

1869 3945 2061 3999 ducem
2086 3956 2242 3996 suum
2268 3939 2489 3994 nomine
2522 3937 2824 4004 Sigwinum
2854 3934 2900 3966 ³⁸
2919 3975 2932 3998 ,
2965 3948 3128 4004 quem
3157 3933 3456 4002 imperator

1869 4036 1938 4091 ob
1972 4033 2196 4088 nimiam
2224 4032 2342 4086 eius
2384 4028 2729 4084 insolentiam
2775 4042 2838 4082 ac
2878 4040 3091 4081 morum
3131 4024 3454 4096 pravitatem

1870 4127 1996 4182 inde
2017 4124 2332 4190 sustulerat,
2356 4121 2513 4178 solita
2542 4120 2761 4176 levitate
2785 4119 3060 4184 commoti,
3083 4118 3457 4175 coniuratione

1867 4219 2035 4285 facta,
2062 4216 2375 4274 omnimoda
2401 4214 2704 4270 defectione
2733 4213 3104 4277 desciverunt;
3131 4210 3225 4266 sed
3248 4209 3456 4265 duabus

1869 4312 2302 4386 expeditionibus
2327 4311 2403 4364 ita
2429 4317 2555 4364 sunt
2576 4308 2798 4364 edomiti
2837 4307 2904 4374 ³⁷,
2935 4315 2999 4362 ιιι
3024 4306 3178 4360 tarda
3198 4303 3278 4360 eis
3305 4301 3456 4356 dedi-

179 4393 338 4492 gatus
359 4393 540 4478 fuerat
567 4421 747 4491 datus,
795 4421 1114 4494 imperatori
1167 4393 1447 4477 mandavit
1473 4417 1540 4472 “.
1591 4414 1763 4482 Quem
1785 4406 1840 4466 D
1868 4408 1944 4464 tio
1979 4414 2036 4462 et
2079 4404 2230 4477 pacis
2277 4400 2584 4473 impetratio
2629 4399 2923 4455 videretur.
2970 4397 3184 4453 Interea
3224 4393 3455 4449 domnus

1385 4570 1778 4632 VARIANTES
1814 4563 2212 4626 LECTIONES.

257 4696 274 4728 ¹
303 4695 353 4750 ei
377 4696 826 4765 quemadmodum
853 4697 906 4751 9.
985 4697 1006 4727 ³
1031 4699 1220 4765 posset
1244 4691 1299 4747 9.

182 4768 233 4820 6.
251 4767 306 4820 9.
337 4760 480 4822 albia
507 4769 737 4822 transire
763 4772 947 4836 posset
973 4765 1017 4819 B
1034 4760 1098 4819 '5.
1117 4764 1261 4836 albia
1303 4760 1541 4836 transire

256 4839 450 4892 tuisset
478 4838 528 4891 7.
633 4839 655 4869 ⁸
677 4853 739 4893 ac
759 4832 931 4893 glacie
959 4836 1012 4891 9.
1109 4835 1130 4866 °
1156 4834 1270 4889 fere
1295 4832 1437 4885 deest
1461 4832 1514 4885 9.

249 4908 305 4962 5.
367 4908 633 4964 hairioldo
661 4908 710 4962 6.

1401 4689 1422 4721 ³
1451 4685 1672 4761 abotriti
1696 4685 1750 4761 2.
1785 4685 1840 4740 9.
1868 4683 1914 4761 ρ
1935 4681 1979 4761 εξ
2001 4682 2076 4736 ita
2095 4686 2451 4761 constanter.’
2558 4681 2580 4707 ⁸
2601 4681 2745 4761 albis
2774 4681 3013 4761 transire
3036 4681 3449 4761 pplsset‘rfzg

1570 4739 1904 4828 potuissetB
1949 4753 2002 4808 6.
2061 4751 2198 4806 albis
2231 4747 2454 4804 transiri
2485 4753 2669 4819 posset
2719 4744 2772 4799 4.
2805 4741 2992 4798 5.,40.
3040 4739 3182 4793 albia
3231 4739 3454 4792 transiri

1592 4829 1612 4861 ⁷
1635 4825 1948 4881 baldericho
1989 4824 2042 4879 9.
2074 4821 2354 4878 balderico
2394 4818 2449 4872 7.
2525 4819 2548 4848 ⁸
2578 4815 2824 4872 harioldo
2852 4814 2904 4867 1.
2940 4812 2996 4864 2.
3033 4811 3085 4866 '5.
3115 4805 3448 4881 4.5._7._10.

807 4837 931 4891 acie
959 4836 1012 4891 9.
1109 4835 1130 4866 °
1156 4834 1270 4889 fere
1295 4832 1437 4885 deest
1461 4832 1514 4885 9.
1592 4829 1612 4861 ⁷
1635 4829 1948 4883 baldericho
1989 4829 2042 4879 9.
2074 4829 2354 4878 balderico
2394 4829 2449 4872 7.
2525 4829 2548 4848 ε’
2579 4829 2824 4872 nariomo
2852 4829 2904 4867 ι.
2940 4829 2996 4864 'z.
3033 4829 3085 4866 ο.
3115 4829 3170 4863 ι.
3195 4829 3248 4863 ο.
3286 4829 3328 4861 ι.
3361 4829 3448 4861 ιυ.

807 4907 1012 4962 arialdo
1041 4904 1160 4959 BG.
1221 4901 1493 4959 heriholto
1523 4900 1576 4955 9.
1653 4898 1674 4930 ⁹
1702 4896 1918 4952 nomine
1960 4891 2265 4962 sinlendi9.
2315 4888 2581 4962 sindlendi
2605 4888 2657 4941 5.
2701 4882 3018 4962 sialandiam
3050 4882 3102 4933 7.
3182 4880 3225 4912 ³ο
3253 4877 3454 4962 ίημίροο

2558 4675 2580 4707 ⁸
2601 4673 2739 4730 albis
2774 4671 3013 4727 transire
3036 4673 3222 4741 posset
3251 4666 3303 4720 1.
3318 4665 3450 4741 2.5.

182 4947 729 5049 ξιιῖόἱέῖἴίιιιῗῖἷιξῆ.
2037 4947 2211 5050 ,[66ᾳῇ
2241 4959 2431 5050 litteris
2464 4947 3454 5050 quatuqrnvel‘le‘lﬁtgs

183 5047 280 5102 est.
362 5051 404 5080 ¹¹
441 5049 642 5104 dicitur
670 5049 846 5104 Littus
867 5047 1054 5104 oceani
1092 5048 1145 5102 9.
1226 5047 1268 5076 ¹²

185 5119 230 5150 ¹⁶
255 5119 614 5190 padrabundo
635 5120 688 5175 5.
713 5120 1066 5190 padrebunno
1092 5116 1140 5190 Β
1159 5116 1211 5190 5.

182 5261 228 5293 ²¹
256 5262 539 5316 nunciavit
576 5263 629 5318 9.

184 5331 233 5362 "‘
262 5333 605 5388 nordberdus
633 5334 684 5387 i.
721 5332 776 5387 4.
886 5331 934 5363 ’⁵
965 5331 1262 5386 richwinus
1284 5329 1337 5382 9.

1315 5048 1591 5114 ponuntur
1613 5037 1740 5114 B'5_.
1757 5107 1780 5114 Δ
1819 5037 1863 5068 ¹³

1257 5101 1641 5187 poderbrunno
1691 5107 1802 5187 3A6.
1862 5101 2270 5187 pa'therhrupno

187 5191 226 5221 "
253 5176 571 5260 priusquam
601 5176 782 5247 tamen
809 5191 936 5245 illuc
968 5205 1022 5242 ν.
1048 5189 1146 5260 sed
1183 5176 1356 5260 «ξοὶῃίΔ
1372 5184 1547 5260 adhuc
1577 5182 1634 5236 9.
1677 5259 1681 5260 ί
1713 5176 1902 5260 ³⁸ιί9εέ
1934 5176 2232 5260 secum‘9._
2300 5176 2342 5260 ‘_’
2371 5176 2428 5260 ιε
2445 5187 2570 5260 enim
2607 5183 2676 5260 eo
2716 5176 2877 5260 ξψξξὶ
2920 5176 3012 5260 ηπ
3032 5176 3319 5260 ngegngtttii

736 5230 783 5292 3';
810 5230 1156 5316 Ηζῑςεὲὸῇξ.
1182 5230 1724 5321 ὅῗέ’6ῗ“’ίῖέιῖέριθ
1755 5230 2154 5321 ίῗῘέτῇιᾶίΜ·
2187 5243 2351 5321 ,δι-4·
2396 5243 2452 5321 5.;
2493 5242 2546 5295 6·
2581 5240 2699 5321 ,ίθι
2727 5235 2972 5321 τνρωηλ
3032 5230 3084 5321 9.-
3121 5233 3166 5288 Β
3201 5233 3374 5321 ἰδέ-βή
3398 5230 3452 5321 3°

1433 5324 1479 5356 ³⁸
1517 5317 1809 5379 sanctonas
1835 5319 1888 5374 4.
1907 5317 2233 5374 ϐξεδηιοηίε
2255 5317 2307 5369 7.

1903 5036 1994 5106 qui
2015 5035 2155 5090 deest
2179 5034 2232 5088 9.
2312 5030 2357 5106 ¹ξ
2374 5019 2676 5106 residerent
2706 5026 2759 5082 9.
2841 5025 2894 5106 ’ξ
2914 5022 3267 5106 ipsiquecum
3292 5019 3446 5106 eis

2962 5089 3343 5163 padrebrunno
3395 5089 3450 5163 7.

2429 5099 2838 5172 padrabrunna_
2864 5096 2917 5150 9.

3055 5163 3363 5234 serholwm
3395 5159 3450 5234 9-

2300 5173 2342 5204 "
2371 5165 2570 5228 ls'cum
2611 5183 2676 5224 eo
2716 5182 2770 5220 v.
2813 5168 2864 5222 9.
2967 5165 3012 5196 ¹⁰

2409 5314 2452 5345 ³⁷
2478 5309 2770 5367 sentembri
2794 5299 2850 5362 7.
2876 5309 2928 5363 9.
3036 5306 3081 5336 "
3104 5305 3308 5359 renhus
3330 5300 3374 5355 Β
3396 5299 3452 5355 5.

185 5371 1082 5479 {figliri‘ovbuglmviderunt
1370 5371 1957 5479 episcopusérﬁ'f—id.
1975 5371 2138 5479 ῥέοι..
2157 5387 2299 5470 deest
2320 5386 2375 5440 9.
2417 5371 2906 5479 0';ditit.)iriiri-1‘51!).n
2958 5377 3014 5479 ζ
3033 5371 3452 5479 ἓιειινιὲᾷᾗιὲξὶξξ

650 5475 702 5531 5.
1153 5447 1993 5540 “'si'ge—vviuum'dr.Vsiguwinum'
2011 5462 2067 5517 ὅ.
2097 5458 2386 5530 sigivinum
2407 5453 2454 5509 Β
2481 5453 2535 5509 5.
2567 5451 2853 5524 sigwinum
2873 5451 2928 5507 9.
2968 5447 3014 5504 Β
3038 5447 3090 5504 6.

186 5541 246 5602 4.
277 5543 335 5599 5.
367 5545 420 5600 6.

3195 5445 3237 5478 ³⁷
3267 5439 3458 5500 domiti

1696 5648 1929 5710 ΝΟΤᾸΞ.

272 5782 299 5814 α
334 5770 538 5830 Otliero
567 5780 702 5830 teste
747 5774 801 5829 in
838 5771 1090 5831 orientali
1117 5771 1442 5827 Chersonesr
1486 5765 1772 5822 Cimbricae

191 5838 386 5917 parte;
413 5846 482 5902 ad
502 5845 782 5903 meridiem
799 5843 976 5903 Jutite.
994 5843 1076 5903 Cf.
1117 5841 1182 5899 γ.
1215 5843 1282 5898 cl.
1307 5840 1608 5897 Dahlmann
1642 5835 1778 5895 For-

1879 5755 2280 5902 εοὶὲυῐόἱῖἳὶἓὲξ
2293 5755 2416 5815 dem
2436 5755 2626 5815 Gebiet
2653 5755 2751 5814 der
2770 5752 3116 5820 Geschichte,
3139 5748 3238 5823 ιιι,
3253 5763 3308 5819 p.
3329 5747 3458 5808 459.
