3960 6346
202 314 325 379 ω

1691 304 2014 373 ANNALES

3362 314 3472 391 486

202 431 541 490 adﬁrmaret
556 466 574 495 ,
625 437 687 484 se
735 438 1031 500 numquam
1078 426 1307 499 posthac
1344 426 1528 485 Albim
1574 426 1797 486 iluvium
1820 437 1877 499 Α
1898 426 2005 519 tier
2016 423 2105 483 vel
2123 423 2461 494 innocentior
2479 428 2795 498 apparebat,
2816 428 2907 499 vei
2923 430 3089 501 oxiiip
3108 432 3384 519 (ιοροῃωί
3401 435 3474 508 ιι,

200 525 598 590 transiturum,
638 536 816 594 neque
853 522 922 578 ad
960 521 1218 594 palatium
1255 528 1560 579 venturum.
1601 522 1801 580 Statim

200 620 385 677 niissa
433 626 590 674 trans
630 631 784 672 mare
834 616 1120 687 legatione,
1170 616 1348 671 iunxit
1376 616 1645 672 amicitias
1673 631 1799 672 cum

202 709 346 765 ﬁliis
375 706 678 774 Godofridi,
705 714 779 773 et,
813 714 876 761 ut
901 706 1175 763 exercitus
1203 706 1260 762 in
1288 704 1582 762 Saxoniam
1618 713 1796 763 trans-

201 803 490 861 albianam
537 802 556 837 ⁸
604 800 930 868 mitteretur,
969 799 1294 870 impetravit.
1341 798 1479 857 Nam
1503 806 1559 855 et
1607 798 1800 854 classis

200 911 406 953 eorum
459 909 561 969 per
596 895 810 952 Albiam
848 909 1020 966 usque
1056 898 1125 951 ad
1172 893 1412 951 Esesfeld
1452 894 1473 927 ⁸
1515 893 1798 950 castellum

200 989 379 1053 venit,
406 1002 547 1059 quae
573 995 742 1044 totam
772 986 988 1043 Sturiae
1014 986 1251 1050 ﬂuminis
1270 988 1446 1057 ripam
1474 985 1794 1051 devastavit,

199 1087 265 1136 et
318 1080 534 1138 Giuomi
581 1080 625 1147 ³,
671 1087 857 1136 custos
895 1078 1277 1137 Nordmannici
1314 1078 1337 1112 ’⁵
1382 1078 1593 1146 limitis,
1634 1079 1797 1149 pede-

201 1180 356 1228 stres
382 1173 568 1244 copias
593 1173 817 1239 ducens,
843 1171 1004 1227 simul
1030 1185 1152 1227 cum
1172 1171 1447 1229 Abodritis
1463 1181 1677 1227 terreno
1701 1170 1794 1225 iti-

200 1277 341 1318 nere
365 1263 435 1318 ad
458 1263 634 1334 ipsum
656 1261 937 1317 castellum
967 1261 1216 1318 accessit.
1248 1261 1454 1330 Quibus
1473 1277 1597 1317 cum
1619 1260 1795 1317 nostri

201 1350 429 1409 fortiter
473 1352 822 1420 restitissent,
867 1352 1068 1408 omissa
1111 1353 1320 1409 castelli
1374 1353 1792 1425 oppugnatione,

199 1445 596 1505 discesserunt.
625 1445 836 1502 Interea
873 1460 1001 1505 cum
1039 1447 1332 1518 imperator
1360 1449 1645 1504 venatione
1670 1463 1796 1519 pcr-

200 1544 335 1592 acta
365 1536 433 1592 de
455 1534 668 1607 Vosego
692 1536 1034 1607 Aquasgrani
1069 1544 1452 1605 reverteretur,
1480 1537 1793 1594 nuntiatum

198 1635 296 1685 est
339 1627 415 1695 ei,
455 1627 828 1683 Bernhardum
856 1636 1109 1699 nepotem
1150 1644 1338 1697 suum,
1370 1628 1556 1684 italiae
1582 1644 1791 1700 regem,

196 1720 546 1792 quorundam
572 1734 868 1791 pravorum
893 1720 1174 1776 hominum
1201 1721 1424 1777 consilio
1451 1722 1791 1794 tyrannidem

1898 517 1985 575 vel
2023 518 2241 577 detondi
2265 525 2426 589 atque
2451 518 2508 577 in
2540 523 2887 589 monasteriis
2915 517 3246 597 conversari.
3291 530 3472 602 Atque

1896 610 1983 668 his
2032 611 2109 667 ita
2139 612 2435 683 dispositis,
2461 613 2578 685 ipse
2609 628 2733 671 cum
2773 617 3010 674 maximo
3047 621 3292 677 exercitu
3321 622 3471 687 Brit-

1894 703 2136 765 tanniam
2161 703 2474 776 adgrcssus,
2503 705 2809 778 generalem
2832 719 3158 777 conventum
3182 713 3414 770 Venedis
3439 726 3469 757 ι

1892 794 2097 851 habuit.
2156 796 2285 852 inde
2342 807 2696 855 memoratam
2748 802 3085 873 provinciam
3143 804 3461 876 ingressus,

1891 887 2065 957 captis
2092 888 2373 945 rebellium
2396 891 2802 962 munitionibus,
2828 895 2982 953 brevi
3013 904 3183 963 totam
3224 897 3280 957 in
3310 914 3466 969 suam

1891 986 2215 1049 potestatem
2236 996 2344 1038 non
2359 999 2552 1053 magno
2576 984 2763 1045 labore
2784 988 3011 1060 redegit.
3031 987 3168 1051 ham
3179 999 3471 1067 postquam

1893 1068 2201 1129 Mormanus
2248 1074 2312 1141 η,
2340 1075 2511 1145 quiin
2546 1091 2610 1132 ea
2634 1086 2852 1147 praeter
2882 1079 3099 1147 solitum
3135 1081 3473 1150 Brittonibus

1892 1178 2100 1227 morem
2164 1165 2368 1237 regiam
2424 1168 2525 1225 sibi
2577 1169 2951 1229 vindicaverat
2999 1181 3344 1243 potestatem,
3399 1173 3471 1243 ab

1891 1250 2135 1310 exercitu
2178 1255 2521 1327 imperatoris
2566 1260 2778 1319 occisus
2812 1270 2916 1329 est,
2966 1263 3146 1333 nullus
3199 1264 3372 1331 Britto
3421 1266 3465 1299 ¹⁷

1889 1343 2284 1414 inveniebatur,
2330 1349 2423 1418 qui
2474 1351 2776 1419 resisteret,
2808 1362 2903 1411 aut
2946 1356 3039 1425 qui
3095 1356 3363 1428 imperata
3387 1356 3468 1415 fa-

1891 1450 2018 1492 cere
2048 1438 2114 1505 ‘8,
2142 1447 2237 1495 aut
2258 1439 2350 1509 qui
2375 1441 2592 1499 obsides
2616 1445 2707 1514 qui
2730 1444 3056 1507 iubebantur
3080 1449 3211 1515 dare
3239 1464 3470 1515 rennue-

1891 1537 1993 1587 ret.
2025 1529 2141 1597 Qua
2180 1532 2523 1601 expeditione
2568 1536 2852 1606 completa,
2892 1554 3017 1603 eum
3044 1539 3363 1611 imperator,
3387 1543 3469 1601 di-

1888 1622 2059 1685 misso
2079 1624 2343 1693 exercitu,
2368 1624 2687 1687 Andecavos
2727 1630 2769 1662 "
2799 1631 3075 1690 civitatem
3115 1644 3265 1695 esset
3289 1650 3472 1695 rever.

1889 1728 2004 1781 sus,
2054 1715 2403 1788 lrmingardis
2437 1718 2480 1749 ³ο
2512 1721 2723 1791 regina.
2778 1724 2974 1785 coniux
3027 1726 3072 1757 ³⁸
3116 1726 3257 1794 eius,
3305 1742 3471 1797 quam

196 1813 528 1867 meditatum
547 1851 564 1881 ,
600 1812 713 1868 iam
741 1827 932 1869 omnes
954 1812 1141 1869 aditus
1163 1814 1361 1884 quibus
1385 1814 1441 1868 in
1467 1813 1676 1869 italiam
1707 1815 1789 1869 in~
1815 1834 1863 1895 Β
1888 1804 2241 1876 Ρΐοίίείδεβηδ
2267 1807 2340 1863 ibi
2367 1818 2739 1879 aegrotantem
2769 1813 3070 1881 dimiserai.
3098 1815 3307 1877 duobus
3349 1815 3470 1873 die-

195 1910 406 1971 tratur,
430 1904 487 1960 id
515 1912 599 1962 est
626 1904 806 1961 clusas
832 1905 876 1971 ⁸,
919 1905 1166 1976 inpositis
1208 1906 1456 1962 firmasse
1478 1907 1782 1977 praesidiis,

194 2000 370 2065 atque
391 2010 583 2052 omnes
614 1994 801 2052 italiae
832 1996 1083 2053 civitates
1102 1997 1160 2053 in
1187 1998 1333 2055 illius
1356 2000 1522 2055 verba
1542 2000 1783 2067 iurasse;

193 2088 349 2159 quod
375 2103 443 2144 ex
459 2096 619 2160 parte
642 2104 854 2158 verum,
875 2106 944 2147 ex
962 2098 1121 2162 parte
1148 2091 1347 2148 falsum
1374 2100 1511 2149 erat.
1540 2095 1625 2151 Ad
1646 2110 1785 2166 quos

193 2188 387 2237 motus
407 2181 843 2252 comprimendos
874 2196 997 2237 cum
1040 2198 1111 2238 ex
1138 2192 1250 2240 tota
1275 2183 1448 2240 Gallia
1473 2194 1633 2256 atque
1652 2186 1788 2243 Ger-

192 2269 387 2326 mania
429 2281 757 2344 congregato
798 2289 1008 2330 summa
1038 2276 1059 2306 ⁶
1086 2276 1364 2334 celeritate
1391 2295 1587 2352 magno
1631 2295 1788 2337 exer-

194 2361 329 2428 citu,
357 2363 658 2434 imperator
681 2365 889 2421 italiam
919 2366 1125 2425 intrare
1150 2364 1475 2438 festinasset,
1516 2372 1787 2430 Bernhar-

192 2453 301 2509 dus
344 2454 510 2511 rebus
552 2456 666 2512 suis
713 2456 978 2527 dillidens,
1021 2461 1256 2516 maxime
1298 2465 1444 2533 quod
1488 2480 1547 2520 se
1594 2482 1626 2521 a
1671 2468 1785 2524 suis

192 2545 402 2601 cotidie
425 2549 607 2603 deseri
635 2548 873 2616 videbat,
917 2552 1086 2611 armis
1113 2552 1393 2623 depositis,
1424 2557 1566 2627 apud
1606 2556 1787 2613 Cavil-

192 2633 403 2691 lionem
421 2637 443 2669 ⁷
464 2638 778 2709 imperatori
817 2655 876 2696 se
900 2642 1150 2711 tradidit;
1179 2659 1338 2715 quem
1359 2650 1559 2706 caeteri
1586 2652 1783 2720 secuti,

192 2742 311 2783 non
354 2728 528 2784 solum
579 2731 747 2786 armis
794 2731 1051 2802 depositis
1097 2748 1157 2791 se
1203 2736 1543 2807 dediderunt,
1594 2757 1784 2799 verum

194 2819 343 2876 uitro
372 2829 430 2877 et
451 2822 522 2878 ad
544 2823 779 2893 primam
807 2825 1285 2899 interrogationem
1316 2835 1497 2889 omnia
1524 2836 1603 2890 uti
1631 2846 1783 2909 gesta

192 2923 360 2971 erant
426 2927 776 3001 aperuerunt.
831 2919 1003 2979 Huius
1064 2924 1455 2984 coniurationis
1511 2932 1784 3002 principes

191 3004 353 3063 fuere
399 2997 637 3081 mirice
681 3010 727 3079 ⁸,
773 3012 918 3068 inter
976 3016 1180 3073 amicos
1222 3019 1363 3089 regis
1394 3019 1414 3050 ³
1449 2997 1785 3090 prirnum—cl.

193 3096 577 3168 Beginhardus
604 3101 647 3134 ¹⁰
675 3104 1008 3161 camerarius
1035 3107 1076 3140 “
1103 3108 1238 3174 eius,
1263 3118 1320 3165 et
1346 3110 1707 3182 chinltarius
1737 3116 1779 3147 "

1888 1898 1991 1955 bus
2019 1906 2305 1968 postquam
2327 1900 2442 1969 ipse
2462 1902 2533 1957 ad
2551 1918 2672 1961 eam
2692 1905 2858 1973 venit,
2887 1907 3075 1970 morbo
3105 1908 3473 1971 invalescente

1888 1990 1942 2046 5.
1994 1990 2177 2047 Nonas
2206 1991 2399 2051 Octob.
2440 1996 2485 2027 ³²
2516 1994 2771 2057 decessit.
2800 1990 3046 2069 Eclypsis
3076 2000 3205 2061 solis
3243 2001 3473 2073 contigit

1886 2084 1940 2141 8.
1968 2083 2091 2141 idus
2135 2084 2280 2147 iuiii.
2326 2086 2626 2156 imperator
2673 2105 2772 2160 per
2817 2090 3253 2164 Ratumagum”
3286 2102 3343 2151 et
3369 2108 3469 2165 per

1885 2176 2183 2237 Ambianos
2226 2186 2281 2235 et
2307 2178 2667 2239 Canraracum
2693 2184 2739 2217 ”
2767 2183 3108 2255 Aquasgrani
3161 2187 3230 2245 ad
3285 2188 3471 2246 hiber-

1885 2271 2124 2327 nandum
2177 2286 2452 2342 reversus,
2507 2290 2633 2331 cum
2688 2276 2736 2309 ³⁸
2791 2276 3160 2337 iieristallium
3208 2281 3471 2353 venisset,

1883 2360 2073 2417 obvios
2110 2361 2301 2419 habuit
2345 2363 2550 2434 legatos
2596 2362 2832 2436 Sigonis,
2884 2368 3038 2429 ducis
3062 2367 3476 2430 Beneventano-

1886 2468 2029 2520 rum,
2074 2453 2215 2510 dona
2264 2454 2594 2523 deterentes,
2625 2472 2856 2527 eumque
2899 2458 2968 2517 de
3019 2474 3154 2519 nece
3205 2460 3473 2533 Grirnoldi

1885 2541 2038 2601 ducis
2087 2545 2452 2600 antecessoris
2490 2545 2574 2605 sui
2598 2555 2941 2605 excusantes.
2972 2549 3237 2612 Erantibr
3261 2560 3317 2611 ct
3343 2552 3475 2613 alia-

1884 2648 2006 2693 rum
2036 2633 2317 2695 nationum
2342 2634 2527 2705 legati.
2554 2635 2940 2699 Abodritorum
2972 2640 3225 2697 videlicet
3244 2657 3310 2705 ac
3332 2641 3473 2703 Bor-_-

1885 2740 2007 2793 nae,
2057 2727 2216 2785 ducis
2242 2725 2692 2789 Guduscanorum
2718 2738 2775 2787 et
2800 2729 3241 2793 Timocianorum
3272 2734 3339 2801 ",
3376 2736 3472 2805 qui

1884 2834 2057 2891 nuper
2102 2819 2544 2892 aﬂuigarorum
2594 2822 2856 2883 societate
2911 2824 3256 2889 desciverant
3311 2835 3367 2885 et
3402 2826 3473 2889 ad

1883 2925 2098 2975 nostros
2145 2916 2282 2975 ﬁnes
2310 2933 2371 2973 se
2410 2918 2774 2987 contulerant,
2807 2920 2968 2978 simul
3010 2929 3068 2977 et
3092 2921 3379 2981 Liudewiti
3400 2925 3472 2992 ’7,

1885 3010 2038 3066 ducis
2086 3010 2398 3067 Pannoniae
2441 3012 2737 3082 inferioris,
2773 3015 2869 3084 qui
2899 3030 2988 3072 res
3015 3030 3185 3073 novas
3220 3019 3473 3089 moliens,

1884 3100 2179 3158 Cadoiaum
2223 3103 2269 3135 ³⁸
2328 3104 2583 3161 comitem
2627 3114 2685 3162 et
2729 3121 2948 3162 marcae
2994 3106 3390 3166 Forniuliensis
3425 3110 3470 3147 ”

192 3184 519 3260 legionarii
547 3193 762 3253 comm.
798 3194 961 3263 ﬁnus,
999 3199 1153 3255 cuius
1180 3210 1460 3259 maremus
1490 3220 1623 3262 avus
1648 3206 1783 3262 nar-
1810 3198 1855 3261 C
1885 3194 2221 3265 praefectum
2252 3197 2586 3254 crudelitatis
2639 3206 2804 3267 atque
2842 3199 3166 3256 insolentiae
3213 3216 3476 3260 accusare

195 3279 408 3337 dradus
429 3282 556 3339 olim
577 3285 634 3341 in
662 3284 951 3353 Germania
971 3306 1094 3346 cum
1121 3292 1307 3350 multis
1330 3312 1398 3351 ex
1421 3313 1482 3352 ea
1501 3301 1785 3368 provincia

194 3373 478 3433 nobilibus
524 3387 711 3436 contra
755 3381 977 3439 Karlum
1026 3386 1409 3457 imperatorem
1458 3394 1780 3451 coniuravit.

193 3463 380 3524 Erant
401 3479 681 3539 praeterea
702 3482 757 3529 et
783 3475 876 3530 alii
889 3476 1045 3533 multi
1069 3480 1335 3550 praeclari
1364 3494 1417 3540 ct
1432 3487 1640 3544 nobiles
1659 3489 1782 3556 viri,

195 3557 294 3628 qui
321 3558 381 3629 in
403 3561 593 3631 eodem
615 3563 819 3621 scelere
847 3568 1168 3637 deprehensi
1196 3582 1341 3641 sunt,
1386 3577 1531 3632 inter
1556 3594 1692 3650 quos
1729 3589 1786 3637 et

196 3651 370 3741 aliqui
409 3654 670 3727 episcopi,
708 3659 1036 3719 Anshelmus
1081 3665 1517 3741 Mediolanensis,
1548 3683 1602 3729 et
1637 3675 1785 3733 Wol-

194 3740 377 3801 i'oldus
438 3746 820 3811 Cremonensis
843 3792 859 3821 ,
924 3762 981 3809 et
1044 3755 1377 3818 Theodulfus
1432 3764 1477 3801 ³³
1537 3765 1784 3823 Aurelia-

197 3839 406 3895 nensis.

807 3938 1166 3999 DGCCXVIII.
1540 4010 1547 4017 ,
1752 4012 1755 4019 ,

275 4023 493 4083 Detecto
546 4026 739 4086 fraude
762 4039 819 4087 et
844 4034 1220 4092 coniuratione
1270 4036 1563 4108 patefacta,
1604 4056 1669 4098 ac
1697 4058 1783 4100 se-

195 4115 423 4173 diciosis
458 4121 711 4178 omnibus
746 4122 803 4186 in
830 4132 1155 4195 potestatem
1200 4142 1354 4183 suam
1385 4131 1636 4200 redactis,
1682 4134 1784 4189 im-

196 4220 422 4281 perator
469 4214 813 4289 Aquasgrani
864 4221 1180 4290 revertitur,
1220 4232 1604 4299 transactoque
1653 4247 1785 4302 qua-

196 4302 545 4374 dragesimali
590 4308 815 4380 ieiunio,
860 4315 1048 4384 paucis
1112 4326 1237 4389 post
1280 4329 1533 4378 sanctum
1581 4328 1784 4397 pascha

199 4397 393 4455 diebus
411 4402 802 4464 coniurationis
826 4418 1099 4479 auctores,
1128 4414 1222 4483 qui
1242 4417 1495 4487 superius
1521 4420 1785 4476 nominati

197 4498 352 4558 sunt,
379 4492 544 4549 simul
589 4504 645 4552 et
675 4512 860 4570 regem
887 4500 932 4534 “
976 4503 1175 4559 iudicio
1198 4506 1537 4565 Francorum
1566 4512 1785 4583 capitali

198 4584 472 4640 sententia
494 4590 897 4660 condemnatos,
927 4594 1221 4652 luminibus
1252 4605 1463 4655 tantum
1506 4603 1663 4658 iussit
1690 4620 1781 4660 or-

198 4671 343 4777 bari,
375 4676 671 4751 episcopos
690 4686 937 4756 synodali
964 4686 1187 4744 decreto
1212 4689 1486 4762 depositas
1511 4706 1785 4753 monaste-

200 4773 301 4825 riis
321 4773 647 4846 mancipari,
684 4787 951 4848 caeteros,
1002 4789 1164 4853 prout
1202 4785 1434 4857 quisque
1477 4787 1563 4843 vel
1585 4804 1784 4846 nocen-

1889 3289 2189 3343 conabatur
2210 3288 2277 3341 3°.
2310 3287 2519 3354 Quibus
2540 3289 2617 3344 ibi
2651 3289 2853 3345 auditis
2887 3298 3053 3362 atque
3080 3290 3342 3359 dimissis,
3370 3293 3475 3349 im.

1885 3389 2109 3451 perator
2136 3380 2477 3452 Aquasgrani
2507 3381 2576 3436 ad
2606 3381 2959 3438 lnemandum
2987 3385 3268 3454 profectus
3292 3391 3398 3442 est.

2210 3476 2215 3481 ’
2524 3473 2843 3531 ΒΟΟΟΧΙΧ.

1953 3565 2245 3634 Sclaomir,
2267 3565 2653 3623 Abodritorutn
2678 3582 2796 3636 rex,
2821 3569 2892 3625 ob
2912 3569 3067 3627 cuius
3080 3569 3364 3642 perﬁdiam
3389 3570 3474 3627 ul-

1885 3661 2194 3717 ciscendam
2219 3661 2494 3718 exercitus
2539 3660 2815 3719 Saxonum
2843 3670 2900 3718 et
2924 3664 3271 3725 orientalium
3294 3664 3471 3721 Fran-

1886 3770 2074 3811 corum
2095 3756 2287 3811 eodeut
2334 3770 2475 3810 anno
2498 3764 2650 3811 trans
2673 3755 2890 3813 Albiam
2922 3758 3120 3813 missus
3148 3756 3346 3825 fuerat,
3372 3771 3472 3829 per

1883 3847 2191 3917 praefectos
2235 3846 2487 3902 Saxonicl
2543 3846 2734 3903 limitis
2779 3855 2836 3903 et
2886 3847 3092 3918 legatos
3126 3847 3470 3918 imperatoris

1883 3940 1978 4010 qui
2013 3938 2277 3994 exercitui
2328 3946 2637 4010 praeerant,
2686 3938 3029 4009 Aquasgrani
3056 3938 3320 3993 adductus
3350 3946 3454 3995 est.

1885 4032 2058 4099 Quem
2082 4047 2207 4089 cum
2236 4032 2505 4103 primores
2532 4031 2715 4103 populi
2749 4032 2853 4099 sui,
2898 4032 2991 4102 qui
3021 4031 3182 4089 simul
3205 4031 3340 4088 iussi
3369 4047 3460 4089 ve-

1883 4134 2098 4193 nerant,
2149 4124 2334 4182 multis
2363 4124 2684 4182 criminibus
2712 4135 3055 4194 accusarent,
3093 4132 3151 4181 ct
3182 4126 3272 4183 ille
3301 4127 3469 4183 ratio-

1883 4219 2052 4275 nabili
2095 4218 2413 4274 defensione
2436 4218 2649 4274 obiecta
2684 4217 2790 4275 sibi
2812 4217 3057 4274 refellere
3095 4230 3202 4274 non
3242 4218 3469 4286 valeret,

1886 4312 2049 4368 exilio
2071 4313 2460 4368 condemnatus
2480 4319 2585 4378 est,
2622 4318 2675 4368 et
2695 4326 2925 4384 regnum
2951 4310 3250 4382 Ceadrago,
3274 4310 3470 4366 Thras-

1885 4406 2039 4461 conis
2079 4405 2213 4472 ﬁlio,
2243 4406 2447 4462 datum.
2501 4404 2674 4462 Simili
2717 4407 2879 4463 modo
2907 4413 2963 4463 et
3005 4407 3187 4478 Lupus
3213 4404 3467 4473 Centulli,

1893 4499 2113 4567 Wasco,
2144 4501 2382 4571 quicum
2409 4499 2739 4573 Berengario
2777 4500 3004 4557 Tolosae
3037 4508 3092 4556 ct
3118 4496 3341 4556 Warino
3366 4496 3470 4552 Ar-

1890 4591 2043 4648 verni
2063 4592 2258 4648 comite
2282 4592 2473 4649 eodem
2510 4608 2652 4649 anno
2676 4592 2881 4665 proelio
2914 4590 3152 4648 conﬂixit
3179 4619 3250 4630 —
3278 4589 3331 4644 in
3362 4604 3470 4660 quo

1889 4696 1946 4744 et
1983 4685 2209 4740 fratrem
2232 4684 2576 4743 Garsandum
2606 4686 2651 4719 ”
2683 4684 2971 4759 Singularis
2996 4683 3265 4739 amentiae
3291 4681 3469 4739 homi-

1889 4792 2017 4834 nem
2074 4778 2256 4835 amisit
2282 4778 2349 4847 “,
2381 4785 2437 4835 et
2470 4779 2605 4851 ipse,
2656 4779 2761 4835 nisi
2805 4778 2907 4836 sibi
2939 4775 3194 4849 fugiendo
3224 4774 3471 4833 consule-

1421 4973 1816 5058 VARIANTES
1845 4980 2248 5043 LECTIONES.

275 5052 591 5136 {exercitus
616 5065 771 5136 trans
790 5059 1041 5136 albim_p9.
1129 5065 1150 5095 ’
1169 5063 1427 5122 eselsfeld
1448 5066 1519 5121 2?
1549 5052 1780 5127 essefcld
1802 5072 1856 5129 5.
1888 5075 2103 5132 esesllet
2127 5076 2181 5131 4.
2206 5077 2406 5134 escfeld
2429 5077 2481 5133 6.
2521 5076 2826 5136 eselfeldem
2848 5077 2903 5131 7.
2932 5072 3190 5131 essesfeld
3211 5074 3265 5131 9.
3289 5091 3468 5134 esses-

199 5123 410 5181 feldurn
429 5125 476 5185 Β
505 5127 558 5183 5.
583 5130 907 5187 esesfelduin
938 5132 985 5188 Β
1011 5133 1063 5193 6.

199 5196 223 5228 ⁸
259 5210 420 5266 cong.
454 5213 578 5254 cum
619 5216 829 5261 summa
857 5204 909 5259 9.
1009 5198 1033 5235 ⁷

198 5282 397 5346 pnines
418 5268 625 5346 amicos
668 5268 720 5346 9.
835 5272 875 5305 ⁸ο
903 5268 1249 5346 reginhartus
1269 5276 1322 5334 9.

201 5407 252 5442 “
277 5408 549 5468 andecaos
572 5412 625 5468 5.
651 5416 942 5473 andccavis

1167 5136 1577 5214 igluomigugto
1606 5142 1657 5196 i.
1686 5143 1937 5214 gluomns
1967 5149 2017 5203 7.

1100 5206 1390 5269 avilionetn
1424 5206 1470 5264 Β
1495 5211 1549 5265 5.
1578 5206 1894 5273 cavillonem
1916 5220 1969 5273 5.
1993 5217 2041 5272 Β
2069 5218 2121 5275 6.
2164 5206 2507 5277 cabilloneni
2533 5206 2603 5277 7.7
2642 5221 2696 5277 9.

1437 5282 1475 5312 “
1503 5282 1866 5344 cubicularius
1892 5289 1945 5345 9.

282 5346 413 5426 sunt
437 5350 507 5426 ret
531 5334 1091 5426 bernhartumurc'gent
1117 5334 1170 5404 9.
1212 5420 1224 5426 _
1249 5351 1293 5381 ³⁸
1320 5351 1484 5426 exilio
1513 5334 1945 5423 {rest-iiiis."
1967 5360 2009 5415 ἕο

2742 5150 2765 5189 ﬂ
2802 5148 3018 5207 clausas
3075 5147 3129 5207 ὃ.
3182 5146 3238 5205 ι.
3290 5148 3343 5203 Β.
3411 5149 3464 5203 6.

2813 5216 3166 5302 famosos
3231 5218 3470 5302 .tiuer

2050 5291 2092 5322 "
2119 5293 2478 5363 reginhardus
2506 5290 2828 5363 meginharii
2857 5289 2918 5349 ii
3015 5289 3057 5320 "
3085 5289 3389 5349 tlteodolfus
3410 5291 3464 5347 5.

2050 5375 2371 5422 marmamus
2391 5363 2435 5418 Β
2458 5363 2513 5416 6.
2616 5363 2657 5396 "
2682 5363 2861 5422 bretto
2884 5361 2938 5422 ι.
3040 5360 3084 5397 ⁸⁸
3110 5360 3316 5422 faceret
3340 5360 3386 5421 Β
3412 5378 3466 5422 tt.

2120 5148 2142 5180 ⁸
2168 5151 2545 5208 nordmannici
2591 5150 2647 5207 ﬂ.

2616 5363 2657 5396 "
2682 5363 2861 5422 bretto
2884 5361 2938 5423 4ο

1041 5416 1094 5474 5.
1122 5420 1417 5507 andegovis
1443 5423 1502 5507 6_._
1518 5416 1829 5498 andegavos
1857 5429 1909 5487 7.
1937 5433 1991 5495 9,
2040 5416 2503 5507 irniEitgardis
2522 5432 2586 5507 Ἄ.Δ
2654 5416 2863 5507 “regis
2885 5416 3085 5507 coniux
3104 5416 3357 5507 tibi"
3369 5416 3466 5507 ’ΥῙέ

199 5494 335 5538 non.
367 5488 480 5573 θεέ.
512 5484 677 5573 αἰτίᾳ
700 5485 932 5573 (innare.
988 5491 1041 5573 :3
1067 5484 1989 5573 rothoniagunr7._roto‘inagumv9:'
2051 5488 2097 5535 ⁸⁸
2687 5484 2736 5547 ’ί
3115 5484 3469 5561 w’é'timacia;

200 5552 480 5638 eorum}.
518 5555 604 5638 “'7
635 5556 1039 5638 iudpwiciﬁiub.
1071 5552 1350 5638 liudewiti"
1356 5565 1402 5621 Β
1422 5566 1477 5638 5.
1523 5552 2458 5638 tuabiiiii’éfiidiuwtéi'ioiiiii?
2486 5552 2866 5636 ’ἧῖ

199 5622 280 5679 sis
308 5619 355 5675 Β
384 5619 441 5678 5.
516 5623 563 5658 ³⁸
584 5628 855 5686 cenabant
873 5628 921 5686 B
950 5628 1003 5689 6.
1032 5626 1037 5635 ’
1074 5622 1125 5666 ”¹
1144 5619 1647 5706 'garuhand'um—iiv.‘
1665 5619 2161 5727 animum”?
2174 5619 2550 5706 ﬁié‘mihem

2963 5574 3019 5635 5.
3094 5574 3141 5615 ”
3167 5574 3466 5637 ioroiuleu-

1721 5756 1951 5816 NOTAE.

278 5842 308 5876 ι
344 5830 572 5897 Varum.
