3960 6346
479 296 586 356 487

1746 296 2124 356 EGINHARDI
2155 297 2446 358 ABBATIS

3664 305 3763 360 488

482 422 570 472 ret
614 412 656 480 ⁸,
692 426 860 484 prope
912 411 1192 469 interitum
1222 411 1327 470 fuit
1349 442 1423 456 -
1459 428 1583 471 cum
1628 414 1684 470 in
1721 424 2070 487 conspectum
2096 418 2150 479 Α
2173 429 2246 468 nu
2275 429 2416 469 nunc
2438 428 2470 466 a
2495 419 2662 483 tergo,
2687 423 2833 466 nunc
2853 423 2885 464 a
2907 409 3079 466 latere
3103 409 3151 442 ¹⁸
3172 410 3448 478 insistens,
3475 412 3765 475 Liudewiti

483 505 832 577 imperatoris
853 506 1110 572 venisset,
1135 520 1201 560 ac
1227 507 1294 562 de
1314 505 1564 576 perﬁdia,
1587 507 1739 561 cuius
1759 521 2072 561 amemora—

481 597 555 653 tis
611 597 902 654 comitibus
977 598 1195 653 inmane
1245 599 1265 629 ί
1313 599 1688 664 accusabatur,
1733 614 1792 654 se
1840 613 2072 669 purgare

479 705 589 745 non
624 690 910 760 potuisset,
943 697 999 744 et
1024 689 1141 760 ipse
1173 691 1460 760 temporali
1507 699 1591 746 est
1631 690 1795 746 exilio
1819 691 2072 761 deporta-

480 789 570 838 tus
606 782 647 836 ³.
705 781 1014 838 Conventus
1041 779 1370 852 Aquisgrani
1401 782 1423 813 ’⁵
1465 791 1587 852 post
1617 781 1854 837 natalem
1890 780 2073 836 Domi-

479 878 537 933 ni
562 877 801 944 habitus,
834 877 888 931 in
911 891 1018 948 quo
1042 876 1222 932 multa
1234 876 1301 930 de
1327 884 1470 931 statu
1496 876 1852 932 ecclesiarum
1879 883 1933 931 et
1956 891 2072 931 mo-

480 970 848 1026 nasteriorum
881 976 1113 1023 tractata
1141 977 1301 1038 atque
1329 969 1581 1024 ordinata
1635 977 1784 1036 sunt,
1813 969 2024 1040 legibus
2050 969 2071 1000 ⁸

422 1047 424 1050 ’
481 1061 650 1116 etiam
698 1059 928 1130 capitula
964 1061 1231 1129 quaedam
1259 1060 1668 1130 pernecessaria
1713 1059 1753 1126 °,
1776 1060 1912 1130 'quia
1949 1060 2072 1114 dec-

481 1161 626 1217 rant,
675 1152 981 1222 conscripta
1019 1159 1182 1222 atque
1233 1153 1414 1207 addita
1463 1160 1607 1208 sunt.
1657 1152 1774 1218 Quo
1824 1159 2066 1222 peracto,

480 1241 794 1312 imperator,
854 1243 1112 1313 inspectis
1169 1242 1444 1313 plerisque
1503 1241 1767 1297 nobilium
1833 1241 2066 1308 ﬁliabus,

479 1331 713 1404 Huelpi"
742 1331 958 1390 comitis
1004 1334 1192 1399 ﬁliam,
1223 1334 1442 1389 nomine
1493 1334 1692 1400 Iudith,
1727 1333 1884 1389 duxit
1936 1351 2070 1390 uxo-

479 1438 614 1478 rem.
653 1423 961 1495 lterumque
995 1432 1294 1480 conventus
1323 1439 1510 1479 mense
1562 1424 1694 1478 Iulio
1748 1424 1887 1494 apud
1934 1425 2072 1495 lngi-

479 1512 767 1569 lunheim“
819 1515 1079 1586 palatium
1141 1515 1380 1582 habitus,
1427 1521 1483 1570 et
1527 1517 1799 1576 exercitus
1825 1515 1891 1570 de
1919 1515 2071 1570 Italia

480 1605 536 1660 in
562 1607 894 1663 Pannoniam
917 1617 1139 1678 propter
1163 1608 1449 1664 Liudewiti
1475 1608 1822 1664 rebellionem
1847 1610 2068 1677 missus,

479 1695 572 1766 qui
603 1698 765 1752 rebus
791 1713 980 1767 parum
1001 1712 1262 1768 prospere
1294 1698 1482 1768 gestis,
1514 1697 1712 1754 infecto
1741 1716 1879 1770 pene
1906 1717 2069 1773 nego-

2173 507 2357 577 copias
2391 506 2432 536 ¹⁹
2459 513 2513 560 et
2548 513 2711 560 noctu
2749 515 2804 560 et
2835 504 3067 560 interdiu
3109 521 3450 578 quacumque
3476 510 3522 540 ²⁰
3547 521 3768 579 poterat

2171 596 2454 665 laceravit,
2481 612 2654 666 neque
2681 612 2805 652 eum
2828 597 2882 651 in
2906 612 3002 652 sua
3023 599 3305 667 provincia
3329 601 3529 670 inpune
3558 607 3767 660 versari

2172 690 2454 759 permisit;
2503 688 2571 743 ad
2601 698 2906 744 extremum
2935 690 3088 760 gravi
3141 690 3342 746 damno
3371 692 3661 749 adfectum
3693 711 3771 751 re-

2173 779 2332 850 gione
2376 795 2474 835 sua
2501 780 2679 851 coegit
2709 780 2756 811 “
2784 781 3070 847 excedere,
3109 782 3286 838 tribus
3311 784 3593 840 hominum
3635 788 3772 842 mili—

2171 875 2272 931 bus
2311 877 2378 930 de
2401 876 2643 931 exercitu
2670 875 2818 931 illius
2844 875 3162 944 interfectis,
3210 885 3266 932 et
3301 880 3561 936 trecentis
3591 880 3696 935 vel
3717 898 3773 940 eo

2172 967 2403 1038 amplius
2449 968 2672 1023 caballis
2722 968 2917 1037 captis,
2974 978 3193 1039 praeter
3229 971 3470 1027 sarcinas
3502 980 3558 1027 et
3599 973 3773 1043 spolia

2171 1059 2370 1114 diversi
2401 1059 2616 1130 generis
2638 1058 2878 1128 direpta;
2926 1074 3067 1129 quae
3095 1061 3330 1129 qualiter
3359 1071 3509 1133 gesta
3533 1063 3769 1130 fuerint,

2169 1164 2267 1218 per
2289 1149 2494 1220 legatos
2539 1165 2664 1205 suos
2694 1149 3012 1219 imperatori
3043 1153 3298 1206 nuntiare
3331 1156 3558 1210 curavit.
3599 1157 3690 1209 At
3724 1158 3770 1212 in

2170 1243 2418 1312 partibus
2443 1243 2682 1298 occiduis
2716 1243 2998 1313 Pippinus,
3028 1246 3372 1314 imperatoris
3411 1247 3574 1314 ﬁlius,
3618 1249 3771 1305 iussu

2168 1332 2341 1402 patris
2371 1332 2718 1387 Wasconiam
2756 1349 2880 1388 cum
2909 1335 3150 1390 exercitu
3195 1337 3488 1406 ingressus,
3531 1338 3772 1395 sublatis

2169 1440 2237 1480 ex
2262 1441 2326 1480 ea
2348 1426 2638 1492 seditiosis,
2659 1435 2825 1481 totam
2851 1444 2970 1482 eam
2986 1429 3318 1498 provinciam
3347 1433 3417 1486 ita
3442 1448 3571 1501 paca
3583 1435 3685 1486 vit
3712 1436 3770 1500 ",

2169 1527 2229 1573 ut
2255 1519 2433 1573 nullus
2485 1520 2538 1574 in
2573 1535 2637 1574 ea
2670 1521 2886 1576 rebellis
2921 1531 3014 1576 aut
3047 1523 3400 1580 inoboediens
3424 1527 3772 1583 remansisse

2168 1612 2464 1668 videretur.
2504 1612 2792 1670 Harioldus
2842 1632 3058 1686 quoque
3085 1618 3235 1672 iussu
3293 1619 3654 1690 imperatoris
3712 1624 3770 1677 ad

2173 1719 2340 1760 naves
2387 1721 2513 1760 suas
2573 1723 2672 1776 per
2716 1705 3010 1764 Abodritos
3061 1710 3339 1776 reductus,
3389 1713 3440 1765 in
3498 1715 3767 1782 patriam,

479 1788 555 1844 tio
587 1804 865 1860 regressus
895 1798 999 1846 est.
1073 1790 1140 1844 Et
1160 1789 1491 1845 Liudewitus
1517 1790 1538 1820 °
1588 1793 1842 1861 superbia
1873 1793 2069 1859 elatus,
2100 1793 2146 1852 B
2174 1796 2330 1864 quasi
2358 1812 2583 1867 regnum
2610 1797 2683 1851 ibi
2711 1807 3050 1867 accepturus,
3105 1801 3398 1872 navigavit,
3445 1806 3531 1858 cui
3565 1821 3640 1860 se
3669 1807 3770 1859 duo

476 1878 682 1951 legatos
712 1882 867 1951 quasi
896 1897 1085 1952 pacem
1114 1883 1346 1951 petendo
1375 1883 1452 1962 ad.
1470 1883 1852 1954 imperatorem
1901 1885 2066 1952 misit,

2170 1901 2236 1940 ex
2270 1887 2396 1943 ﬁliis
2427 1888 2726 1955 Gndofridi,
2765 1892 2920 1960 quasi
2959 1909 3066 1947 una
3104 1909 3228 1948 cum
3251 1910 3315 1949 eo
3347 1911 3564 1965 regnum
3597 1900 3765 1954 habi-

475 1974 819 2030 conditiones
843 1975 1106 2045 quasdam
1133 1991 1442 2045 proponens
1461 2018 1476 2043 ,
1507 1977 1573 2032 ad
1597 1978 1638 2008 ¹⁰
1663 1993 1894 2046 quarum
1941 1995 2072 2034 con-
2168 1979 2299 2043 turi,
2333 1981 2570 2035 sociasse
2608 1982 2881 2049 dicuntur,
2908 1983 3031 2039 aliis
3060 1983 3272 2040 duobus
3293 1989 3466 2057 patria
3489 1991 3764 2060 expulsis.

477 2063 782 2118 cessionem
807 2080 870 2119 ea
895 2079 1034 2134 quae
1055 2065 1374 2120 iuberentur
1400 2082 1458 2122 se
1488 2068 1758 2123 facturum
1781 2069 2068 2138 polliceba-

475 2159 581 2208 tur.
637 2155 784 2222 Quas
819 2171 944 2210 cum
970 2154 1267 2223 imperator
1287 2173 1394 2212 non
1418 2158 1709 2227 reciperet,
1749 2158 1993 2229 aliasque
2016 2160 2067 2215 ei

477 2260 577 2314 per
592 2261 720 2300 suos
743 2246 948 2316 legatos
973 2256 1322 2316 praponeret,
1337 2249 1759 2317 permanendum
1777 2250 1876 2304 sibi
1904 2252 1957 2304 in
1985 2251 2067 2306 in-

477 2337 674 2391 choata
703 2339 928 2407 perﬁdia
957 2341 1108 2394 velut
1135 2340 1399 2410 Optimum
1448 2341 1713 2408 iudicans,
1747 2343 1928 2397 missis
1960 2343 2066 2397 cir-

475 2441 817 2496 cumquaque
865 2427 1080 2500 legatis,
1132 2431 1338 2485 vicinas
1379 2431 1529 2485 iuxta
1579 2432 1621 2462 “
1655 2448 1714 2488 se
1763 2443 1950 2504 gentes
1996 2434 2063 2490 ad

472 2519 676 2576 bellum
728 2523 1018 2578 sollicitare
1064 2526 1295 2579 curavit.
1361 2525 1800 2582 Timocianorum
1844 2543 2064 2598 quoque

475 2613 754 2681 populum,
788 2617 880 2686 qui
924 2617 1146 2672 dimissa
1186 2618 1542 2689 Bulgarorum
1573 2623 1831 2677 societate
1867 2625 1936 2677 ad
1963 2623 2063 2678 im-

471 2713 777 2775 peratorem
800 2708 988 2763 venire
1036 2724 1102 2764 ac
1131 2709 1332 2764 dicioni
1357 2711 1475 2766 eius
1505 2727 1562 2766 se
1593 2714 1912 2781 permittere
1939 2729 2066 2785 ges.

473 2796 662 2864 tiebat,
692 2813 762 2852 ne
782 2800 885 2855 hoc
916 2799 1150 2856 efﬁceret
1181 2802 1247 2867 “,
1273 2802 1347 2856 ita
1372 2803 1659 2873 intercepit
1678 2820 1741 2860 ac
1765 2805 1914 2860 falsis
1939 2822 2062 2876 per-

476 2889 823 2944 suasionibus
855 2890 1066 2957 inlexit,
1115 2898 1177 2945 ut
1197 2931 1211 2956 ,
1244 2893 1450 2947 omisso
1479 2896 1620 2962 quod
1645 2894 1824 2950 facere
1863 2897 2039 2966 cogita

473 2978 588 3045 bat,
621 2980 880 3051 perﬁdiae
900 2981 1046 3037 illius
1070 2983 1250 3038 socius
1279 2990 1330 3038 et
1359 2984 1572 3039 adiutor
1591 2986 1866 3040 existeret.
1899 2987 2061 3041 Exer-

475 3071 582 3140 citu
610 3087 738 3128 vero
759 3073 824 3128 de
846 3073 1122 3128 Pannonia
1150 3089 1395 3141 reverso,
1424 3075 1681 3144 Cadolah,
1711 3079 1817 3132 dux
1833 3079 2058 3135 Foroiu-

2170 2069 2275 2126 Sed
2318 2072 2422 2126 hoc
2453 2072 2576 2127 dolo
2621 2072 2822 2128 factum
2845 2084 3086 2145 putatur.
3135 2076 3448 2147 Imperator,
3482 2092 3769 2136 conventu

2169 2163 2418 2229 dimisso,
2451 2164 2629 2234 primo
2655 2165 3035 2220 Cruciniacum
3064 2168 3110 2198 ’³
3147 2179 3193 2234 ο,
3223 2169 3416 2225 deinde
3454 2172 3722 2243 Bingiam
3743 2174 3764 2214 ά

2166 2256 2406 2320 veniens,
2443 2257 2677 2310 secunda
2702 2273 2840 2326 aqua
2867 2257 3237 2314 Confluentem
3264 2277 3432 2332 usque
3460 2279 3559 2332 per
3613 2264 3767 2321 Rhe-

2166 2363 2296 2401 num
2349 2347 2645 2416 navigavit,
2709 2347 2834 2402 inde
2887 2348 3237 2406 Arduennam
3295 2355 3526 2409 venandi
3575 2358 3764 2427 gratia

2163 2435 2556 2508 proﬁciscitur;
2604 2439 2884 2494 venatorio
2932 2456 3146 2510 quoque
3180 2443 3441 2499 exercitio
3468 2435 3632 2500 inore
3669 2464 3760 2503 so-

2163 2529 2327 2584 lemni
2353 2530 2553 2586 ibidem
2573 2538 2788 2600 exacto,
2815 2530 3159 2604 Aquasgrani
3193 2535 3264 2590 ad
3281 2535 3640 2594 hiemandum
3669 2553 3759 2597 re-

2162 2625 2412 2680 vertitur.

2798 2720 3093 2778 DCCCXX.

2235 2807 2416 2864 Mense
2451 2809 2699 2865 Ianuario
2734 2822 3035 2869 conventus
3077 2814 3277 2870 ibidem
3311 2816 3530 2872 habitus
3582 2817 3660 2884 “,
3707 2819 3757 2874 in

2161 2917 2270 2972 quo
2294 2903 2360 2957 de
2387 2902 2672 2959 Liudewiti
2701 2903 3004 2962 defectione
3034 2907 3388 2963 deliberatum
3414 2917 3518 2975 est,
3551 2919 3612 2964 ut
3645 2921 3759 2966 tres

2161 2996 2436 3050 exercitus
2484 2995 2645 3050 simul
2683 3011 2751 3051 ex
2783 2998 2956 3052 tribus
2983 3000 3226 3068 partibus
3265 3001 3332 3056 ad
3359 3001 3756 3057 devastandam

2160 3087 2276 3140 eius
2323 3088 2596 3157 regionem
2633 3097 2796 3158 atque
2843 3089 3011 3159 ipsius
3057 3091 3338 3146 audaciam
3389 3095 3755 3149 coercendam

472 3160 680 3228 liensis,
710 3162 859 3219 febre
897 3174 1181 3234 correptus
1214 3168 1269 3220 in
1298 3166 1414 3236 ipsa
1458 3182 1642 3221 marca
1669 3167 1916 3223 decessit.
1957 3169 2055 3225 Ctli
2084 3151 2128 3213 Ο
2161 3151 2527 3234 mitterentur.
2551 3151 2730 3234 Borna
2746 3151 2960 3251 quoque
2981 3183 3158 3253 primo
3180 3201 3276 3255 per
3301 3185 3526 3256 legatos,
3557 3187 3755 3243 deinde

475 3268 597 3308 cum
620 3253 895 3309 Baldricus
920 3263 1064 3310 esset
1085 3254 1430 3326 subrogatus,
1458 3265 1512 3313 et
1542 3257 1595 3312 in
1624 3257 2056 3315 Carantanorum

473 3343 773 3412 regionem,
806 3358 946 3412 quae
987 3345 1054 3399 ad
1090 3344 1258 3414 ipsius
1291 3361 1479 3402 curam
1515 3348 1840 3416 pertinebat,
1865 3350 2058 3408 fuisset

473 3433 771 3504 ingressus,
823 3436 1040 3490 obvium
1069 3437 1141 3490 ibi
1180 3438 1368 3492 habuit
1411 3440 1698 3498 Liudewiti
1732 3446 2056 3514 exercitum,

475 3539 636 3593 quem
691 3525 840 3579 iuxta
877 3525 1114 3581 Dravum
1145 3541 1171 3568 ει
1204 3529 1424 3584 fluvium
1449 3531 1552 3586 iter
1591 3544 1839 3605 agentem
1887 3555 2057 3610 parva

475 3631 642 3670 manu
685 3615 988 3688 adgressus,
1018 3617 1263 3688 pluribus
1295 3620 1615 3691 interfectis,
1668 3635 1722 3681 et
1756 3631 1970 3696 avertit,
2006 3640 2063 3688 et

475 3705 541 3761 de
569 3705 658 3760 illa
697 3708 976 3777 provincia
1017 3707 1243 3780 fugavit.
1291 3711 1468 3768 Borna
1494 3731 1644 3782 vero,
1682 3719 1789 3773 dux
1841 3720 2060 3778 Dalma-

472 3796 608 3861 ciae,
626 3797 748 3851 cum
778 3799 987 3870 magnis
1008 3801 1177 3870 copiis
1197 3803 1265 3858 ad
1285 3802 1566 3876 Colapium
1587 3809 1629 3840 ‘3
1645 3810 1671 3849 δ
1687 3809 1908 3866 fluvium
1928 3814 2059 3869 Lin-

472 3887 672 3944 dewito
701 3891 769 3945 ad
805 3906 864 3947 se
893 3893 1130 3949 venienti
1177 3911 1490 3966 occurrens,
1520 3902 1575 3957 in
1603 3904 1777 3972 prima
1807 3921 2062 3978 congres-

472 3979 624 4034 sione
648 3996 681 4035 a
708 3978 1048 4040 Guduscanis
1079 3985 1376 4054 deseritur;
1409 3991 1610 4047 auxilio
1635 4001 1815 4050 tamen
1845 4007 2060 4068 praeto-

474 4069 750 4125 rianorum
797 4087 1017 4128 suorum
1074 4084 1372 4146 protectus,
1434 4083 1626 4136 evasit.
1672 4084 1845 4140 Periit
1892 4088 1948 4142 in
1993 4104 2058 4145 eo

470 4160 676 4231 proelio
715 4161 1073 4234 Dragamosus
1103 4169 1145 4198 η
1173 4184 1330 4225 socer
1360 4171 1668 4241 Liudewiti,
1697 4179 1788 4247 qui
1815 4179 1869 4233 in
1893 4195 2055 4237 exor-

469 4251 561 4308 dio
591 4253 928 4322 defectionis,
960 4258 1148 4315 relicto
1175 4278 1400 4332 genero,
1435 4265 1649 4324 Bornae
1673 4287 1734 4326 se
1760 4275 2056 4334 coniunxe-

470 4351 577 4398 rat.
601 4344 912 4403 Guduscani
941 4349 1159 4405 domum
1195 4356 1446 4424 regressi,
1485 4358 1683 4415 iterum
1723 4379 1754 4418 a
1801 4364 1980 4424 Borna
2009 4370 2052 4401 “’

467 4437 808 4509 subiguntur.
841 4439 912 4495 At
951 4441 1286 4502 Liudewitus
1339 4448 1382 4480 ¹⁶
1426 4454 1768 4510 occasionem
1796 4469 2045 4530 nanctus,

466 4542 589 4584 cum
619 4530 796 4587 valida
826 4548 990 4589 manu
1038 4535 1356 4597 Decembrio
1404 4560 1591 4602 mense
1621 4548 1941 4609 Dalmatiam
1971 4529 2054 4612 in?-
2077 4529 2131 4588 D

467 4637 706 4725 gressus,
727 4623 874 4681 ferro
902 4637 957 4682 et
983 4628 1091 4699 igni
1121 4630 1366 4689 devastat
1399 4635 1529 4710 [igni
1555 4651 1747 4699 cuncta
1778 4647 1911 4702 d.A.
1936 4649 2046 4725 L.].

465 4713 564 4770 Cui
592 4732 714 4772 cum
740 4717 917 4775 Borna
947 4735 1006 4776 se
1049 4723 1297 4792 paenitus
1322 4727 1586 4798 imparem
1618 4735 1658 4767 ¹⁷
1688 4713 2045 4809 conspiceret,

2159 3270 2275 3340 ipse
2316 3272 2563 3339 veniens,
2605 3274 2734 3344 quid
2763 3275 2866 3330 sibi
2896 3275 3041 3331 facto
3093 3293 3228 3347 opus
3271 3294 3391 3334 esse
3446 3280 3750 3349 videretur,

2159 3365 2443 3435 suggessit.
2470 3365 2528 3420 In
2552 3381 2616 3421 eo
2644 3378 2912 3422 conventu
2936 3369 3097 3436 Bera,
3115 3386 3300 3426 comes
3328 3372 3668 3429 Barcinonae
3683 3376 3747 3438 ",

2159 3457 2253 3526 qui
2304 3457 2412 3510 iam
2443 3458 2534 3512 diu
2561 3458 2765 3514 fraudis
2793 3468 2847 3514 et
2893 3460 3226 3517 inﬁdelitatis
3265 3463 3310 3494 “
3341 3480 3372 3518 a
3402 3466 3595 3520 vicinis
3637 3469 3750 3522 suis

2162 3546 2576 3602 insimulabatur
2596 3550 2662 3616 ³⁷,
2691 3565 2812 3605 cum
2833 3561 3151 3608 accusatore
3181 3571 3278 3610 suo
3298 3559 3538 3625 equestri
3567 3574 3749 3630 pugna

2161 3641 2449 3713 conﬂigere
2478 3654 2722 3712 conatus,
2754 3647 3010 3701 vincitur.
3039 3648 3281 3719 Cumque
3308 3659 3368 3704 ut
3389 3667 3515 3707 reus
3544 3655 3745 3709 maies-

2162 3735 2292 3789 tatis
2323 3735 2540 3805 capitali
2593 3739 2861 3792 sententia
2899 3739 3269 3807 damnaretur,
3310 3757 3528 3812 parsum
3576 3752 3662 3798 est
3695 3745 3745 3800 ei

2162 3826 2532 3881 misericordia
2566 3827 2927 3899 imperatoris,
2968 3839 3020 3884 et
3058 3831 3419 3904 Ratumagum
3453 3835 3616 3890 exilio
3652 3836 3744 3892 de-

2161 3925 2406 3986 portatus
2449 3919 2492 3949 “
2531 3927 2631 3974 est.
2661 3919 2956 3976 Transacta
2986 3921 3186 3988 hieme,
3223 3933 3282 3978 ut
3307 3926 3543 3994 primum
3575 3927 3741 3982 herba

2162 4010 2417 4080 pabulum
2446 4011 2699 4067 iumentis
2725 4013 2987 4083 praebere
3013 4016 3210 4085 potuit,
3236 4025 3346 4072 tres
3372 4018 3448 4073 illi
3471 4021 3742 4076 exercitus

2161 4112 2350 4158 contra
2389 4105 2746 4161 Liudewitum
2776 4107 3081 4162 mittuntur.
3111 4109 3514 4176 Quorum'unus
3543 4114 3608 4168 de
3633 4113 3739 4168 Ita-

2157 4195 2229 4251 lia
2266 4213 2363 4267 per
2389 4198 2550 4268 Alpes
2577 4199 2820 4267 Noricas,
2850 4201 2986 4256 alter
3011 4218 3109 4272 per
3153 4203 3585 4262 Carantanorum
3613 4223 3737 4278 pro-

2155 4287 2411 4355 vinciam,
2465 4289 2669 4345 tercius
2699 4306 2795 4361 per
2844 4292 3150 4348 Baioariam
3193 4302 3248 4350 et
3277 4295 3611 4352 Pannoniam
3647 4314 3737 4354 su-

2153 4380 2424 4447 periorem
2455 4381 2677 4436 intravit
2711 4400 2721 4435 :
2757 4392 2811 4437 et
2841 4383 2948 4439 duo
2990 4386 3231 4454 quidem,
3257 4388 3310 4441 id
3339 4398 3426 4443 est
3463 4391 3648 4445 dexter
3671 4405 3732 4447 ac

2157 4470 2400 4537 sinister,
2427 4473 2634 4528 tardius
2660 4475 2888 4547 ingressi
2915 4486 3063 4543 sunt,
3095 4494 3159 4533 eo
3183 4480 3326 4548 quod
3356 4497 3498 4537 unus
3525 4482 3729 4552 Alpium

2159 4563 2409 4630 transitu,
2465 4563 2700 4620 hostium
2749 4583 2908 4622 manu
2965 4569 3270 4636 resistente,
3324 4573 3724 4641 prohibebatur,

2155 4653 2291 4709 alter
2317 4665 2373 4710 et
2414 4655 2743 4727 longitudine
2769 4659 2980 4716 itineris
3022 4670 3079 4716 et
3107 4662 3286 4719 Dravo
3324 4664 3548 4723 ﬂumine
3595 4667 3724 4738 quod

2153 4747 2508 4803 traiciendum
2555 4760 2676 4805 erat
2713 4751 3119 4823 inpediebatur;
3153 4757 3364 4813 medius
3413 4771 3615 4824 autem,
3642 4759 3721 4831 qui

463 4808 647 4864 0mm“
679 4825 776 4867 δυὲ
800 4812 1037 4871 οθδιθυίε
1060 4814 1298 4887 ineius“:
1329 4828 1385 4876 et
1423 4821 1538 4895 ipse
1559 4841 1681 4883 cum
1705 4829 1911 4886 delecta
1933 4849 2048 4890 ma-
2149 4855 2246 4910 per
2290 4840 2626 4899 Carantanos
2658 4808 2913 4914 intrabat,
2956 4863 3285 4920 quamquam
3311 4851 3368 4906 in
3404 4855 3582 4910 tribus
3607 4808 3720 4910 10:15

1685 5013 2074 5077 VARIANTES
2110 5023 2512 5082 LECTIONES.

536 5111 556 5147 ί
585 5115 944 5174 consuluisset
964 5120 1017 5176 9.
1115 5124 1136 5154 '
1170 5122 1390 5182 inmane
1415 5125 1557 5180 deest
1580 5127 1633 5183 9.
1666 5129 1975 5188 immaniter
2003 5135 2056 5189 7.

464 5183 487 5216 ⁸
507 5189 809 5242 necessaria
836 5191 888 5244 9.
964 5192 985 5224 "
1016 5191 1192 5248 huelni

2155 5137 2175 5219 ξ
2194 5138 2678 5220 exiliodamnatus
2694 5140 2747 5195 9.
2771 5211 2799 5220 Α
2847 5141 3298 5220 aquasgranil.
3319 5218 3348 5220 ﬂ
3380 5149 3402 5180 ³
3425 5149 3652 5220 legimus
3673 5149 3713 5204 l.

1222 5195 1436 5289 habet.)
1465 5197 1531 5289 ᾗ
1547 5198 1688 5289 δεῖ
1785 5202 1892 5289 es.
1927 5205 1980 5289 ε.
2010 5207 2244 5289 “fama.
2285 5280 2295 5289 ι
2322 5210 2344 5239 ε
2368 5210 2747 5289 ingilumheim
2768 5211 2821 5266 2.
2849 5195 3652 5289 ίηίςῖιέῆιῗὲῖηἶᾉῖέί1εηὶἷὲὶὶἶῖ
3671 5195 3715 5275 ἶιί

463 5211 809 5271 :ueccssaria
836 5211 888 5244 υ.
970 5211 979 5224 ·
1018 5211 1194 5316 nueipi
1222 5211 1270 5278 ξ.
1297 5211 1349 5249 2.
1373 5211 1426 5251 ὀ.
1465 5211 1518 5278 e_.
1549 5211 1602 5252 5.
1629 5211 1680 5252 υ.
1704 5211 1752 5254 ’1.
1785 5211 1892 5257 65.
1927 5211 1980 5258 6.
2010 5211 2165 5277 welpi
2192 5211 2244 5263 9.
2322 5211 2344 5239 ⁸
2368 5211 2738 5280 ingilumheim
2768 5211 2821 5266 2.
2849 5211 3575 5289 ἰηςίιεηῧείω4.εἰ1εηὶι‹ᾖιιι
3602 5223 3649 5277 6.
3671 5223 3714 5275 in

461 5256 813 5357 ξξειιςξξξιξιιω
931 5263 1307 5357 ἕὶῃιηὲξῄιξεηξιὶ
1332 5266 1377 5319 Β
1405 5267 1456 5357 fi;
1484 5269 1770 5357 ingelheim
1802 5274 1859 5357 9ζ
1923 5275 1951 5357 ξ
1983 5279 2389 5357 εεμὶιρόεννίιιιε
2416 5297 2546 5357 vero
2575 5283 2627 5357 9_.
2661 5353 2673 5357 _
2707 5283 2750 5314 ⁸ο
2776 5299 3102 5354 proponens,
3130 5303 3362 5357 quarum
3392 5291 3440 5345 i.
3523 5294 3563 5324 “
3588 5296 3714 5347 iuxta

459 5341 519 5382 se
548 5329 687 5383 deest
713 5331 767 5386 9.
847 5332 888 5363 ¹’²
931 5333 1036 5392 hoc

459 5396 507 5478 ξ’
539 5398 584 5453 Α
610 5398 916 5461 liudewitus
942 5405 1029 5478 1η
1072 5406 1495 5478 ’Τρηίῐηρενοῐη
1539 5412 1591 5466 1.

459 5475 545 5553 Sps
572 5487 618 5524 r.
646 5489 740 5553 sua
764 5478 907 5545 cepit
931 5493 981 5553 e_.
1005 5477 1059 5553 ξπ
1101 5475 1170 5553 -51
1205 5477 1258 5553 6_.
1308 5475 1378 5509 "'
1404 5483 1651 5551 paccavit
1671 5484 1720 5538 1.
1753 5486 1805 5540 5.
1883 5488 1928 5519 ”
1961 5475 2941 5551 crucianacumPignerueianiacum
2967 5497 3019 5553 6.

1674 5414 1715 5445 ¹⁸
1745 5419 1888 5472 nunc
1917 5417 2092 5476 altare
2131 5422 2183 5474 1.

1115 5337 1333 5425 eret__9._
1355 5422 1368 5425 ξ
1395 5338 1452 5425 γ¹³
1479 5337 1803 5425 colampium
1918 5345 1970 5425 6_.
2050 5348 2095 5379 “
2122 5351 2474 5425 dramagosus
2503 5353 2554 5407 5.
2583 5353 2615 5407 6
2642 5337 3102 5425 (11·εεῖ)[ὴόειὶε-ξ)ί⁷
3136 5337 3482 5417 “'i'iibézia
3512 5337 3710 5418 deéi'fi'.

3499 5436 3541 5465 "
3572 5433 3713 5488 affec-

3169 5499 3218 5531 ’δ
3243 5499 3278 5556 i.
3304 5513 3389 5559 est
3433 5505 3644 5560 habitus
3665 5502 3708 5556 6.

2265 5422 2306 5451 ⁸³
2340 5423 2583 5502 liudewit
2609 5422 2794 5502 copias
2823 5426 2874 5479 1.
2955 5428 3000 5502 ’ξ’
3026 5427 3335 5502 ubicunque
3363 5433 3416 5487 9.

456 5538 506 5572 "
531 5538 931 5621 barcinoneque
947 5548 1002 5604 4.
1026 5548 1080 5606 5.
1099 5538 1504 5626 barcinoneque
1521 5538 1593 5614 ’6.
1654 5556 1702 5591 ³⁸
1725 5538 2059 5617 infelicitatis
2067 5538 2348 5626 VIII—3T?"-
2376 5538 3019 5626 ᾆηῖἱιιὶὶὶῑὶἶὲ’
3057 5569 3103 5602 ’⁸
3123 5538 3288 5630 exilio

1964 5653 2199 5714 NOTAE.

527 5726 681 5791 'Die
713 5727 914 5797 Drave,
941 5730 1111 5790 Drau.

527 5793 556 5836 ιι
587 5796 684 5836 ms
719 5799 882 5836 nam.

554 5811 556 5883 ἡ
587 5796 684 5856 Die
719 5796 904 5873 Culpa.

2225 5755 2252 5788 ο
2272 5745 2591 5810 Creuznach.

2223 5815 2481 5890 6Bingen.
