3960 6346
102 458 218 516 489

1565 437 1902 498 ANNALES.

3262 425 3367 482 490

101 586 160 626 ei
199 564 568 625 resisteretur,
615 557 855 615 feliciore
883 570 1013 612 usus
1052 557 1290 621 fortuna,
1318 562 1402 610 ter
1423 555 1580 610 hoste
1606 570 1691 610 su-
1717 561 1772 622 Α
1795 549 1977 605 fiebat.
2013 545 2074 601 In
2115 545 2436 616 quibusdam
2461 559 2592 600 vero
2639 544 2771 600 locis
2801 544 2866 598 de
2891 542 3240 598 inundatione
3273 541 3374 596 flu-

101 670 321 734 perato,
376 656 552 711 Dravo
581 653 744 709 etiam
759 651 1114 716 .transmisso,
1146 651 1374 706 celerius
1404 649 1472 703 ad
1526 647 1691 704 desti-

99 763 237 810 nata
293 751 410 808 loca
455 748 720 820 pervenit.
751 746 953 802 Contra
992 745 1127 801 haec
1174 743 1505 800 Liudewitus
1555 740 1691 796 nihil

98 847 351 912 molitus,
395 842 694 900 munitione
741 848 953 896 tantum
1003 838 1212 894 castelli
1261 837 1405 907 quod
1434 836 1490 890 in
1521 835 1690 890 arduo

99 945 298 998 monte
349 940 747 998 construxerat,
780 946 840 986 se
873 947 1106 1002 suosque
1141 928 1430 996 continuit,
1489 934 1544 982 et
1591 941 1694 981 nec

99 1030 239 1086 belli
272 1043 370 1084 nec
409 1027 558 1097 pacis
610 1025 696 1081 vel
735 1039 830 1095 per
865 1024 1212 1092 semetipsum
1240 1021 1326 1077 vel
1355 1037 1454 1090 per
1487 1019 1692 1092 legatos

102 1123 281 1178 ullum
303 1136 426 1178 cum
456 1122 471 1151 ¹
498 1120 577 1174 eis
601 1133 905 1173 sermonem
926 1116 1185 1171 habuisse
1211 1115 1411 1169 dicitur
1439 1114 1483 1167 ².
1528 1112 1692 1168 Exer-

97 1215 252 1271 citus
294 1226 424 1267 vero
459 1219 746 1281 postquam
796 1210 851 1263 in
881 1224 1047 1263 unum
1089 1213 1477 1272 convenerunt,
1524 1212 1692 1260 totam

97 1323 251 1381 pene
294 1305 568 1377 regionem
599 1303 744 1359 ferro
788 1312 842 1358 et
870 1305 979 1374 igni
1009 1305 1352 1360 devastantes
1393 1304 1437 1371 ³,
1487 1305 1631 1360 haud
1675 1302 1695 1334 ⁸

98 1397 222 1455 ullo
274 1396 424 1469 gravi
449 1395 648 1450 damno
693 1404 939 1464 accepto,
976 1396 1196 1450 domum
1237 1395 1441 1450 reversi
1471 1404 1616 1451 sunt.
1645 1395 1694 1450 Is

99 1497 318 1554 tamen,
363 1487 454 1557 qui
475 1502 572 1557 per
595 1486 932 1542 Pannoniam
967 1486 1304 1555 superiorem
1336 1487 1441 1542 iter
1467 1486 1690 1554 fecerat,

100 1583 161 1639 in
201 1581 434 1636 transitu
463 1579 627 1635 Dravi
670 1580 905 1635 fluminis
962 1596 1030 1635 ex
1056 1581 1298 1635 locorum
1327 1590 1383 1636 et
1432 1596 1696 1652 aquarum

102 1672 493 1729 insalubritate
570 1670 730 1726 soluti
784 1670 994 1726 ventris
1063 1671 1404 1728 incommodo
1463 1673 1699 1743 graviter

103 1765 370 1820 adfectus
415 1771 516 1829 cst,
565 1771 620 1817 et
672 1778 800 1833 pars
845 1763 961 1818 eius
1008 1777 1115 1818 non
1145 1763 1356 1818 modica
1383 1763 1487 1818 hoc
1511 1765 1699 1820 morbo

101 1865 438 1927 consumpta
485 1862 588 1910 est.
639 1854 724 1910 Hii
768 1863 882 1911 tres
941 1856 1210 1910 exercitus
1246 1855 1313 1910 de
1366 1855 1601 1911 Saxonia
1647 1863 1703 1911 ct

1789 642 2018 705 minum,
2049 640 2204 710 aquis
2237 640 2290 693 in
2321 639 2480 708 plano
2511 637 2904 708 stagnantibus,
2935 634 3266 690 autumnalis
3287 650 3376 689 sa-

1792 731 1866 786 tio
1896 731 1969 784 ita
2013 730 2270 801 impedita
2299 739 2402 796 est,
2430 739 2490 785 ut
2535 730 2784 801 paenitus
2833 727 2970 783 nihil
3005 726 3222 800 frugum
3251 735 3380 782 ante

1790 824 1942 879 verni
1972 823 2291 894 temperiem
2314 825 2695 879 seminaretur.
2742 822 2894 877 Luna
2941 820 3140 877 defecit
3166 822 3220 877 8.
3254 818 3374 874 Kal.

1791 913 2045 969 Decemb.
2071 913 2206 968 hora
2231 914 2271 945 “
2292 915 2468 970 noctis
2490 914 2744 970 secunda.
2777 913 3075 983 Imperator
3100 918 3222 982 post
3254 925 3380 979 per-

1791 1016 1972 1063 actum
2023 1006 2283 1062 Carisiaci
2335 1019 2663 1063 conventum
2702 1005 3174 1075 autumnalemque
3213 1019 3381 1059 vena-

1793 1099 1996 1155 tionem
2033 1115 2102 1154 ex
2136 1114 2289 1155 more
2330 1100 2654 1172 completam
2683 1098 3025 1171 Aquasgrani
3061 1098 3106 1129 ¹²
3131 1110 3385 1154 reversus

1793 1206 1897 1253 est.

2463 1287 2782 1347 DCCCXXI.

1799 1382 1801 1384 ’
1867 1381 2178 1438 Conventus
2210 1395 2398 1437 mense
2426 1379 2588 1436 Febr.
2633 1381 2805 1452 Aquis
2853 1381 3092 1448 habitus,
3122 1390 3179 1436 et
3226 1381 3284 1435 in
3316 1395 3384 1436 eo

1797 1473 1864 1529 de
1917 1473 2060 1531 bello
2097 1473 2452 1529 Liudewitico
2511 1482 2824 1541 tractatum,
2865 1490 2931 1529 ac
2957 1483 3062 1530 tres
3106 1473 3384 1530 exercitus

1796 1566 2032 1621 ordinati
2083 1565 2174 1635 qui
2229 1566 2415 1620 futura
2467 1574 2674 1620 aestate
2708 1564 3042 1634 perfidorum
3100 1581 3263 1636 agros
3291 1579 3390 1635 per

1797 1662 1946 1717 vices
1975 1668 2274 1715 vastarent.
2315 1658 2492 1715 Simili
2538 1659 2697 1714 modo
2741 1659 2806 1714 de
2833 1673 3019 1713 marca
3070 1656 3306 1727 Hispana
3344 1657 3390 1689 ¹³

1800 1753 2177 1819 constitutum,
2222 1760 2278 1807 et
2320 1753 2424 1808 hoc
2449 1751 2594 1806 illius
2623 1751 2812 1806 limitis
2854 1750 3143 1821 praefectis
3165 1751 3394 1821 impera-

1801 1855 1917 1902 tum
1960 1855 2060 1903 est.
2120 1847 2430 1917 lterumque
2469 1853 2767 1900 conventus
2813 1860 3000 1900 mense
3049 1844 3190 1899 Maio
3214 1845 3257 1876 ¹⁸
3288 1843 3398 1898 No-

105 1945 372 2005 orieutali
405 1945 636 2000 Francia
684 1954 740 2001 et
788 1945 1108 2000 Alamannia
1137 1947 1181 2011 ⁸,
1214 1945 1462 2001 Baioaria
1499 1962 1714 2018 quoque
1741 1932 1789 1992 Β
1815 1937 2050 2008 viomagi
2101 1935 2382 1992 habendus
2437 1936 2722 1992 condictus
2770 1944 2878 2001 est,
2919 1936 3253 2006 Comitemne
3304 1936 3398 2006 Qui

105 2051 277 2112 atque
303 2040 458 2095 Italia
490 2039 805 2110 congregati
843 2046 989 2094 sunt.
1023 2037 1229 2105 Quibus
1261 2039 1480 2094 domum
1518 2055 1704 2096 rever-

108 2135 212 2199 sis,
245 2131 630 2189 Carniolenses
680 2131 771 2200 qui
801 2131 948 2186 circa
996 2130 1195 2185 Savum
1245 2131 1265 2160 °
1298 2130 1522 2186 fluvium
1555 2131 1709 2187 habi-

107 2233 233 2278 tant
262 2232 321 2279 et
341 2221 806 2279 Foroiuliensibus
826 2235 1000 2291 paene
1024 2223 1262 2294 contigui
1286 2233 1430 2290 sunt,
1459 2224 1710 2281 Baldrico

109 2333 168 2373 se
208 2316 534 2371 dediderunt
560 2333 574 2381 ;
611 2315 752 2370 idem
779 2323 834 2369 ct
858 2330 984 2385 pars
1010 2315 1463 2384 Carantanorum,
1481 2333 1619 2388 quae
1642 2319 1712 2374 ad

111 2407 408 2464 Liudevviti
440 2415 624 2478 partes
673 2423 705 2460 a
735 2407 891 2462 nobis
932 2407 1224 2474 defecerat,
1269 2409 1448 2464 facere
1477 2411 1706 2466 curavit.

111 2500 333 2557 Foedus
390 2500 533 2555 inter
582 2514 681 2554 nos
717 2507 773 2552 et
792 2498 1030 2565 Abulaz,
1090 2515 1270 2571 regem
1316 2500 1608 2572 Hispaniae
1664 2502 1709 2569 τ,

115 2594 476 2650 constitutum
503 2600 560 2648 et
585 2600 808 2647 neutrae
830 2594 974 2662 parti
1004 2594 1136 2648 satis
1162 2593 1467 2663 proﬁcuum
1495 2595 1714 2650 consul-

118 2695 172 2741 to
193 2695 439 2756 ruptum,
479 2683 789 2754 bellumque
820 2685 1080 2739 adversus
1104 2699 1228 2739 eum
1268 2694 1577 2756 susceptum
1606 2695 1709 2742 est.

116 2777 176 2833 In
197 2776 392 2831 Italico
414 2777 551 2830 mari
588 2783 710 2829 octo
731 2791 895 2830 naves
923 2777 1321 2846 negotiatorum
1365 2777 1432 2832 de
1462 2777 1716 2833 Sardinia

120 2869 186 2922 ad
211 2867 427 2922 Italiam
459 2867 849 2922 revertentium
876 2883 906 2921 a
928 2867 1120 2937 piratis
1146 2878 1336 2940 captae
1362 2885 1426 2924 ac
1449 2870 1716 2926 dimersae

121 2969 250 3016 sunt
283 2977 297 3013 :
330 2960 397 3014 de
421 2958 787 3014 Nordmannia
823 2975 954 3013 vero
987 2961 1241 3016 tredecim
1269 2961 1528 3030 piraticae
1552 2977 1717 3018 naves

122 3066 401 3120 egressae,
435 3051 609 3121 primo
666 3051 720 3104 in
761 3049 1078 3105 Flandrensi
1107 3051 1264 3106 litore
1295 3051 1546 3121 praedari
1603 3068 1719 3108 mo-

124 3141 348 3208 lientes,
373 3141 442 3195 ab
462 3141 547 3196 his
571 3142 663 3211 qui
698 3141 718 3172 ⁸
743 3141 798 3194 in
822 3141 1094 3209 praesidio
1119 3150 1276 3196 erant
1296 3143 1542 3213 repulsae
1569 3151 1714 3209 sunt,

125 3239 219 3294 ubi
251 3247 464 3294 tameu'
489 3237 557 3292 ab
607 3237 688 3292 eis
729 3246 952 3307 propter
983 3239 1266 3294 custodum
1302 3238 1568 3292 incuriam
1622 3236 1719 3290 ali-

1812 2030 1939 2086 illuc
1973 2030 2018 2061 ¹⁸
2062 2029 2314 2085 venirent
2361 2031 2624 2100 deputati.
2667 2029 2746 2085 Eo
2793 2029 2836 2060 "
2884 2029 3112 2086 domnus
3166 2031 3400 2101 impera-

1811 2130 1897 2176 tor
1957 2131 2080 2191 post
2137 2121 2260 2177 festi
2311 2122 2584 2193 paschalis
2633 2121 2998 2191 expletionem
3049 2138 3148 2192 per
3193 2120 3398 2178 Mosam

1811 2214 2121 2285 navigavit,
2178 2215 2361 2284 ibique
2417 2215 2766 2270 constitutam
2816 2215 2978 2269 annis
3031 2215 3402 2285 superioribus

1815 2315 1978 2376 atque
2029 2306 2396 2376 conscriptam
2442 2307 2587 2360 inter
2613 2294 2754 2362 filios
2787 2322 2916 2362 suos
2959 2307 3113 2377 regni
3163 2308 3203 2338 ⁸⁷
3233 2307 3403 2377 parti-

1815 2399 2019 2454 tionem
2045 2400 2340 2465 recensuit,
2374 2414 2439 2454 ac
2464 2399 2786 2455 iuramentis
2811 2399 3134 2469 optimatum
3162 2402 3253 2470 qui
3275 2406 3406 2453 tunc

1816 2492 2006 2547 adesse
2049 2500 2339 2562 potuerant
2383 2492 2748 2557 confirmavit,
2795 2493 3174 2564 susceptisque
3205 2493 3405 2548 ibidem

1816 2585 2095 2641 Paschalis
2131 2587 2357 2641 Romani
2408 2587 2679 2656 pontificis
2726 2587 2938 2657 legatis,
3003 2587 3166 2641 Petro
3219 2586 3407 2641 videli-

1815 2686 1904 2734 cet
1931 2678 2387 2734 Centumcellensi
2417 2679 2668 2750 episcopo
2703 2687 2759 2735 et
2780 2678 2961 2734 Leone
2982 2679 3404 2743 nomenclatore,

1817 2771 2132 2840 eisdemque
2157 2772 2200 2802 ¹⁸
2228 2771 2477 2826 celeriter
2501 2771 2785 2836 absolutis,
2810 2771 3098 2826 comitibus
3125 2771 3291 2825 etiam
3316 2770 3410 2840 qui

1819 2863 2063 2929 aderant,
2117 2865 2184 2919 ad
2222 2863 2620 2934 expeditionem
2674 2863 3042 2920 Pannonicam
3099 2863 3410 2929 destinatis,

1819 2953 1935 3026 ipse
1955 2955 2232 3026 paululum
2255 2957 2330 3011 ibi
2360 2965 2667 3012 remoratus
2692 2956 2758 3022 ”,
2789 2956 3130 3027 Aquasgrani
3160 2972 3414 3012 reversus

1821 3059 1922 3106 est.
1967 3051 2034 3105 Et
2079 3060 2203 3121 post
2237 3067 2440 3122 paucos
2471 3051 2589 3106 dies
2637 3066 2738 3121 per
2782 3050 3132 3106 Arduennam
3180 3051 3286 3106 iter
3334 3050 3416 3104 fa-

1821 3142 1993 3208 ciens,
2049 3141 2314 3197 Treveros
2351 3157 2416 3198 ac
2447 3141 2627 3197 Mettis
2672 3142 2840 3206 venit,
2880 3143 3114 3212 indeque
3143 3141 3188 3172 ²⁰
3216 3141 3416 3195 Bume-

1824 3232 1923 3288 rici
1968 3233 2250 3289 castellum
2304 3242 2517 3302 petens,
2579 3232 2846 3302 reliquum
2895 3233 3088 3288 aestivi
3139 3231 3338 3288 caloris
3359 3240 3417 3287 et

126 3338 271 3399 quot
293 3342 452 3382 casae
470 3327 600 3382 viles
629 3327 904 3393 incensae,
921 3337 978 3382 et
995 3344 1196 3398 parvus
1218 3329 1432 3398 pecoris
1459 3342 1720 3382 numerus
1747 3309 1792 3372 C
1823 3325 2068 3379 autumni
2103 3323 2385 3378 dimidium
2413 3324 2808 3379 exercitatione
2836 3323 3116 3379 venatoria
3141 3324 3196 3378 in
3219 3323 3418 3394 V’osegi

126 3422 373 3476 abactus
398 3427 508 3484 est;
537 3421 590 3475 in
631 3421 770 3476 ostio
803 3419 1088 3490 Sequanae
1129 3420 1328 3474 similia
1371 3427 1718 3490 temptantes,

128 3513 521 3571 resistentibus
559 3515 661 3570 sibi
710 3515 885 3570 litoris
929 3514 1261 3580 custodibus,
1320 3516 1558 3585 quinque
1599 3530 1723 3571 suo-

131 3622 262 3662 rum
286 3605 606 3670 interfectis,
630 3605 824 3660 inritae
853 3615 1224 3671 recesserunt;
1247 3607 1463 3662 tandem
1488 3607 1541 3661 in
1565 3606 1725 3677 Aqui—

135 3699 324 3755 tanico
382 3697 539 3752 litore
565 3697 837 3766 prosperis
871 3711 1002 3752 usae
1036 3697 1394 3761 successibus,
1450 3696 1570 3751 vico
1595 3712 1728 3766 quo-

139 3793 267 3848 dam
312 3791 407 3860 qui
433 3798 658 3846 vocatur
683 3789 952 3845 Bundium
1001 3801 1028 3830 ει
1067 3789 1503 3862 [Buynbundium
1540 3789 1604 3842 Α.
1639 3787 1726 3858 L.]

141 3883 210 3937 ad
232 3882 508 3952 integrum
537 3881 880 3951 depopulato,
908 3896 1032 3936 cum
1055 3881 1260 3951 ingenti
1292 3880 1490 3950 praeda
1517 3879 1585 3934 ad
1614 3894 1734 3949 pro—

140 3974 264 4043 pria
310 3988 560 4028 reversae
599 3980 744 4027 sunt.
778 3971 892 4027 Hoc
913 3987 1054 4028 anno
1093 3979 1316 4042 propter
1345 3971 1498 4042 iuges
1522 3971 1733 4041 pluvias

143 4075 200 4120 et
223 4080 411 4121 aerem
445 4065 613 4120 nimio
655 4067 882 4120 humore
906 4064 928 4095 ⁸
976 4064 1274 4120 resolutum
1297 4079 1494 4134 magna
1523 4063 1732 4118 incom—

144 4154 315 4210 moda
339 4156 698 4225 contigerunt.
747 4154 881 4208 Nam
902 4163 956 4209 et
983 4154 1264 4209 hominum
1291 4161 1346 4208 et
1373 4155 1536 4209 boum
1570 4154 1736 4224 pesti-

146 4243 320 4300 lentia
347 4254 459 4300 tam
479 4246 695 4301 inmane
718 4246 876 4317 longe
902 4245 1115 4316 lateque
1141 4253 1387 4317 grassata
1418 4254 1519 4311 est,
1562 4253 1621 4298 ut
1645 4246 1737 4300 vix

151 4335 257 4388 ulla
292 4351 419 4406 pars
443 4336 607 4391 totius
636 4337 787 4407 regni
812 4336 1144 4392 Francorum
1165 4337 1366 4393 alﬂhac
1388 4345 1541 4406 peste
1563 4337 1738 4390 inmu-

151 4427 237 4482 nis
262 4436 430 4496 atque
472 4428 672 4482 intacta
701 4429 874 4498 possit
917 4430 1163 4484 inveniri.
1198 4429 1492 4484 Frumenta
1522 4445 1739 4500 quoque

153 4530 206 4574 et
237 4519 515 4590 legumina
557 4520 810 4576 imbrium
849 4523 1172 4578 adsiduitate
1200 4532 1476 4591 corrupta,
1518 4521 1602 4576 vel
1629 4521 1741 4576 col-

152 4613 246 4686 ligi
282 4630 395 4670 non
439 4621 689 4684 poterant
731 4615 815 4670 vel
844 4615 1069 4672 collecta
1107 4615 1612 4686 conputrescebant.
1654 4614 1743 4671 Vi-

156 4720 289 4758 num
347 4703 535 4769 etiam,
584 4705 735 4760 cuius
773 4721 971 4776 parvus
1013 4715 1306 4776 proventus
1362 4705 1551 4762 eodem
1598 4720 1742 4760 anno

158 4796 279 4864 fuit,
329 4804 552 4868 propter
575 4797 772 4854 caloris
799 4797 1037 4869 inopiam
1063 4799 1317 4855 acerbum
1360 4799 1404 4830 ¹⁰
1429 4805 1485 4854 et
1521 4798 1743 4854 insuave

1825 3415 1963 3470 saltu
2022 3421 2184 3484 atque
2233 3415 2462 3470 secretis
2517 3415 2695 3486 exegit
2735 3415 2801 3468 “.
2838 3414 3047 3470 Interea
3075 3415 3274 3484 Borna,
3307 3417 3418 3472 dux

1825 3507 2130 3562 Dalmatiae
2173 3519 2335 3579 atque
2389 3508 2703 3574 Liburniae,
2749 3508 3034 3564 defunctus
3063 3521 3165 3577 est,
3225 3518 3280 3565 et
3320 3525 3418 3580 pe-

1827 3610 1975 3658 tente
2023 3601 2222 3672 populo
2259 3609 2423 3672 atque
2462 3604 2788 3672 imperatore
2847 3604 3223 3660 consentiente
3249 3620 3422 3676 nepos

1829 3695 1996 3761 illius,
2040 3695 2261 3750 nomine
2297 3695 2662 3752 Ladasclavus
2709 3699 2778 3762 ",
2837 3714 3122 3754 successor
3142 3700 3193 3753 ei
3217 3699 3426 3753 consti-

1830 3796 1979 3843 tutus
2026 3796 2128 3843 est.
2181 3789 2437 3844 Adlatum
2487 3799 2572 3845 est
2603 3799 2660 3846 et
2703 3791 2770 3845 de
2814 3799 2991 3845 morte
3036 3791 3232 3845 Leonis
3281 3791 3422 3846 Con-

1831 3880 2295 3949 stantinopolitani
2312 3881 2676 3951 imperatoris,
2697 3883 2840 3950 quod
2863 3882 3268 3950 conspiratione
3291 3897 3425 3952 quo-

1833 3971 2060 4025 rundam
2080 3972 2400 4041 Optimatum
2429 3987 2677 4037 suorum,
2715 3981 2768 4027 et
2804 3974 3094 4044 praecipue
3146 3972 3425 4031 Michaelis

1835 4063 2048 4118 comitis
2095 4062 2516 4117 domesticorum
2547 4063 2614 4130 ’³,
2657 4064 2713 4117 in
2748 4064 2864 4134 ipso
2904 4063 3105 4134 palatio
3143 4065 3216 4120 sit
3255 4065 3425 4120 inter-

1835 4162 2085 4225 emptus;
2144 4155 2237 4226 qui
2293 4155 2549 4227 sufl'ragio
2597 4156 2795 4211 civium
2849 4165 2906 4210 et
2955 4158 3427 4228 praetorianorum

1836 4248 2072 4303 militum
2085 4249 2266 4304 studio
2289 4248 2486 4304 infulas
2512 4250 2722 4320 imperii
2740 4251 3045 4322 suscepisse
3070 4252 3115 4281 “
3138 4252 3336 4307 dicitur
3356 4252 3427 4305 ³³.

1848 4339 2179 4396 Fortunatus
2231 4343 2542 4411 patriarcha
2595 4342 2888 4398 Gradensis
2934 4359 3056 4399 cum
3112 4360 3144 4397 a
3194 4343 3428 4412 quodam

1838 4434 2138 4504 prcsbitcro
2168 4449 2285 4499 suo,
2326 4435 2545 4488 nomine
2584 4433 2821 4500 Tiberio,
2872 4436 3011 4504 apud
3046 4435 3431 4505 imperatorem

1840 4522 2032 4579 fuisset
2093 4535 2400 4592 accusatus,
2427 4525 2572 4597 quod
2602 4525 2961 4582 Liudewitum
2986 4527 3053 4580 ad
3076 4541 3430 4596 perseveran-

1845 4617 1973 4672 dum
2029 4616 2082 4670 in
2112 4616 2337 4687 perfidia
2381 4633 2489 4688 qua
2539 4627 2794 4688 coeperat
2822 4620 3151 4684 hortaretur,
3203 4633 3434 4688 eumque

1849 4708 1918 4762 ad
1945 4707 2162 4762 castella
2198 4723 2296 4763 sua
2341 4710 2633 4765 munienda
2665 4711 2900 4765 artifices
2934 4719 2990 4765 et
3009 4710 3278 4765 murarios
3311 4711 3437 4766 mit-

1853 4800 2015 4855 tendo
2043 4801 2275 4870 iuvaret,
2307 4809 2363 4857 et
2382 4795 2452 4859 ob
2472 4803 2576 4858 hoc
2617 4803 2684 4858 ad
2705 4803 2966 4873 palatium
2998 4803 3080 4858 ire
3112 4801 3432 4871 iuberetur;

1382 4935 1773 4993 VARIANTES
1810 4938 2213 4998 LECTIONES.

236 5031 254 5060 ⁸
290 5043 418 5084 cum
449 5029 530 5086 eis
555 5031 693 5086 deest
715 5031 768 5088 9.
845 5035 866 5068 ³
887 5031 1141 5089 habuisse
1162 5047 1284 5087 cum
1310 5033 1508 5089 dicitur
1540 5035 1592 5088 I.

161 5115 431 5155 casauum
477 5101 693 5156 fluvium
724 5105 776 5158 5.
811 5101 864 5157 9.

164 5242 380 5295 intacta
422 5283 436 5295 .
476 5284 488 5296 .
522 5284 534 5297 .
616 5260 681 5298 ex
734 5245 1081 5299 inundatione
1128 5285 1141 5298 .
1176 5286 1188 5299 .
1219 5285 1232 5298 .

960 5036 1617 5136 P‘i‘ffff.“'fi.fl‘fit“f.f:.
1657 5036 1837 5136 331‘"?
1865 5045 2220 5136 X352“???-
2299 5045 2572 5136 ‘.h?“‘-;‘-
2631 5048 3161 5136 .‘a'imantﬁaJ-m‘

1015 5119 1194 5172 regem
1237 5119 1619 5186 saracennorurn
1655 5120 1828 5186 cons}.
1865 5110 1915 5164 9.
1950 5115 2015 5186 με
2043 5117 2112 5168 ab
2143 5115 2212 5169 iis
2251 5117 2342 5186 qui
2388 5119 2443 5174 in
2480 5119 2532 5174 9.

163 5169 300 5254 5.}.
328 5170 396 5254 _5.
433 5171 486 5226 6.
517 5173 547 5226 7
574 5173 625 5228 9.
659 5173 771 5254 BEi.
825 5175 895 5254 6._
942 5175 998 5254 νξο
1058 5169 1316 5228 aceruum
1356 5176 1405 5229 1.
1443 5176 1497 5229 2.
1549 5175 1635 5230 10.
1678 5178 1724 5230 Β
1772 5180 1824 5233 6.
1885 5182 2069 5254 reliqui
2115 5169 2443 5242 acerbumm
2475 5169 2530 5220 ινιτ
2563 5206 2659 5245 ora
2686 5169 3296 5248 7."‘i'vinina—niter-r.

1293 5261 1521 5319 vernum
1579 5257 1788 5319 tempus

163 5310 219 5364 ι.
257 5311 314 5386 ⁸Β
346 5313 398 5366 5.
427 5313 479 5368 6.
517 5315 775 5386 byspania
814 5315 866 5368 5.
908 5316 960 5369 6.
1009 5316 1284 5386 hispanica
1323 5317 1374 5370 9.
1455 5315 1500 5346 ¹¹⁵
1543 5310 1839 5377 conventus
1888 5310 2120 5381 maio'i.

3225 5050 3279 5104 ui
3310 5065 3436 5106 car-

3249 5137 3439 5178 umore

1885 5202 2069 5254 reuqm
2115 5202 2391 5242 acernum.
2475 5202 2514 5220 “
2563 5206 2659 5245 ora
2715 5202 2764 5244 1.
2848 5202 2889 5220 ³³
2941 5202 3252 5248 inmaniter.
3283 5232 3296 5245 .
3327 5233 3340 5246 .
3385 5202 3441 5248 et

1833 5294 1846 5306 .
1884 5294 1898 5306 .
1935 5294 1948 5307 .
1981 5271 2152 5333 aquas
2187 5258 2244 5333 9.
2320 5260 2365 5289 ⁸³
2415 5260 2641 5333 hispana
2686 5262 2735 5333 1.
2771 5262 2825 5314 2.
2870 5260 2923 5316 5.
2955 5263 3007 5316 7.
3053 5262 3137 5316 10.
3187 5263 3440 5333 hispania

2631 5119 2652 5150 ’
2680 5134 2866 5174 umore
2895 5120 2943 5173 1.
2989 5120 3042 5174 2.
3074 5119 3160 5176 10.

2200 5328 2245 5359 ³⁵
2300 5328 2634 5400 οοῐηίιεὲῳιε
2701 5331 2828 5386 illuc
2864 5333 2914 5387 1.
2995 5334 3037 5364 ¹⁶
3085 5334 3162 5388 Eo
3202 5328 3345 5388 anno
3383 5334 3438 5388 9.

165 5382 678 5472 ξοξξεω..ῐ(ξῐῃροπῐξθν
711 5384 830 5472 Β
867 5455 882 5472 1
911 5387 954 5472 ίξ
991 5382 1143 5472 tegili
1169 5387 1364 5472 innhqc
1394 5403 1520 5472 ροσε.
1556 5387 1737 5472 delicti
1767 5395 2066 5472 cgdex__l_0.
2147 5382 2630 5472 1°_iesdéiiiqdé‘i'.'
2694 5382 3011 5460 Emoratus
3037 5382 3161 5458 8—6:
3205 5382 3444 5458 “ix-inde

167 5450 823 5547 ηζξξβίξεξξίιηῗ
840 5450 1208 5547 ΔΙ-ίξᾴρξοῐθνειξ
1233 5457 1594 5547 §;_l_{d_a_s_clap
1621 5450 1668 5514 Β
1708 5465 1760 5519 8.
1792 5465 1844 5521 9.
1921 5467 1967 5498 ³⁸
1986 5450 2674 5530 δόωθειίῖἆιῗιῖηῖῗιῖείῖίίὶε
2701 5450 3196 5534 ὶη’ἷ)’ξ”ίῖ’ἱῶιιῖἁι
3222 5450 3445 5547 1ωρἓῖίῖ

169 5524 500 5595 suscepisse
523 5525 802 5582 dicebatur
830 5526 970 5582 deest
997 5527 1051 5583 2.
1146 5528 1194 5560 ”
1231 5526 1513 5584 dicebatur
1549 5529 1602 5586 9.

1702 5644 1933 5703 NOTAE.

247 5768 278 5801 α
314 5758 484 5816 Vicus
521 5761 856 5824 incognitus;
908 5777 1033 5818 nam

171 5830 309 5896 105,
361 5829 446 5885 St.
473 5830 609 5885 Paul
632 5829 695 5887 de
714 5833 862 5887 Born
890 5842 1039 5888 trans

628 5993 906 6057 Punon.
960 5994 1122 6060 CIV.

1113 5762 1218 5820 uod
1252 5762 1494 5819 Valesius
1521 5763 1558 5817 I.
1609 5779 1684 5828 c.,
1709 5781 1763 5834 p.

1113 5851 1392 5890 arumnam
1423 5835 1490 5888 ad
1516 5844 1766 5906 stagnum
1874 5835 2054 5891 habet.

171 5903 325 5958 mari
370 5903 680 5972 proximum
744 5904 910 5958 situm
955 5905 1240 5978 intelligit,
1289 5903 1773 5979 conjectura'niti-

1875 5763 2333 5844 tur,rlegendum
2380 5783 2500 5826 cssc
2556 5769 2732 5840 Born;
2788 5771 2929 5844 quod
2993 5776 3214 5834 minime
3267 5774 3444 5833 locum

2978 6011 3054 6074 16
