3960 6346
500 397 600 459 191

1782 386 2161 473 ΕοιΝῃΑξῳι
2196 380 2488 443 ABBATIS

3658 374 3768 447 4η

500 512 696 589 primo,
742 509 893 587 velut
936 509 1228 587 iussionem
1271 508 1607 587 impleturus,
1663 508 1716 583 ip
1754 505 2039 593 Histriam-
2061 504 2082 536 ί
2111 505 2163 581 ᾼ
2184 499 2492 593 pluviarum
2541 494 2597 573 in
2642 486 3155 593 quibus-damnlocis
3206 486 3467 593 impedita
3498 495 3632 593 est,
3682 489 3769 545 cui

502 602 780 681 profectus
806 612 908 675 est,
934 602 1060 673 inde
1095 603 1350 676 simulato
1385 602 1563 675 reditu
1588 601 1657 659 ad
1682 599 1923 667 Gradum
1953 600 2086 659 civi-

504 684 694 775 tatem,
746 698 895 775 nullo
950 712 1174 777 suorum
1198 704 1416 781 praeter
1463 710 1557 765 eos
1587 709 1712 759 cum
1755 693 1954 771 quibus
1983 694 2087 749 hoc

504 798 833 867 tractaverat
888 788 1217 871 auspicante,
1274 797 1503 847 nanctus
1552 787 1899 865 occasionem
1945 786 2085 843 clam

505 880 799 954 navigavit,
823 881 1152 953 veniensque
1176 877 1426 949 laderam
1453 879 1762 951 Dalmaciae
1784 878 2086 945 civitatem,

502 960 729 1039 Iohanni
762 956 1050 1059 praefecto
1079 970 1393 1045 provinciae
1422 971 1566 1039 illius
1604 971 1763 1043 fugae
1810 985 1940 1029 suae
1966 984 2090 1025 cau-

509 1084 597 1141 sas
636 1058 866 1143 aperuit,
923 1066 1012 1141 qui
1045 1081 1168 1122 eum
1199 1065 1384 1135 statim
1438 1063 1564 1123 navi
1593 1063 1904 1137 impositum
1956 1058 2090 1133 Con-

509 1152 915 1230 stantinopolim
948 1158 1117 1212 misit.
1170 1156 1344 1212 Medio
1380 1169 1562 1210 mense
1584 1152 1865 1239 .Octobrio
1894 1153 1914 1182 ³
1957 1166 2089 1206 con-

508 1256 703 1306 ventus
739 1248 1003 1320 generalis
1039 1246 1179 1317 apud
1226 1245 1534 1315 Theodonis
1560 1243 1744 1298 villam
1770 1256 1963 1311 magna
1991 1254 2088 1310 po-

509 1343 618 1420 puli
647 1341 979 1417 Francorum
1007 1338 1309 1411 frequentia
1355 1337 1679 1403 celebratur,
1726 1335 1781 1419 in
1808 1349 1917 1420 Quo
1946 1333 2094 1389 dom—

508 1418 616 1489 inus
654 1414 681 1463 ’³
724 1420 1056 1509 Hlotharius,
1124 1427 1515 1500 primogenitus
1566 1414 1748 1499 domui
1805 1414 2096 1496 imperato-

511 1521 589 1578 ris
662 1506 983 1586 Hludovici,
1035 1518 1428 1593 lrmingardam
1492 1518 1531 1585 ⁵,
1579 1516 1819 1589 Hugonis
1872 1518 2093 1589 comitis

513 1600 702 1689 filiam,
763 1610 989 1685 solemni
1045 1627 1195 1693 more
1256 1610 1407 1685 duxit
1454 1626 1699 1667 uxorem.
1748 1609 1877 1683 illuc
1926 1609 2095 1679 etiam

513 1692 677 1784 legati
697 1719 917 1767 sanctae
942 1708 1219 1785 Romanae
1248 1706 1513 1764 ecclesiae
1551 1707 1594 1774 ⁸,
1626 1706 1943 1774 Theodorus
1982 1693 2096 1775 pri-

507 1802 770 1860 'micerius
814 1819 881 1858 ac
910 1800 1105 1857 Florus
1146 1800 1416 1871 superista
1459 1799 1479 1830 ⁶
1509 1812 1560 1866 ιι,
1600 1815 1721 1854 cum
1764 1797 1978 1869 magnis
2004 1810 2095 1852 ve-

2186 594 2360 663 hiems
2405 590 2449 621 ¹⁸
2478 588 2535 657 in
2572 593 2784 655 tantum
2808 584 2850 615 ¹⁹
2881 582 3093 657 prolixa
3135 580 3401 645 successit
3458 588 3513 655 et
3556 596 3767 655 aspera,

2184 693 2383 751 utnon
2435 680 2609 739 solum
2670 678 2908 747 minores
2970 675 3073 732 rivi
3122 689 3190 731 ac
3231 673 3539 753 mediocres
3604 672 3769 741 ﬂuvii,

2186 791 2374 837 verum
2419 775 2522 845 ipsi
2546 771 2768 833 maximi
2813 787 2878 831 ac
2906 768 3263 827 famosissimi
3307 782 3517 835 amnes,
3556 766 3773 837 Rhenus

2188 869 2438 927 videlicet
2459 882 2524 931 ac
2568 862 2867 947 Danubius,
2915 861 3177 939 Albisque
3227 874 3292 929 ac
3338 858 3619 935 Sequana,
3648 874 3772 929 cae-

2194 967 2421 1029 teraque
2475 973 2574 1030 per
2628 954 2861 1025 Galliam
2911 962 3076 1025 atque
3125 948 3474 1025 Germaniam
3525 950 3573 980 ²⁰
3626 965 3778 1005 occa-

2189 1066 2318 1106 num
2353 1049 2594 1119 petentia
2646 1045 2865 1104 ﬂumina
2895 1044 3028 1101 adeo
3061 1043 3231 1115 solida
3257 1043 3429 1115 glacie
3454 1041 3778 1113 stringeren-

2191 1147 2300 1207 tur,
2352 1128 2413 1194 ut
2458 1137 2684 1195 tricenis
2733 1136 2819 1191 vel
2856 1150 2920 1191 eo
2955 1136 3001 1167 ²¹
3039 1132 3271 1205 amplius
3305 1134 3496 1213 diebus
3538 1132 3779 1209 plaustra

2193 1232 2299 1289 huc
2349 1230 2666 1301 atqueich
2718 1227 3081 1299 commeantia
3115 1226 3263 1293 velut
3296 1225 3557 1296 pontibus
3604 1225 3779 1287 iuncta

2195 1322 2545 1388 sustinerent,
2569 1319 2722 1376 cuius
2750 1319 3008 1391 resolutio
3034 1333 3142 1375 non
3172 1317 3449 1389 modicum
3469 1316 3620 1391 villis
3641 1316 3782 1389 iusta

2194 1414 2370 1478 Rheni
2413 1413 2613 1477 ﬂuenta
2658 1414 2967 1473 constitutis
2993 1414 3249 1479 damnum
3270 1410 3475 1471 intulit.

2864 1504 3204 1573 DCCCXXIL

2268 1599 2328 1656 In
2374 1600 2596 1672 regione
2625 1596 3027 1669 Thuringorum
3067 1599 3111 1631 "
3140 1597 3376 1668 quodam
3407 1596 3466 1659 in
3493 1595 3623 1654 loco
3644 1596 3783 1667 iusta

2196 1691 2416 1749 ﬂuvium
2447 1692 2513 1759 ³³,
2553 1692 2728 1762 ceSpis
2754 1690 2795 1721 ³⁸·
2839 1687 3171 1763 longitudine
3203 1687 3405 1771 pedum
3457 1688 3784 1761 quinquage-

2199 1804 2349 1854 num,
2400 1784 2686 1853 latitudine
2731 1783 3213 1854 quattuordenum,
3262 1782 3555 1845 altitudine
3604 1784 3653 1814 "
3683 1798 3783 1839 sesc

506 1898 645 1957 nere
683 1894 1019 1950 muneribus.
1070 1890 1376 1948 Adfuerunt
1403 1892 1424 1923 "
1470 1899 1525 1946 et
1562 1891 1788 1947 comites
1819 1890 1874 1945 iu
1900 1889 2092 1945 eodem

2207 1874 2579 1949 quipedali,'de
2613 1864 2761 1930 terra
2786 1872 2903 1945 sine
2928 1873 3179 1931 manibus
3204 1879 3258 1927 et
3284 1873 3572 1943 praecisus
3593 1882 3652 1927 et
3680 1873 3788 1928 sub-

512 1996 777 2046 conventu
804 1987 913 2042 iam
940 1986 1006 2043 de
1029 1985 1309 2053 Pannonia
1338 1986 1590 2056 regressi,
1634 1985 1747 2055 qui,
1787 1981 2110 2052 depopulata

518 2083 856 2139 desertorum
919 2088 972 2153 et
1027 2078 1332 2135 Liudewito
1397 2077 1811 2143 adhaerentium
1856 2075 2110 2137 universa

518 2173 762 2247 regione,
789 2188 913 2229 cum
944 2168 1123 2247 nullus
1163 2171 1244 2225 eis
1267 2171 1480 2241 copiam
1517 2169 1538 2201 ⁸
1564 2168 1840 2241 pugnandi
1870 2166 2107 2234 fecisset,

522 2244 744 2320 domum
776 2244 1008 2335 regressi
1060 2244 1203 2317 sunt.
1245 2247 1486 2321 Eminuit
1519 2260 1573 2314 in
1623 2259 1728 2314 hoc
1757 2258 1956 2330 placito
1980 2258 2110 2329 piis-

511 2355 647 2417 ~simi
697 2348 1039 2424 imperatoris
1069 2352 1437 2409 misericordia
1489 2348 1797 2421 singularis,
1834 2364 1996 2420 quam
2027 2362 2111 2402 os-

524 2444 698 2517 tendit
740 2436 900 2513 Super
917 2458 1028 2509 eos,
1069 2443 1161 2515 qui
1185 2459 1307 2498 eum
1354 2438 1670 2511 Bernhardo
1708 2448 1903 2512 nepote
1928 2454 2024 2496 suo
2052 2440 2109 2493 in

520 2530 675 2588 italia
696 2541 888 2590 contra
912 2541 1073 2604 caput
1110 2548 1173 2588 ac
1197 2547 1418 2604 regnum
1459 2546 1616 2586 suum
1659 2530 2104 2599 coniuraverunt,

521 2627 717 2697 quibus
745 2626 818 2681 ibi
860 2628 926 2683 ad
957 2606 1320 2699 praesentiam
1345 2625 1532 2682 venire
1578 2624 1761 2690 iussis,
1793 2639 1902 2678 non
1929 2622 2106 2699 solum

516 2719 682 2775 vitam
723 2727 779 2775 et
833 2718 1075 2776 membra
1128 2719 1150 2751 ’
1201 2718 1491 2785 concessit,
1538 2732 1730 2772 verum
1778 2715 1943 2770 etiam
1982 2729 2108 2784 pos-

515 2812 788 2868 sessiones
829 2813 1029 2869 iudicio
1078 2812 1214 2884 legis
1260 2814 1314 2867 in
1368 2811 1560 2866 iiscum
1602 2809 1852 2883 redactas
1911 2822 2105 2878 magna

517 2902 844 2976 liberalitate
869 2904 911 2936 ⁸⁸
938 2905 1194 2961 restituit.
1218 2890 1583 2979 Adalhardum
1611 2914 1825 2972 quoque
1852 2899 1918 2954 de
1941 2898 2106 2971 Aqui-

516 2992 667 3055 tania
696 2999 762 3067 “,
798 2986 893 3056 ubi
937 3000 1213 3066 exulabat,
1263 2988 1567 3062 evocatum,
1602 2996 1866 3054 Corbeiae
1913 3011 2102 3051 mona-

518 3082 706 3159 sterio,
743 3082 809 3148 ut
851 3092 1002 3165 prius
1039 3092 1235 3159 fuerat,
1272 3088 1522 3149 abbatem
1569 3106 1635 3147 ac
1681 3097 1951 3145 rectorem
1981 3101 2102 3143 esse

516 3188 694 3255 iussit,
757 3171 879 3244 cum
933 3204 1040 3259 quo
1080 3195 1135 3243 et
1163 3172 1527 3259 Bernharium
1557 3186 1625 3254 “,
1684 3182 1911 3241 fratrem
1963 3183 2099 3246 eius,

2212 1967 2355 2025 latus
2394 1976 2499 2033 est,
2542 1973 2596 2020 et
2637 1966 2706 2021 ab
2747 1982 2810 2023 eo
2845 1966 2983 2031 loco,
3030 1965 3084 2039 in
3115 1980 3224 2036 quo
3273 1973 3522 2041 sumptus
3561 1974 3672 2033 est,
3720 1966 3789 2019 vi-

2211 2059 2347 2131 ginti
2382 2057 2618 2133 quinque
2670 2056 2866 2129 pedum
2918 2056 3094 2127 spatio
3146 2055 3357 2111 distans
3390 2055 3658 2125 inventus

2211 2150 2343 2207 Item
2369 2153 2424 2208 in
2448 2160 2602 2223 parte
2636 2150 2888 2215 orientali
2911 2150 3181 2215 Saxoniae
3205 2166 3345 2225 quae
3376 2150 3721 2219 Somniorum
3752 2151 3788 2183 "

2212 2243 2409 2300 ﬁnibus
2461 2245 2712 2317 contigua
2774 2251 2895 2309 est,
2947 2244 3002 2301 in
3066 2243 3301 2315 quodam
3360 2243 3584 2307 deserto
3645 2243 3790 2313 loco,

2210 2338 2358 2393 iuxta
2420 2335 2596 2393 lacum
2636 2338 2729 2406 qui
2780 2336 2975 2405 dicitur
3016 2336 3225 2405 Arnseq
3256 2338 3308 2405 ιι,
3346 2338 3403 2409 in
3432 2338 3668 2413 modum
3713 2354 3792 2408 ag.

2211 2433 2356 2503 geris
2407 2441 2555 2488 terra
2595 2433 2870 2497 intumuit,
2916 2439 2970 2488 et
3002 2430 3231 2503 limitem
3274 2430 3437 2504 unius
3495 2431 3698 2502 lengae
3751 2431 3789 2463 ’⁷

2207 2523 2541 2599 longitudine
2588 2534 2897 2597 porrectum
2928 2525 3029 2579 sub
3076 2524 3233 2587 unius
3276 2524 3453 2595 noctis
3472 2526 3663 2595 spatio
3686 2524 3792 2581 als-

2207 2634 2313 2690 que
2341 2619 2563 2677 humani
2593 2618 2772 2692 cperis
2805 2617 3082 2675 molimine
3124 2617 3190 2689 ad
3216 2616 3389 2683 instar
3428 2616 3554 2681 valli
3613 2617 3791 2681 subre-

2206 2711 2288 2766 xit
2338 2710 2401 2765 ²⁸.
2439 2708 2734 2782 Winigisus
2767 2708 2838 2777 '°,
2881 2710 2991 2785 dux
3028 2707 3326 2783 Spolitinus
3368 2707 3437 2776 ’9,
3486 2708 3605 2773 iam
3646 2709 3793 2770 senio

2208 2800 2508 2867 confectus,
2589 2801 2778 2865 habitu
2837 2797 3101 2869 saeculari
3149 2798 3411 2868 deposito,
3462 2800 3794 2864 monasticae

2209 2888 2604 2959 conversationi
2655 2907 2715 2948 se
2738 2889 3090 2961 mancipavit,
3134 2904 3198 2944 ac
3218 2904 3327 2944 non
3369 2889 3539 2945 multo
3560 2898 3703 2960 post
3723 2897 3794 2945 ta-

2208 2992 2327 3042 ctus
2374 2986 2619 3057 corporis
2658 2984 2973 3040 inﬁrmitate
3001 2980 3266 3048 decessit;
3318 2981 3378 3039 in
3433 2981 3595 3037 cuius
3625 2981 3795 3037 locum

2211 3076 2412 3149 Suppo,
2456 3076 2674 3134 Brixiae
2741 3088 2763 3115 ο
2830 3075 3069 3133 civitatis
3130 3077 3172 3109 ³⁸
3214 3088 3415 3143 comes,
3466 3074 3796 3140 substitutus

2208 3177 2292 3226 est
2320 3169 2385 3225 ³¹¹.
2431 3169 2669 3226 Domnus
2699 3170 3014 3242 imperator,
3068 3171 3294 3229 consilio
3346 3186 3475 3226 cum
3525 3167 3797 3239 episcopis

518 3279 926 3336 reconciliatum
964 3280 1141 3335 eidem
1191 3270 1527 3335 monasterio
1568 3277 1831 3344 reddidit;
1861 3274 2101 3345 comple-
2132 3259 2178 3326 C
2208 3271 2264 3318 et
2304 3263 2656 3339 optimatibus
2716 3264 2830 3319 Silis
2883 3265 3091 3333 habito.
3159 3264 3420 3333 ίπαιιείῠιιε
3476 3262 3624 3328 Silis.
3677 3274 3797 3332 (1⁸³0⁸

520 3366 697 3440 tisque
733 3370 821 3425 his
853 3385 992 3440 quae
1017 3369 1087 3423 ob
1107 3370 1258 3440 regni
1305 3369 1348 3401 ¹³
1395 3368 1686 3424 utilitatem
1730 3366 2105 3432 inchoaverat,

520 3468 576 3516 et
618 3454 963 3515 sacramento
987 3460 1031 3491 ¹¹⁵
1055 3461 1197 3531 quod
1229 3461 1367 3532 apud
1409 3458 1800 3530 Noviomagum
1837 3472 1965 3529 pars
2012 3471 2108 3526 op—

522 3552 771 3607 timatum
815 3550 1085 3606 iuraverat
1146 3552 1472 3624 generaliter
1540 3556 1934 3613 consummato,
1992 3547 2107 3617 ipse

521 3642 858 3716 Aquasgrani
915 3645 1237 3711 revertitur,
1295 3644 1464 3699 filium
1524 3652 1704 3698 autem
1760 3638 2106 3697 Hlotharium

520 3740 643 3805 post
687 3732 903 3803 nuptias
936 3734 1047 3789 ritu
1088 3733 1316 3789 solemni
1338 3732 1643 3789 celebratas
1670 3732 1738 3787 ad
1760 3732 2108 3787 hiemandum

524 3825 893 3884 Wormaciam
940 3827 986 3860 “
1047 3827 1214 3882 misit.
1264 3828 1339 3883 De
1405 3812 1562 3899 parte
1602 3826 1876 3883 Danorum
1926 3824 2109 3881 omnia

521 3918 706 3989 quieta
739 3934 805 3975 eo
852 3934 995 3975 anno
1024 3910 1263 3985 fuerunt,
1295 3925 1350 3973 et
1376 3915 1667 3973 Harioldus
1715 3932 1747 3971 a
1777 3914 1906 3971 ﬁliis
1932 3912 2112 3970 Godo—

523 4006 649 4063 fridi
705 4009 762 4064 in
805 4010 1119 4066 societatem
1171 4009 1323 4082 regni
1352 4016 1622 4080 receptus,
1676 4024 1816 4081 quae
1842 4023 1931 4063 res
1961 4019 2111 4065 tran-

526 4092 753 4169 quillum
806 4100 951 4156 inter
994 4096 1088 4157 eos
1140 4102 1302 4157 huius
1354 4102 1613 4172 temporis
1659 4109 1859 4156 statum
1914 4098 2111 4156 fecisse

524 4197 752 4264 putatur
771 4190 835 4247 “.
880 4190 988 4248 Sed
1023 4193 1152 4263 quia
1192 4191 1522 4264 Ceadragus,
1545 4191 1931 4248 Abodritorum
1966 4193 2111 4262 prin-

525 4298 675 4353 ceps,
713 4282 975 4354 perﬁdiae
1024 4278 1081 4339 et
1131 4282 1412 4340 cuiusdam
1482 4299 1605 4339 cum
1654 4282 1781 4340 ﬁliis
1828 4281 2112 4340 Godofridi

527 4376 704 4432 factae
729 4372 1005 4433 societatis
1030 4377 1344 4445 notabatur,
1373 4376 1660 4445 Sclaomir,
1692 4378 1936 4435 aemulus
1969 4379 2105 4448 eius,

527 4468 582 4522 in
627 4466 861 4537 patriam
899 4467 1210 4534 remittitur,
1253 4468 1490 4538 quicum
1522 4469 1576 4524 in
1613 4466 1906 4523 Saxoniam
1933 4469 2111 4524 venis-

527 4568 628 4625 set,
644 4554 980 4631 aegritudine
999 4558 1274 4626 decubuit,
1286 4568 1652 4632 perceptoque
1673 4558 1931 4631 baptismi
1960 4559 2001 4591 ‘7
2026 4576 2107 4614 sa-

2212 3354 2410 3411 invitos
2456 3356 2682 3411 tondere
2730 3354 2775 3386 ³³
2798 3356 2978 3425 iussit,
3030 3357 3411 3423 reconciliatus
3450 3362 3550 3418 est,
3598 3364 3671 3419 et
3703 3365 3795 3409 tam

2212 3444 2280 3502 de
2320 3446 2423 3502 hoc
2457 3445 2623 3512 facto,
2664 3461 2827 3517 quam
2862 3455 2917 3504 et
2944 3448 3011 3504 de
3039 3448 3127 3513 his
3177 3462 3318 3520 quae
3343 3462 3472 3519 erga
3516 3448 3798 3511 Bernhar-

2213 3539 2360 3607 dum,
2388 3538 2559 3594 ﬁlium
2590 3538 2774 3605 fratris
2801 3542 2885 3599 sui
2923 3541 3157 3615 Pippini,
3204 3552 3415 3609 necnon
3441 3550 3499 3597 et
3536 3540 3641 3597 his
3675 3555 3797 3612 quae

2212 3631 2357 3687 circa
2397 3629 2766 3689 Adalhardum
2823 3634 3076 3705 abbatem
3121 3641 3177 3691 et
3222 3633 3446 3705 fratrem
3500 3633 3633 3689 eius
3687 3633 3797 3693 Wa-

2211 3722 2398 3777 lahum
2428 3722 2474 3753 ³⁶
2519 3732 2670 3794 gesta
2734 3732 2882 3794 sunt,
2926 3727 3199 3796 publicam
3226 3726 3633 3791 confessionem
3686 3725 3797 3787 fecit

2210 3823 2268 3869 et
2316 3814 2707 3897 poenitentiam
2743 3817 2873 3889 egit,
2923 3818 3066 3889 quod
3110 3826 3291 3877 tamen
3324 3820 3381 3885 in
3417 3833 3483 3877 eo
3523 3828 3795 3877 conventu

2213 3923 2376 3980 quem
2402 3911 2592 3966 eodem
2616 3925 2759 3969 anno
2784 3927 2971 3981 mense
3012 3911 3256 3984 Augusto
3281 3913 3536 3975 Attiniaci
3579 3913 3797 3979 habuit,

2214 4001 2269 4059 in
2293 4006 2600 4076 praesentia
2623 4006 2789 4077 totius
2817 4008 3000 4080 populi
3025 4010 3108 4065 sui
3133 4011 3376 4080 peregit;
3414 4011 3469 4067 in
3494 4024 3611 4079 quo
3645 4011 3792 4082 quic-

2215 4098 2344 4168 quid
2383 4099 2641 4161 similium
2670 4114 2854 4161 rerum
2896 4101 2983 4157 vel
3014 4117 3047 4161 a
3089 4118 3149 4163 se
3183 4102 3330 4160 vela
3367 4110 3521 4171 patre
3564 4116 3687 4158 suo
3728 4101 3796 4156 ta-

2216 4198 2362 4245 ctum
2409 4189 2457 4221 ³⁵
2484 4192 2728 4255 invenire
2751 4194 2946 4265 potuit,
3003 4208 3215 4253 summa
3260 4195 3544 4252 devotione
3616 4212 3794 4253 emeti-

2215 4280 2347 4337 dare
2385 4284 2613 4353 curavit.
2641 4283 2925 4353 Exercitus
2953 4286 3021 4345 de
3056 4285 3214 4345 Italia
3252 4294 3473 4358 propter
3520 4285 3795 4343 Liudewi-

2216 4374 2384 4430 ticum
2436 4374 2640 4433 bellum
2687 4377 3081 4441 conficiendum
3133 4380 3189 4436 in
3229 4379 3562 4449 Pannoniam
3595 4381 3793 4437 missus

2215 4475 2317 4533 est,
2372 4468 2441 4527 ad
2494 4469 2651 4535 cuius
2694 4472 2987 4529 adventum
3027 4472 3381 4539 Liudewitus,
3427 4471 3604 4529 Siscia
3670 4474 3718 4507 ³⁸
3750 4471 3790 4525 ιι.

2215 4559 2437 4616 civitate
2486 4561 2695 4630 relicta,
2747 4564 2819 4621 ad
2855 4563 3115 4633 Sorabos,
3141 4578 3281 4639 quae
3342 4566 3493 4622 natio
3544 4580 3792 4640 magna:

528 4660 825 4719 cramento,
857 4650 1143 4709 defunctus
1179 4659 1280 4707 est.
1332 4649 1673 4707 Autumnalis
1708 4650 1846 4705 satio
1882 4647 2105 4722 iugitate
2131 4643 2186 4704 Ι)
2211 4649 2510 4709 Dalmatiae
2561 4661 2775 4725 partem
2840 4656 3087 4731 obtinere
3158 4659 3381 4728 dicitur,
3419 4658 3687 4732 fugiendo
3740 4672 3794 4715 se

1752 4760 2143 4829 VARIANTES
2179 4762 2579 4821 LECTIONES.

601 4859 617 4888 ¹
647 4854 839 4911 histria
875 4855 927 4908 1.
952 4853 1137 4925 reliqui
1172 4853 1424 4910 histriam
1469 4864 1561 4909 aut
1587 4854 1871 4925 hystriam.
1950 4856 1969 4885 ’
1995 4857 2206 4912 octobri
2226 4858 2279 4912 9.
2357 4857 2377 4887 ³
2428 4857 2659 4917 domnus
2692 4860 2770 4914 bis
2794 4861 2937 4916 deest
2972 4861 3028 4917 9.

568 4926 933 5008 rmingardam
1044 4926 1445 5008 .irmingardim
1496 4926 1570 5008 9.“
1608 4925 2007 5008 irmengardam

599 4995 896 5067 aﬂ‘uereg9.
974 4995 995 5026 ⁸
1042 4995 1257 5053 ibidem'
1279 4998 1489 5067 copiam
1539 4995 1592 5049 9.

532 5136 733 5194 tiamB
779 5137 832 5192 5.
873 5142 1208 5197 warmatiam
1256 5138 1301 5191 Β
1350 5137 1403 5191 6.
1496 5136 1540 5166 ιθ

532 5209 578 5242 ¹⁸
626 5209 771 5264 hiem
821 5209 870 5265 1.

530 5281 819 5350 quemdam
872 5279 1091 5337 ﬂuvium
1137 5284 1308 5353 Bouq.

960 5211 1002 5242 ¹⁹
1054 5212 1226 5268 hiems
1280 5216 1490 5262 tantum
1550 5204 1597 5259 Β
1643 5206 1695 5262 5.
1771 5208 1817 5239 ⁸ο

1022 4995 1262 5078 ibidem;
1279 4998 1501 5078 copiam.
1539 4995 1602 5078 9._
1690 4995 1710 5025 °
1747 4995 2009 5078 “membra
2140 4997 2194 5054 5.
2274 4995 2330 5031 ¹⁰’
2368 4996 2623 5078 libertate
2666 4995 2903 5078 l_.'5._.6.
2982 5004 3025 5035 “
3074 4995 3412 5078 equitaniar
3440 5044 3453 5057 .

527 5066 650 5124 Βϐ.
727 5067 774 5097 ¹¹
818 5064 1198 5124 bernariumB
1230 5067 1283 5124 5.
1316 5064 1699 5123 berenharium
1738 5065 1785 5118 Β
1833 5065 1886 5119 6.
1965 5066 2009 5099 ¹³
2060 5068 2125 5125 iis

3122 4862 3144 4893 ⁸
3180 4861 3607 4933 γίιιηιίυετιηιιιιιι
3651 4861 3700 4921 Β
3741 4862 3788 4917 6.

2199 4928 2222 4960 ⁸
2252 4927 2414 5031 leogati
2480 4932 2691 4999 romani
2737 4932 3009 5012 pontiﬁcis
3038 4931 3093 4987 9.
3172 4927 3499 5016 fsupe'rista
3548 4934 3695 4990 deest
3740 4934 3787 4989 9.

2368 5000 2623 5059 libertate
2666 5002 2717 5055 1.
2752 5002 2809 5055 ὁ.
2850 5003 2903 5057 6.
2982 5004 3025 5035 “
3074 5011 3369 5060 eatutama.
3398 5042 3412 5057 .
3440 5044 3453 5057 .
3507 5004 3791 5060 chorbeiae

2172 5070 2425 5155 qua_e.ad
2462 5072 2630 5155 regni
2794 5074 2851 5155 _“
2898 5070 3239 5155 sacramenta
3270 5071 3327 5155 ,Β
3361 5071 3415 5155 5ἒ
3496 5074 3545 5106 ⁸⁵
3572 5090 3792 5155 uni-m3-

1581 5137 1873 5207 putabatur
1917 5137 1971 5195 4.
2017 5139 2166 5222 5..6.
2190 5137 2209 5141 “
2249 5144 2288 5173 ³⁷
2328 5137 2634 5216 baptissimi
2691 5144 2743 5198 1.
2794 5145 3063 5215 baptismo
3095 5141 3141 5196 Β
3173 5145 3226 5199 6.
3270 5144 3616 5215 baptismatis
3650 5146 3702 5201 9.
3742 5147 3786 5199 7.

1581 5209 1597 5256 ι
1643 5206 1695 5262 5.
1771 5208 1817 5239 ⁸ο
1858 5211 2211 5270 germaniai.
2288 5213 2329 5243 ἰ
2383 5215 2606 5270 tricenis
2653 5229 2719 5268 eo
2749 5214 2795 5267 Β
2835 5215 2918 5268 5.·
2962 5217 3007 5247 η
3048 5216 3423 5270 thoringorum
3447 5216 3501 5270 2.
3581 5214 3786 5270 "iuxta

1386 5216 1490 5261 Lum
1550 5211 1616 5290 B_
1643 5211 1695 5262 5.
1771 5211 1817 5239 ³ο
1858 5211 2136 5291 germania
2161 5211 2211 5267 1.
2288 5213 2329 5243 ἰ
2383 5211 2606 5272 tricenis
2653 5229 2719 5268 eo
2749 5214 2795 5267 Β
2835 5211 2918 5268 5.·
2962 5217 3007 5247 "
3048 5211 3423 5287 thoringorum
3447 5216 3501 5270 2.
3581 5214 3789 5271 "iuxta

1386 5276 1649 5350 “Aicepsrs
1671 5278 1723 5350 5.
1749 5276 1801 5333 6.
1878 5279 1925 5311 ’⁸
1962 5298 2017 5336 ιιι
2058 5281 2343 5338 altitudine
2367 5286 2414 5340 Β
2450 5288 2503 5341 5.
2579 5285 2627 5315 ’⁸
2652 5287 2970 5341 saraborum
2992 5286 3044 5340 5.
3074 5284 3381 5343 soiaborum
3408 5281 3455 5339 Β
3493 5286 3549 5342 5.
3579 5289 3792 5342 saraba-

530 5348 724 5426 forum,
740 5353 791 5408 6.
867 5353 913 5426 f7
945 5353 1134 5426 leucac
1160 5353 1229 5426 9.
1268 5348 1339 5426 "’f
1364 5348 1488 5404 valli
1518 5348 1733 5426 sustulit
1769 5350 1822 5404 9.
1899 5350 1944 5381 ⁸³
1981 5352 2283 5426 ninnigisus
2320 5356 2370 5415 1.
2449 5358 2493 5390 ³ο
2526 5355 2840 5426 spoietanus
2866 5358 3000 5412 7.9.
3046 5357 3347 5426 spolitanus
3376 5356 3429 5410 4.
3459 5356 3512 5411 6.
3593 5357 3636 5388 ³⁸
3664 5350 3791 5426 civi-

537 5424 663 5479 tatis
691 5425 830 5480 deest
854 5425 907 5480 9.
987 5426 1030 5459 ³³
1064 5425 1119 5478 in
1149 5425 1302 5479 cuius
1324 5422 1501 5477 locum
1531 5437 1577 5476 s.
1608 5422 1661 5476 b.
1687 5436 1734 5476 c.
1766 5436 1813 5475 c.
1842 5437 1887 5491 ξ.
1913 5431 1996 5491 est
2015 5422 2161 5478 deest
2175 5423 2229 5478 ι.
2259 5426 2313 5482 6.
2391 5428 2437 5477 ³³
2466 5422 2683 5483 ton—deri
2707 5424 2758 5479 7.
2785 5428 2842 5482 9.
2919 5428 2966 5461 "
2996 5422 3271 5481 unalahun
3295 5425 3352 5480 4.
3385 5425 3639 5491 uualaum
3658 5427 3707 5479 5.
3740 5422 3786 5483 6.

530 5495 854 5564 uuaiachum
878 5496 932 5551 '5.
957 5497 1013 5550 9.
1048 5492 1368 5564 gualachum
1402 5493 1453 5545 7.
1488 5493 1817 5547 uualahuum
1842 5489 1957 5546 B5.
2035 5494 2079 5525 ³⁵
2109 5502 2266 5563 patre
2299 5496 2569 5554 factarum
2597 5496 2652 5553 9.
2724 5496 2778 5530 ‘°
2809 5498 2943 5553 sicia
2966 5497 3023 5552 Ω.
3055 5510 3153 5554 sua
3183 5495 3301 5552 eod.
3326 5496 3551 5553 Aman.
3596 5489 3789 5554 scissi:

2064 5632 2297 5693 NOTE.

530 5563 575 5618 Β
589 5566 643 5622 9.
670 5568 832 5624 scisia
859 5566 901 5620 Β
915 5566 967 5621 5.
1004 5563 1197 5621 seiscia
1218 5565 1264 5619 B
1280 5565 1332 5620 6.

600 5745 626 5807 9
657 5730 957 5807 Superista
979 5734 1192 5807 proprie
1211 5734 1474 5799 aedituus;
1499 5734 1640 5790 inter
1657 5732 1948 5805 ponuncize
1972 5731 2108 5788 aulai

532 5801 708 5857 cilicia
730 5801 930 5872 pluries
957 5801 1212 5858 occurrit.

604 5874 630 5911 ἱ)
677 5872 853 5926 Lacus
885 5872 1164 5946 Arendsee,
1200 5875 1255 5930 in
1291 5874 1530 5931 Marchia
1555 5876 1745 5931 veteri.

2286 5747 2310 5776 ο
2357 5734 2595 5791 Breuis.

2283 5804 2311 5847 (ι
2355 5804 2547 5862 Siuek.
