3960 6346
130 376 251 475 es

1603 376 1941 467 ANNALEs.

3314 392 3421 461 494

128 460 394 567 contulit,
435 505 493 555 et
530 513 640 575 uno
688 512 756 554 ex
810 494 1038 583 ducibus
1066 511 1253 587 eorum
1276 511 1310 587 ἢ
1334 504 1443 587 quo
1470 505 1723 583 receptus
1750 503 1803 562 Α
1827 489 2215 581 Nordmannia,
2257 504 2367 579 tam
2394 496 2461 553 de
2490 504 2646 568 parte
2690 498 2932 577 iiarioldi
2976 515 3139 585 quam
3179 502 3418 559 ﬁliorum

125 600 220 649 est
256 606 356 670 per
383 584 582 646 'dolum
630 578 941 670 interfecto,
990 578 1269 644 civitatem
1301 578 1441 670 ‘eius
1466 588 1523 642 in
1568 578 1726 643 suam
1830 578 2151 670 Godofridi;
2200 578 2398 670 quibus
2439 592 2693 645 omnibus
2746 590 2945 669 auditis
2986 578 3069 670 ac
3126 594 3172 625 ’⁸
3235 596 3420 652 (limis-

125 654 352 753 redegit
378 680 648 737 dicionem
705 680 745 734 ⁸.
774 654 955 734 Missis
981 685 1163 733 tamen
1193 677 1261 733 ad
1290 668 1594 733 exercitum
1621 679 1726 753 im-

1829 684 1925 749 sis,
1956 668 2158 755 ipse'in
2184 668 2372 739 eodem
2411 682 2553 751 loco,
2598 666 2930 741 constructis
2956 666 3157 761 adhoc
3185 687 3232 719 ’⁸
3253 704 3417 758 Opere

120 774 406 848 peratoris
452 770 648 844 legatis
677 770 813 853 suis,
846 770 914 826 ad
940 770 1058 825 eius
1103 768 1469 845 praesentiam
1496 783 1555 825 se
1591 767 1728 825 velle
1827 790 1967 831 novo
2015 774 2297 844 aediﬁciis,
2329 762 2472 859 sicut
2515 776 2834 848 dispositum
2873 777 3142 857 habuera;
3183 779 3253 847 sv,
3298 781 3416 836 δίο,

120 866 325 925 venire
361 866 634 939 promisit.
712 863 961 922 Saxones
1002 865 1211 921 interea
1245 864 1395 922 iussu
1432 865 1728 936 imperato-

120 960 211 1016 ris
260 957 546 1015 castellum
579 955 851 1049 quoddam
893 965 1048 1013 trans
1085 956 1299 1014 Albiam
1360 956 1416 1012 in
1466 954 1588 1013 loco
1636 958 1725 1014 cui
1769 1002 1777 1010 .

120 1049 407 1107 Delbende
450 1062 478 1092 ι
529 1065 729 1105 nomen
753 1046 1057 1117 aediﬁcant,
1090 1047 1327 1121 depulsis
1370 1064 1439 1105 ex
1464 1063 1531 1105 eo
1573 1046 1725 1105 Scia-

116 1143 234 1209 vis,
285 1142 380 1213 qui
419 1140 571 1197 illum
645 1139 666 1174 ’
694 1141 845 1211 prius
884 1128 1303 1212 occupaverant,
1360 1142 1724 1214 praesidium-

1828 868 1997 923 mavit
2024 867 2091 921 ’⁸.

2433 986 2796 1049 DCCCXXIII.

1897 1118 2079 1177 Mense
2100 1119 2241 1176 Maio
2263 1131 2559 1179 conventus
2583 1124 2639 1179 in
2663 1125 2852 1181 eodem
2877 1124 2997 1182 loco
3022 1126 3069 1159 ’⁸
3091 1126 3330 1195 habitus,
3353 1129 3411 1185 in

117 1248 236 1305 que
282 1232 560 1313 Saxonum
586 1230 643 1311 in
683 1245 748 1287 eo
798 1232 1037 1303 positum
1069 1240 1260 1288 contra
1283 1212 1623 1311 incursiones
1665 1226 1726 1289 il-
1824 1227 1934 1313 (ΙἾο
2102 1212 2158 1313 ³1
2178 1214 2417 1313 Πηίῖθτδί
2445 1213 2492 1248 ³⁸
2521 1212 3101 1313 ι’νξηοίεθ-ιπίξιιρτθε,
3133 1217 3228 1275 κά
3259 1220 3328 1313 de
3362 1220 3408 1252 ³²

113 1326 330 1382 lorum.
361 1325 604 1382 Comites
648 1340 867 1403 marcae
901 1324 1225 1399 Hispanicae
1258 1334 1410 1382 trans
1435 1326 1666 1384 Sicorim
1691 1327 1720 1370 ι’

113 1418 353 1475 ﬂuvium
403 1418 462 1475 in
519 1414 779 1490 Hispania
832 1418 1094 1491 profecti,
1158 1420 1386 1476 vastatis
1450 1420 1598 1493 agris
1666 1429 1722 1477 et

114 1509 370 1565 incensis
431 1508 782 1587 conpluribus
829 1509 991 1575 villis,
1029 1517 1085 1566 et
1132 1520 1290 1584 capta
1349 1529 1459 1568 non
1505 1514 1720 1570 modica

111 1600 352 1670 praeda,
406 1601 639 1671 regressi
676 1608 823 1681 sunt.
869 1600 1045 1657 Simili
1085 1603 1249 1659 modo
1297 1613 1419 1679 post
1466 1606 1720 1676 aequino-

110 1693 298 1747 ctium
362 1692 669 1749 autumnale
700 1710 732 1749 a
786 1694 1075 1751 comitibus
1124 1711 1345 1751 marcae
1385 1696 1717 1753 Brittanicae

108 1788 175 1843 in
208 1786 609 1857 possessionem
630 1789 911 1845 cuiusdam
929 1788 1190 1847 Brittonis
1213 1791 1235 1823 ⁸
1258 1792 1351 1863 qui
1396 1801 1509 1848 tum
1547 1795 1719 1851 rebel-

1821 1305 2074 1362 orientali
2117 1305 2350 1363 Francia
2393 1316 2557 1378 atque
2596 1307 2854 1377 Saxonia,
2887 1310 3137 1368 Baioaria
3176 1312 3238 1378 ’⁸,
3279 1312 3409 1369 Ala-

1822 1397 2044 1452 mannia
2083 1396 2133 1431 ’⁸
2174 1407 2338 1469 atque
2382 1397 2735 1458 Alamanniae
2781 1403 3121 1458 contermina
3166 1402 3412 1475 Burgun-

1821 1493 1911 1548 dia
1933 1492 1982 1527 ’⁸
2007 1501 2065 1547 et
2089 1493 2398 1565 regionibus
2420 1492 2613 1549 Rheno
2644 1495 3017 1553 adiacentibus
3047 1497 3239 1553 adesse
3273 1498 3409 1554 iussi

1820 1578 1968 1641 sunt.
2005 1585 2064 1639 ln
2092 1600 2202 1655 quo
2234 1585 2378 1640 inter
2411 1594 2662 1643 caeteras
2690 1586 3049 1643 barbarorum
3083 1587 3403 1661 legationes,

1765 1683 1769 1687 ’
1820 1692 1961 1748 quae
1985 1678 2071 1735 vel
2100 1678 2280 1735 iussae
2302 1680 2389 1736 vel
2411 1695 2507 1736 sua
2528 1689 2719 1751 sponte
2741 1690 3028 1747 venerunt,
3056 1682 3163 1737 duo
3183 1681 3403 1749 fratres,

1818 1786 1976 1843 reges
2009 1772 2263 1827 videlicet
2294 1771 2652 1840 Wiltzorum,
2688 1773 3116 1829 controversiam
3163 1775 3307 1830 inter
3347 1788 3408 1830 se

111 1876 186 1933 iis
212 1876 237 1912 ι
263 1879 543 1946 extiterat,
588 1880 806 1937 nomine
849 1879 1231 1938 Wihomarcus
1260 1883 1304 1950 ι,
1330 1884 1605 1955 expeditio
1631 1885 1711 1943 fa_
1738 1878 1787 1938 Β
1813 1866 1881 1921 de
1904 1880 2074 1937 regno
2100 1865 2383 1935 habentes,
2408 1866 2477 1923 ad
2497 1866 2863 1939 praesentiam
2883 1867 3229 1938 imperatoris
3250 1882 3409 1922 vene-

111 1980 228 2038 cta,
289 1982 349 2030 et
369 1975 554 2029 omnia
585 1974 607 2006 ⁸
636 1975 785 2031 ferro
815 1982 871 2031 et
899 1976 1007 2047 igni
1034 1984 1244 2033 vastata
1276 1984 1426 2033 sunt.
1481 1977 1713 2037 Peracto

111 2071 391 2118 conventu
438 2064 584 2134 quod
633 2065 656 2098 ⁷
707 2064 963 2122 Attiniaci
1020 2067 1349 2137 habebatur,
1416 2066 1647 2128 domnus
1687 2072 1711 2104 "

110 2153 421 2233 imperator
468 2156 699 2211 venandi
746 2157 920 2229 gratia
968 2157 1319 2215 Arduennam
1364 2161 1551 2233 petiit;
1585 2162 1715 2220 illo-

108 2232 359 2300 tharium
404 2261 536 2302 vero
581 2247 752 2303 ﬁlium
780 2264 937 2304 suum
974 2247 996 2282 ⁸
1051 2249 1106 2305 in
1148 2249 1358 2307 Italiam
1376 2232 1556 2318 misit,
1585 2270 1711 2311 cum
1754 2317 1760 2325 ,

111 2351 224 2406 quo
273 2338 558 2394 Walahum
588 2341 935 2408 monachum,
987 2343 1350 2414 propinquum
1391 2361 1572 2412 suum,
1603 2346 1713 2403 fra-

110 2434 258 2482 trem
302 2426 555 2485 videlicet
605 2428 899 2486 Adalhardi
938 2432 1172 2501 abbatis,
1206 2442 1262 2490 et
1282 2416 1713 2509 Gerungum'os-

110 2521 406 2576 tiariornm
430 2523 750 2595 magistrum
776 2539 884 2579 una
915 2525 1114 2581 direxit
1162 2526 1230 2594 ⁸⁸,
1259 2543 1491 2598 quorum
1525 2532 1709 2587 consi-

110 2613 188 2669 lio
235 2622 292 2668 et
321 2614 458 2669 inre
506 2615 760 2671 familiari
814 2625 869 2672 et
918 2616 974 2672 in
1004 2617 1235 2691 negotiis
1270 2620 1339 2675 ad
1366 2622 1520 2693 regni
1564 2638 1714 2678 com-

108 2706 280 2761 moda
313 2707 713 2777 pertinentibus
766 2716 1032 2765 uteretur.
1090 2709 1375 2782 Pippinum
1429 2698 1610 2769 autem
1654 2715 1710 2771 in

110 2798 469 2868 Aquitaniam
524 2800 604 2854 ire
657 2801 953 2871 praecepit,
1003 2786 1165 2872 quem
1224 2811 1406 2858 tamen
1467 2804 1510 2839 “
1561 2806 1712 2876 prius

112 2886 285 2944 ﬁliam
327 2889 643 2947 Theotberti
684 2891 727 2925 η
772 2891 989 2950 comitis
1036 2878 1387 2947 Matricensis'
1426 2892 1481 2947 in
1524 2896 1710 2949 conin—

113 2980 263 3052 gium
312 2979 445 3037 fecit
494 2983 760 3054 accipere,
809 2991 865 3039 et
885 2991 1007 3055 post
1056 2984 1271 3054 nuptias
1298 2981 1602 3041 celebratas
1642 2986 1710 3041 ad

112 3075 374 3131 occiduas
418 3086 604 3148 partes
650 3076 696 3109 "
747 3077 1035 3149 proﬁcisci.
1084 3078 1205 3149 ipse
1257 3094 1419 3147 vero,
1483 3088 1708 3151 peracta

113 3167 416 3222 autumnali
455 3166 762 3235 venatione,
789 3176 941 3225 trans
982 3168 1233 3224 Rhenum
1263 3171 1330 3226 ad
1359 3170 1708 3227 hiemandum

1815 1966 1964 2024 runt,
1997 1971 2227 2028 quorum
2268 1959 2488 2014 nomina
2535 1967 2664 2014 sunt
2705 1958 3015 2031 Mllegastus
3042 1959 3091 1993 ⁸⁸
3120 1968 3175 2016 et
3222 1960 3408 2017 Ceala-

1814 2052 2017 2125 dragus
2046 2054 2123 2107 ⁶⁷.’
2155 2054 2327 2110 Erant
2367 2054 2511 2109 idem
2559 2053 2656 2109 ﬁlii
2690 2050 2845 2108 Liubl
2887 2053 3033 2126 regis
3060 2054 3402 2122 Wiltzorum,

1814 2146 1904 2216 qui
1928 2145 2057 2202 licet
2086 2162 2211 2203 cum
2237 2147 2497 2203 fratribus
2520 2146 2634 2202 suis
2662 2161 2888 2218 regnum
2916 2145 2963 2180 ⁸⁸
2994 2145 3227 2205 divisum
3255 2156 3408 2204 tene»

1812 2246 1918 2306 ret,
1942 2246 2146 2306 tamen,
2170 2248 2458 2311 propterea
2488 2228 2632 2311 quod
2656 2239 2832 2295 maior
2851 2246 2985 2294 natu
3014 2246 3153 2308 erat,
3189 2240 3259 2295 ad
3281 2255 3407 2296 eum

1810 2334 1981 2390 totius
2010 2334 2158 2407 regni
2180 2350 2391 2390 summa
2420 2333 2746 2405 pertinebat.
2762 2333 2865 2402 Qui
2884 2316 3032 2400 cum,
3048 2335 3339 2390 commisso
3358 2334 3406 2368 ’⁸

1811 2443 1939 2483 cum
1960 2426 2317 2483 orientalibus
2337 2426 2615 2482 Ahodritis
2644 2425 2872 2497 proelio,
2905 2425 3185 2483 interisset
3207 2425 3275 2494 ⁸⁸,
3305 2441 3406 2493 po-

1810 2522 1971 2594 pulus
1992 2521 2317 2579 Wiltzorum
2341 2519 2510 2575 ﬁlium
2541 2521 2657 2576 eius
2683 2518 3025 2589 Milegastum
3051 2517 3119 2585 ⁸⁸,
3144 2521 3269 2590 quia
3298 2534 3409 2573 ma-

1810 2612 1896 2670 ior
1916 2621 2047 2669 natu
2075 2620 2195 2669 erat
2212 2612 2281 2680 ⁸⁸,
2312 2627 2496 2684 regem
2517 2610 2619 2667 sibi
2645 2611 2954 2679 constituit;
2986 2612 3083 2667 sed
3111 2626 3233 2666 cum
3257 2611 3305 2668 is
3326 2627 3408 2669 se-

1810 2705 2048 2760 cundum
2083 2704 2251 2760 ritum
2290 2704 2466 2775 gentis
2506 2704 2858 2760 commissum
2906 2698 3009 2760 sibi
3048 2720 3275 2777 regnum
3313 2721 3407 2777 pa-

1811 2812 1933 2852 rum
1965 2798 2128 2868 digne
2156 2796 2586 2862 administraret,
2619 2795 2713 2852 illo
2740 2796 2972 2862 abiecto,
3004 2795 3203 2853 iuniori
3247 2799 3403 2855 fratri

1811 2888 2019 2959 regium
2040 2889 2305 2944 honorem
2332 2885 2585 2942 deferunt
2604 2885 2683 2953 ⁸’;
2717 2901 2879 2956 quam
2903 2887 2975 2942 oh
3002 2896 3224 2965 causam
3246 2891 3407 2947 ambo

1812 2980 1880 3035 ad
1891 2981 2257 3050 praesentiam
2268 2978 2617 3050 imperatoris
2626 2985 2912 3035 venerunt.
2928 2978 3076 3048 Quos
3089 2994 3213 3037 cum
3226 2983 3405 3040 audis-

1811 3080 1984 3139 set,et
2005 3072 2179 3144 gentis
2200 3054 2538 3127 voluntatem
2560 3070 2871 3142 proniorem
2897 3071 2953 3127 in
2968 3058 3199 3147 iunioris
3216 3073 3405 3133 fratris

1810 3170 2074 3225 honorem
2087 3166 2416 3241 agnovisset,
2430 3166 2643 3232 statuit,
2656 3172 2718 3221 ut
2728 3164 2776 3222 is
2796 3165 3032 3222 delatam
3045 3166 3148 3224 sibi
3162 3183 3191 3222 a
3204 3167 3404 3239 populo

113 3256 169 3312 in
211 3256 336 3349 loco
371 3258 466 3329 qui
504 3258 918 3315 Franconofurd
970 3260 1014 3292 ⁸⁸
1061 3260 1379 3331 appellatur,
1430 3262 1708 3334 profectus
1735 3278 1780 3345 ο
1812 3271 2246 3334 suopotestatem
2262 3260 3018 3335 [populopotestatem,A.L.]
3033 3252 3279 3349 haberet,
3292 3252 3406 3318 am-

111 3360 224 3411 est,
261 3348 445 3420 ibique
485 3350 720 3422 generali
770 3361 1039 3407 conventu
1062 3362 1407 3424 congregato,
1455 3369 1709 3411 necessa-

108 3443 203 3497 ria
242 3454 490 3513 quaeque
534 3443 599 3498 ad
636 3443 927 3499 utilitatem
972 3443 1319 3499 orientalium
1356 3446 1594 3516 partium
1621 3463 1707 3503 re-

111 3533 206 3605 gni
235 3532 325 3589 sui
357 3533 402 3569 ⁸⁸
431 3535 759 3605 pertinentia
803 3550 954 3591 more
988 3535 1216 3591 solemni
1269 3550 1394 3592 cum
1434 3537 1710 3609 optimati-

112 3625 219 3681 bus
255 3612 394 3698 quos
442 3628 510 3684 ad
550 3629 657 3685 hoc
709 3644 938 3685 evocare
972 3628 1017 3663 “
1046 3631 1300 3697 iusserat,
1354 3639 1589 3689 tractare
1613 3649 1708 3689 cu-

113 3723 281 3779 ravit.
322 3723 386 3779 ln
431 3741 539 3796 quo
584 3734 851 3783 conventu
878 3727 1119 3782 omnium
1166 3727 1514 3783 orientalium
1558 3727 1707 3785 Scia-

115 3830 333 3881 vorum,
376 3800 431 3872 id
462 3820 548 3873 est
568 3817 976 3884 Abodritorum,
1023 3816 1353 3874 Soraborum
1385 3818 1450 3886 ",
1481 3818 1709 3876 Wiltzo-

115 3924 241 3963 rum
268 3904 337 3973 “,
364 3907 747 3965 Bebeimorum
776 3908 844 3975 ",
887 3908 1264 3964 Marvanorum
1294 3908 1363 3974 ’⁸,
1410 3906 1708 3966 Praedene-

118 4005 405 4054 contorum
423 4001 469 4035 ἰ
487 4011 538 4068 ο,
562 4008 617 4056 et
648 4000 701 4055 in
725 3999 1005 4055 Pannonia
1026 4000 1377 4056 residentium
1399 3999 1637 4055 Avarum
1659 4000 1705 4033 “

117 4091 422 4163 legationes
446 4109 572 4150 cum
619 4094 936 4148 muneribus
959 4092 1026 4146 ad
1051 4108 1110 4146 se
1139 4092 1375 4147 directas
1399 4091 1607 4146 audivit
1635 4091 1702 4146 ’⁸.

117 4182 367 4240 Fuerunt
414 4183 462 4216 ’⁸
513 4184 571 4241 in
620 4183 811 4241 eodem
866 4195 1135 4239 conventu
1180 4190 1235 4238 et
1288 4182 1586 4254 legationes
1634 4183 1701 4239 de

1813 3356 1913 3412 bos
1953 3364 2135 3411 tamen
2169 3355 2486 3412 muneribus
2509 3356 2738 3411 donatos
2760 3361 2818 3410 et
2846 3364 3191 3411 sacramento
3223 3355 3405 3411 ﬁrma-

1815 3450 1967 3505 tosin
1980 3447 2217 3520 patriam
2244 3447 2474 3504 remisit.
2492 3445 2795 3504 Accusatus
2817 3457 2902 3504 est
2920 3448 2975 3504 in
2990 3449 3180 3505 eodem
3201 3448 3403 3522 placito

1814 3543 1956 3615 apud
1968 3544 2352 3613 imperatorem
2373 3541 2705 3614 Ceadragus,
2720 3540 3109 3598 Abodritorum
3125 3526 3400 3619 princeps,

1815 3636 1959 3705 quod
1987 3652 2045 3691 se
2072 3650 2201 3708 erga
2224 3643 2433 3706 partem
2452 3632 2787 3691 Francorum
2810 3649 3002 3706 parum
3028 3634 3258 3695 ﬁdeliter
3279 3651 3404 3709 age-

1813 3737 1918 3794 ret,
1954 3735 2011 3782 et
2045 3728 2114 3783 ad
2146 3728 2491 3800 imperatoris
2528 3727 2896 3798 praesentiam
2935 3727 3043 3781 iam
3088 3726 3177 3781 diu
3212 3727 3404 3782 venire

1808 3818 2223 3885 dissimulasset,
2272 3827 2498 3891 propter
2544 3818 2688 3888 quod
2733 3819 2803 3874 ad
2845 3833 2970 3874 eum
3008 3818 3168 3889 legati
3212 3819 3400 3875 directi

1810 3919 1959 3975 sunt,
1985 3926 2107 3966 cum
2137 3909 2334 3979 quibus
2355 3908 2444 3964 ille
2468 3909 2664 3963 iterum
2690 3909 2953 3978 quosdam
2979 3922 3047 3963 ex
3070 3906 3401 3978 primoribus

1808 4003 1984 4074 gentis
2018 4018 2150 4057 suae
2189 4002 2257 4056 ad
2298 4002 2681 4071 imperatorem
2719 4001 2886 4067 misit,
2931 4015 3136 4087 perque
3184 3999 3402 4057 illorum

1810 4090 1971 4145 verba
2002 4088 2272 4160 promisit,
2311 4104 2370 4145 se
2411 4087 2478 4142 ad
2505 4087 2814 4159 proximum
2848 4086 3043 4143 hiemis
3084 4095 3300 4159 tempus
3332 4087 3403 4143 ad

1809 4183 1953 4239 illius
1994 4183 2358 4255 praesentiam
2401 4197 2524 4239 esse
2557 4188 2867 4238 venturum.
2915 4180 3232 4238 Hiotharius
3269 4194 3401 4239 vero

1333 4291 1726 4349 VARIANTES
1764 4294 2167 4354 LECTIONES.

190 4388 207 4420 ⁸
242 4387 455 4512 redegit
483 4385 907 4443 dominationem
928 4381 1039 4439 B5.
1117 4383 1139 4413 ’
1166 4384 1259 4456 qui
1284 4384 1414 4468 illud
1436 4387 1489 4439 5.
1517 4385 1569 4440 ’1.
1601 4383 1654 4439 9.
1687 4386 1777 4456 qui
1819 4404 1943 4443 eum
1973 4387 2025 4442 6.
2105 4388 2126 4419 ⁸
2152 4387 2418 4445 brettonis
2440 4385 2495 4439 4.
2528 4456 2542 4470 ο
2572 4386 2596 4417 ⁸
2628 4385 2845 4443 rebellis
2882 4396 3013 4444 tunc
3053 4388 3105 4443 9.
3141 4394 3273 4459 tunc
3302 4402 3395 4449 re-

190 4458 276 4512 llis
300 4460 355 4512 Δ.
424 4500 437 4512 .
516 4459 538 4491 ⁸
564 4456 967 4512 wihomarchus
996 4455 1050 4511 9.
1127 4456 1148 4493 ⁸
1178 4456 1523 4512 exnedmone
1547 4455 1691 4510 facta
1718 4460 1901 4512 omnia
1953 4459 2006 4512 9.
2083 4459 2105 4490 ⁷
2138 4466 2408 4512 conventu
2452 4473 2543 4512 aut
2587 4456 2637 4511 7.
2665 4458 2720 4512 9.
2798 4458 2821 4489 "
2852 4460 3082 4512 domnus
3136 4458 3278 4512 deest
3339 4456 3394 4512 9.

118 4458 276 4514 bellis
300 4460 355 4512 Δ.

516 4459 538 4491 ⁸
564 4456 967 4513 wihomarchus
996 4455 1050 4511 9.
1127 4456 1148 4493 ⁸
1178 4450 1523 4527 expeditione
1547 4450 1901 4512 facta—omnia
1953 4459 2006 4513 9.
2083 4459 2105 4490 ⁷
2138 4466 2408 4513 conventu
2452 4456 2543 4527 qui
2587 4456 2637 4511 7.
2665 4458 2720 4514 9.
2798 4458 2821 4489 "
2852 4460 3082 4514 domnus
3136 4450 3278 4512 deest
3339 4456 3394 4515 9.

118 4529 139 4560 ⁸
182 4546 316 4613 vero
352 4529 737 4613 l‘iliu‘m‘suum‘.
776 4529 1047 4613 posthaec
1083 4526 1237 4613 verba
1272 4526 1394 4607 duo
1416 4526 1609 4613 eod'icis
1748 4527 1879 4613 [alia
1920 4526 2483 4613 επείάξνιιηρί-ρονρίἱ
2508 4530 2900 4613 ρηλιοῇὸἓὸηἰη
2936 4528 3399 4613 ιξροέὺψημρςψξε
3436 4572 3447 4581 .

119 4610 265 4657 esset
300 4601 637 4657 interfectus.
686 4597 1033 4655 Nunciatum.
1114 4597 1156 4627 ¹⁰
1180 4613 1287 4651 una
1322 4597 1473 4652 misit
1499 4598 1551 4651 9.
1633 4597 1673 4628 ¹¹
1704 4612 1828 4655 eum
1858 4608 2035 4655 tamen
2070 4601 2121 4655 9.
2205 4602 2247 4633 ι’
2277 4597 2541 4661 theoberti
2564 4600 2620 4654 2.
2646 4600 2690 4655 Β
2724 4602 2777 4656 6.
2812 4601 3112 4659 theodberti
3148 4597 3201 4661 ϐξ
3227 4597 3399 4657 ιιιίθι-

120 4672 256 4726 berti
306 4672 359 4725 9.
405 4671 661 4727 teutberti
706 4671 759 4725 7.
840 4670 883 4701 "
908 4669 1165 4724 occiduas
1198 4668 1446 4770 regiones
1486 4668 1539 4722 9.
1619 4667 1663 4698 ⁸⁸
1696 4670 1922 4725 rhenum
1952 4672 2250 4729 hiematum
2272 4666 2338 4739 ad
2370 4671 2742 4727 franconofurt
2763 4689 2817 4744 p.
2844 4674 2896 4728 9.
2980 4671 3023 4703 “’
3046 4670 3395 4737 orientalium

120 4744 271 4770 ...ηπ-ζ
307 4742 389 4770 ι.ηέ
431 4742 615 4770 Ωαλζ-..κ
657 4741 693 4770 ﬂ
792 4740 837 4770 1|
877 4739 1089 4770 ιηιηηηιιῖ
1133 4739 1167 4770 ο
1288 4740 1308 4770 7
1356 4739 1671 4770 ραιιιιιυηιιηη
1732 4740 1766 4770 0
1823 4741 1841 4770 ι
1899 4741 1928 4770 Β
1980 4739 2012 4770 Δ
2086 4742 2123 4770 D
2168 4742 2196 4770 ιε
2247 4742 2278 4770 Ω
2378 4742 2421 4770 l8
2467 4741 2800 4770 ....2Ι....,-ι-...νι
2853 4742 2891 4770 1)
2937 4741 2967 4770 Ε
3020 4742 3295 4770 ανῖΙι-Λιιι..η
3338 4740 3372 4770 n

120 4744 271 4812 regni
307 4742 392 4796 sui
431 4742 619 4796 ﬁnium
657 4741 713 4797 9.
792 4740 837 4774 ⁸⁸
875 4739 1093 4796 evocari
1133 4739 1186 4812 9.

1288 4740 1308 4771 ⁷
1356 4739 1673 4793 saraborum
1732 4740 1785 4793 2.
1814 4741 1868 4793 4.
1897 4741 1949 4794 5.
1980 4739 2031 4796 6.
2081 4742 2123 4795 Β
2165 4742 2219 4797 5.
2247 4742 2298 4797 6.
2378 4742 2421 4773 ⁸⁸
2467 4739 2803 4797 uuilzzorum
2846 4742 2891 4795 Β
2934 4741 2987 4796 5.
3020 4742 3295 4795 wilsorum
3338 4740 3393 4795 9.

119 4810 428 4868 uuilzorum
470 4812 524 4866 5.
577 4813 629 4867 6.
669 4812 975 4867 uultzorum
1016 4812 1066 4864 i.
1148 4810 1190 4841 ‘9
1218 4810 1684 4869 behemannorum
1723 4810 1775 4866 9.
1818 4812 2197 4869 boheimorum
2240 4814 2293 4868 6.
2328 4812 2704 4869 bohemiorum
2734 4814 2787 4867 7.
2864 4813 2908 4844 ’⁸
2934 4827 3299 4867 moramorum
3341 4811 3394 4867 7.

117 4883 255 4955 deest
286 4884 341 4938 4.
376 4885 778 4955 maritanorum
800 4882 856 4955 5.
937 4884 982 4913 ’ί
1012 4882 1569 4955 praedevecentorum
1608 4880 1653 4955 Β
1686 4879 1737 4955 6.
1787 4884 2340 4955 predenescentorum
2362 4884 2414 4939 5.
2445 4886 2499 4939 7.

118 4954 169 5006 6.
198 4955 398 5011 harum
427 4954 482 5008 6.
558 4954 605 4985 ’³
627 4968 687 5008 se
710 4952 891 5025 missis
921 4950 1216 5025 exc—epit9.
1293 4950 1341 4982 ’⁸
1360 4952 1513 5007 fuere
1543 4951 1595 5006 9.
1629 4952 1738 5023 (ὅῖ)

2601 4887 2645 4917 ”
2678 4884 2900 4939 aliarum
2927 4883 2980 4937 2.
3028 4881 3081 4936 5.
3107 4882 3160 4937 4.
3191 4882 3245 4941 5.
3276 4881 3390 4937 BS.

1814 4954 1861 5027 ’⁸
1883 4956 2081 5027 auditis
2104 4965 2265 5027 atque
2285 4955 2363 5027 9L
2394 4955 2462 5027 ﬂ”
2483 4955 2661 5027 adhuc
2678 4968 2841 5023 opere
2868 4948 3079 5027 novoB
3094 4952 3163 5027 5.
3224 4953 3267 4985 ’⁷
3295 4953 3399 5027 hoc

116 5025 446 5087 necessariis
472 5026 589 5099 aed.
621 5024 776 5085 novis
800 5023 1254 5148 quemadmodum
1292 5037 1479 5078 secum
1517 5030 1785 5079 statuerat
1811 5025 1864 5080 9.
1943 5026 1988 5058 ’⁸
2026 5023 2301 5082 hiemabat
2328 5025 2443 5080 B5.
2521 5026 2568 5057 ”
2604 5033 2903 5082 conventus
2926 5023 3125 5080 ibidem
3152 5026 3207 5079 h.
3239 5031 3322 5080 est
3338 5024 3393 5081 9.

117 5094 163 5125 ⁸⁸
203 5112 314 5148 non
344 5093 519 5148 solum
544 5094 783 5148 universi
853 5134 866 5147 .
895 5094 947 5148 ϐ.
1026 5094 1070 5125 ³⁸
1117 5093 1400 5148 universae
1428 5093 1481 5148 9.
1559 5093 1603 5124 ³’
1651 5095 1743 5148 sed
1765 5104 1821 5148 et
1842 5097 1907 5148 de
1936 5097 1988 5148 5.
2018 5097 2070 5148 6.
2150 5098 2196 5129 ³³
2241 5097 2540 5148 bauuuaria
2564 5097 2607 5148 Β
2646 5096 2697 5148 6.
2777 5092 2822 5126 ⁸⁵
2874 5095 3254 5148 alimauuia....
3285 5094 3393 5148 ala-

117 5094 163 5125 ⁸⁸
203 5112 314 5150 non
344 5093 519 5151 solum
544 5093 783 5153 universi

895 5094 947 5150 ϐ.
1026 5094 1070 5125 ³⁸
1117 5093 1400 5149 universae
1428 5093 1481 5148 9.
1559 5093 1603 5124 ³²
1651 5095 1743 5150 sed
1765 5097 1907 5153 etde
1936 5097 1988 5152 5.
2018 5097 2070 5154 6.
2150 5098 2196 5129 ³³
2240 5097 2607 5153 bauuuariaB
2646 5096 2697 5150 6.
2777 5092 2822 5126 ⁸⁸
2874 5095 3254 5151 alimaunia....
3285 5094 3395 5151 ala-

116 5163 441 5249 mannniaeMB
472 5166 550 5249 6._
603 5166 650 5198 ³⁸
693 5164 1154 5249 conterminabilis
1196 5164 1503 5249 burgunndia
1535 5167 1680 5249 et‘de
1723 5165 1893 5249 5._6._‘
1935 5167 2361 5249 "nmillegastus
2396 5170 2449 5225 4.
2656 5166 3051 5249 ιηειίεειξιυιεβ.
3083 5166 3136 5222 9.
3179 5166 3400 5249 milega—

116 5245 202 5319 99$
223 5237 279 5292 2-
320 5238 407 5319 ..³⁷
436 5236 871 5319 calametis:
893 5236 1244 5319 ξωιξίὲπεειε

1348 5237 1400 5290 6.
1426 5235 1837 5313 celeadrgigusj.
1862 5238 1915 5313 9.
1989 5239 2039 5313 Δ⁸⁸
2062 5234 2285 5313 regnum
2308 5256 2465 5313 suum
2705 5237 2749 5269 ³⁹
2777 5234 2869 5313 qui
2896 5236 2987 5313 ubi
3014 5234 3395 5313 commisso}.

114 5308 163 5338 ⁸⁸
181 5305 876 5383 proeliocecidisset'Wiisi
899 5306 954 5363 9.
1028 5306 1076 5340 ⁸⁸
1102 5305 1443 5377 milegastum
1462 5307 1519 5361 2.
1545 5305 1598 5363 4.
1626 5305 1748 5363 ἹζΒ
1770 5307 1823 5364 5.
1850 5311 1902 5366 6.
1928 5305 2287 5383 ωἱιιθςιῖειιιω
2307 5311 2358 5366 5.
2389 5310 2441 5365 6.
2470 5305 2809 5382 meligastuni
2830 5308 2883 5364 5.
2912 5308 2967 5364 9.
3024 5306 3086 5345 α⁸’
3109 5310 3202 5383 qui
3229 5309 3404 5365 maior

186 5557 214 5587 ι
264 5542 550 5602 Deivunda
602 5541 798 5597 ﬂuvius
836 5551 921 5597 est
962 5540 1046 5597 die
1089 5538 1371 5607 Stecknitz,
1416 5540 1471 5596 in
1520 5449 1889 5607 ducaﬁlogfd
1918 5544 2137 5601 ﬂuvium
2164 5542 2458 5606 Stecknitz,
2495 5542 2550 5597 in
2578 5540 2881 5599 conﬁnibus
2904 5543 3093 5600 limitis
3128 5543 3404 5609 Saxonici,

113 5378 237 5434 erat
255 5380 314 5436 9.
392 5378 441 5411 ⁸³
463 5379 776 5438 detulerunt
794 5378 849 5435 9.

113 5615 556 5695 Lauenburgico,
570 5613 694 5695 inde
705 5612 775 5668 ab
787 5613 983 5695 oppido
1004 5611 1165 5669 Molln
1180 5626 1353 5694 usque
1374 5612 1427 5666 in
1446 5609 1644 5695 Alibi‘r‘n,
1658 5613 1714 5695 in

112 5689 274 5760 cujus
296 5680 477 5766 capi'te
499 5692 557 5741 et
573 5684 768 5766 silvam
788 5680 1425 5766 ejusdemnnominisljam
1442 5680 1717 5766 dei-"Sach-

74 5818 77 5831 l
112 5752 779 5831 unwald'nuncupatam,
809 5752 998 5831 Adami
1028 5755 1209 5831 Brem.
1253 5752 1495 5831 ilistoria
1527 5753 1715 5831 Eccle-

114 5831 366 5894 sia’stica,
392 5828 489 5883 lib.
520 5823 658 5893 u,'c.
682 5826 736 5892 9,
764 5823 1025 5897 agnoscit.
1074 5824 1417 5897 Cumgigitur
1454 5823 1719 5896 Eginhar—

118 5902 229 5957 dus
250 5900 319 5957 de
347 5897 507 5956 Albia
548 5895 879 5955 mentionem
920 5896 1121 5953 nullam
1165 5895 1392 5966 injiciat,
1437 5895 1721 5952 castellum

1808 5623 1879 5674 ’et
1899 5633 2072 5701 prope
2109 5615 2293 5680 Moiln,
2326 5614 2411 5671 vel
2435 5615 2552 5685 ipso
2578 5613 2792 5680 inloco,
2825 5624 3196 5673 constructum
3238 5616 3408 5672 fuisse

1825 5704 2157 5830 opiuogegre,
2178 5758 2272 5827 qui
2270 5772 2457 5884 (Prope
2479 5756 2883 5827 Mequinenzam
2905 5760 3118 5815 Iberum
3141 5760 3353 5814 inﬁnit.‘

1900 5842 1922 5869 ε
1979 5831 2176 5884 Eorum
2209 5844 2267 5883 se
2305 5843 2363 5884 es
2395 5827 2534 5884 infra
2578 5846 2718 5884 anno
2747 5830 2851 5884 89.4
2882 5831 3226 5884 deﬁniuntur.

1900 5842 1922 5869 ε
1979 5827 2176 5886 Eorum
2209 5827 2363 5884 sedes
2395 5827 2534 5884 infra
2578 5846 2718 5885 anno
2747 5830 2851 5885 89.4
2882 5831 3226 5885 deﬁniuntur.
