3960 6346
217 348 331 408 497

1687 333 2025 390 ANNALES.

3397 323 3503 380 498

219 475 286 516 ra
312 467 510 514 sereno
534 462 696 524 atque
722 450 953 506 interdiu
991 451 1056 505 de
1093 450 1243 505 coelo
1276 449 1542 506 cadentia.
1587 449 1619 485 l‘
1662 448 1729 503 Et
1758 449 1816 503 in
1841 462 2058 524 Aunus
2105 461 2169 501 ex
2217 444 2304 502 his
2347 446 2440 516 qui
2486 445 2654 516 priori
2701 445 2969 518 legatione
3010 444 3395 516 fungebantur,
3437 443 3507 496 ad

218 549 414 608 multis
462 544 774 616 regionibus
826 541 1008 612 fruges
1053 541 1330 612 grandinis
1379 545 1678 600 vastatione
1725 544 1818 598 de-

216 642 367 698 letae
406 641 447 706 ⁸,
488 647 651 706 atque
691 635 746 688 in
788 633 1109 704 quibusdam
1154 632 1288 688 locis
1333 633 1491 687 simul
1531 651 1655 690 cum
1701 635 1817 706 ipsa

215 735 490 810 grandine
521 725 639 788 veri
666 731 870 802 lapides
912 738 1073 800 atque
1100 731 1121 760 ²
1147 731 1380 802 ingentis
1405 733 1659 802 ponderis
1681 733 1820 788 deei.

215 828 359 885 dere
378 829 513 893 visi;
541 827 732 882 domus
755 839 968 895 quoque
990 824 1056 879 de
1075 823 1226 879 coelo
1248 831 1442 890 tactae,
1465 826 1818 896 hominesque

217 936 287 980 ac
331 929 547 976 caetera
595 917 849 972 animalia
895 917 1095 986 passim
1136 915 1420 970 fulminum
1455 917 1564 971 ictu
1600 925 1820 988 praeter

214 1014 444 1070 solitum
475 1011 666 1067 crebro
715 1008 1023 1064 exanimata
1061 1009 1331 1063 dicuntur.
1381 1008 1577 1064 Secuta
1621 1016 1703 1063 est
1736 1009 1818 1062 in-

213 1119 360 1175 gens
385 1101 692 1174 pestilentia
718 1108 879 1169 atque
898 1099 1176 1153 hominum
1205 1099 1526 1165 mortalitas,
1557 1114 1695 1170 quae
1720 1115 1817 1170 per

214 1205 394 1252 totam
416 1194 702 1249 Frauciam
726 1193 1016 1248 inmaniter
1039 1208 1428 1264 usquequaque
1447 1202 1690 1266 grassata
1711 1201 1812 1258 est,

211 1295 276 1343 et
307 1289 652 1342 innumeram
677 1285 957 1340 hominum
983 1285 1386 1340 multitudinem
1430 1285 1627 1341 diversi
1656 1299 1815 1340 sexus

210 1389 275 1436 et
297 1381 498 1435 aetatis
524 1379 839 1451 gravissime
867 1379 1151 1433 saeviendo
1173 1380 1527 1450 consumpsit.

292 1470 435 1544 *[Et
473 1473 496 1544 ξ
526 1473 578 1544 in
608 1469 1219 1544 territorioCumetensi
1243 1472 1263 1544 5
1291 1473 1476 1528 [taliae
1516 1474 1537 1505 ⁵
1575 1474 1814 1528 civitatis

209 1545 275 1599 in
321 1541 444 1597 vico
466 1543 487 1574 ⁸
523 1541 841 1598 Grabadona
880 1543 899 1572 "
924 1553 950 1581 ει
984 1543 1035 1596 in
1065 1543 1291 1597 ecclesia
1346 1545 1518 1599 sancti
1561 1544 1812 1598 Iohannis

208 1613 698 1686 baptistaeimago
723 1621 942 1666 sanctae
986 1613 1184 1667 Mariae
1225 1629 1450 1686 puerum
1491 1615 1662 1669 Iesum
1693 1631 1812 1686 gre-

210 1685 342 1764 xnio
367 1685 664 1764 continens
709 1698 774 1738 ac
802 1698 1080 1764 magorum
1120 1700 1345 1764 munera
1374 1685 1716 1764 offerentium
1755 1685 1810 1740 in

215 1754 411 1808 absida
455 1753 690 1809 eiusdem
721 1753 982 1808 ecclesiae
1017 1754 1224 1823 depicta
1263 1763 1317 1808 et
1359 1756 1427 1809 ob
1468 1757 1689 1810 nimiam
1722 1771 1811 1811 ve-

209 1833 480 1880 tustatem
520 1824 803 1879 obscurata
848 1833 902 1877 et

213 1903 338 1950 tate
375 1895 395 1925 ’
423 1912 522 1965 per
546 1896 772 1950 duorum
811 1895 1017 1948 dierum
1066 1895 1240 1964 spatia
1283 1895 1482 1951 effulsit
1508 1899 1574 1963 ιο,
1607 1909 1666 1951 ut
1692 1913 1810 1952 om-

209 1981 345 2020 nem
376 1966 715 2035 splendorem
746 1980 917 2019 novae
945 1966 985 1995 “
1019 1967 1265 2034 picturae
1291 1982 1420 2021 suae
1457 1969 1743 2023 vetustatis
1769 1969 1809 1999 "

211 2035 620 2159 pulchritudine
644 2037 989 2090 cernentibus
1015 2036 1228 2104 penitus
1264 2037 1482 2094 vincere
1511 2040 1807 2094 videretur.

247 2105 498 2159 fanorum
525 2106 568 2136 ¹³
598 2115 778 2159 tamen
828 2107 1113 2159 imagines.
1152 2118 1368 2159 praeter
1411 2125 1632 2159 munera
1675 2125 1807 2159 nuae

247 2105 498 2176 lagorum
525 2106 568 2136 ¹³
598 2115 778 2160 tamen
828 2107 1113 2176 imagines,
1152 2118 1368 2176 praeter
1411 2125 1632 2165 munera
1675 2125 1812 2176 quae

210 2176 548 2319 gﬂ'egrtibaut,
581 2176 805 2233 minime
853 2176 1071 2232 claritas
1111 2176 1204 2231 illa
1247 2179 1554 2236 inradiavit.
1603 2182 1655 2237 9.
1687 2176 1730 2236 B
1755 2181 1806 2237 5.

833 2360 1198 2418 DCCCXXIV.

287 2474 405 2529 Rex
445 2474 802 2545 Bulgarorum
831 2473 874 2505 “
905 2473 1164 2545 Omortag
1190 2476 1234 2506 "
1253 2476 1400 2532 velut
1428 2477 1580 2548 pacis
1608 2478 1812 2534 facien-

210 2566 320 2622 dae
361 2567 530 2636 gratia
559 2567 763 2637 legatos
803 2568 870 2622 ad
907 2568 1290 2638 imperatorem
1324 2585 1447 2625 eum
1483 2571 1680 2625 litteris
1709 2571 1812 2625 mi-

208 2658 324 2723 sit,
359 2673 494 2728 quos
520 2657 610 2712 ille
641 2672 764 2712 cum
788 2658 1046 2725 audisset,
1081 2675 1144 2714 ac
1176 2659 1384 2716 litteras
1428 2677 1568 2731 quae
1597 2661 1812 2716 adlatae

209 2746 432 2802 fuerant
479 2748 728 2820 legisset,
761 2749 839 2804 rei
889 2751 1126 2805 novitate
1153 2750 1195 2781 "
1226 2767 1333 2806 non
1382 2753 1637 2808 inmerito
1687 2768 1811 2822 per-

209 2850 426 2905 motus,
472 2841 540 2895 ad
587 2840 973 2912 explorandam
1010 2843 1053 2874 "
1093 2843 1403 2915 diligentius
1458 2845 1710 2900 insolitae
1753 2852 1810 2901 et

209 2949 510 3003 numquam
533 2934 683 3003 prius
708 2933 763 2987 in
786 2932 1070 2989 Franciam
1087 2936 1355 2991 venientis
1375 2937 1658 3008 legationis
1679 2954 1809 2993 cau-

208 3041 334 3080 sam
374 3027 730 3082 Machelmum
765 3027 807 3058 ¹⁸
833 3028 1102 3098 quendam
1135 3031 1202 3085 de
1228 3030 1477 3086 Baioaria
1509 3046 1634 3088 cum
1676 3031 1809 3102 ipsis

207 3119 408 3190 legatis
451 3121 519 3175 ad
563 3129 920 3176 memoratum
958 3137 1140 3194 regem
1175 3122 1533 3195 Bulgarorum
1581 3125 1802 3181 direxit.

208 3189 431 3265 Interea
477 3212 687 3282 hiemps
727 3228 917 3283 aspera
959 3189 1223 3284 valdeque
1267 3189 1478 3286 prolixa
1522 3216 1670 3272 facta
1704 3225 1807 3284 est,
1839 3189 1884 3252 C

214 3317 362 3372 quae
388 3319 493 3357 non
523 3304 695 3359 solum
726 3315 940 3360 caetera
973 3306 1244 3370 animalia,
1274 3323 1466 3362 verum
1503 3309 1670 3363 etiam
1709 3310 1808 3364 ho-

213 3397 400 3452 mines
437 3399 693 3468 quosdam
732 3400 1051 3455 inmanitate
1093 3400 1312 3472 frigoris
1354 3403 1606 3457 extinxit.
1647 3402 1830 3457 Luna.

211 3489 417 3545 defecit
459 3489 511 3544 5.
541 3489 721 3546 Nonas
761 3491 917 3545 Mart.
961 3493 1098 3547 hora
1126 3494 1301 3548 noctis
1325 3495 1590 3554 secunda.
1622 3492 1806 3564 Suppo

213 3580 324 3636 dux
350 3581 647 3652 Spolitinus
674 3583 973 3640 decessisse
1007 3586 1309 3640 nuntiatur.
1342 3586 1530 3657 Legati
1569 3586 1803 3641 Romani

211 3675 490 3745 pontificis
524 3674 752 3730 Romam
795 3676 1053 3746 regressi,
1084 3677 1312 3732 eundem
1356 3677 1532 3731 valida
1573 3677 1804 3734 infirmi-

213 3777 329 3823 tate
369 3769 650 3823 detentum
691 3787 754 3825 ac
787 3771 951 3826 morti
999 3770 1108 3825 iam
1151 3770 1192 3801 ⁸³
1229 3772 1538 3841 proximum
1581 3772 1806 3828 invene-

213 3867 375 3924 runt,
403 3862 495 3930 qui
540 3862 703 3915 etiam
733 3863 920 3931 paucis
949 3871 1074 3934 post
1115 3864 1404 3918 adventum
1433 3864 1650 3918 illorum
1679 3880 1807 3920 exa-

216 3951 322 4006 ctis
345 3951 389 3982 ²⁰
417 3951 608 4007 diebus
633 3954 742 4007 vita
769 3953 1016 4008 decessit.
1059 3954 1117 4007 In
1149 3954 1304 4008 cuius
1333 3953 1510 4008 locum
1551 3970 1675 4009 cum
1703 3956 1808 4011 duo

216 4055 318 4110 per
365 4043 764 4098 contentionem
805 4044 986 4113 pepuli
1035 4044 1266 4099 fuissent
1302 4044 1490 4111 electi,
1534 4047 1810 4117 Eugenius

219 4140 422 4198 tamen,
455 4135 942 4204 archipresbiter“
975 4135 1114 4189 tituli
1149 4144 1368 4190 sanctae
1396 4134 1652 4204 Sabinae,
1691 4137 1808 4192 vin-

217 4234 379 4282 cente
427 4229 687 4284 nobilium
737 4237 910 4298 parte,
961 4229 1280 4301 subrogatus
1328 4239 1490 4301 atque
1524 4231 1808 4290 ordinatus

217 4325 323 4372 est.
359 4317 525 4376 Cuius
551 4321 630 4376 rei
673 4320 924 4376 nuntium
954 4336 1078 4376 cum
1119 4320 1376 4388 Quirinus
1417 4322 1802 4391 subdiaconus,

1919 539 2303 606 imperatorem
2331 535 2637 601 detulisset,
2669 546 2936 592 conventu
2967 536 3188 591 circiter
3215 537 3269 592 8.
3308 534 3506 595 Kalen-

1920 629 2016 683 das
2047 627 2143 681 Iul.
2187 627 2534 698 pronuntiato
2575 627 2619 658 ¹¹
2648 636 2812 697 atque
2853 627 3184 696 Compendio
3219 627 3266 656 ’³
3295 625 3502 691 habito,

1919 719 2035 790 ipse
2075 722 2141 775 ad
2170 719 2560 775 Brittannicam
2583 720 2630 750 “
2657 720 3054 790 expeditionem
3081 733 3178 789 per
3217 731 3275 771 se
3304 715 3508 772 facien-

1919 815 2044 868 dam
2091 814 2271 868 animo
2301 813 2525 878 intento,
2568 813 2907 867 Hlotharium
2955 811 3147 876 filium,
3176 807 3389 879 imperii
3419 822 3508 862 so-

1918 905 2051 959 tium
2070 947 2084 972 ,
2117 905 2346 960 Romam
2373 906 2590 961 mittere
2615 905 2877 970 decrevit,
2908 913 2968 958 ut
2997 904 3115 957 vice
3141 917 3238 956 sua
3268 901 3504 964 functus,

1917 1012 1981 1052 ea
2011 1013 2149 1066 quae
2191 1014 2375 1052 rerum
2413 999 2708 1053 necessitas
2753 995 2995 1067 ﬂagitare
3031 993 3340 1057 videbatur,
3383 1005 3508 1045 cum

1917 1107 2056 1146 novo
2084 1091 2340 1161 pontifice
2378 1091 2680 1162 populoque
2707 1091 2952 1145 Romano
2972 1089 3018 1119 ’⁸
3057 1093 3319 1142 statueret
3346 1093 3509 1154 atque

1919 1184 2178 1240 firmaret.
2213 1185 2281 1239 Et
2309 1185 2399 1240 ille
2429 1186 2647 1255 quidem
2676 1185 2721 1215 ’⁸
2751 1187 2818 1239 ad
2849 1185 2985 1239 haec
3015 1182 3358 1252 exsequenda
3385 1189 3511 1251 post

1916 1276 2154 1331 medium
2193 1276 2491 1344 Augustum
2531 1277 2587 1330 in
2629 1275 2839 1330 Italiam
2879 1274 3153 1346 profectus
3185 1279 3289 1338 est,
3334 1271 3525 1357 impe-_

1916 1377 2067 1424 rator
2097 1383 2225 1422 vero
2258 1368 2365 1423 iter
2403 1368 2548 1438 quod
2579 1369 2634 1422 in
2664 1368 3022 1423 Brittanniam
3056 1367 3234 1422 facere
3273 1378 3505 1434 parave-

1916 1467 2001 1512 rat
2023 1460 2092 1524 ",
2133 1467 2358 1529 propter
2391 1458 2591 1514 famem
2620 1475 2758 1528 quae
2793 1461 2969 1515 adhuc
3008 1457 3321 1530 praevalida
3367 1465 3506 1523 erat,

1915 1567 2086 1621 usque
2119 1552 2186 1606 ad
2217 1552 2430 1606 initium
2456 1553 2703 1607 autumni
2734 1552 2956 1623 adgredi
2999 1550 3204 1605 distulit
3229 1569 3241 1604 :
3272 1557 3386 1604 tum
3415 1547 3510 1603 de-

1915 1658 2083 1706 mum,
2110 1643 2361 1698 adunatis
2387 1644 2624 1714 undique
2649 1644 2899 1698 omnibus
2925 1642 3117 1712 copiis,
3147 1641 3400 1697 Redonas
3431 1641 3510 1696 ci-

1914 1733 2137 1788 vitatem
2161 1735 2408 1789 terminis
2425 1733 2764 1788 Brittanniae
2787 1735 3096 1804 contiguam
3119 1732 3292 1798 venit,
3307 1741 3362 1786 et
3381 1731 3509 1787 inde

946 1839 1083 1893 pene
1125 1824 1416 1898 abolita},
1451 1835 1598 1880 tanta
1643 1826 1806 1882 clari-
1835 1828 1883 1888 B
1912 1826 2083 1882 diviso
2120 1827 2166 1858 ’⁸
2188 1828 2243 1881 in
2273 1835 2385 1882 tres
2412 1837 2595 1898 partes
2619 1827 2885 1892 exercitu,
2913 1826 3228 1895 duabusque
3262 1824 3511 1895 partibus

1915 1917 2038 1973 filiis
2069 1918 2180 1973 suis
2208 1917 2432 1990 Pippino
2465 1927 2519 1974 et
2555 1918 2869 1974 llludovvico
2891 1917 2936 1948 "
2969 1916 3205 1981 traditis,
3239 1916 3508 1984 tertiaque

1913 2028 2099 2069 secum
2122 2020 2350 2078 retenta,
2368 2013 2728 2067 Brittanniam
2759 2012 3054 2083 ingressus,
3084 2017 3257 2064 totam
3278 2008 3426 2063 ferro
3453 2016 3510 2063 et

1913 2107 2023 2178 igni
2051 2106 2353 2162 devastavit
2374 2107 2454 2172 ³⁰;
2486 2107 2929 2176 consumptisque
2953 2107 3008 2160 in
3036 2105 3142 2160 hac
3167 2103 3511 2176 expeditione

1912 2201 1984 2255 40
2012 2201 2054 2232 ³¹
2083 2202 2165 2257 vel
2197 2218 2262 2258 eo
2292 2202 2519 2274 amplius
2549 2201 2762 2267 diebus,
2795 2200 3034 2271 acceptis
3065 2214 3202 2269 quos
3224 2197 3268 2229 "
3301 2195 3511 2270 perfido

1913 2293 2220 2348 Brittonum
2246 2293 2293 2325 ³³
2342 2294 2540 2366 populo
2580 2294 2946 2365 imperaverat
2990 2291 3293 2358 obsidibus,
3339 2291 3511 2344 Ratu-

1914 2399 2133 2456 magum
2161 2385 2463 2451 civitatem,
2489 2385 2582 2440 ubi
2615 2383 2661 2415 “
2688 2384 2976 2454 coniugem
3005 2398 3062 2437 se
3091 2381 3293 2452 operiri
3339 2381 3513 2435 iusse-

1914 2483 2022 2541 rat,
2045 2492 2100 2528 a.
2127 2477 2161 2530 d
2195 2477 2241 2508 ⁸⁸
2287 2477 2373 2531 15.
2405 2476 2450 2507 ³⁸
2480 2476 2750 2531 Kalendas
2799 2476 3056 2531 Decemb.
3109 2488 3362 2529 reversus
3405 2479 3508 2526 est.

1914 2566 2052 2622 Nam
2081 2576 2136 2622 et
2183 2567 2311 2623 illuc
2355 2567 2560 2637 legatos
2601 2567 2876 2621 Michaelis
2922 2565 3269 2636 imperatoris
3313 2563 3405 2634 qui
3443 2561 3510 2616 ad

1913 2675 2040 2716 eum
2063 2659 2418 2714 mittebantur
2440 2659 2484 2690 ³⁷
2511 2659 2614 2714 sibi
2643 2675 2930 2714 occurrere
2954 2659 3133 2724 iussit,
3162 2673 3288 2713 cum
3313 2657 3513 2726 quibus

1913 2759 1969 2807 et
1997 2752 2331 2807 Fortunatus
2352 2753 2663 2822 patriarcha
2694 2751 3078 2807 Veneticorum
3119 2749 3164 2781 ³⁸
3201 2762 3509 2819 regressus,

1912 2847 1981 2901 ad
2028 2846 2144 2902 eius
2177 2847 2326 2900 venit
2367 2845 2752 2914 praesentiam.
2801 2841 2908 2897 Sed
2955 2841 3118 2910 legati
3150 2839 3507 2910 imperatoris

1910 2937 2120 2993 litteras
2165 2946 2222 2992 et
2265 2952 2493 2993 munera
2543 2935 2880 3000 deferentes,
2913 2933 3062 3005 pacis
3097 2929 3508 2986 confirmandae

1913 3044 2075 3084 causa
2116 3044 2174 3084 se
2204 3029 2399 3084 missos
2446 3043 2566 3082 esse
2611 3027 2873 3092 dicentes,
2906 3040 3008 3095 pro
3038 3022 3336 3078 Fortunato
3368 3019 3507 3074 nihil

1914 3121 2078 3176 locuti
2106 3129 2260 3187 sunt;
2292 3121 2436 3174 inter
2456 3127 2669 3174 caetera
2697 3127 2881 3171 tamen
2904 3116 2972 3171 ad
3000 3114 3329 3185 legationem
3352 3125 3508 3166 suam

1915 3213 2244 3285 pertinentia
2281 3212 2548 3282 quaedam
2576 3210 2644 3264 de
2673 3210 2970 3279 imaginum
2999 3205 3352 3262 veneratione
3384 3217 3511 3274 pro-

1917 3305 2182 3370 tulerunt,
2211 3310 2436 3375 prOpter
2455 3317 2597 3372 quae
2627 3317 2685 3356 se
2709 3301 2936 3354 Romam
2966 3300 3064 3364 ire,
3099 3306 3263 3368 atque
3295 3303 3512 3367 aposto-

1916 3397 2054 3452 licae
2104 3395 2247 3450 sedis
2295 3393 2602 3464 praesulem
2651 3393 2934 3447 consulere
2989 3392 3186 3446 debere
3235 3391 3507 3446 dixerunt.

1913 3488 2062 3556 Quos
2092 3503 2236 3553 cum,
2270 3486 2542 3558 legatione
2567 3500 2756 3541 eorum
2796 3485 2980 3540 audita
3006 3500 3071 3540 ac
3099 3499 3362 3556 reSponso
3390 3482 3511 3538 red-

1913 3581 2047 3647 dito,
2081 3579 2407 3643 absolveret,
2441 3577 2692 3646 Romam,
2716 3585 2777 3632 ut
2803 3593 2861 3634 se
2887 3577 3025 3632 velle
3047 3576 3306 3632 dicebant
3325 3575 3392 3640 ³⁹,
3419 3575 3512 3630 du-

1917 3687 2043 3727 cere
2069 3671 2226 3726 iussit
2250 3669 2315 3725 ⁸ο.
2355 3669 2716 3725 Fortunatum
2743 3670 2906 3724 etiam
2951 3669 3016 3724 de
3046 3684 3210 3723 causa
3240 3667 3399 3736 fugae
3430 3667 3510 3737 ip—

1918 3766 2031 3820 sius
2077 3771 2462 3835 percontatus,
2509 3763 2578 3818 ad
2623 3761 3042 3818 examinandum
3092 3775 3216 3815 eum
3263 3759 3510 3814 Romano

1914 3859 2158 3932 pontifici
2203 3859 2434 3925 direxit;
2465 3859 2580 3928 ipse
2618 3858 2661 3888 “
2709 3856 3082 3927 Aquasgrani,
3126 3855 3218 3910 ubi
3263 3855 3510 3909 hiemare

1918 3961 2202 4016 statuerat,
2234 3950 2512 4020 profectus
2556 3959 2658 4004 est.
2709 3949 2828 4016 Quo
2863 3963 2985 4003 cum
3031 3947 3303 4012 venisset,
3345 3953 3400 4000 et
3433 3946 3506 4000 ibi

1917 4044 2154 4099 natalem
2191 4043 2405 4097 Domini
2458 4041 2819 4105 celebrasset,
2858 4040 3097 4095 adlatum
3136 4046 3220 4094 est
3249 4039 3333 4105 ei,
3362 4038 3508 4108 quod

1915 4137 2080 4210 legati
2112 4137 2256 4207 regis
2292 4135 2650 4208 Bulgarorum
2677 4143 2860 4190 essent
2899 4135 2954 4189 in
2985 4133 3264 4199 Baioaria;
3309 4131 3506 4204 quibus

1913 4229 2130 4286 obviam
2175 4230 2415 4296 mittens,
2465 4230 2611 4300 ipsos
2657 4229 2875 4298 quidem
2900 4227 2944 4259 δ’
2973 4243 3145 4298 usque
3183 4227 3252 4284 ad
3291 4233 3505 4296 tempus

1913 4338 2212 4394 congruum
2243 4321 2442 4378 ibidem
2472 4320 2602 4376 fecit
2645 4320 2847 4391 operiri
2873 4320 2938 4374 ⁸³.
2967 4318 3254 4375 Caeterum
3297 4317 3504 4388 legatos

1433 4435 1824 4493 VARIANTES
1857 4436 2262 4493 LECTIONES.

328 4506 346 4538 ¹
375 4506 548 4562 deleta
578 4509 603 4561 1
661 4563 670 4571 ,
765 4509 785 4540 ²
815 4508 1021 4578 lapides
1072 4507 1218 4575 iique
1261 4508 1300 4562 i.
1431 4507 1482 4561 9.

328 4578 610 4608 ιηιιιιιιιιηηη
646 4571 717 4608 υῤ
767 4587 1086 4608 -υιιιιοοιιοιηνι
1125 4577 1198 4608 Di:
1389 4577 1477 4608 :nn

214 4577 239 4649 ἶ
265 4578 613 4649 grabbadona
637 4571 736 4633 B6.
767 4571 1087 4649 potestatem
1117 4571 1227 4649 B6.
1333 4571 1361 4608 δ
1389 4577 1441 4647 ip

213 4647 421 4704 britate
464 4647 562 4703 B6.
669 4651 709 4681 ¹⁰
746 4647 940 4705 evulsit
983 4649 1083 4703 BG.
1192 4648 1233 4678 ¹¹
1268 4663 1406 4702 nova

216 4719 494 4774 diceretur
543 4720 630 4774 vel
675 4722 984 4776 vinceretur
1034 4720 1300 4774 maiorum
1356 4717 1455 4772 BG.

1483 4648 1536 4702 5.
1585 4647 1638 4701 6.

1599 4508 1620 4537 ³
1654 4507 1724 4560 At
1767 4509 1820 4563 in
1852 4509 1902 4562 7.

1481 4577 1612 4650 olita
1653 4575 1752 4650 BG.
1793 4579 1998 4635 obolita
2044 4579 2146 4634 B5.
2188 4585 2517 4650 vetustatem
2563 4580 2671 4634 iam
2719 4595 2857 4650 pene
2899 4579 3096 4635 abolita
3133 4578 3182 4632 7.

1737 4649 1777 4679 "
1808 4650 2109 4705 venustatis
2150 4649 2608 4719 pulchritudinem
2655 4649 3002 4706 cernentibus
3049 4651 3099 4703 7.

1553 4716 1740 4792 1"Rex
1780 4716 2297 4792 bulgarorum_Non
2351 4721 2498 4776 velut
2545 4721 2645 4776 B5.
2698 4721 2813 4792 Rex
2856 4721 3201 4792 bulgarorum
3228 4719 3308 4792 7N.
3350 4723 3497 4778 velut

214 4787 322 4843 BG.
349 4860 360 4862 Α
404 4791 447 4862 '7'
486 4789 743 4862 Omortag
787 4792 926 4844 deest
957 4790 1006 4843 7.
1037 4791 1070 4845 9
1096 4791 1202 4862 9b.
1221 4859 1255 4862 Α
1281 4789 1324 4820 ⁸⁸
1354 4790 1468 4858 regi
1497 4789 1736 4862 novitate
1753 4791 1834 4862 il.

2957 4509 2977 4540 ⁸
2999 4509 3054 4564 in
3083 4508 3202 4564 vico
3230 4509 3370 4563 deest
3395 4507 3496 4563 BG.

2957 4579 3096 4632 tolita
3133 4578 3182 4632 7.
3313 4578 3334 4607 °
3360 4579 3496 4632 cele-

3313 4593 3334 4607 '
3360 4593 3500 4655 cele-

3199 4650 3242 4681 ¹³
3281 4649 3500 4708 vincere

2011 4507 2035 4538 ‘
2083 4507 2322 4563 comensi
2347 4508 2399 4561 7.
2522 4506 2716 4564 ’italio
2742 4506 2843 4563 BG.

1911 4793 1950 4823 ”
1981 4792 2370 4861 explorandum
2413 4793 2466 4846 2.
2496 4793 2550 4848 ὅ.
2580 4793 2632 4846 5.
2665 4791 2718 4846 6.
2751 4791 2801 4846 7.
2834 4793 2886 4847 9.
2962 4791 3007 4822 "°
3046 4791 3396 4846 michelinum
3440 4795 3492 4848 9.
3568 4852 3573 4857 η

215 4860 586 4915 machelinum
616 4863 668 4914 7.
701 4859 1058 4917 machalmum
1085 4861 1138 4914 2.
1217 4859 1260 4890 ¹⁹
1283 4875 1350 4932 ac
1370 4861 1533 4932 morti
1556 4860 1719 4932 etiam
1743 4861 1841 4916 B5.
1918 4863 1962 4894 ²⁰
1986 4859 2193 4919 exactis
2219 4863 2360 4917 deest
2387 4864 2440 4918 9.
2517 4864 2559 4893 ²¹
2585 4871 2697 4916 tum
2719 4862 3157 4932 archipresbyter
3179 4862 3231 4916 9.
3308 4862 3351 4892 “
3378 4863 3492 4917 loco

215 4947 410 4983 vocum
441 4933 798 5001 pronunciato
845 4941 1006 5002 atque
1035 4930 1354 5001 compendio
1383 4931 1579 5002 habito
1600 4930 1713 4999 ipse
1739 4932 1807 4986 ad
1833 4932 2180 4989 brittanicam
2219 4934 2274 4987 in
2306 4933 2572 4988 codicibus
2600 4932 2654 4987 4.
2681 4943 2730 4987 et
2759 4933 2810 4986 6.
2842 4930 3012 4986 niedio
3041 4930 3236 5002 relicto
3282 4934 3493 4987 nonnisi

214 5000 501 5075 pronica’m
529 5000 1120 5075 legiturr;uinA5‘_d_esu‘nt
1148 5000 1291 5075 egeas
1321 5000 1679 5070 pronunciato
1706 5011 1869 5075 atque
1906 5005 2244 5075 compendio.
2323 5005 2368 5035 ”
2399 5003 2708 5075 compendii
2733 5003 2785 5057 5.
2819 5003 2870 5075 7.
2900 5003 2953 5075 9.
3030 5001 3077 5032 ²¹⁸
3103 5001 3493 5075 brittaunicam

216 5071 307 5143 (tie
337 5082 385 5124 et
415 5073 556 5142 infra
586 5073 635 5126 1.
667 5074 721 5127 4.
747 5073 799 5126 5.
832 5072 883 5126 6.
911 5072 1010 5126 B5.
1041 5071 1092 5125 G.
1173 5072 1218 5102 ³⁵
1242 5080 1403 5143 atque
1426 5087 1664 5143 romano_
1681 5071 1877 5142 populo
1907 5076 1960 5128 9.
2030 5071 2082 5104 3"
2111 5075 2245 5129 Et...
2276 5075 2493 5143 quidem
2521 5071 2661 5127 deest
2691 5074 2742 5143 9.
2817 5073 2861 5143 ’7
2893 5071 3072 5143 facere
3101 5073 3410 5128 instituerat
3434 5076 3486 5131 9.

217 5141 268 5171 ”
297 5149 355 5195 et
379 5143 445 5196 de
473 5141 646 5198 diviso
676 5144 728 5197 1.
804 5143 848 5174 ²⁹
875 5143 1203 5198 hludeuuiho
1231 5142 1282 5195 1.
1317 5141 1602 5197 ludeuuico
1629 5141 1728 5196 B5.

216 5213 367 5280 quod
400 5211 496 5266 BS.
572 5213 618 5245 ³³
653 5215 981 5269 brantonum
1011 5212 1110 5268 BG.
1188 5211 1236 5243 “
1262 5212 1334 5266 ibi
1359 5213 1412 5266 4.
1443 5213 1544 5266 B5.

1806 5144 1850 5176 ³⁰
1879 5145 2109 5201 vastavit
2137 5146 2188 5200 9.
2264 5141 2306 5176 ³ί
2335 5145 2427 5199 LX
2453 5142 2759 5214 typograpjtt'
2789 5141 2912 5197 vitio
2944 5142 3112 5214 Bouq.

1625 5212 1934 5285 “iusserat
1960 5216 2026 5270 ad
2052 5216 2167 5271 XV.
2197 5217 2247 5270 1.
2275 5215 2329 5268 2.
2356 5217 2408 5270 5.
2438 5211 2776 5285 4.7.9.:85.
2810 5214 2862 5267 6.
2891 5213 2924 5268 9
2977 5214 3044 5268 ad
3072 5211 3212 5268 deest
3239 5214 3292 5268 5.
3322 5211 3491 5285 6.'fa-

216 5281 339 5335 citis
368 5284 665 5338 coniectura
699 5303 717 5336 ‹
745 5301 798 5338 a.
821 5284 875 5338 d.
903 5284 1018 5338 XV.
1044 5283 1152 5337 kal.
1175 5301 1195 5335 ›
1276 5281 1320 5313 ³⁸
1349 5283 1417 5338 ad
1447 5281 1556 5337 ΧΠ.
1594 5283 1710 5336 cod.
1741 5284 1961 5339 Arman.

3189 5143 3233 5175 ³²
3256 5146 3494 5214 acceptis

2053 5285 2096 5317 ’τ
2138 5287 2231 5357 qui
2265 5287 2332 5340 ad
2357 5283 3024 5357 eummittebanturAdeest
3053 5285 3104 5340 9.
3166 5285 3231 5357 A”
3252 5283 3489 5357 patriar-

218 5353 325 5425 cha
355 5354 635 5423 gradensis
662 5355 716 5412 9.
794 5354 839 5386 ”
867 5363 925 5408 ut
967 5369 1025 5409 se
1051 5353 1188 5409 velle
1221 5353 1514 5425 dicebant.
1539 5368 1746 5406 romam
1787 5354 1839 5408 9.
1916 5357 1962 5386 ⁴⁰
1989 5353 2198 5412 romam
2239 5357 2318 5412 ire
2362 5356 2520 5410 iussit
2546 5363 2607 5410 ut
2638 5370 2669 5409 a
2697 5354 2956 5425 pontifice
3000 5353 3406 5415 examinai'etur
3429 5353 3482 5412 9.

219 5422 268 5454 “
299 5422 417 5494 ipSe
443 5439 573 5481 vero
596 5425 650 5483 9.
723 5427 771 5458 ’δ’
797 5425 1016 5498 quidem
1041 5425 1182 5480 deest
1208 5424 1261 5480 9.
1337 5423 1385 5455 “
1410 5423 1608 5480 ibidem
1636 5439 1858 5481 manere
1882 5429 2158 5498 praecepit
2187 5429 2240 5485 9.

1735 5534 1966 5593 ΝΟΤᾹΞ.

219 5631 523 5700 nonnullis,
555 5631 648 5705 qui
676 5631 921 5688 chronici

222 5705 461 5764 Wirsedi
486 5700 805 5774 sequuntur,
834 5719 931 5775 pro
954 5701 1220 5775 Wolsatia
1247 5700 1340 5775 seu
1367 5700 1642 5775 “:ursatia
1674 5715 1802 5775 ven:

225 5778 379 5833 dere.
408 5771 850 5847 Inter—pagorum
880 5773 1130 5847 Samnite
1165 5771 1383 5847 nomina
1409 5771 1664 5847 Flethihi_
1683 5771 1802 5826 voci

230 5855 454 5903 nostrae
477 5841 724 5915 proxime
755 5845 978 5904 accedit.
1007 5843 1178 5900 multo
1205 5841 1378 5911 magis
1404 5849 1584 5897 tamen
1615 5841 1799 5907 distat,

962 5629 1479 5707 Quedlinburgensis
1513 5628 1803 5707 lectionem
1829 5633 1882 5692 D
1909 5647 2071 5707 quam
2097 5641 2158 5707 ut
2181 5645 2279 5707 pro
2300 5633 2496 5707 eodem
2517 5633 2703 5707 haberi
2730 5636 2918 5707 possit.

1972 5705 2324 5780 {dirigam
2346 5704 2626 5759 occiduam
2650 5704 2792 5764 Lai-ii
2812 5748 2827 5776 ,
2852 5723 3020 5780 prope
3047 5707 3279 5766 initium.
3306 5707 3486 5766 Mura—

1913 5775 2037 5832 torii
2067 5773 2165 5830 SS.
2195 5773 2255 5830 T.
2282 5775 2352 5843 X,
2383 5790 2436 5846 p.
2458 5791 2640 5831 cxxxr.
