3960 6346
528 397 636 454 195

1805 397 2178 457 EGINHARDI
2213 399 2508 458 ABBATIS

3711 404 3809 463 106

528 528 652 569 cum
678 511 976 567 secundum
1004 512 1177 580 patris
1208 511 1499 566 iussionem
1519 513 1574 566 in
1598 510 1750 566 Italia
1773 511 2009 568 iustitias
2034 513 2106 568 fa-
2135 527 2189 589 Α
2210 512 2439 567 tumnali
2464 511 2772 578 venatione,
2811 510 2880 567 ad
2906 509 3027 567 Kal.
3064 510 3387 570 Novembris
3433 513 3574 572 sicut
3623 520 3788 574 condi

524 613 676 661 ceret
703 613 758 659 et
788 605 896 659 iam
932 619 991 659 sc
1026 605 1094 658 ad
1134 605 1513 659 revertendum
1544 605 1611 658 de
1637 603 1790 659 Italia
1824 620 2115 675 praepara-

525 708 629 766 ret,
664 705 882 770 rogante
907 696 1172 752 Paschale
1199 713 1340 768 papa
1366 697 1595 753 Romam
1619 699 1788 763 venit,
1817 706 1873 752 et
1900 698 2116 753 honori-

525 794 629 850 ﬁce
678 795 747 849 ab
780 792 871 848 illo
903 801 1204 864 susceptus,
1244 793 1299 846 in
1343 800 1529 847 sancto
1566 791 1808 862 paschali
1843 790 1931 846 die
1975 791 2116 860 apud

527 895 780 943 sanctum
821 885 1042 941 Petrum
1086 895 1140 940 et
1192 887 1344 957 regni
1388 901 1643 942 coronam
1686 895 1742 940 et
1768 884 2115 956 Imperatoris

526 987 688 1050 atque
715 976 947 1049 Augusti
989 992 1185 1032 nomen
1217 977 1454 1046 accepit;
1489 976 1610 1032 inde
1644 976 1866 1046 Papiam
1900 991 2112 1047 regres-

527 1086 641 1136 sus,
675 1085 863 1126 mense
901 1069 1052 1124 Iunio
1093 1072 1160 1124 ad
1198 1069 1580 1139 imperatorem
1623 1067 1788 1122 venit.
1843 1066 1944 1134 Qui
1992 1083 2114 1122 cum

527 1163 844 1234 imperatori
870 1163 936 1218 de
966 1163 1184 1218 iustitiis
1207 1163 1262 1217 in
1290 1162 1442 1217 Italia
1483 1178 1513 1216 a
1548 1177 1606 1216 se
1642 1161 1844 1231 partim
1879 1159 2038 1216 factis
2095 1159 2112 1189 ί

524 1255 725 1324 partim
749 1254 1015 1310 inchoatis
1038 1253 1255 1309 fecisset
1279 1254 1556 1320 indicium,
1585 1253 1784 1308 missus
1814 1259 1896 1307 est
1921 1252 1975 1307 in
2003 1251 2112 1307 Ita-

525 1347 654 1401 liam
704 1347 1041 1402 Adalhardus
1082 1362 1265 1403 comes
1308 1347 1513 1418 palatii,
1559 1345 1875 1417 iussumque
1919 1354 2021 1411 est,
2057 1355 2116 1400 ut

527 1437 869 1509 Mauringum
891 1440 910 1468 ³
957 1437 1172 1492 Brixiae
1204 1438 1457 1493 comitem
1485 1453 1670 1493 secum
1696 1438 2023 1505 adsumeret,
2061 1444 2116 1492 et

526 1531 808 1586 inchoatas
851 1531 1086 1587 iustitias
1134 1531 1394 1602 perﬁcere
1431 1540 1665 1586 curaret.
1715 1531 2018 1603 Drogonem
2071 1531 2113 1598 ³,

527 1622 754 1678 fratrem
769 1624 907 1690 eius,
938 1626 1037 1680 sub
1054 1626 1316 1680 canonica
1331 1626 1440 1678 vita
1455 1624 1753 1696 degentem,
1771 1623 2020 1679 Mettensi
2033 1637 2118 1678 ec-

526 1714 740 1781 clesiae,
779 1714 923 1770 clero
953 1715 1194 1770 eiusdem
1234 1715 1385 1770 urbis
1419 1717 1790 1770 consentiente
1832 1723 1993 1784 atque
2020 1713 2117 1769 eli-

527 1816 705 1880 gente,
736 1817 1001 1864 rectorem
1033 1809 1334 1874 constituit,
1374 1824 1604 1879 eumque
1653 1810 1720 1863 ad
1768 1808 2116 1880 pontiﬁcatus

2198 610 2372 668 ,xerat
2395 602 2784 672 Compendium
2811 603 2981 659 venit.
3013 603 3202 675 Legati
3235 605 3466 661 Romam
3505 608 3810 676 venientes,

2216 696 2296 751 rei
2324 705 2508 768 gestae
2541 696 2923 751 certitudinem
2967 695 3194 767 adsequi
3242 714 3349 754 non
3395 708 3709 770 potuerunt
3752 703 3810 766 ”,

2215 789 2341 858 quia
2365 788 2641 844 Paschalis
2663 787 2906 860 pontifex
2929 796 2984 843 et
3014 805 3073 844 se
3102 789 3149 819 ’δ
3179 791 3248 845 ab
3290 791 3454 846 huius
3493 791 3634 847 facti
3674 808 3815 848 com-

2214 884 2473 940 munione
2493 899 2617 938 cum
2638 899 2835 954 magno
2855 884 3233 953 episcoporum
3259 899 3490 940 numero
3512 885 3815 940 iureiuran-

2191 979 2283 1033 ‘do
2309 978 2617 1049 puriﬁcavit
2647 979 2724 1045 ’5;
2769 987 2824 1034 et
2858 977 3234 1034 interfectores
3260 978 3680 1048 praedictorum
3729 979 3815 1033 ho-

2216 1070 2442 1136 minum,
2473 1070 2600 1139 quia
2624 1070 2693 1125 de
2720 1068 2927 1124 familia
2961 1069 3135 1124 sancti
3160 1069 3306 1123 Petri
3344 1078 3520 1132 erant,
3565 1084 3814 1123 summo-

2215 1177 2345 1232 pere
2372 1161 2703 1228 .defendens,
2750 1170 2993 1217 mortuos
3022 1161 3170 1215 velut
3197 1161 3495 1217 maiestatis
3522 1176 3665 1215 reos
3698 1177 3818 1216 con-

2217 1255 2492 1310 demnavit
2519 1255 2587 1321 ²⁶,
2619 1256 2736 1309 iure
2757 1256 2802 1287 ’⁷
2834 1270 3023 1310 caesos
3053 1254 3418 1324 pronuntiavit
3440 1254 3506 1318 ³⁸,
3538 1263 3728 1323 atque
3761 1256 3816 1309 ob

2217 1347 2322 1402 hoc
2341 1363 2464 1402 cum
2490 1347 2803 1417 praedictis,
2829 1346 2918 1417 qui
2944 1346 3009 1400 ad
3031 1361 3155 1401 eum
3180 1345 3332 1400 missi
3357 1344 3594 1411 fuerant,
3627 1345 3819 1416 legatis

2216 1443 2508 1499 Iohannem
2535 1442 3020 1498 Silvae-candidae
3053 1441 3368 1510 episcopum
3394 1449 3448 1495 et
3481 1440 3760 1510 Sergium
3785 1442 3819 1472 ”

2217 1535 2710 1601 bibliothecarium,
2736 1535 3021 1601 Quirinum
3044 1547 3260 1604 quoque
3308 1533 3720 1589 subdiaconum
3767 1550 3819 1589 ac

2219 1627 2456 1683 Leonem
2482 1626 2800 1698 magistrum
2845 1625 3080 1679 militum
3125 1625 3193 1679 ad
3230 1623 3618 1693 imperatorem
3652 1626 3816 1679 misit.

2220 1718 2322 1786 Qui
2351 1735 2474 1774 cum
2495 1726 2605 1773 tam
2631 1734 2729 1789 per
2755 1717 2876 1772 illos
2901 1732 3065 1787 quam
3107 1731 3207 1786 per
3243 1730 3369 1771 suos
3402 1715 3612 1787 legatos
3648 1718 3724 1772 de
3751 1735 3819 1773 sa-

2221 1821 2499 1868 cramento
2524 1811 2796 1882 pontificis
2821 1819 2877 1865 et
2895 1808 3246 1866 excusatione
3277 1823 3488 1863 reorum
3521 1811 3823 1879 comperis-

525 1901 753 1972 gradum
789 1901 1002 1956 censuit
1047 1901 1353 1972 promoveri
1400 1904 1444 1954 ’⁵.
1491 1901 1551 1956 In
1596 1899 1787 1956 eodem
1849 1905 2118 1956 conventu
2145 1904 2320 1972 B'set,
2355 1906 2492 1961 nihil
2521 1906 2622 1962 sibi
2649 1906 2791 1961 ultra
2822 1906 2876 1960 in
2905 1905 3008 1961 hoc
3050 1904 3266 1975 negotio
3302 1902 3610 1959 faciendum
3651 1915 3818 1974 ratas,

524 2004 740 2066 tempus
760 2002 815 2051 et
837 1995 988 2050 locus
1010 1994 1233 2050 alterius
1255 2003 1551 2050 conventus
1576 1994 1816 2050 habendi
1839 1993 2120 2050 condictus

524 2096 610 2142 est
632 2088 673 2151 ⁵,
700 2086 1004 2142 November
1024 2086 1274 2141 videlicet
1302 2087 1504 2156 mensis
1546 2095 1602 2141 et
1621 2085 2010 2155 Compendium
2033 2099 2124 2156 pa-

524 2165 743 2249 latium;
773 2189 1104 2252 peractoque
1127 2180 1148 2210 ³
1175 2179 1373 2249 placito
1393 2188 1448 2233 et
1473 2179 1708 2234 dimissis
1732 2177 2118 2249 primoribus",

526 2290 649 2328 cum
696 2276 991 2344 imperator
1030 2272 1138 2326 iam
1182 2272 1306 2326 inde
1357 2272 1562 2342 digredi
1605 2273 1919 2339 statuisset,
1969 2271 2119 2326 adla-

527 2374 643 2419 tum
662 2373 746 2420 est
771 2365 823 2420 ei
845 2365 910 2420 de
933 2365 1154 2420 interitu
1175 2364 1480 2430 Liudevviti,
1498 2366 1640 2435 quod
1657 2366 1859 2422 relictis
1873 2365 2119 2431 Sorabis,

527 2473 650 2513 cum
697 2456 1020 2512 Dalmatiam
1056 2456 1077 2488 ⁸
1121 2457 1190 2511 ad
1245 2456 1689 2512 Liudemuhslum
1729 2458 1750 2488 ⁸
1795 2458 2120 2513 avunculum

525 2548 738 2604 Bornae
794 2550 944 2605 ducis
987 2548 1346 2620 pervenisset,
1393 2557 1448 2604 et
1487 2550 1821 2620 aliquantum
1865 2549 2123 2620 temporis

527 2657 651 2697 cum
671 2656 737 2696 eo
759 2651 998 2698 moratus
1025 2641 1235 2708 fuisset,
1265 2642 1386 2698 dolo
1407 2642 1579 2713 ipsius
1606 2651 1750 2699 esset
1778 2643 2116 2698 interfectus.

525 2732 852 2789 Nunciatum
882 2741 967 2790 est
994 2734 1180 2799 etiam,
1219 2733 1562 2789 Theodorum
1594 2742 1814 2790 sanctae
1841 2735 2120 2790 Romanae

528 2825 794 2882 ecclesiae
819 2827 1192 2897 primicerium
1215 2834 1268 2880 et
1294 2827 1530 2882 Leonem
1561 2828 2020 2884 nomenclatorem
2053 2829 2117 2894 ¹⁰,

530 2931 792 2989 generum
825 2918 960 2983 eius,
1007 2917 1063 2971 in
1111 2917 1442 2986 patriarchio
1486 2917 1852 2975 Lateranense
1879 2921 1919 2951 ³³
1943 2920 2120 2990 primo

525 2998 869 3074 excaecatos,
902 3023 966 3062 ac
998 3005 1192 3061 deinde
1215 3005 1383 3062 fuisse
1411 3007 1725 3076 decollatos,
1763 3017 1820 3063 et
1847 3010 1952 3065 hoc
1970 3010 2051 3065 eis
2076 3011 2118 3040 ¹²

525 3101 596 3156 ob
622 3103 725 3158 hoc
758 3102 802 3133 “
839 3101 1150 3170 contigisse,
1176 3100 1319 3171 quod
1341 3117 1398 3156 se
1421 3101 1476 3155 in
1501 3103 1750 3158 omnibus
1775 3101 2006 3158 ﬁdeliter
2035 3121 2123 3160 er-

527 3209 595 3265 ga
622 3203 806 3264 partes
829 3193 1097 3248 Hlotharii
1129 3193 1336 3248 iuvenis
1366 3195 1710 3265 imperatoris
1755 3206 1979 3268 agerent
2033 3199 2075 3229 ”
2101 3214 2116 3263 ;

2225 2006 2586 2054 memoratum
2613 1999 2905 2053 Iohannem
2928 1997 3239 2068 episc0pum
3289 2005 3343 2051 et
3377 1997 3549 2052 socios
3601 1999 3736 2054 eius
3767 2000 3821 2053 ad

2223 2090 2556 2162 pontiﬁcem,
2584 2090 2711 2145 dato
2737 2090 3094 2146 conveniente
3120 2106 3397 2162 responso,
3421 2091 3666 2145 remisit.
3706 2091 3823 2146 Cea-

2225 2182 2422 2253 dragus
2479 2179 2523 2211 ³ο
2580 2179 2966 2236 Abodritorum
3025 2181 3278 2251 princeps
3332 2181 3824 2252 pollicitationibus

2223 2277 2336 2332 suis
2361 2275 2622 2331 adhibens
2656 2274 2835 2340 ﬁdem,
2869 2291 2991 2330 cum
3022 2275 3346 2345 quibusdam
3371 2274 3719 2344 primoribus
3745 2289 3824 2344 po-

2222 2367 2334 2439 puli
2361 2368 2444 2423 sui
2473 2367 2862 2438 Compendium
2892 2367 3060 2433 venit,
3098 2366 3358 2436 dilatique
3395 2381 3489 2436 per
3524 2374 3608 2420 tot
3655 2382 3823 2420 annos

2223 2461 2487 2515 adventus
2515 2460 2598 2515 sui
2632 2460 2893 2514 rationem
2925 2474 3108 2513 coram
3139 2459 3462 2527 imperatore
3488 2472 3602 2510 non
3635 2458 3820 2528 inpro-

2222 2555 2474 2610 babiliter
2513 2553 2764 2608 reddidit.
2801 2553 2903 2620 Qui
2945 2552 3070 2608 licet
3106 2552 3149 2582 "
3182 2553 3237 2606 in
3278 2550 3601 2622 quihusdam
3643 2553 3821 2606 causis

2223 2647 2507 2719 culpabilis
2543 2654 2846 2717 appareret,
2900 2653 3084 2699 tamen
3121 2653 3343 2715 propter
3381 2643 3571 2697 merita
3621 2657 3817 2710 paren-

2224 2748 2338 2796 tum
2365 2755 2584 2795 suorum
2610 2754 2718 2793 non
2749 2737 2923 2794 solum
2960 2736 3260 2807 inpunitus,
3288 2750 3473 2790 verum
3498 2735 3821 2788 munerims

2223 2831 2455 2886 donatus
2481 2829 2549 2884 ad
2581 2843 2806 2900 regnum
2831 2827 3011 2881 redire
3037 2825 3333 2896 permissus
3357 2833 3455 2879 est.
3496 2822 3750 2878 Venerat
3775 2831 3821 2877 et

2223 2919 2510 2974 Harioldus
2535 2919 2600 2974 de
2625 2916 3015 2981 Nordmannia,
3042 2915 3300 2969 auxilium
3322 2921 3512 2984 petens
3541 2923 3744 2968 contra
3767 2914 3822 2966 ﬁ-

2221 3012 2324 3067 lios
2357 3009 2656 3076 Godofridi,
2693 3010 2784 3078 qui
2828 3024 2951 3064 eum
2986 3008 3163 3079 patria
3204 3006 3402 3076 pellere
3440 3005 3821 3072 minabantur,

2222 3103 2476 3163 obcuius
2506 3117 2727 3156 causam
2757 3100 3066 3171 diligentius
3091 3097 3479 3168 explorandam
3509 3098 3578 3151 ad
3603 3098 3819 3152 eosdem

2223 3196 2363 3250 filios
2401 3192 2678 3250 Godofridi
2715 3191 3077 3247 Thcotharius
3121 3190 3165 3221 ³³
3207 3197 3262 3243 et
3304 3188 3734 3243 Hruodmundus
3781 3188 3819 3218 ³³

527 3294 687 3341 erant
717 3295 772 3340 et
801 3286 894 3355 qui
920 3286 1180 3353 dicerent,
1207 3286 1292 3342 vel
1319 3288 1470 3342 iussu
1505 3289 1589 3344 vel
1620 3291 1846 3346 consilio
1881 3291 2118 3347 Pascha-
2146 3285 2190 3347 C
2223 3285 2450 3342 comites
2484 3282 2639 3338 miSSi
2671 3281 2912 3347 fuerunt,
2949 3280 3042 3350 (Ιυί
3081 3287 3136 3335 ει
3171 3294 3392 3335 causam
3433 3278 3678 3332 ﬁliorum
3724 3279 3817 3334 GO-

530 3376 600 3431 Iis
620 3374 893 3445 pontiﬁcis
920 3390 1035 3429 rem
1057 3374 1220 3430 fuisse
1245 3385 1631 3448 perpetratam.
1673 3379 1754 3433 Ad
1772 3381 1918 3451 quod
1937 3382 2122 3452 explo—
2157 3408 2171 3424 κ

529 3466 763 3522 randum
793 3481 858 3520 ac
885 3465 1169 3536 diligenter
1195 3469 1621 3540 investigandum
1653 3472 1805 3527 missi
1836 3483 1960 3528 sunt
1985 3473 2122 3528 Ada-

531 3557 726 3629 lungus
749 3555 811 3621 ¹⁸,
837 3557 1006 3612 abbas
1029 3560 1341 3615 monasterii
1367 3561 1537 3616 sancti
1562 3562 1803 3627 Vedasti,
1829 3571 1883 3618 et
1907 3563 2123 3618 Hunfri-

529 3647 631 3703 dus
659 3647 723 3714 “,
747 3663 931 3703 comes
956 3647 1249 3705 Curiensis.
1293 3650 1400 3707 Sed
1442 3662 1731 3724 antequam
1777 3654 1854 3708 illi
1893 3655 2122 3709 fuissent

526 3739 777 3810 profecti,
810 3751 1073 3798 venerunt
1110 3742 1270 3813 legati
1325 3743 1367 3774 ⁸⁷
1415 3743 1693 3801 Paschalis
1736 3745 2011 3816 pontiﬁcis
2053 3747 2118 3814 ³⁸,

528 3831 794 3891 Iohannes
828 3835 1114 3906 episcOpus
1159 3834 1658 3894 Silvae-candidae
1702 3847 1758 3894 et
1798 3839 2153 3907 Benedictus_

529 3926 946 3984 archidiaconus
998 3936 1220 3984 sanctae
1266 3932 1410 3987 sedis
1459 3934 1786 4003 apostolicae
1810 3976 1825 4001 ,
1870 3944 2122 4006 rogantes

529 4013 932 4085 imperatorem,
965 4025 1026 4073 ut
1049 4019 1196 4075 illam
1222 4019 1500 4078 infamiam
1519 4041 1548 4078 a
1575 4025 1831 4095 pontiﬁce
1856 4027 2118 4095 auferret,

529 4120 639 4176 qua
685 4107 776 4162 ille
816 4110 874 4164 in
916 4121 1340 4168 memoratorum
1365 4115 1645 4172 hominum
1675 4134 1865 4175 necem
1891 4137 2121 4178 consen-

530 4198 667 4255 sisse
689 4201 1031 4258 credebatur.
1083 4204 1291 4271 Quibus
1334 4222 1458 4260 cum
1503 4209 1592 4264 ille
1639 4211 1786 4266 iuxta
1817 4215 1960 4283 quod
1983 4217 2121 4272 ratio

527 4293 839 4362 postulabat
878 4297 1268 4367 respondisset,
1312 4313 1513 4370 eosque
1557 4302 1872 4372 dimisisset,
1913 4309 2122 4378 praedi-

530 4393 650 4442 ctos
675 4385 884 4459 legatos
914 4403 1041 4443 suos
1071 4387 1142 4442 ad
1171 4388 1597 4461 investigandam
1632 4394 1674 4425 ‘9
1703 4397 1782 4450 rei
1809 4398 2116 4467 veritatem,

481 4535 495 4546 ,
530 4478 674 4534 sicut
699 4480 852 4551 prius
881 4480 1166 4548 disposuit,
1204 4481 1430 4537 Romam
1457 4485 1537 4540 ire
1562 4489 1856 4559 praecepit,
1895 4491 2008 4561 ipse
2031 4506 2121 4546 ve-

530 4570 652 4626 ro"
678 4571 947 4642 reliquum
973 4573 1196 4628 aestatis
1215 4581 1424 4644 tempus
1450 4576 1504 4630 in
1517 4593 1651 4649 pago
1663 4579 2053 4637 Wormacense
2072 4583 2115 4612 ²¹

2226 3378 2421 3434 dofridi
2451 3385 2508 3433 et
2549 3385 2749 3432 statum
2782 3378 2944 3432 totius
2988 3377 3138 3448 regni
3191 3374 3674 3432 Nordmannorum
3711 3376 3814 3429 dili-

2223 3479 2414 3542 genter
2461 3469 2828 3540 explorantes,
2877 3472 3170 3526 adventum
3217 3468 3457 3524 Harioldi
3503 3485 3814 3538 praecesse-

2223 3569 2370 3627 runt,
2407 3568 2461 3616 et
2495 3561 2809 3631 imperatori
2846 3561 3028 3616 omnia
3069 3576 3208 3630 quae
3252 3560 3308 3614 in
3351 3559 3457 3614 illis
3505 3561 3812 3630 regionibus

2224 3656 2522 3726 comperire
2549 3663 2843 3725 potuerunt
2890 3654 3289 3725 patefacerunt.
3339 3652 3472 3708 Cum
3524 3656 3729 3724 quibus
3767 3663 3813 3708 et

2221 3748 2335 3803 Eho
2365 3747 2409 3777 3"
2438 3747 2731 3802 Remorum
2753 3747 3218 3818 archiepiscopus,
3262 3746 3354 3817 qui
3385 3747 3619 3802 consilio
3659 3749 3811 3818 impe-

2222 3839 2422 3895 ratoris
2457 3846 2513 3894 et
2545 3840 2870 3895 auctoritate
2907 3839 3134 3895 Romani
3160 3838 3438 3910 pontiﬁcis
3463 3839 3806 3909 praedicandi

2222 3934 2395 4006 gratia
2431 3933 2499 3987 ad
2547 3933 2806 3987 terminos
2841 3932 3114 3988 Danorum
3149 3941 3478 3997 accesserat,
3521 3941 3577 3988 et
3615 3941 3806 3988 aestate

2220 4023 2512 4094 praeterita
2537 4023 2732 4078 multos
2764 4039 2830 4077 ex
2857 4023 2936 4078 eis
2964 4024 3031 4078 ad
3069 4024 3231 4078 ﬁdem
3261 4025 3541 4079 venientes
3577 4023 3804 4094 baptiza-

2220 4127 2394 4183 verat,
2423 4132 2701 4188 regressus
2731 4125 2831 4171 est.
2871 4115 2986 4171 Hoc
3021 4132 3164 4171 anno
3197 4117 3444 4188 prodigia
3472 4117 3523 4148 ³⁸
3551 4117 3802 4185 quaedam

2222 4211 2470 4265 extitisse
2514 4219 2825 4275 narrantur,
2858 4210 2913 4264 in
2953 4209 3148 4278 quibus
3181 4210 3475 4280 praecipua
3509 4208 3729 4264 fuerunt
3757 4208 3803 4261 in

2221 4304 2474 4375 Aquense
2515 4303 2718 4374 palatio
2766 4311 2945 4357 terrae
2981 4311 3184 4368 motus,
3221 4311 3275 4358 et
3301 4303 3357 4357 in
3386 4301 3666 4357 territorio
3701 4299 3803 4354 Tul-

2220 4398 2371 4454 lense
2409 4397 2454 4429 ³³
2482 4398 2633 4453 iuxta
2667 4396 2846 4452 villam
2877 4395 3346 4452 Commerciacum
3383 4410 3409 4438 ει
3439 4397 3620 4467 puella
3656 4411 3802 4467 quae-

2222 4491 2347 4545 dam
2372 4505 2638 4545 annorum
2664 4487 2777 4544 fere
2807 4487 2893 4541 l2.
2925 4488 2993 4542 ab
3023 4489 3171 4542 omni
3196 4488 3319 4543 cibo
3339 4503 3440 4558 per
3476 4488 3566 4542 10.
3599 4501 3799 4544 mensa

2222 4585 2516 4640 abstinens.
2557 4585 2624 4638 Et
2647 4584 2703 4637 in
2727 4583 2987 4648 Saxonia,
3017 4585 3073 4638 in
3107 4599 3246 4656 pago
3270 4583 3363 4653 qui
3389 4590 3616 4638 vocatur
3642 4579 3800 4635 Firih.

532 4677 599 4720 ac
651 4665 846 4722 deinde
879 4666 936 4721 in
977 4665 1266 4724 Arduenna
1305 4671 1608 4752 transigens
1659 4674 1725 4739 ”,
1758 4683 1976 4744 peracta
2029 4691 2121 4730 au—
2144 4661 2198 4720 D
2225 4677 2334 4731 sazi
2359 4676 2402 4709 ⁸⁷
2424 4677 2453 4717 b
2475 4677 2564 4731 25.
2588 4677 2747 4732 villae
2770 4677 2892 4748 igne
2914 4676 3136 4732 coelesti
3157 4683 3636 4741 concrematae,et
3659 4674 3799 4744 fulgor

1713 4785 2104 4840 VARIANTES
2140 4787 2546 4844 LECTlONES.

605 4870 623 4902 ⁸
645 4875 843 4940 partim
869 4873 1026 4954 factis
1046 4874 1193 4954 ρεαδς
1430 4879 1450 4907 ²
1471 4878 1898 4954 mauningum}.
1918 4879 2254 4954 magringum
2283 4899 2420 4954 corr.
2446 4883 2748 4954 maringum
2777 4882 2822 4937 Β
2844 4884 2897 4940 5.
2927 4883 3227 4954 maringum
3256 4881 3310 4937 5.
3390 4883 3413 4915 ³
3439 4881 3733 4954 dragonem
3755 4879 3796 4932 l.

537 4947 558 4973 ⁵
582 4946 1007 5009 promovendum
1043 4945 1095 4999 9.
1174 4947 1194 4978 ⁵
1233 4947 1436 5002 indicta
1466 4959 1591 5003 sunt
1614 4949 1665 5003 9.

1766 4951 1785 4980 θ
1811 4949 2037 5020 Peracto
2082 4949 2265 5020 itaque
2297 4952 2352 5005 9.

2455 4954 2475 4983 ⁷
2504 4953 2821 5022 proceribus
2842 4957 2895 5010 9.
2982 4955 3004 4986 ⁸
3032 4955 3086 5008 in
3109 4953 3425 5009 ilalmatiam
3446 4954 3501 5008 9.
3537 4954 3594 5008 in
3622 4953 3800 5006 delma—

538 5011 672 5065 tiam
701 5011 750 5065 7.
829 5014 849 5045 ’
876 5015 1269 5072 ludemuhslum
1297 5017 1351 5070 4.
1379 5019 1734 5073 ludemuslum
1755 5020 1806 5073 6.
1833 5037 1861 5073 a
1894 5011 2249 5076 liudemisltim
2279 5021 2321 5074 Β
2349 5022 2402 5076 5.
2427 5011 2804 5079 Ιὶυἱίρῐηυκιυηι
2833 5026 2887 5081 9.
2931 5023 2977 5079 Β
3011 5024 3062 5078 6.
3112 5025 3468 5081 liudcwislum
3505 5025 3562 5078 7.
3641 5023 3685 5052 ’⁸
3711 5024 3800 5077 cla-

536 5091 712 5165 torem
783 5083 923 5165 .132.
980 5088 1043 5165 1‘
1083 5088 1488 5165 lateranensi}.
1519 5090 1570 5165 5.
1598 5090 1649 5165 6.
1682 5091 1732 5143 7.
1764 5090 1815 5143 9.
1839 5161 1852 5165 _
1896 5091 1936 5120 “
1967 5092 2068 5165 hoc
2140 5093 2261 5165 ideo
2305 5094 2384 5165 eis
2408 5093 2457 5149 9.
2542 5095 2584 5124 ³³
2613 5096 2691 5149 eis
2729 5098 2830 5150 hoc
2862 5097 3211 5165 pr0pter‘hoc
3246 5095 3299 5149 5.
3380 5096 3425 5127 “
3471 5095 3547 5149 im

540 5113 712 5136 ιυιειιι
785 5113 835 5136 ι.
873 5113 923 5138 1..
1006 5113 1043 5118 -·
1083 5113 1404 5143 ιδιωιᾊηειιδι
1435 5113 1488 5142 9.
1519 5113 1570 5143 ο.
1598 5113 1649 5141 υ.
1690 5113 1732 5143 ι.
1764 5113 1815 5143 υ.
1896 5113 1936 5120 ··
1967 5113 2068 5145 nuc
2140 5113 2261 5148 luco
2305 5113 2384 5148 ets
2408 5113 2457 5149 υ.
2542 5113 2584 5124 “'
2613 5113 2691 5149 eIS
2731 5113 2830 5150 noc

537 5151 799 5234 haberent
841 5154 899 5234 _6.
947 5158 1022 5234 _“
1067 5160 1360 5234 adalangns
1405 5160 1456 5213 5.
1495 5160 1781 5234 _adali_ngus
1798 5161 1878 5234 Α.
1924 5162 2256 5234 adalgundus
2304 5164 2356 5218 6.
2437 5165 2479 5194 ¹⁶
2514 5113 2897 5221 humfridusB

1991 5233 2034 5263 ²⁰
2085 5249 2211 5289 vero
2259 5236 2398 5289 deest
2433 5237 2486 5290 9.

541 5223 585 5253 ¹⁸
617 5225 1061 5300 ροηιὶίῇοἰεγάεεει
1104 5230 1155 5283 9.
1238 5223 1746 5300 loinvestigandum
1788 5230 1888 5285 B5.

3552 5094 3800 5164 peratoris

3507 5166 3549 5196 ιτ
3580 5164 3729 5234 ligati
3757 5164 3796 5234 ι.

2587 5237 2630 5266 ’ί
2677 5252 3032 5292 uurmacense
3073 5235 3174 5290 B5.
3219 5233 3705 5292 uuormacensikt.
3757 5233 3798 5284 6.

2927 5167 2980 5220 5.
3032 5165 3341 5220 huntfridus
3370 5166 3425 5221 6.

541 5296 916 5377 lvortnaciensi
956 5299 1008 5353 9.
1047 5301 1408 5377 _warmace_nsi
1454 5296 1537 5352 7.'
1583 5302 2015 5377 ‘itransiens_5.
2048 5304 2100 5359 5.
2131 5307 2183 5359 6.
2215 5306 2314 5360 Β5.
2361 5307 2412 5360 6.
2492 5307 2538 5338 ³³
2559 5315 2783 5377 potuere
2805 5308 2858 5364 9.
2935 5307 2980 5338 ”
3012 5307 3252 5377 pontifex
3279 5323 3340 5362 se
3359 5307 3414 5362 9-
3491 5304 3802 5377 ",Pl‘r‘r'?"i‘

541 5363 593 5417 9.
673 5364 718 5440 f‘
744 5369 1139 5440 condemnabat
1165 5370 1216 5424 9.
1296 5371 1339 5402 ³⁷
1367 5371 1590 5440 iureque
1616 5371 1668 5424 7.
1695 5372 1746 5427 9.
1779 5375 1831 5426 5.
1911 5375 1955 5405 ’⁸

539 5448 641 5503 gus
673 5435 722 5489 1.
765 5438 817 5491 5.
849 5437 952 5491 Β5.
1029 5439 1072 5468 ³¹
1104 5439 1236 5493 libet
1268 5442 1319 5494 1.

1984 5378 2380 5443 pronunciabat
2422 5378 2476 5432 9.
2555 5377 2599 5409 ²⁹
2631 5379 2830 5432 serium
2860 5377 3331 5432 bibliothecarium
3366 5377 3467 5432 BG.

1394 5441 1438 5472 ³¹
1467 5443 1765 5498 teotharius
1798 5444 1852 5497 2.
1884 5441 2198 5502 theodarius
2225 5449 2277 5502 5.
2308 5448 2611 5503 thcotanus
2634 5447 2736 5503 BS.
2769 5449 3069 5504 theosarius
3098 5448 3200 5502 B6.
3280 5449 3328 5480 ³³
3352 5447 3722 5502 rodtmundns
3758 5444 3798 5496 9.

3552 5376 3596 5407 ³⁸
3625 5375 3801 5430 cedre-

541 5505 910 5590 rovdmundus
1068 5509 1551 5590 hariolthmundus
1573 5512 1627 5566 4.
1651 5513 1703 5567 5.
1734 5515 1785 5568 6.
1819 5516 2188 5590 ruodinandus
2216 5518 2267 5570 7.
2345 5517 2392 5549 "‘
2414 5520 2612 5590 quibus
2641 5519 2742 5574 ebo
2771 5519 2822 5590 9.
2851 5520 2986 5574 cbbo
3013 5519 3062 5574 7.
3089 5518 3191 5590 BS.
3264 5519 3311 5551 ³⁸
3345 5517 3597 5590 prodigia
3639 5516 3708 5590 de
3737 5514 3796 5567 di-

537 5578 712 5659 versis
739 5578 1303 5659 prodigiis‘quaedatn
1323 5581 1371 5659 1Λ.
1405 5584 1479 5659 ita
1501 5581 1755 5659 glossema
1778 5587 2108 5659 cantari/ipe
2138 5590 2193 5642 in
2228 5578 2691 5659 textum-irrepsit.
2767 5589 2812 5620 ³⁸
2845 5590 3098 5645 tullensse
3121 5589 3171 5642 1.
3203 5578 3417 5659 ιυΙθηέε
3445 5578 3550 5643 Bg.
3584 5586 3800 5659 intlean

538 5646 649 5730 B6.
680 5646 1186 5730 gdqnuflitul‘lensi.
1262 5649 1303 5680 ³⁷
1333 5646 1570 5730 ﬁrihsazi
1603 5653 1736 5730 1.:5.
1766 5646 2010 5730 ﬁrihsati'
2026 5656 2125 5712 B5.
2145 5659 2389 5730 iﬁuhsazi
2422 5658 2515 5730 alii
2543 5646 2793 5714 s'trihsazi
2824 5659 2876 5713 7.
2910 5660 3162 5730 strihsazi
3187 5658 3241 5714 4.
3267 5660 3320 5730 6.
3351 5660 3573 5716 strisazi
3597 5657 3654 5712 5.
3683 5646 3801 5708 frih;

538 5718 652 5772 sazi
679 5719 732 5771 2.
767 5719 819 5774 9.
853 5717 954 5772 BG.
1005 5717 1288 5775 ﬁrichsare
1319 5721 1596 5779 Annalista
1641 5723 1801 5781 Saxo.
1847 5727 2094 5784 ﬁricsaze
2127 5729 2417 5800 Chi-onagr.
2449 5727 2611 5784 Saxo.
2652 5730 2855 5786 virsedi
2904 5730 3001 5786 Ch.
3049 5729 3331 5800 Quedlt'nb.

2062 5817 2292 5876 NOTAE.

619 5913 641 5939 ιι
683 5903 984 5974 (Iommcrcy
1012 5907 1076 5962 ad
1113 5907 1328 5965 Mosam.

2299 5916 2328 5958 δ
2361 5915 2499 5973 Malo
2543 5917 2792 5989 ignotum
2831 5919 3020 5984 dicere,
3051 5934 3215 5992 quam
3257 5935 3380 5978 cum
3411 5913 3798 5988 recentioqu
