3960 6346
215 338 330 398 497

1686 323 2024 380 ANNALES.

3397 311 3503 368 498

218 465 286 507 ra
311 457 510 504 sereno
535 452 696 514 atque
721 441 953 497 interdiu
991 441 1056 495 de
1093 440 1243 495 coelo
1275 439 1542 496 cadentia.
1588 438 1619 476 ³⁸
1662 438 1728 493 Et
1758 438 1815 492 in
1841 452 2058 514 Aunus
2104 450 2168 490 ex
2216 433 2304 491 his
2347 435 2439 506 qui
2485 433 2655 505 priori
2701 433 2969 506 legatione
3009 433 3395 504 fungebantur,
3437 431 3507 485 ad

219 539 414 598 multis
463 534 774 606 regionibus
826 531 1008 602 fruges
1054 531 1330 603 grandinis
1379 534 1678 590 vastatione
1725 533 1818 588 de—

219 633 367 689 letae
406 631 448 696 ³,
489 637 650 696 atque
691 625 747 679 in
788 623 1109 695 quibusdam
1155 622 1288 678 locis
1333 623 1491 677 simul
1531 640 1654 680 cum
1701 625 1817 695 ipsa

220 726 490 801 grandine
521 716 638 778 veri
666 721 870 793 lapides
913 727 1073 790 atque
1101 722 1122 751 ’
1148 721 1380 792 ingentis
1405 723 1659 792 ponderis
1681 722 1820 777 deci-

220 819 358 875 dere
378 819 514 884 visi;
541 817 732 873 domus
755 829 969 886 quoque
991 814 1056 869 de
1075 813 1226 869 coelo
1249 821 1442 878 tactae,
1467 815 1818 885 hominesque

222 927 289 970 ac
329 919 548 966 caetera
595 907 848 963 animalia
895 907 1095 976 passim
1136 905 1421 960 fulminum
1455 907 1564 960 ictu
1600 915 1820 977 praeter

219 1005 446 1061 solitum
475 1001 666 1057 crebro
715 999 1024 1054 exanimata
1061 998 1332 1052 dicuntur.
1381 998 1577 1054 Secuta
1621 1005 1703 1052 est
1737 999 1818 1052 in-

219 1109 358 1165 gens
384 1091 692 1164 pestilentia
719 1098 879 1159 atque
898 1088 1177 1143 hominum
1205 1089 1526 1155 mortalitas,
1556 1104 1696 1159 quae
1720 1105 1818 1159 per

220 1195 395 1242 totam
417 1185 702 1239 Franciam
726 1183 1016 1237 inmaniter
1040 1197 1428 1254 usquequaque
1447 1192 1691 1255 grassata
1711 1191 1813 1248 est,

217 1285 277 1333 et
307 1279 652 1332 innumeram
678 1275 957 1330 hominum
982 1275 1386 1329 multitudinem
1430 1275 1628 1331 diversi
1657 1289 1815 1330 sexus

217 1371 498 1426 etaetatis
524 1368 840 1441 gravissime
868 1368 1152 1423 saeviendo
1174 1369 1527 1439 consumpsit.

292 1460 436 1533 ἰ[ΕΙ.
476 1463 497 1494 ³
525 1462 578 1533 in
609 1459 1219 1533 territorioCumetensi
1243 1461 1263 1492 ⁸
1292 1462 1477 1518 Italiae
1516 1463 1537 1494 ⁸
1575 1463 1815 1518 civitatis

215 1534 275 1589 in
320 1531 444 1587 vico
467 1533 488 1564 ³
523 1531 841 1588 Grabadona
881 1532 899 1562 ⁷
925 1543 951 1570 α
984 1533 1036 1586 in
1065 1532 1292 1587 ecclesia
1347 1535 1518 1588 sancti
1562 1533 1812 1588 Iohannis

214 1604 493 1674 baptistae
515 1603 698 1675 imago
724 1611 943 1656 sanctae
987 1602 1185 1656 Mariae
1225 1619 1451 1675 puerum
1493 1605 1663 1659 Iesum
1694 1619 1812 1675 gre-

217 1676 341 1754 mio
366 1674 664 1754 _continens
711 1688 774 1727 ac
803 1688 1081 1754 magorum
1122 1689 1346 1754 munera
1375 1674 1716 1754 offerentium
1757 1675 1810 1729 in

219 1744 410 1798 absida
455 1743 691 1798 eiusdem
722 1743 982 1798 ecclesiae
1018 1744 1226 1813 depicta
1265 1753 1318 1798 et
1359 1745 1428 1797 ob
1469 1746 1690 1800 nimiam
1723 1761 1812 1800 ve-

1918 528 2302 596 imperatorem
2331 525 2637 590 detulisset,
2669 535 2936 581 conventu
2967 525 3188 579 circiter
3215 525 3269 580 8.
3307 523 3505 581 Kalen-

1920 619 2015 672 das
2047 616 2142 670 Iul.
2186 617 2534 687 pronuntiato
2575 617 2618 646 ³³
2649 625 2811 686 atque
2853 615 3184 685 Compendio
3219 615 3266 644 ³⁸
3295 613 3502 680 habito,

1918 709 2035 779 ipse
2074 712 2140 764 ad
2170 709 2560 764 Brittannicam
2583 709 2630 740 ”
2658 709 3055 779 expeditionem
3081 721 3178 777 per
3217 720 3276 760 se
3304 704 3507 760 facien-

1919 804 2043 858 dam
2091 803 2271 857 animo
2300 802 2525 867 intento,
2568 802 2907 856 Hlotharium
2955 799 3148 864 ﬁlium,
3176 796 3389 867 imperii
3419 810 3508 851 so-

1918 895 2051 948 tium
2070 936 2084 961 ,
2117 894 2346 949 Romam
2374 895 2590 949 mittere
2615 893 2877 958 decrevit,
2908 901 2969 946 ut
2997 893 3115 946 vice
3141 905 3238 944 sua
3269 889 3505 952 functus,

1918 1001 1982 1042 ea
2011 1002 2149 1056 quae
2191 1003 2375 1042 rerum
2413 988 2708 1042 necessitas
2753 984 2995 1056 ﬂagitare
3031 982 3340 1046 videbatur,
3383 993 3508 1034 cum

1917 1096 2056 1135 novo
2085 1080 2340 1150 pontiﬁce
2378 1080 2680 1151 populoque
2707 1079 2952 1133 Romano
2972 1077 3018 1108 ³⁸
3057 1083 3319 1131 statueret
3346 1081 3508 1142 atque

1918 1173 2178 1229 ﬁrmaret.
2213 1175 2281 1228 Et
2310 1174 2400 1229 ille
2429 1175 2648 1244 quidem
2676 1174 2720 1204 ³⁸
2751 1175 2818 1228 ad
2849 1174 2985 1228 haec
3015 1170 3358 1240 exsequenda
3386 1175 3510 1239 post

1916 1265 2154 1320 medium
2192 1265 2492 1334 Augustum
2532 1267 2587 1319 in
2628 1264 2839 1319 Italiam
2880 1262 3153 1335 profectus
3186 1267 3289 1327 est,
3334 1259 3525 1345 impe-.

1917 1367 2066 1413 rator
2097 1373 2225 1411 vero
2259 1357 2365 1412 iter
2403 1357 2548 1427 quod
2579 1357 2635 1411 in
2664 1357 3023 1412 Brittanniam
3055 1355 3235 1410 facere
3273 1366 3506 1422 parave-

1916 1457 2002 1502 rat
2025 1449 2092 1514 ",
2133 1457 2358 1518 propter
2391 1447 2592 1503 famem
2620 1464 2758 1518 quae
2794 1449 2970 1503 adhuc
3009 1445 3322 1519 praevalida
3367 1453 3506 1510 erat,

1916 1556 2086 1610 usque
2119 1541 2187 1595 ad
2217 1541 2431 1595 initium
2457 1541 2703 1596 autumni
2734 1540 2956 1611 adgredi
2999 1538 3242 1593 distulit:
3273 1546 3386 1592 tum
3415 1536 3510 1591 de-

1916 1647 2084 1695 mum,
2111 1632 2361 1688 adunatis
2387 1633 2624 1703 undique
2649 1632 2899 1686 omnibus
2925 1631 3118 1700 copiis,
3147 1629 3402 1686 Redonas
3431 1629 3510 1684 ci-

1915 1723 2138 1777 vitatem
2162 1723 2408 1778 terminis
2427 1722 2764 1777 Brittanniae
2788 1723 3097 1792 contiguam
3119 1721 3363 1786 venit,et
3381 1719 3510 1774 inde

215 1823 480 1887 tustatem
519 1814 804 1887 obscurata
830 1823 903 1887 “et
947 1812 1098 1883 pene
1125 1813 1417 1887 abolitaf,
1452 1825 1599 1870 tanta
1644 1816 1807 1870 clari-
1836 1817 1884 1877 B
1913 1816 2084 1870 diviso
2120 1816 2166 1847 ³⁸
2189 1817 2243 1870 ἰη
2274 1824 2385 1871 tres
2413 1827 2595 1887 partes
2619 1816 2886 1881 exercitu,
2913 1815 3229 1883 duabusque
3263 1812 3512 1883 partibus

218 1894 337 1940 tate
374 1885 395 1915 ’
424 1902 522 1955 per
547 1885 773 1939 duorum
812 1885 1018 1938 dierum
1067 1885 1241 1954 spatia
1284 1885 1482 1940 effulsit
1509 1888 1575 1952 ⁸ο,
1609 1897 1668 1941 ut
1693 1903 1810 1941 om-

213 1971 344 2026 nem
375 1956 716 2026 splendorem
748 1970 918 2009 novae
946 1956 988 1985 “
1021 1956 1266 2024 picturae
1292 1971 1421 2010 suae
1459 1959 1744 2012 vetustatis
1769 1958 1810 1988 ¹³

215 2025 620 2148 R‘ulcbritudine
645 2027 990 2080 cernentibus
1016 2026 1229 2093 penitus
1264 2027 1483 2083 vincere
1512 2029 1808 2084 videretur.

275 2111 498 2148 agorum
525 2095 568 2126 ³³
599 2105 780 2148 tamen
830 2096 1115 2148 imagines.
1153 2108 1368 2148 praeter
1412 2115 1633 2148 munera
1675 2114 1808 2148 nuae

275 2111 498 2166 agorum
525 2095 568 2126 ³³
599 2105 780 2150 tamen
830 2096 1115 2166 imagines,
1153 2108 1368 2166 praeter
1412 2115 1633 2154 munera
1675 2114 1814 2166 quae

218 2117 498 2166 magorum
525 2117 568 2126 "
599 2117 780 2150 lalllell
830 2117 1115 2166 uuaglnes,
1154 2117 1368 2164 praeter
1412 2117 1633 2154 munera
1714 2117 1806 2154 uae

214 2166 549 2309 gﬂ'grtibant,
583 2166 806 2223 minime
855 2166 1072 2221 claritas
1113 2165 1204 2221 illa
1248 2169 1555 2226 inradiavit.
1604 2117 1731 2226 9.13
1755 2170 1806 2226 5.

834 2349 1200 2408 DCCCXXIV.

290 2464 406 2519 Rex
446 2465 803 2535 Bulgarorum
832 2463 875 2495 “
906 2463 1164 2535 Omortag
1190 2465 1235 2496 ”
1253 2465 1402 2522 velut
1429 2466 1580 2537 pacis
1610 2467 1812 2523 facien-

214 2557 321 2612 dae
361 2557 531 2626 gratia
561 2557 764 2628 legatos
804 2557 871 2612 ad
908 2558 1291 2628 imperatorem
1325 2575 1448 2614 cum
1484 2560 1681 2614 litteris
1711 2560 1813 2614 mi-

213 2648 326 2713 sit,
360 2663 496 2718 quos
521 2648 612 2702 ille
643 2663 766 2702 cum
789 2648 1046 2714 audisset,
1082 2665 1145 2703 ac
1177 2649 1385 2706 litteras
1429 2667 1569 2720 quae
1598 2650 1813 2705 adlatae

213 2737 433 2793 fuerant
481 2738 729 2810 legisset,
763 2739 841 2794 rei
891 2741 1126 2795 novitate
1154 2740 1197 2770 ¹⁶
1228 2756 1335 2795 non
1383 2742 1638 2797 inmerito
1688 2757 1812 2812 per-

213 2840 427 2896 motus,
474 2831 542 2886 ad
589 2831 974 2902 explorandam
1012 2833 1054 2864 "’
1095 2833 1404 2904 diligentius
1460 2835 1711 2889 insolitae
1754 2841 1811 2890 et

213 2939 512 2993 numquam
534 2924 685 2993 prius
710 2923 764 2977 in
787 2922 1072 2978 Franciam
1089 2926 1357 2980 venientis
1376 2926 1660 2997 legationis
1681 2943 1810 2982 cau-

211 3031 337 3070 sam
376 3017 732 3072 Macbelmum
767 3017 808 3048 ¹⁸
835 3018 1103 3087 quendam
1137 3021 1203 3074 de
1229 3020 1478 3075 Baioaria
1510 3035 1636 3076 cum
1677 3021 1810 3091 ipsis

211 3109 411 3180 legatis
453 3111 521 3165 ad
565 3119 922 3166 memoratum
960 3126 1142 3184 regem
1177 3112 1535 3185 Bulgarorum
1583 3115 1804 3170 direxit.

1915 1906 2038 1962 ﬁliis
2069 1907 2181 1962 suis
2209 1907 2433 1978 Pippino
2466 1916 2520 1962 et
2555 1906 2869 1962 Hludowico
2892 1906 2936 1936 "
2969 1905 3206 1970 traditis,
3239 1904 3508 1972 tertiaque

1914 2017 2100 2058 secum
2123 2008 2350 2066 retenta,
2369 2002 2728 2056 Brittanniam
2759 2001 3055 2072 ingressus,
3086 2006 3258 2053 totam
3278 1996 3427 2051 ferro
3453 2004 3511 2050 et

1914 2095 2024 2167 igni
2051 2095 2354 2150 devastavit
2375 2095 2454 2161 ³⁰;
2487 2095 2930 2165 consumptisque
2954 2095 3008 2148 in
3038 2094 3143 2148 hac
3167 2091 3512 2164 expeditione

1913 2189 1985 2244 4O
2013 2189 2055 2221 ³¹
2084 2191 2166 2245 vel
2197 2207 2262 2246 eo
2292 2190 2520 2262 amplius
2550 2189 2763 2256 diebus,
2797 2189 3035 2260 acceptis
3065 2203 3202 2258 quos
3225 2186 3268 2218 ³³
3301 2183 3511 2258 perﬁdo

1915 2281 2222 2337 Brittonum
2247 2281 2294 2313 ³³
2343 2282 2541 2355 populo
2582 2283 2947 2353 imperaverat
2991 2280 3294 2346 obsidibus,
3340 2278 3512 2333 Ratu-

1915 2388 2134 2445 magum
2163 2374 2464 2439 civitatem,
2490 2373 2583 2429 ubi
2615 2371 2662 2403 ³⁸
2689 2373 2977 2442 coniugem
3006 2387 3064 2426 se
3091 2369 3294 2440 operiri
3340 2369 3514 2424 iusse-

1915 2472 2023 2530 rat,
2047 2481 2101 2518 a.
2129 2465 2162 2519 d
2197 2465 2242 2496 ³³
2288 2465 2374 2520 l5.
2407 2465 2451 2496 ³⁸
2482 2465 2752 2520 Kalendas
2800 2465 3057 2519 Decemb.
3109 2476 3363 2517 reversus
3405 2467 3508 2514 est.

1915 2555 2052 2611 Nam
2082 2565 2137 2611 et
2184 2557 2312 2612 illuc
2355 2556 2562 2626 legatos
2603 2556 2878 2610 Michaelis
2923 2554 3270 2624 imperatoris
3313 2551 3406 2622 qui
3444 2549 3511 2604 ad

1914 2665 2041 2704 eum
2065 2648 2420 2703 mittebantur
2441 2648 2486 2680 ³⁷
2512 2647 2614 2703 sibi
2645 2663 2932 2703 occurrere
2955 2647 3134 2711 iussit,
3163 2661 3289 2700 cum
3315 2645 3514 2714 quibus

1914 2749 1970 2796 et
1999 2741 2332 2796 Fortunatus
2353 2741 2664 2810 patriarcha
2696 2739 3079 2795 Veneticorum
3120 2737 3166 2769 ³⁸
3202 2749 3510 2807 regressus,

1913 2835 1983 2890 ad
2029 2835 2146 2890 eius
2178 2835 2328 2889 venit
2368 2833 2754 2903 praesentiam.
2803 2830 2909 2886 S‘ed
2956 2829 3120 2899 legati
3151 2827 3508 2898 imperatoris

1912 2926 2121 2982 litteras
2167 2934 2223 2981 et
2267 2941 2495 2981 munera
2544 2923 2881 2990 deferentes,
2915 2922 3064 2992 pacis
3099 2917 3509 2975 conﬁrmandae

1913 3033 2077 3073 causa
2117 3033 2176 3073 se
2204 3018 2400 3072 missos
2447 3031 2567 3072 esse
2613 3015 2874 3080 dicentes,
2907 3029 3010 3084 pro
3039 3010 3338 3065 Fortunato
3369 3007 3508 3062 nihil

1916 3110 2081 3165 locuti
2107 3117 2262 3175 sunt;
2294 3109 2436 3162 inter
2457 3115 2671 3162 caetera
2696 3115 2883 3160 tamen
2905 3104 2974 3158 ad
3002 3101 3330 3173 legationem
3353 3113 3509 3154 suam

212 3178 433 3255 Interea
478 3203 688 3273 hiemps
729 3218 920 3273 aspera
961 3178 1224 3273 valdeque
1269 3178 1479 3275 prolixa
1524 3205 1671 3261 facta
1706 3213 1808 3272 est,
1841 3178 1885 3241 Ο
1917 3202 2246 3274 pertinentia
2282 3200 2550 3270 quaedam
2577 3198 2645 3252 de
2674 3197 2972 3268 imaginum
2999 3193 3353 3250 veneratione
3386 3204 3513 3262 pro-

218 3308 366 3362 quae
391 3309 494 3347 non
525 3294 696 3348 solum
728 3305 943 3350 caetera
975 3295 1246 3360 animalia,
1275 3312 1467 3351 verum
1505 3298 1672 3352 etiam
1711 3299 1810 3353 ho-

217 3387 403 3442 mines
439 3389 695 3458 quosdam
734 3389 1053 3445 inmanitate
1095 3389 1314 3461 frigoris
1356 3393 1607 3446 extinxit.
1649 3391 1832 3446 Luna.

216 3479 420 3535 defecit
462 3479 512 3534 5.
543 3479 723 3536 Nonas
763 3481 920 3535 Mart.
964 3482 1100 3536 hora
1128 3483 1303 3537 noctis
1327 3484 1591 3542 secunda.
1624 3481 1808 3553 Suppo

217 3571 328 3626 dux
353 3571 649 3642 Spolitinus
676 3573 975 3629 decessisse
1009 3575 1311 3630 nuntiatur.
1344 3575 1532 3646 Legati
1571 3575 1805 3631 Romani

215 3665 492 3735 pontiﬁcis
526 3664 755 3720 Romam
797 3666 1055 3736 regressi,
1086 3666 1314 3721 eundem
1358 3666 1534 3720 valida
1575 3666 1806 3723 inﬁrmi-

215 3767 332 3814 tate
373 3759 652 3814 detentum
693 3776 757 3815 ac
789 3760 953 3814 morti
1001 3759 1110 3814 iam
1152 3759 1194 3790 ³³
1230 3761 1540 3830 proximum
1583 3761 1808 3816 invene-

217 3858 378 3916 runt,
406 3853 497 3920 qui
542 3852 705 3905 etiam
735 3853 922 3921 paucis
951 3860 1076 3923 post
1117 3853 1406 3907 adventum
1435 3853 1652 3908 illorum
1681 3869 1809 3909 exa-

219 3941 324 3996 ctis
347 3941 392 3972 ³⁹
419 3942 610 3996 diebus
636 3943 744 3996 vita
771 3943 1018 3998 decessit.
1061 3943 1119 3996 In
1152 3943 1306 3997 cuius
1335 3943 1512 3997 locum
1553 3959 1677 3998 cum
1705 3945 1811 4000 duo

220 4045 322 4100 per
368 4033 766 4087 contentionem
808 4033 989 4103 populi
1038 4033 1269 4088 fuissent
1304 4033 1492 4099 electi,
1537 4035 1812 4105 Eugenius

222 4130 425 4188 tamen,
458 4125 944 4194 arcliiprcsbiter“
978 4125 1116 4179 tituli
1151 4132 1370 4179 sanctae
1398 4123 1654 4192 Sabinae,
1693 4126 1811 4181 vin-

220 4224 383 4271 cente
430 4219 689 4274 nobilium
739 4227 913 4287 parte,
963 4219 1283 4290 subrogatus
1330 4228 1493 4290 atque
1527 4219 1810 4278 ordinatus

220 4314 327 4363 est.
363 4307 528 4366 Cuius
553 4311 633 4366 rei
675 4309 926 4366 nuntium
956 4325 1080 4366 cum
1121 4309 1378 4378 Quirinus
1419 4311 1804 4379 subdiaconus,

1918 3294 2184 3358 tulerunt,
2213 3298 2437 3364 pr0pter
2457 3305 2599 3360 quae
2629 3305 2687 3344 se
2710 3289 2939 3342 Romam
2968 3288 3066 3352 ire,
3101 3293 3264 3356 atque
3297 3291 3513 3355 aposto-

1918 3385 2056 3442 licae
2106 3383 2249 3439 sedis
2297 3381 2604 3452 praesulem
2653 3380 2935 3435 consulere
2990 3380 3187 3434 debere
3237 3378 3509 3433 dixerunt.

1915 3477 2064 3545 Quos
2094 3491 2238 3541 cum,
2272 3474 2544 3546 legatione
2569 3488 2758 3530 eorum
2797 3473 2980 3528 audita
3007 3489 3072 3528 ac
3101 3485 3364 3542 responso
3392 3469 3513 3525 red-

1915 3570 2049 3636 dito,
2083 3567 2410 3631 absolveret,
2443 3565 2693 3633 Romam,
2717 3574 2779 3620 ut
2805 3581 2864 3622 se
2888 3565 3027 3620 velle
3049 3564 3308 3619 dicebant
3327 3563 3394 3628 ³³,
3421 3563 3514 3618 du—

1919 3675 2045 3715 cere
2071 3659 2228 3714 iussit
2252 3657 2317 3713 ⁸ο.
2358 3657 2718 3713 Fortunatum
2745 3658 2907 3712 etiam
2953 3657 3018 3712 de
3048 3671 3212 3710 causa
3243 3654 3401 3724 fugae
3432 3654 3512 3724 ip-

1920 3755 2033 3808 sius
2079 3759 2463 3824 percontatus,
2511 3751 2580 3806 ad
2625 3749 3044 3806 examinandum
3094 3763 3218 3802 eum
3265 3746 3512 3801 Romano

1916 3847 2161 3920 pontiﬁci
2205 3847 2436 3913 direxit;
2467 3847 2582 3916 ipse
2621 3845 2663 3876 “
2711 3843 3084 3915 Aquasgrani,
3129 3842 3220 3896 ubi
3265 3842 3512 3896 hiemare

1920 3950 2205 4006 statuerat,
2237 3939 2514 4009 profectus
2558 3947 2660 3992 est.
2711 3937 2829 4003 Quo
2865 3951 2987 3990 cum
3031 3934 3305 4000 venisset,
3347 3941 3402 3988 et
3435 3933 3508 3987 ibi

1919 4032 2156 4087 natalem
2193 4030 2407 4084 Domini
2460 4029 2822 4094 celebrasset,
2861 4027 3100 4082 adlatum
3138 4033 3222 4080 est
3252 4025 3335 4092 ei,
3364 4025 3510 4095 quod

1917 4125 2082 4198 legati
2115 4125 2258 4194 regis
2294 4123 2652 4195 Bulgarorum
2679 4130 2863 4178 essent
2902 4123 2956 4177 in
2987 4120 3267 4186 Baioaria;
3312 4119 3509 4191 quibus

1916 4218 2133 4274 obviam
2177 4218 2418 4283 mittens,
2467 4218 2614 4288 ipsos
2659 4216 2877 4286 quidem
2902 4215 2946 4246 “
2975 4230 3148 4286 usque
3186 4215 3254 4271 ad
3294 4220 3508 4284 tempus

1915 4326 2214 4382 congruum
2245 4309 2444 4366 ibidem
2475 4308 2604 4364 fecit
2648 4307 2850 4378 operiri
2875 4307 2941 4361 ⁸³.
2970 4307 3256 4363 Caeterum
3300 4305 3507 4376 legatos

1436 4424 1827 4482 VARIANTES
1860 4425 2264 4482 LECTIONES.

331 4496 350 4528 ³
380 4497 605 4552 deleta!
663 4553 672 4561 ,
767 4499 788 4530 ³
817 4497 1024 4568 lapides
1074 4497 1221 4564 iique
1263 4497 1302 4551 i.
1433 4496 1484 4550 9.

331 4568 612 4597 mmmam...
648 4561 720 4597 me
769 4576 1089 4597 ..ηοηοοηοηηη
1127 4567 1200 4597 ιὶιξ
1391 4566 1479 4597 tm.

216 4567 240 4638 ³
270 4568 616 4638 grabbadona
640 4561 739 4623 BG.
769 4561 1090 4638 potestatem
1119 4561 1220 4621 B6.
1335 4561 1363 4597 ³
1391 4566 1444 4636 ip

214 4637 425 4694 britate
467 4637 565 4693 BG.
672 4640 712 4672 ¹⁰
749 4637 943 4695 evulsit
986 4639 1086 4693 BG.
1195 4638 1236 4668 ³³
1271 4652 1408 4692 nova

218 4709 497 4764 diceretur
546 4709 633 4764 vel
679 4712 986 4766 vinceretur
1036 4709 1302 4764 maiorum
1358 4707 1458 4761 BG.

1486 4637 1538 4692 5.
1587 4637 1640 4690 6.

1483 4538 1484 4545 η
1602 4496 1622 4526 ³
1657 4496 1727 4548 At
1769 4498 1823 4552 in
1855 4498 1906 4551 7.
2015 4496 2038 4526 ‘
2087 4496 2325 4552 comensi
2350 4496 2402 4549 7.
2525 4496 2544 4528 ⁸
2572 4496 2719 4552 italio
2745 4496 2846 4551 B6.
2959 4496 3058 4551 “in
3086 4496 3185 4551 vim

1483 4565 1611 4620 olita
1655 4565 1755 4620 BG.
1795 4568 2000 4624 obolita
2047 4567 2148 4622 BS.
2191 4573 2519 4622 vetustatem
2565 4568 2673 4622 iam
2722 4583 2860 4637 pene
2902 4567 3098 4623 abolita
3136 4565 3185 4619 7.

1740 4638 1780 4668 "
1811 4639 2112 4694 venustatis
2153 4638 2611 4708 pulchritudinem
2657 4640 3004 4694 cernentibus
3051 4638 3101 4690 7.

1556 4705 1743 4780 “Rex
1783 4705 2300 4780 bulgarorum—Non
2354 4709 2500 4764 velut
2548 4709 2648 4764 B5.
2686 4709 2814 4780 Rex
2859 4709 3204 4780 bulgarorum
3230 4706 3310 4780 _N.
3352 4710 3500 4764 velut

2959 4497 2980 4528 °
3002 4496 3058 4551 in
3086 4495 3205 4551 vico
3233 4496 3374 4550 deest
3398 4493 3499 4550 BG.

2959 4567 3098 4619 nolita
3136 4565 3185 4619 7.
3315 4565 3336 4594 '
3363 4565 3499 4619 cele-

3316 4579 3336 4594 '
3363 4579 3502 4641 cete-

3202 4637 3244 4668 ³³
3283 4637 3503 4695 vincere

2015 4496 2038 4526 ‘
2087 4495 2325 4552 comensi
2350 4495 2402 4549 7.
2525 4495 2719 4552 l’italio
2745 4494 2846 4551 BG.

215 4778 326 4834 BG.
352 4850 366 4853 Α
408 4780 452 4853 ⁸-³
489 4779 746 4853 Omortag
791 4781 929 4853 deest
959 4780 1009 4832 7.
1039 4781 1072 4834 9
1095 4781 1131 4853 ξ)
1153 4781 1260 4853 b._
1283 4778 1326 4809 ³⁸
1357 4779 1470 4847 regi
1499 4777 1739 4853 novitate
1753 4780 1837 4853 _l.
1887 4777 1958 4853 ‘4"
1985 4780 2373 4853 explorandum
2405 4781 2470 4853 2.
2499 4781 2558 4853 5.-
2582 4780 2635 4834 5.
2668 4779 2720 4833 6.
2754 4779 2803 4833 7.
2819 4780 2888 4853 _9_.
2960 4777 3017 4853 “_
3049 4777 3398 4853 micbelinum
3443 4781 3495 4834 9.
3571 4838 3576 4843 ,

217 4850 589 4905 machelinum
619 4853 671 4904 7.
703 4848 1061 4907 machalmum
1087 4850 1141 4904 2.
1219 4848 1263 4880 ³³
1287 4864 1352 4904 ac
1373 4849 1536 4903 morti
1559 4849 1722 4903 etiam
1745 4849 1844 4904 B5.
1922 4851 1965 4882 ³ο
1989 4848 2196 4907 exactis
2222 4851 2363 4905 deest
2390 4852 2442 4906 9.
2519 4851 2562 4881 ³³
2588 4859 2699 4904 tum
2721 4848 3160 4919 archipresbyter
3181 4849 3234 4902 9.
3310 4849 3353 4880 ³³
3381 4849 3496 4904 loco

216 4936 414 4974 uocum
445 4923 802 4991 pronunciato
847 4930 1009 4992 atque
1037 4920 1357 4990 compendio
1385 4920 1582 4992 habito
1603 4919 1716 4988 ipse
1741 4921 1810 4975 ad
1836 4921 2183 4976 brittanicam
2223 4922 2278 4975 in
2309 4921 2575 4975 codicibus
2602 4918 3014 4992 4.7et762niedio
3036 4918 3238 4992 __re_lic_to
3285 4921 3496 4992 nonnisi

216 4988 505 5063 pronica'm
532 4992 752 5062 legitur;
795 4994 858 5063 in,
880 4988 1124 5063 5:desu_nt
1151 4988 1295 5063 uoces
1324 4989 1682 5059 pronunciato
1709 5000 1872 5063 atque
1909 4993 2247 5063 compendio.
2326 4993 2371 5023 ³³
2402 4991 2714 5063 compendii
2736 4991 2788 5044 5.
2822 4989 2873 5063 _7_.
2903 4990 2955 5063 ξ).
3033 4988 3080 5019 ³⁸
3105 4989 3496 5063 _brittannicam

217 5058 312 5132 hic
341 5072 389 5114 et
419 5063 560 5132 infra
582 5058 639 5116 ’1.
671 5064 724 5117 4.
751 5063 802 5116 5.
835 5062 886 5115 6.
914 5062 1013 5116 B5.
1044 5061 1096 5115 6.
1176 5061 1221 5091 ³⁸
1245 5058 1406 5132 atque
1429 5076 1667 5132 romano
1684 5058 1880 5132 populo
1910 5065 1963 5117 9.
2033 5058 2085 5092 ³⁸
2114 5063 2248 5118 Et...
2279 5063 2494 5132 quidem
2523 5058 2663 5114 deest
2693 5061 2760 5132 9.
2820 5058 3074 5132 'f’ifacere
3105 5060 3412 5132 instituerat
3437 5063 3488 5118 9.

218 5131 273 5162 ”
302 5140 358 5185 et
383 5133 449 5186 de
477 5129 650 5188 diviso
680 5134 730 5187 1.
807 5133 851 5164 ³³
879 5132 1206 5187 hludeuuiho
1234 5131 1285 5184 1.
1320 5131 1604 5186 ludeuuico
1632 5129 1731 5186 BS.
1756 5129 1772 5132 ⁷
1809 5133 1853 5165 ³ο
1882 5133 2112 5189 vastavit
2141 5134 2192 5188 9.
2267 5129 2310 5164 ³³
2338 5133 2430 5186 LX
2457 5129 2762 5202 typographi
2792 5129 2916 5184 vitio
2947 5129 3116 5201 Bouq.
3192 5131 3236 5162 ³³
3259 5141 3440 5202 accept

218 5203 371 5271 quod
405 5201 500 5256 B5.
576 5203 622 5235 ³³
658 5205 984 5260 brantonum
1014 5201 1114 5257 BG.
1191 5201 1239 5233 “
1265 5201 1340 5272 ibi
1362 5203 1416 5256 4.
1447 5202 1547 5272 B5.
1627 5201 1672 5231 ³⁵
1702 5203 1937 5259 iusserat
1963 5205 2029 5258 ad
2056 5204 2170 5260 XV.
2201 5205 2251 5258 1.
2279 5203 2332 5257 2.
2359 5205 2411 5258 5.
2441 5203 2494 5255 4.
2526 5201 2576 5255 7.
2603 5199 2780 5272 9.7B5.
2813 5201 2866 5254 6.
2895 5201 2944 5272 9.
2980 5201 3047 5255 ad
3075 5201 3223 5272 deest
3242 5201 3294 5256 5.
3325 5201 3376 5257 6.
3411 5202 3440 5272 ﬁ

1702 5218 1937 5259 1118581³31.
1963 5218 2029 5258 αα
2058 5218 2170 5259 AV.
2201 5218 2251 5258 ’l.
2279 5218 2332 5257 2.
2359 5218 2411 5258 ὂ.
2441 5218 2494 5255 4.
2535 5218 2576 5255 ι.
2603 5218 2655 5256 υ.
2683 5218 2780 5253 HD.
2813 5218 2866 5254 ο.
2895 5218 2944 5256 3.
2980 5218 3047 5255 aa
3075 5218 3214 5256 aeest
3242 5218 3294 5256 ἰ).
3325 5218 3376 5257 υ.
3412 5218 3493 5259 ια-

217 5203 371 5271 quod
405 5201 500 5256 B5.
576 5203 622 5235 ³³
658 5205 984 5260 brantonum
1014 5201 1114 5257 BG.
1191 5201 1239 5233 “
1265 5201 1340 5256 ibi
1362 5203 1416 5256 4.
1447 5202 1547 5255 B5.

216 5272 343 5326 cilis
372 5274 669 5328 coniectura
703 5293 721 5326 (
749 5291 801 5328 a.
825 5274 878 5328 d.
906 5274 1021 5328 XV.
1047 5273 1155 5326 kal.
1179 5291 1198 5324 ι
1279 5271 1324 5302 ³⁸
1352 5273 1420 5327 ad
1450 5271 1560 5326 XII.
1597 5272 1713 5325 cod.
1744 5272 1965 5328 Armon.

3192 5131 3236 5162 ³³
3250 5133 3496 5202 acceptis

2057 5275 2100 5306 ³⁷
2142 5275 2235 5345 qui
2268 5275 2335 5328 ad
2360 5271 3027 5345 cummittebantur‘deest
3057 5272 3107 5327 9.
3168 5271 3234 5345 _”
3255 5271 3492 5345 patriar-

218 5343 329 5413 cha
359 5344 639 5413 gradensis
666 5345 719 5401 9.
797 5343 842 5375 ³³
869 5353 929 5398 ut
971 5359 1028 5398 se
1053 5343 1191 5398 velle
1226 5342 1497 5413 dicebant.
1542 5357 1749 5396 romam
1789 5343 1842 5398 9.
1919 5346 1964 5376 ³ο
1993 5340 2201 5400 romam
2242 5345 2321 5400 ire
2365 5343 2523 5398 iussit
2550 5350 2611 5397 ut
2641 5357 2674 5397 a
2700 5341 2959 5412 pontifice
3003 5340 3408 5402 examinaretur
3431 5340 3485 5399 9.

219 5412 273 5444 ³³
303 5412 422 5484 ipSe
447 5429 577 5471 vero
600 5415 654 5472 9.
727 5416 774 5448 “
801 5415 1020 5487 quidem
1045 5415 1185 5469 deest
1211 5413 1264 5470 9.
1340 5412 1388 5444 “
1414 5413 1611 5469 ibidem
1639 5429 1861 5470 manere
1885 5417 2162 5487 praecepit
2191 5417 2243 5473 9.

1738 5524 1969 5582 NOTx‘E.

219 5621 527 5690 nonnullis,
559 5621 652 5694 qui
681 5621 925 5678 chronici

221 5695 466 5753 Wirsedi
491 5690 808 5764 sequuntur,
837 5709 935 5764 pro
958 5692 1224 5764 Wolsatia
1251 5690 1344 5764 seu
1370 5690 1645 5764 Wursat‘ia
1678 5704 1806 5764 ven-_

225 5769 383 5824 dere.
413 5759 854 5837 Inter-pagorum
884 5763 1135 5837 Saxonise
1168 5761 1387 5837 nomina
1413 5759 1806 5837 Flethihinvoci

231 5845 458 5894 nostrae
482 5830 728 5905 proxime
759 5835 982 5902 accedit.
1012 5833 1182 5889 multo
1209 5831 1382 5901 magis
1408 5839 1588 5886 tamen
1619 5830 1802 5895 distat,

966 5618 1482 5694 Qnedlinburgensis
1517 5618 1806 5694 lectionem
1832 5622 1885 5681 D
1911 5636 2074 5691 quam
2100 5629 2161 5694 ut
2185 5633 2282 5694 pro
2303 5621 2499 5694 eodem
2520 5621 2707 5678 haberi
2734 5623 2921 5694 possit.

1975 5691 2327 5766 {Adriparn
2349 5691 2629 5747 occiduam
2653 5691 2796 5750 Larii
2816 5735 2831 5762 ,
2855 5709 3024 5766 prope
3050 5694 3283 5751 initium.
3310 5693 3490 5752 Mura-

1916 5764 2040 5820 torii
2070 5762 2168 5818 SS.
2198 5762 2258 5818 Τ.
2285 5763 2355 5831 X,
2386 5778 2439 5834 p.
2462 5779 2643 5820 cxxxr.
