3960 6346
433 353 542 413 499

1720 344 2103 407 summam
2135 324 2432 407 ABBATIS

3615 356 3717 418 500

426 462 816 527 Abodritorum
838 467 939 545 qui
979 462 1142 541 vulgo
1175 465 1601 524 Praedenecenti
1642 468 1929 535 Vocantur,
1966 470 2022 522 et
2047 468 2102 529 Α
2124 476 2237 533 sus,
2260 464 2599 537 Bulgaricam
2646 454 2972 537 legationem
3019 464 3255 535 audivit;
3306 472 3429 524 erat
3471 469 3616 529 enim
3661 471 3723 533 de

427 561 756 621 contermini
816 559 1067 636 Bulgaria
1111 560 1336 619 Daciam
1380 554 1624 617 Danubio
1688 559 2025 617 adiacentem

428 662 672 720 incolunt
692 659 835 733 ,.qui
865 670 923 717 et
950 658 1053 734 ipsi
1096 660 1396 717 adventare
1418 652 1812 716 nuntiabantur
1835 657 1878 726 ¹,
1903 657 2027 714 ilico
2058 700 2067 705 -

430 750 619 815 venire
647 755 916 830 permisit.
942 755 1046 824 Qui
1072 772 1197 813 cum
1221 752 1287 812 de
1326 754 1685 826 Bulgarorum
1716 752 1901 824 iniqua
1944 752 2028 807 in-

429 850 726 907 festatione
760 850 782 881 ²
829 856 1191 921 quererentur
1230 849 1274 916 ³,
1313 857 1369 903 et
1396 857 1587 905 contra
1625 863 1721 903 eos
1766 840 2026 901 auxilium

432 945 537 1002 sibi
568 944 705 1001 ferri
735 945 1129 1016 deposcerent,
1157 944 1378 1000 domum
1407 942 1508 1010 ire,
1540 951 1703 1013 atque
1733 942 1933 996 iterum
1959 934 2028 995 ad

431 1048 648 1108 tempus
675 1037 1030 1108 Bulgarorum
1062 1030 1254 1106 legatis
1297 1033 1653 1089 constitutum
1684 1032 1862 1087 redire
1893 1028 2024 1086 iussi

433 1140 584 1189 sunt.
614 1129 873 1202 Suppone
913 1124 1055 1201 apud
1084 1128 1403 1199 Spoletium,
1454 1124 1596 1184 sicut
1627 1120 1831 1182 dictum
1878 1132 2026 1191 erat,

435 1221 715 1289 defuncto,
743 1220 972 1278 eundem
1013 1220 1268 1276 ducatum
1294 1214 1639 1274 Adalhardus
1669 1232 1852 1273 comes
1880 1216 2029 1288 pala-

434 1315 530 1380 tii,
575 1314 667 1386 qui
727 1313 908 1369 iunior
964 1306 1288 1379 vocabatur,
1332 1311 1573 1381 accepit,
1624 1306 1715 1382 qui
1763 1326 1887 1365 cum
1934 1310 2024 1365 vix

433 1409 675 1479 quinque
703 1423 918 1464 menses
964 1408 986 1439 ⁸
1027 1408 1217 1463 eodem
1260 1396 1468 1462 honore
1513 1406 1805 1477 potiretur,
1845 1422 2027 1461 corre-

431 1510 560 1574 ptus
604 1501 755 1558 febre
789 1500 1043 1557 deceSsit.
1082 1500 1181 1556 Cui
1211 1516 1335 1556 cum
1372 1498 1647 1570 Moringus
1687 1498 1907 1555 Brixiae
1936 1515 2028 1555 co-

432 1610 553 1652 mes
580 1610 866 1651 successor
894 1602 1039 1651 esset
1067 1596 1293 1662 electus,
1323 1592 1513 1649 nuntio
1552 1594 1775 1648 honoris
1805 1592 1905 1648 sibi
1936 1593 2026 1649 de-

430 1689 613 1759 putati
638 1695 862 1758 accepto
884 1687 1163 1755 decubuit,
1185 1695 1241 1743 et
1265 1684 1455 1758 paucis
1480 1687 1815 1757 interpositis
1838 1687 2028 1743 diebus

431 1760 603 1835 v'itam
632 1778 824 1834 ﬁnivit.
861 1778 1065 1836 Aeblus
1094 1779 1115 1811 "
1142 1787 1199 1834 et
1219 1779 1503 1835 Asinarius
1529 1781 1760 1836 comites
1794 1796 1919 1835 cum
1943 1797 2031 1836 co-

2127 556 2376 615 terminis
2396 572 2461 614 ac
2480 556 2678 614 ﬁnibus
2707 558 2850 614 inter
2878 556 3140 632 Bulgaros
3162 575 3226 616 ac
3252 558 3500 617 Francos
3525 564 3725 621 consu-

2128 653 2359 708 tuendis.
2391 650 2693 708 Adfuerunt
2718 652 2773 707 in
2802 651 2993 708 eodem
3036 659 3308 709 conventu
3338 653 3385 686 ¹¹
3412 669 3587 726 paene
3616 673 3723 712 om-

2129 758 2229 799 nes
2260 742 2562 799 Brittaniae
2597 736 2867 815 prlmores
2892 785 2908 812 ,
2959 742 3107 801 inter
3140 759 3277 816 quos
3314 744 3371 803 et
3417 728 3721 803 Wihomar—

2128 848 2226 892 cus
2254 835 2324 904 “,
2356 836 2448 908 qui
2473 836 2698 907 perﬁdia
2727 848 2823 893 sua
2859 844 2914 894 et
2934 842 3107 894 totam
3135 837 3464 896 Brittaniam
3514 848 3726 898 contur-

2128 924 2370 996 baverat,
2398 937 2452 985 et
2480 930 2843 987 obstinatione
2882 930 3202 1010 stultissima
3257 929 3326 987 ad
3373 940 3728 990 memoratam

2130 1016 2530 1092 expeditionem
2566 1022 2658 1077 illo
2705 1020 3007 1078 faciendam
3039 1022 3084 1055 ²³
3116 1023 3467 1095 imperatoris
3496 1025 3726 1081 animum

2127 1122 2541 1188 provocaverat,
2575 1116 2797 1172 tandem
2829 1114 3045 1172 saniore
3094 1134 3226 1173 usus
3251 1117 3514 1185 consilio,
3568 1119 3639 1173 ad
3672 1117 3726 1174 ﬁ-

2128 1208 2250 1264 dem
2280 1208 2643 1278 imperatoris,
2676 1214 2738 1262 ut
2792 1209 2907 1279 ipse
2944 1208 3180 1276 dicebat,
3214 1209 3403 1265 venire
3432 1225 3542 1265 non
3581 1208 3725 1266 dubi-

2128 1298 2282 1354 tavit.
2315 1298 2413 1355 Cui
2442 1316 2564 1354 eum
2598 1299 2915 1370 imperator,
2949 1308 3005 1355 et
3050 1300 3382 1373 ignosceret,
3406 1306 3464 1357 et
3502 1302 3731 1357 muneri-

2127 1392 2231 1447 bus
2262 1393 2520 1447 donatum
2548 1406 2655 1446 una
2683 1392 2728 1423 "
2755 1408 2879 1447 cum
2903 1394 3135 1449 caeteris
3165 1394 3343 1466 gentis
3373 1402 3510 1451 suae
3538 1396 3732 1467 primo-

2135 1484 2286 1539 ribus
2313 1483 2531 1539 domum
2549 1498 2796 1540 remeare
2816 1484 3176 1556 permitteret,
3194 1487 3521 1558 promissam
3553 1484 3729 1556 ﬁdem,

2129 1583 2191 1632 ut
2218 1574 2369 1648 prius
2397 1586 2773 1643 consueverat,
2806 1577 3071 1650 gentilitia
3101 1579 3330 1649 perﬁdia
3356 1581 3731 1647 commutavit,

2129 1684 2193 1725 ac
2224 1670 2271 1701 ’⁸
2301 1668 2510 1724 vicinos
2533 1685 2659 1725 suos
2689 1671 2955 1726 incendiis
2975 1677 3029 1726 et
3058 1671 3459 1742 direptionibus
3490 1672 3547 1726 in
3572 1678 3734 1741 quan-

2131 1771 2245 1817 tum
2279 1762 2461 1833 potuit
2489 1762 2747 1819 infestare
2776 1776 2883 1819 non
2921 1778 3166 1831 cessans,
3191 1760 3365 1820 donec
3411 1760 3485 1820 ab
3511 1764 3734 1821 homini-

430 1874 540 1946 piis
583 1873 916 1930 wasconum
956 1873 1027 1929 ad
1055 1872 1429 1945 pampuonam
1464 1873 1486 1904 ι
1525 1874 1700 1940 missi,
1736 1890 1862 1929 cum
1904 1890 2030 1945 per.
2055 1858 2103 1930 Β
2130 1856 2232 1912 bus
2252 1855 2533 1911 Lantberti
2569 1856 2613 1887 ²¹⁶
2636 1856 2856 1912 comitis
2881 1857 2937 1912 in
2958 1857 3120 1912 domo
3153 1856 3374 1927 propria
3395 1856 3735 1912 circumven-

431 1973 553 2021 acto
581 1965 689 2020 iam
716 1965 820 2022 sibi
850 1965 1098 2020 iniuncto
1124 1966 1341 2035 negotio
1370 1972 1794 2033 reverterentur,
1827 1967 1881 2022 in
1913 1967 2031 2036 ipso

429 2057 669 2114 Pirinaei
719 2058 741 2091 '
794 2059 921 2130 iugo
966 2057 1193 2130 perﬁdia
1250 2065 1638 2114 montanorum
1689 2059 1745 2113 in
1805 2058 2033 2114 insidias

430 2151 647 2207 deducti
677 2166 742 2208 ac
771 2149 1165 2215 circumventi,
1210 2150 1353 2221 capti
1385 2158 1541 2216 sunt,
1569 2158 1624 2206 et
1666 2150 1854 2221 c0piae
1898 2166 2034 2220 quas

427 2259 618 2301 secum
648 2238 924 2310 habuere,
952 2258 1128 2315 paene
1156 2257 1329 2314 usque
1371 2243 1440 2298 ad
1487 2242 1909 2299 internicionem
1941 2245 2033 2299 de-

430 2336 616 2395 letae:
645 2345 703 2393 et
744 2336 948 2392 Aeblus
986 2336 1205 2407 quidem
1230 2337 1252 2367 ⁸
1288 2335 1599 2393 Cordubam
1642 2337 1866 2404 missus,
1909 2336 2033 2393 Asi-

429 2428 622 2484 narius
667 2442 800 2484 vero
830 2429 1198 2485 misericordia
1226 2445 1416 2485 eorum
1461 2430 1554 2499 qui
1583 2445 1706 2485 cum
1737 2440 2030 2500 ceperant,

432 2521 590 2592 quasi
630 2520 725 2592 qui
772 2522 1207 2593 consanguineus
1251 2538 1441 2579 eorum
1483 2531 1658 2589 esset,
1690 2523 1910 2578 domum
1939 2540 2031 2580 rc-

435 2613 555 2670 dire
576 2615 877 2685 permissus
900 2624 1003 2671 est.
1026 2615 1342 2672 Hlotharius
1364 2616 1669 2673 veroiuxta
1688 2617 1860 2687 patris
1885 2633 2032 2673 man-
2068 2652 2075 2661 -

434 2710 624 2765 datum
668 2711 688 2742 ⁹
726 2707 957 2765 Romam
1006 2709 1317 2781 profectus,
1362 2709 1432 2765 ab
1477 2710 1722 2781 Eugenio
1774 2711 2031 2782 pontiﬁce

430 2798 732 2855 honoriﬁce
762 2800 1077 2870 suscipitur.
1104 2799 1202 2855 Cui
1238 2815 1361 2855 cum
1402 2799 1643 2857 iniuncta
1680 2801 1783 2858 sibi
1821 2802 2029 2873 patefa-

435 2898 602 2956 ceret,
635 2898 842 2947 statum
864 2890 1049 2961 populi
1074 2891 1310 2946 Romani
1350 2892 1663 2949 iamdudum
1687 2897 2029 2965 quorundam

434 2981 751 3051 praesulum
778 2982 1139 3052 perversitate
1165 2983 1520 3054 depravatum
1537 3027 1552 3051 ,
1584 2990 1868 3043 memorati
1896 3006 2029 3060 pou-

418 3073 600 3131 .tiﬁcis
627 3074 879 3131 benivola
908 3075 953 3106 ¹⁰
977 3076 1302 3133 adsensione
1342 3078 1418 3133 ita
1464 3081 1723 3147 correxit,
1754 3090 1813 3137 ut
1838 3098 2027 3141 omnes

436 3166 530 3236 qui
558 3182 742 3222 rerum
772 3183 993 3224 suarum
1037 3167 1341 3240 direptione
1365 3172 1605 3242 graviter
1633 3172 1847 3229 fuerant
1871 3177 2027 3232 deso-

2137 1957 2222 2003 tus
2248 1957 2410 2019 atque
2431 1947 2748 2004 interfectus
2769 1954 2871 2005 est;
2896 1947 3201 2019 Imperator
3220 1963 3373 2014 vero,
3404 1944 3596 2002 audita
3620 1946 3734 2001 Bul—

2136 2057 2391 2115 garorum
2429 2038 2728 2112 legatione,
2760 2050 2858 2112 per
2907 2032 3128 2095 eosdem
3157 2038 3249 2110 qui
3294 2038 3363 2094 ad
3411 2052 3541 2095 eum
3591 2038 3735 2111 missi

2136 2132 2352 2189 fuerant
2375 2132 2584 2206 legatos
2620 2135 2733 2207 regi
2761 2149 2950 2191 eorum
2999 2130 3182 2189 missis
3212 2126 3436 2199 litteris,
3470 2126 3643 2205 prout
3666 2126 3735 2187 vi-

2135 2230 2367 2284 debatur
2425 2230 2724 2300 respondit,
2778 2229 3107 2300 dimissoque
3156 2238 3452 2295 conventu,
3486 2230 3544 2283 in
3579 2222 3738 2284 τηεο-

2135 2337 2260 2395 gum
2290 2322 2356 2377 ad
2397 2323 2669 2379 Rumerici
2697 2323 2743 2355 "’
2788 2332 3035 2379 montem
3061 2323 3294 2379 venandi
3325 2323 3505 2395 gratia
3558 2322 3735 2394 profe-

2134 2421 2271 2477 ctus,
2302 2413 2473 2467 ﬁlium
2534 2430 2693 2469 suum
2730 2413 3071 2469 Illotharium
3125 2429 3193 2468 ex
3230 2414 3382 2468 Italia
3420 2426 3736 2485 regressum

2134 2503 2316 2575 ibique
2344 2504 2412 2559 ad
2446 2521 2505 2561 se
2544 2502 2851 2561 venientem
2904 2505 3163 2575 suscepit,
3192 2498 3256 2560 ac
3303 2512 3532 2574 peracta
3579 2498 3737 2558 vena-

2135 2599 2278 2653 tione
2297 2594 2637 2670 Aquasgrani
2676 2590 2910 2662 rediens,
2942 2590 3250 2668 generalem
3273 2595 3458 2670 populi
3487 2596 3577 2651 sui
3608 2612 3733 2650 con-

2132 2668 2373 2746 ventum,
2394 2668 2547 2746 more
2574 2688 2804 2745 solemni
2852 2680 3039 2745 mense
3066 2687 3112 2719 "
3132 2688 3385 2763 Augusto
3414 2668 3632 2741 liabuit.
3681 2678 3734 2742 is

2133 2800 2242 2857 quo
2269 2793 2540 2841 conventu
2563 2778 2708 2838 inter
2736 2790 2951 2837 ceteras
2981 2770 3278 2853 legationes
3299 2789 3441 2852 quae
3471 2780 3541 2835 de
3565 2764 3737 2835 diver-

2131 2876 2209 2934 sis
2247 2874 2489 2949 partibus
2536 2872 2582 2906 ”
2610 2881 2918 2949 venerunt,
2971 2870 3138 2928 etiam
3183 2882 3238 2928 et
3269 2863 3509 2927 ﬁliorum
3562 2870 3736 2927 Codo-

2131 2944 2264 3022 fridi
2289 2966 2334 2998 '°
2379 2966 2445 3022 de
2468 2960 2835 3021 Nordmannia
2888 2944 3095 3037 legatos
3126 2956 3370 3031 audivit,
3421 2974 3487 3020 ac
3549 2980 3737 3036 pacem

2132 3074 2294 3131 quam
2328 3052 2472 3116 idem
2506 3057 2610 3114 sibi
2656 3058 2776 3114 dari
2807 3054 2847 3089 ³³
2882 3050 3157 3130 petebant,
3190 3073 3313 3114 cum
3342 3058 3424 3113 eis
3448 3058 3506 3114 in
3558 3075 3738 3115 marca

2131 3170 2320 3210 eorum
2347 3170 2535 3210 mense
2561 3148 2818 3210 Octobrio
2845 3146 3160 3209 conﬁrmari
3193 3140 3353 3207 iussit
3379 3150 3461 3220 ⁸²;
3508 3144 3739 3224 comple-

435 3255 531 3311 lati
561 3246 627 3323 “,
651 3258 718 3314 de
762 3259 1073 3330 receptione
1099 3236 1438 3318 “bonorum
1471 3279 1715 3333 suorum,
1753 3283 1893 3337 quae
1932 3285 2028 3341 ροι-
2055 3245 2099 3308 C
2135 3244 2308 3321 lisque
2334 3244 2379 3280 ³³
2414 3248 2668 3305 omnibus
2692 3248 2923 3320 negotiis
2973 3263 3111 3319 quae
3139 3236 3207 3303 ad
3241 3246 3384 3302 illius
3440 3257 3739 3304 conventus

436 3347 584 3403 illius
613 3350 904 3405 adventum
933 3351 1044 3405 Deo
1072 3350 1310 3408 donante
1356 3366 1712 3425 provenerat,
1742 3361 2030 3431 magniﬁce

437 3440 550 3495 sint
574 3440 618 3471 ¹⁸
658 3441 940 3497 consolati.
983 3442 1099 3499 Hoc
1136 3459 1302 3513 anno,
1338 3449 1526 3519 paucis
1564 3459 1691 3507 ante
1734 3454 2031 3510 solstitium

439 3533 702 3590 aestivale
722 3530 931 3602 diebus,
954 3535 1011 3591 in
1036 3537 1312 3593 territorio
1330 3539 1817 3613 Augustodunense
1839 3546 1882 3578 ”
1907 3564 2035 3605 aere

440 3623 500 3679 in
542 3631 919 3696 tempestatem
955 3628 1135 3683 subita
1176 3632 1478 3690 mutatione
1522 3649 1811 3704 converso,
1843 3638 2034 3708 ingens

438 3718 810 3793 fragmentum
852 3737 919 3778 ex
966 3722 1139 3795 glacie
1187 3724 1348 3781 simul
1387 3742 1513 3783 cum
1575 3730 1842 3800 grandine
1889 3732 2037 3788 deci-

442 3814 588 3872 disse
633 3824 910 3885 narratur,
954 3818 1110 3875 cuius
1138 3819 1417 3891 longitudo
1446 3822 1778 3893 quindecim,
1808 3824 2038 3883 latitudo

438 3916 649 3979 septem
671 3950 688 3979 ,
740 3910 1046 3968 crassitudo
1100 3914 1145 3945 ¹⁸
1204 3914 1346 3972 duos
1401 3916 1570 3987 pedes
1636 3916 1890 3976 habuisse
1950 3921 2037 3978 di-

443 4001 606 4057 citur.

1072 4118 1417 4179 DCCCXXV.

516 4252 686 4309 Sacro
734 4252 977 4326 paschali
1009 4254 1148 4312 festo
1201 4256 1518 4314 solemniter
1540 4257 1869 4333 Aquisgrani
1900 4263 2043 4322 cele-

443 4346 621 4413 brato,
650 4346 927 4402 arridente
970 4347 1136 4403 etiam
1166 4364 1333 4405 verna
1363 4353 1625 4422 temperie
1656 4349 1719 4421 ¹⁶,
1743 4355 2043 4427 imperator

444 4444 679 4500 venandi
709 4445 887 4517 gratia
918 4444 1309 4519 Noviomagum
1345 4448 1650 4519 profectus,
1681 4450 1887 4525 legatos
1915 4450 2043 4508 Bul-

445 4553 698 4609 garorum
746 4538 891 4615 circa
949 4539 1187 4593 medium
1238 4536 1438 4596 Maium
1460 4542 1801 4617 Aquasgrani
1851 4547 2040 4603 venire

444 4606 738 4701 praecepit.
770 4612 908 4685 Nam
933 4629 1013 4686 sic
1056 4629 1149 4686 illo
1176 4631 1218 4663 ³⁷
1252 4634 1452 4689 reverti
1492 4606 1685 4691 statuit
1709 4676 1724 4703 ,
1757 4637 2041 4695 habiturus
2066 4606 2121 4669 D

444 4722 520 4777 ibi
547 4723 590 4754 “
622 4729 967 4789 conventum,
991 4734 1154 4793 quem
1182 4723 1225 4755 ι’
1261 4725 1328 4780 de
1358 4712 1624 4783 Brittania
1655 4743 1956 4800 regressus,
1975 4745 2039 4787 eo

445 4827 504 4870 se
528 4822 771 4885 tempore
796 4814 999 4871 ibidem
1030 4814 1231 4872 habere
1255 4817 1393 4874 velle
1422 4818 1488 4885 ’°,
1520 4819 1872 4891 optimatibus
1900 4814 2041 4877 indi-

445 4916 685 4964 caverat.
714 4906 835 4975 Quo
856 4923 1006 4974 cum,
1024 4918 1246 4978 peracta
1270 4912 1558 4968 venatione
1609 4911 1803 4968 fuisset
1855 4928 2039 4971 rever-

2134 3342 2402 3397 rationem
2435 3342 2713 3413 pertinere
2766 3341 3125 3409 videbantur,
3180 3340 3580 3414 Noviomagum
3612 3357 3734 3397 cum

2133 3430 2245 3488 ﬁlio
2274 3433 2479 3489 maiore
2530 3434 2777 3501 secessit,
2809 3433 3075 3489 minorem
3118 3449 3249 3488 vero
3300 3434 3474 3490 ﬁlium
3502 3422 3670 3490 suum
3696 3434 3736 3464 "

2134 3516 2508 3581 Hludowicum
2542 3526 2596 3581 in
2623 3520 2929 3581 Baioariam
2959 3525 3176 3581 direxit.
3209 3525 3328 3596 Ipse
3350 3525 3398 3557 ³⁸
3421 3537 3628 3594 autem,
3648 3543 3739 3581 auo

2137 3615 2365 3671 tumnali
2394 3614 2685 3674 venatione
2734 3618 2999 3689 completa
3027 3658 3042 3684 ,
3084 3617 3233 3674 circa
3280 3619 3477 3701 hiemis
3521 3618 3738 3674 initium

2134 3709 2473 3783 Aquasgrani
2522 3728 2771 3769 reversus
2807 3721 2913 3769 est.
2962 3713 3019 3767 ln
3073 3714 3351 3769 territorio
3387 3713 3644 3769 Tullense
3699 3712 3738 3743 ³⁸

2138 3803 2291 3858 iuxta
2344 3800 2804 3860 Commcrciacum
2847 3794 3030 3859 villam
3061 3804 3103 3836 ³⁷
3135 3802 3315 3877 puella
3345 3805 3611 3874 quaedam
3646 3819 3740 3860 no-

2138 3894 2284 3953 mine
2309 3890 2353 3928 ³⁶
2382 3936 2396 3951 .
2420 3937 2434 3951 .
2464 3937 2476 3951 .
2516 3913 2778 3953 annorum
2806 3897 3022 3954 circiter
3052 3886 3138 3952 12.
3181 3906 3306 3968 post
3350 3896 3564 3953 sacram
3588 3910 3741 3951 com-

2140 3990 2476 4055 munionem,
2514 4005 2675 4060 quam
2706 3990 2759 4044 in
2789 3989 2991 4062 pascha
3036 3989 3102 4046 de
3130 3990 3430 4046 sacerdotis
3457 4005 3616 4045 manu
3654 4004 3741 4045 su-

2141 4082 2339 4139 mendo
2365 4091 2683 4155 perceperat
2704 4082 2771 4150 ³³,
2792 4083 2969 4154 primo
3000 4098 3162 4154 pane,
3194 4083 3392 4139 deinde
3417 4083 3538 4139 aliis
3564 4084 3744 4139 omni-

2142 4177 2245 4232 bus
2270 4176 2406 4231 cibis
2432 4186 2486 4230 et
2528 4176 2745 4246 potibus
2773 4176 3113 4242 abstinendo,
3164 4176 3434 4231 intantum
3464 4174 3742 4230 ieiunasse

2141 4269 2485 4339 perhibetur,
2508 4272 2567 4322 ut
2600 4266 2743 4322 nulla
2772 4266 2988 4338 penitus
3008 4267 3255 4339 corporis
3274 4265 3532 4322 alimenta
3566 4267 3744 4338 perci-

2144 4361 2317 4433 piens,
2357 4361 2474 4416 sine
2525 4360 2675 4415 omni
2737 4360 2917 4415 victus
2973 4359 3243 4415 desiderio
3298 4358 3517 4429 plenum
3576 4358 3742 4412 trien-

2145 4466 2294 4510 nium
2315 4448 2360 4485 "°
2386 4452 2757 4523 compleverit.
2786 4451 2977 4523 Coepit
3001 4460 3184 4506 autem
3217 4451 3462 4505 ieiunare
3483 4465 3631 4504 anno
3658 4451 3739 4504 in-

2147 4548 2478 4604 carnationis
2507 4546 2812 4602 dominicae
2837 4545 2961 4601 825.
2988 4545 3130 4601 sicut
3178 4545 3232 4600 in
3264 4545 3436 4615 ipsms
3469 4544 3602 4598 anni
3652 4543 3743 4597 de-

2147 4638 2441 4709 scriptione
2466 4638 2718 4709 sUperius
2770 4627 3084 4692 adnotatum
3112 4643 3218 4702 est,
3245 4640 3299 4690 et
3328 4636 3433 4690 hoc
3478 4644 3654 4697 anno,
3687 4633 3741 4687 id

2147 4738 2230 4787 est
2259 4726 2401 4798 825,
2456 4730 2602 4784 circa
2633 4727 2953 4783 Novembris
3000 4724 3202 4783 mensis
3254 4726 3473 4782 initium
3520 4732 3740 4796 peracto

2147 4821 2346 4877 ieiunio
2368 4832 2549 4876 escam
2573 4834 2787 4875 sumere
2803 4834 2870 4874 ac
2896 4834 3049 4876 more
3068 4825 3411 4875 caeterorum
3429 4815 3740 4873 mortalium

2144 4913 2520 4969 manducando
2543 4912 2729 4967 vivere
2753 4913 2950 4983 coepit.

1656 5020 2051 5081 VARIANTES
2094 5020 2497 5083 LECTIONES.

516 5094 535 5123 ¹
564 5088 958 5147 nuntiabantur
994 5092 1043 5147 1.
1142 5094 1163 5125 ⁸
1187 5091 1595 5150 infestinatione
1618 5088 1670 5149 1.

443 5162 499 5219 5.
531 5162 584 5219 6.
662 5160 684 5193 ⁶
715 5161 1079 5232 pampilonem
1108 5163 1162 5220 2.
1198 5163 1249 5219 7.
1278 5163 1655 5232 pompelonem
1692 5165 1747 5221 9.

1767 5095 1788 5126 ³
1813 5097 2108 5199 ατιξυιεξπὶξ
2128 5097 2319 5199 ‘iniquae
2358 5094 2609 5199 'infe‘sltari
2641 5110 2790 5199 se.
2844 5097 2900 5152 9.

443 5169 499 5247 5.
531 5169 584 5219 6.
647 5169 684 5246 ς
715 5177 842 5232 pam
883 5169 1079 5248 ilonem
1108 5169 1162 5220 2.
1198 5169 1249 5219 7.
1316 5169 1655 5264 ompelonem
1692 5169 1747 5221 9.
1843 5169 1863 5199 ⁷
1891 5169 2099 5237 perinei
2128 5169 2189 5252 1.
2276 5169 2297 5200 ⁸
2321 5178 2376 5252 et
2400 5169 2542 5225 aeblt

443 5232 799 5312 incendnset
832 5177 1063 5312 (lli-epth
1097 5180 1320 5312 docili:
1382 5303 1398 5312 _
1448 5241 1617 5312 patris
1637 5246 1989 5312 praeceptum
2024 5240 2077 5295 9.
2103 5239 2542 5312 μμιιρςημωηῦ.

2994 5095 3017 5127 ⁵
3053 5084 3344 5169 ωθηεθρς.
3402 5094 3424 5169 _'
3448 5096 3616 5169 Elbus
3638 5096 3733 5162 bis,

2276 5169 2297 5200 ⁸
2321 5178 2376 5224 et
2400 5168 2591 5240 aeblus
2625 5161 2842 5240 quidem
2870 5185 3033 5240 usque
3062 5161 3344 5240 “90825
3365 5166 3577 5224 vicinos
3613 5161 3739 5224 suos

2625 5184 2842 5269 quildem
2870 5185 3033 5240 usque
3062 5185 3202 5223 anno
3229 5184 3335 5223 διο
3365 5184 3577 5251 vieinos
3613 5184 3738 5251 suos

2622 5239 2637 5269 ⁸
2697 5234 2958 5309 benevola
2984 5239 3059 5309 5.,
3119 5234 3159 5270 “
3192 5238 3419 5295 desolau
3438 5241 3738 5309 direptione

443 5305 498 5360 4.
522 5304 575 5361 6.
617 5300 671 5360 (1.
704 5305 769 5361 de
793 5298 1169 5378 redemptione
1197 5305 1249 5360 5.
1282 5302 1335 5359 d.
1366 5303 1433 5362 de
1448 5298 1810 5364 -restittitione
1838 5298 1891 5365 9.
1974 5311 2014 5341 "
2040 5298 2277 5381 graviter
2292 5309 2331 5365 f.
2361 5311 2416 5366 d.
2447 5304 2513 5365 de
2528 5311 2835 5382 receptione
2863 5306 3005 5365 deest
3028 5298 3083 5363 2.
3162 5308 3206 5342 ⁸³
3231 5310 3521 5381 magniﬁce
3541 5298 3730 5365 eunti.

444 5374 490 5430 Β
522 5374 575 5431 5.
608 5373 661 5430 6.
694 5390 768 5430 In.
814 5375 921 5431 sint
952 5376 1005 5431 4.
1038 5376 1090 5431 5.
1128 5376 1183 5430 6.
1217 5372 1268 5428 7.
1330 5392 1404 5431 m.
1460 5388 1642 5431 essent
1684 5381 1737 5431 9.
1818 5380 1860 5412 “
1888 5380 2369 5431 auunstudunense
2390 5378 2435 5431 Β
2460 5380 2514 5431 5.
2595 5374 2640 5414 ⁸⁸
2670 5380 2978 5431 crassitudo
3004 5380 3059 5431 6.
3139 5380 3181 5412 ¹⁶
3212 5382 3365 5431 verni
3392 5378 3446 5431 5.
3485 5378 3537 5431 Β.
3572 5396 3730 5431 verno

446 5376 490 5430 Β
522 5376 575 5431 5.
608 5376 661 5430 6.
694 5390 768 5430 m.
814 5376 921 5431 sint
952 5376 1005 5432 4}
1038 5376 1090 5433 5.
1128 5376 1183 5430 6.
1217 5376 1268 5428 7.
1330 5392 1404 5431 m.
1460 5388 1642 5433 essent
1684 5381 1737 5435 9.
1818 5380 1860 5412 “
1888 5376 2435 5453 augustudunenseB
2460 5380 2514 5436 5.
2595 5376 2978 5451 ⁸⁸ἐγοεεὶιυόο
3004 5380 3059 5435 6.
3139 5380 3181 5412 ¹⁶
3212 5376 3366 5438 verni
3485 5378 3537 5437 6.
3572 5396 3735 5437 verno

446 5455 692 5530 tempore
714 5448 811 5530 9.__
848 5448 891 5530 ίξ
914 5464 1039 5502 nam
1069 5458 1200 5530 tunc
1223 5446 1391 5530 illo_9.
1474 5449 1515 5480 ⁸⁸
1544 5450 1746 5530 ibidem
1991 5468 2151 5530 quem
2194 5451 2255 5530 7._
2275 5453 2327 5507 9.
2374 5450 2569 5530 reliqui
2591 5444 2737 5530 quod
2809 5454 2854 5483 ²⁰
2870 5451 3193 5530 babiturum
3217 5453 3269 5507 9.
3321 5446 3482 5530 _“‘in
3512 5467 3579 5530 eo
3601 5467 3729 5530 con-

450 5517 615 5573 ventu
637 5517 689 5573 9.
766 5517 1149 5574 “wiomarcus
1170 5519 1226 5583 5,
1243 5517 1646 5577 wihomarchus
1671 5522 1723 5577 9.
1803 5523 1849 5555 ⁸³
1873 5517 2025 5578 illam
2045 5522 2344 5579 faciendam
2370 5524 2421 5578 9.
2490 5517 2549 5554 ’⁸³⁵
2572 5517 2678 5578 una
2704 5524 2843 5579 deest
2865 5524 2918 5580 9.
2995 5524 3044 5556 "
3070 5538 3135 5579 ac
3158 5524 3300 5577 deest
3321 5524 3372 5577 7.
3404 5522 3458 5578 9.
3537 5522 3581 5553 "
3602 5522 3728 5577 lam-

450 5590 589 5644 berti
615 5588 669 5642 4.
693 5587 745 5643 5.
773 5588 826 5643 6.
903 5590 946 5621 ⁸⁷
978 5589 1234 5644 rumerici
1261 5604 1439 5644 arcem
1465 5591 1518 5646 9.
1568 5594 1897 5650 rumericum
1930 5593 1983 5649 7.
2060 5595 2105 5627 ³⁸
2135 5610 2321 5650 mense
2371 5594 2511 5648 deest
2536 5592 2581 5647 Β
2605 5595 2660 5649 5.
2736 5594 2783 5626 ³³
2812 5595 3042 5652 diversis
3094 5594 3406 5652 mionibus
3434 5595 3490 5649 9.
3565 5593 3609 5625 ”
3636 5609 3729 5652 ao-

446 5590 589 5644 berti
615 5590 669 5642 4.
693 5590 745 5643 5.
773 5590 826 5643 6.
903 5590 946 5621 ⁸⁷
978 5590 1234 5644 rumerici
1261 5604 1439 5644 arcem
1465 5591 1518 5646 9.
1568 5594 1897 5650 rumericum
1930 5593 1983 5649 7.
2060 5595 2105 5627 ³⁸
2135 5610 2321 5650 mense
2371 5594 2511 5648 deest
2536 5592 2581 5647 Β
2605 5595 2660 5649 5.
2736 5594 2783 5626 ³³
2812 5595 3042 5652 diversis
3094 5594 3406 5665 regionibus
3434 5595 3490 5649 9.
3565 5593 3609 5625 ”
3636 5609 3727 5663 go-

448 5659 710 5737 (Ιώ-11111.
739 5658 993 5732 godifridi
1014 5658 1059 5711 Β
1080 5657 1131 5713 6.
1211 5656 1255 5690 ³⁸
1286 5658 1405 5737 dari
1425 5659 1575 5737 deest
1591 5663 1641 5719 9.
1721 5664 1765 5695 δ’
1790 5663 2103 5737 conﬁrmari
2126 5665 2254 5721 fecit
2274 5666 2326 5722 9.
2405 5664 2449 5696 ⁸³
2472 5666 2757 5737 completis
2786 5666 2965 5737 itaque
2986 5666 3077 5737 9.“
3122 5666 3167 5697 ”
3194 5665 3365 5720 ﬁlium
3395 5680 3554 5722 suum
3590 5665 3727 5719 dust

446 5728 501 5785 9.
577 5729 623 5763 "
650 5728 770 5801 Ipse
802 5745 971 5802 usque»
987 5745 1237 5802 reversus
1267 5741 1350 5786 est
1370 5729 1509 5787 deest
1546 5732 1598 5789 2.
1632 5745 1816 5791 autem
1842 5736 1982 5791 deest
2008 5738 2062 5794 9.

2159 5737 2203 5769 "
2234 5737 2441 5793 tulense
2468 5736 2515 5789 Β
2559 5735 2613 5792 5.
2659 5737 2716 5793 6.
2744 5735 2940 5794 tulensi
2965 5739 3019 5793 4.
3049 5735 3103 5792 5.
3205 5737 3249 5770 ⁸⁷
3279 5737 3725 5793 cummarciacum

449 5802 575 5857 villa
603 5799 1137 5882 2."cummert_iacum
1159 5799 1221 5882 .B
1251 5802 1732 5882 5_.‘e_omhergiaeum
1760 5805 1805 5860 Β
1842 5804 1893 5861 6.
1951 5806 2029 5882 Ῠ³⁸ν
2049 5809 2267 5882 nomine
2302 5808 2369 5863 de
2401 5808 2875 5882 triennio.puellae
2902 5809 3103 5882 ieiunio
3152 5823 3430 5882 annorum
3462 5808 3630 5879 glosss
3666 5807 3724 5882 iis

453 5881 650 5929 textum
709 5881 916 5943 recepta
942 5871 993 5927 1.
1026 5872 1244 5929 nomine
1273 5873 1335 5930 N.
1368 5875 1421 5928 2.
1445 5872 1490 5927 Β
1518 5874 1569 5931 6.
1649 5878 1693 5908 ³⁸
1722 5894 1887 5934 manu
1916 5880 2213 5939 christiano
2268 5895 2421 5937 more
2484 5871 2801 5953 susceperat
2828 5882 2882 5938 9.

2988 5880 3031 5913 ⁴⁰
3058 5880 3327 5956 integrum
3370 5877 3648 5937 triennium
3665 5877 3718 5948 9,
