3960 6346
178 387 286 455 561

792 488 1155 561 DCCCXXVi.

245 598 388 659 Cum
415 597 530 669 regi
558 594 910 667 Bulgarorum
959 581 1120 664 legati
1167 592 1248 647 sui
1279 590 1407 663 quid
1451 590 1659 662 egerint
1686 604 1771 645 re-

170 695 534 753 nunciassent
563 689 605 754 ‘,
632 688 828 743 lterum
856 700 1000 750 eum,
1027 682 1187 754 quem
1216 684 1391 755 primo
1424 683 1667 747 miserat,
1701 680 1769 735 ad

170 767 713 859 imperator-emerim
739 777 936 832 litteris
953 774 1179 841 remisit,
1204 786 1402 846 rogans
1424 780 1485 827 ut
1513 772 1629 827 sine
1655 774 1770 861 mo-

161 886 370 937 .rarum
409 872 817 943 interpositione
860 862 1216 924 terminorum
1248 869 1268 899 ³
1310 864 1553 921 definitio
1579 864 1766 931 ﬂeret,

167 974 264 1031 vel
290 972 340 1029 si
367 972 471 1027 hoc
518 983 624 1024 non
652 967 912 1038 plaeeret,
938 977 1065 1018 suos
1090 962 1316 1033 quisque
1361 959 1625 1015 terminos
1654 957 1771 1013 sine

168 1067 333 1140 pacis
364 1063 581 1120 foedere
616 1066 859 1115 tueretur
898 1058 940 1111 ³.
976 1056 1076 1113 Cui
1116 1056 1430 1126 imperator,
1462 1053 1589 1123 quia
1626 1050 1771 1105 fama

171 1168 299 1216 erat
328 1158 683 1229 Bulgarorum
708 1164 889 1226 regem
933 1166 966 1207 a
1006 1166 1105 1208 suo
1134 1148 1367 1225 quodam
1393 1150 1650 1219 optimate
1679 1150 1771 1201 aut

170 1258 352 1322 regno
378 1248 593 1320 pulsum
614 1251 707 1301 aut
733 1243 1073 1300 interfectum
1094 1285 1109 1310 ,
1165 1241 1491 1313 respondere
1522 1239 1728 1297 distulit
1753 1253 1768 1304 ;

168 1340 381 1411 illoque
401 1338 423 1372 ⁸
446 1344 733 1409 expectare
759 1328 927 1401 iusso,
961 1338 1182 1408 propter
1203 1334 1377 1388 iamne
1391 1331 1771 1388 certitudinem

169 1431 621 1504 camperiehdani
652 1430 955 1484 Bertricuiii
982 1426 1167 1497 palatii
1196 1426 1450 1482 'cotnltem’
1477 1427 1542 1481 ad
1565 1420 1773 1480 Baldri—

169 1534 307 1579 cum
361 1524 384 1558 ⁵
423 1530 481 1577 et
504 1520 798 1578 Geroldum
832 1518 853 1550 ‘
888 1520 1115 1575 comites
1137 1516 1188 1574 et
1215 1517 1430 1573 Avarici
1458 1517 1644 1573 limitis
1673 1532 1770 1571 cu-

167 1615 370 1671 stodes
401 1614 459 1669 in
497 1604 931 1668 Carantauorum
984 1610 1320 1681 provinciam
1364 1609 1385 1642 "
1434 1608 1625 1675 misit,
1678 1606 1772 1678 qui

170 1727 314 1766 cum
347 1714 592 1766 reversus
625 1698 760 1763 nihil
790 1707 924 1763 certi
948 1714 1113 1776 super
1166 1705 1252 1760 his
1291 1712 1430 1775 quae
1460 1698 1602 1757 fama
1654 1698 1772 1756 vul-

171 1811 411 1877 gaverat
440 1802 789 1874 reportasset,
823 1802 1115 1871 imperator
1138 1798 1375 1869 legatum
1400 1796 1467 1851 ad
1493 1812 1552 1851 se
1579 1809 1772 1851 evoca-

1642 366 1982 442 ANNALES.

1798 501 1853 560 Α
1876 484 2133 553 Octobr-io
2162 476 2230 553 ad
2286 472 2631 569 irbperatoris
2664 499 2972 571 generalem
3020 509 3341 559 conventum
3370 521 3461 560 ve-

3351 387 3459 446 ἵνοΞ

1874 595 1990 648 nire
2012 593 2308 649 distulisset
2336 594 2383 625 “
2403 636 2417 661 ,
2449 594 2742 668 condignas
2769 592 3026 669 perfidiae
3074 612 3203 653 suae
3257 616 3459 671 poenas

1871 697 1993 739 esse
2021 682 2271 738 daturum
2294 680 2361 739 “.
2397 681 2674 741 Venerunt
2702 692 2757 741 et
2780 700 2849 741 ex
2879 676 3185 741 Brittoiium
3212 689 3462 759 primori-

1869 772 1992 837 bus,
2020 788 2157 843 quos
2184 762 2327 828 illius
2356 764 2541 830 limitis
2566 766 2818 830 custodes
2853 774 3125 832 adducere
3149 774 3454 832 voluerunt.

1870 862 2075 921 Eodem
2099 872 2341 936 tempore
2368 858 2651 923 Herioldus
2679 880 2803 922 eum
2837 880 3017 935 uxore
3051 874 3106 923 et
3135 874 3325 939 magna
3354 866 3460 924 Da-

1870 970 2063 1013 norum
2098 956 2440 1012 multitudine
2476 958 2699 1013 veniens
2722 999 2738 1025 ,
2799 946 3119 1030 Mogontiaci
3156 959 3296 1030 apud
3339 975 3464 1015 san-

1871 1063 2017 1109 ctum
2046 1050 2312 1127 Albanum
2340 1066 2460 1107 cum
2483 1048 2568 1129 his
2599 1064 2734 1123 quos
2756 1067 2941 1108 secum
2969 1052 3193 1108 adduxit
3216 1046 3460 1128 baptizaf

1870 1138 2086 1208 tusest,
2115 1142 2405 1211 multisque
2428 1132 2744 1198 muneribus
2766 1145 2835 1198 ab
2855 1140 3181 1214 impcratOre
3205 1144 3459 1212 donatus,

1868 1248 1970 1309 per
1992 1237 2245 1303 F‘riSiam,
2278 1244 2385 1307 qua
2430 1240 2652 1293 venerat
2678 1236 2789 1303 via,
2819 1249 3070 1293 reversus
3122 1240 3223 1292 est.
3254 1235 3316 1292 in
3359 1253 3466 1310 qua

1870 1329 2149 1399 provincia
2190 1344 2328 1383 unus
2366 1328 2414 1360 “
2446 1330 2735 1384 comitatus
2758 1324 2850 1399 qui
2880 1324 3117 1386 Hriustri
3146 1329 3191 1362 “
3213 1330 3463 1397 vocatur,

1870 1421 2048 1477 eidem
2078 1420 2236 1476 datus
2254 1428 2339 1477 est
2363 1420 2428 1487 ",
2447 1428 2505 1475 ut
2528 1421 2579 1475 in
2604 1436 2727 1476 eum
2754 1434 2811 1477 se
2828 1436 2948 1478 cum
2973 1424 3134 1479 rebus
3148 1423 3283 1489 suis,
3302 1424 3346 1478 si
3373 1440 3467 1479 ne-

1871 1512 2099 1567 cessitas
2126 1513 2392 1584 exigeret,
2423 1513 2669 1583 recipere
2699 1514 2985 1585 potuisset.
3018 1506 3300 1571 Baldricus
3331 1530 3461 1571 vero

1873 1610 1929 1659 et
1945 1600 2232 1669 Geroldus,
2251 1604 2477 1660 comites
2493 1616 2557 1660 ac
2585 1598 2880 1661 Pannonici
2905 1604 3095 1661 limitis
3110 1606 3389 1678 praefecti,
3412 1607 3465 1662 in

1872 1695 2062 1750 eodem
2098 1698 2363 1750 conventu
2386 1695 2676 1751 adfuerunt
2703 1696 2772 1763 "’,
2802 1704 2856 1753 et
2882 1699 3057 1754 adhuc
3080 1699 3144 1754 de
3168 1706 3316 1755 motu
3335 1699 3463 1755 Bul-

1872 1800 2127 1861 garorum
2158 1790 2445 1845 adversum
2471 1804 2571 1848 nos
2599 1789 2730 1845 nihil
2758 1807 2816 1847 se
2838 1791 3044 1848 sentire
3092 1808 3253 1865 posse
3280 1794 3464 1849 testati

168 1862 295 1950 iam
322 1896 349 1929 ι
396 1862 516 1950 εἰπέ
537 1893 733 1949 litteris
776 1862 1024 1947 remeare
1070 1862 1221 1945 fecit:
1256 1888 1465 1943 interea
1513 1886 1773 1959 Pippinus
1800 1862 1848 1936 ii
1877 1888 2021 1935 sunt.
2059 1870 2215 1936 Venit
2239 1895 2363 1936 cum
2390 1870 2638 1937 Baldrico
2661 1882 2928 1954 presbiter
2957 1862 3173 1953 quidam
3206 1885 3273 1939 de
3294 1883 3468 1941 νοηθ-

169 2003 297 2052 rex,
326 1986 472 2041 ﬁlius
497 1983 862 2057 imperatoris.
891 1988 950 2036 ut
982 1981 1160 2037 iussus
1185 1988 1321 2047 erat,
1352 1992 1475 2035 eum
1498 1978 1609 2035 suis
1636 1978 1774 2049 epti-

171 2072 419 2134 matibus
448 2082 504 2131 et
534 2066 807 2145 iiispanici
840 2073 1028 2129 limitis
1052 2072 1365 2128 custodibus
1396 2072 1543 2128 circa
1576 2068 1774 2126 Kalen-

172 2170 278 2226 das
302 2167 634 2224 Februarias
666 2164 1006 2237 Aduasgraui
1032 2192 1103 2205 —
1130 2176 1255 2218 nam
1296 2162 1368 2217 ibi
1422 2164 1552 2217 time
1602 2161 1772 2232 impe-

171 2256 332 2318 rator
376 2259 1001 2324 biematerat—venit,
1054 2262 1177 2313 eum
1232 2256 1429 2327 quibus
1481 2270 1606 2312 cum
1652 2254 1718 2311 de
1750 2249 1774 2287 '

172 2355 397 2411 tuendis
420 2358 611 2409 contra
637 2350 971 2407 Sarracenos
1000 2344 1417 2406 occidentalium
1446 2350 1684 2420 partium
1712 2348 1774 2404 ii-

173 2446 343 2502 nibns
371 2450 515 2501 esset
545 2442 836 2499 tractatum
879 2450 1039 2513 atque
1064 2432 1383 2513 diSpdsituni
1429 2440 1494 2508 ίο,
1515 2439 1775 2513 Pippinus

176 2535 237 2591 in
260 2526 609 2605 Aquitaniam
639 2543 938 2606 regressus,
968 2539 1227 2588 aestatem
1274 2532 1329 2587 in
1376 2532 1631 2602 deputato
1672 2529 1775 2587 sibi

176 2622 302 2682 loco
330 2626 670 2697 transegit".
703 2625 1002 2697 imperator
1028 2636 1154 2679 vero
1176 2623 1353 2678 medio
1367 2624 1613 2678 menses"
1636 2621 1777 2679 Maio

175 2719 357 2793 Aquis
386 2719 434 2751 ⁸³
458 2718 733 2790 egressus,
762 2717 907 2773 circa
957 2715 1226 2771 Kalendas
1252 2714 1387 2769 iunii
1419 2715 1487 2770 ad
1542 2713 1777 2785 ingiiun—

178 2813 324 2886 geim
349 2810 396 2844 “
420 2810 593 2876 venit,
617 2809 909 2879 habitoque
951 2809 1024 2864 ibi
1052 2814 1320 2864 conventu
1367 2822 1477 2863 non
1521 2806 1733 2864 modico
1759 2851 1774 2876 ,

179 2902 387 2959 multas
408 2909 463 2957 et
489 2908 557 2957 ex
585 2900 816 2956 diversis
836 2907 1102 2954 terrarum
1138 2888 1384 2971 partibus
1408 2899 1603 2954 missas
1630 2892 1778 2972 lega-

176 2994 362 3049 tiones
403 2991 613 3047 andivlt
657 3000 712 3046 et
742 2991 789 3025 "
820 2990 1069 3046 absolvit.
1116 2990 1263 3046 inter
1311 3004 1445 3061 quas
1487 2992 1776 3063 praecipua

178 3085 525 3155 ueterisque
560 3085 907 3155 praeminens
932 3084 976 3115 “
1001 3090 1119 3140 erat
1155 3084 1352 3156 legatio
1376 3085 1419 3118 ¹⁷
1448 3094 1666 3141 sanctae
1695 3099 1779 3141 se-

176 3178 267 3235 dis
296 3177 644 3250 apostolicae,
678 3175 956 3231 Romanae
996 3174 1247 3231 videlicet
1287 3174 1583 3233 neoclesiae
1605 3218 1620 3243 ,
1672 3182 1777 3245 qua

1876 1971 1975 2039 tia,
2011 1971 2230 2027 ndinine
2263 1971 2546 2043 Georgius,
2574 1973 2667 2043 qui
2697 1988 2754 2029 se
2803 1989 3068 2046 organum
3099 1975 3277 2032 facere
3306 1993 3469 2048 posse

1877 2069 2155 2123 asserebat
2181 2068 2257 2135 ἐς
2298 2082 2457 2138 quem
2488 2067 2783 2139 imperator
2802 2066 3275 2140 Aquasgrauicum
3294 2070 3469 2125 Thau-

1875 2154 2017 2217 colfo
2038 2154 2083 2195 ⁸⁹
2111 2148 2427 2218 εὰροεῐιίιιηίο
2454 2161 2620 2229 misit,
2654 2168 2730 2228 et,
2763 2171 2819 2218 ut
2869 2163 2918 2217 ei
2957 2164 3136 2220 omnia
3167 2162 3234 2219 ad
3269 2164 3471 2219 instru-

1875 2260 2119 2312 mentum
2173 2248 2217 2289 ⁸⁸
2268 2254 2603 2311 efﬁciendum
2673 2256 2980 2312 necessaria
3033 2257 3468 2329 praeberentur,

1877 2348 2165 2420 imperavit
2204 2362 2249 2402 ο.
2279 2348 2646 2420 Condictoque
2674 2364 2739 2405 ac
2760 2350 3112 2421 pronuntiato
3138 2349 3205 2405 ad
3234 2344 3472 2406 medium

1878 2432 2191 2499 Octobrium
2214 2442 2454 2513 generali
2479 2450 2763 2508 conventu,
2790 2444 3021 2499 caeteris
3044 2434 3295 2500 omnibus
3318 2458 3473 2499 more

1878 2534 2104 2589 solemni
2139 2534 2417 2600 absolutis,
2442 2535 2555 2604 ipse
2578 2541 2730 2590 trans
2761 2528 3010 2589 Rhenum
3035 2534 3102 2590 ad
3128 2534 3311 2590 villam
3333 2546 3475 2605 quae

1881 2620 2027 2683 Saltz
2064 2627 2108 2659 ³⁸
2136 2635 2362 2683 vocatur
2385 2643 2507 2682 eum
2538 2642 2633 2682 suo
2663 2626 2925 2682 comitatu
2955 2625 3235 2698 profectus
3262 2635 3364 2683 est.
3394 2623 3473 2682 ibi

1880 2722 1949 2776 ad
1974 2737 2096 2777 eum
2126 2714 2287 2792 legati
2317 2718 2795 2792 Neapolitanorum
2821 2726 3105 2787 venerunt,
3136 2729 3299 2789 atque
3325 2717 3471 2785 inde,

1882 2808 2103 2884 accepto
2140 2829 2419 2883 responso,
2450 2808 2520 2868 ad
2557 2828 2653 2868 sua
2694 2813 2923 2884 regressi
2948 2819 3113 2868 sunt:
3140 2800 3215 2868 ibi
3243 2810 3311 2866 ad
3356 2810 3473 2866 eius

1880 2907 2130 2963 notitiam
2160 2902 2427 2978 perlatum
2449 2912 2533 2961 est
2554 2902 2620 2960 de
2646 2902 2770 2977 fuga
2800 2921 2864 2962 ac
2904 2904 3131 2976 perfidia
3157 2902 3381 2961 Aizonis
3404 2901 3472 2970 ³³,

1881 3000 2151 3071 quomodo
2174 2996 2547 3054 fraudulenter
2579 2986 2855 3052 Ausonam
2877 2995 2923 3027 ³³
2949 2992 2976 3034 δ
3000 2994 3307 3067 ingressus,
3348 3003 3405 3050 et
3442 3008 3476 3048 a

1881 3086 2077 3163 populo
2106 3088 2197 3144 illo
2219 3106 2378 3160 quem
2405 3089 2526 3147 dolo
2549 3088 2836 3161 deceperat
2854 3097 3126 3159 receptus,
3145 3086 3335 3143 iiotatu
3354 3098 3374 3125 ο
3396 3080 3475 3142 ei-

1879 3185 2105 3240 vitatem
2130 3180 2175 3215 “
2205 3182 2493 3247 destruxit,
2518 3180 2739 3237 castella
2770 3181 3013 3237 eiusdem
3061 3178 3299 3250 regionis
3332 3191 3473 3250 quae

176 3244 550 3339 fungebantur
569 3268 680 3323 L60
705 3266 1189 3323 CentumcellenSiS
1221 3268 1505 3338 BPISCOPHS
1530 3272 1586 3323 εἰ
1609 3244 1780 3322 “teo—
1806 3244 1852 3308 ο
1885 3273 2126 3330 firmiora
2155 3244 2849 3328 videbanturcommunivit
2876 3271 2942 3338 ³⁸,
2968 3244 3241 3341 missoque
3271 3244 3477 3327 τιὰ-ΑΙ)-

177 3362 407 3419 ﬁlaetus
432 3360 816 3425 nomenclator,
842 3366 896 3415 et
924 3359 991 3413 de
1046 3358 1290 3429 partibus
1331 3358 1708 3413 transmarinis
1732 3357 1777 3392 ⁸⁸

178 3454 503 3512 Dominicns
538 3453 708 3509 abbas
760 3453 826 3507 dc
857 3459 1041 3507 monte
1078 3450 1241 3516 Olivi,‘
1272 3449 1435 3521 legati
1479 3464 1692 3519 quoque
1717 3449 1777 3503 ii-

179 3549 385 3604 liorum
418 3543 718 3611 Godol'ridi,
744 3545 889 3616 regis
918 3540 1213 3609 Danorum,
1247 3543 1399 3612 pacis
1446 3556 1510 3596 ac
1541 3541 1774 3597 foederis

1885 3364 2130 3420 diraman
2155 3362 2199 3395 ³⁸
2215 3379 2397 3435 regem
2424 3360 2850 3419 Sarracenorum
2880 3361 3045 3418 fratre
3068 3376 3190 3427 suo,
3214 3359 3474 3417 auxilium

1884 3457 2027 3527 quod
2060 3456 2294 3526 petebat,
2330 3448 2480 3511 iussu
2505 3450 2745 3511 eiusdem
2770 3454 2917 3527 regis
2943 3453 2986 3486 ³⁷
3018 3462 3206 3510 contra
3255 3459 3473 3510 nostros

1884 3544 2110 3616 accepit.
2141 3540 2247 3601 Sed
2279 3546 2570 3617 imperator
2606 3545 2734 3601 licet
2755 3544 2915 3600 huius
2968 3543 3047 3600 rei
3071 3544 3319 3601 nuntium
3349 3558 3471 3627 gra:

176 3653 349 3695 causa
375 3636 565 3693 directi
599 3636 662 3705 “,
692 3643 747 3692 et
784 3637 851 3692 de
874 3634 1189 3691 Sclavorum
1217 3635 1524 3707 regionibus
1555 3635 1773 3705 quidam
1880 3640 2023 3695 viter
2059 3637 2244 3705 ferret,
2272 3630 2406 3694 nihil
2432 3647 2611 3693 tamen
2660 3635 2963 3693 inconsulte
2991 3636 3287 3707 gerendum
3340 3622 3471 3689 iudi-

175 3730 568 3788 Abudrltorum
582 3731 905 3803 primores“
921 3731 1255 3802 Ceadragum
1275 3730 1466 3785 ducem
1496 3743 1649 3784 suum
1682 3743 1774 3783 ac-
1884 3750 2033 3800 cans,
2060 3733 2492 3789 consiliariorum
2539 3746 2760 3787 suorum
2795 3731 3087 3786 adventum
3141 3729 3333 3784 statuit
3376 3743 3472 3797 op-

176 3831 458 3881 cusantos.
487 3825 859 3881 Accusabatur
885 3834 942 3879 et
959 3824 1166 3895 Tunglo
1189 3824 1255 3889 “.
1285 3836 1426 3878 imus
1449 3823 1514 3878 de
1541 3820 1779 3877 Sorabo-
1886 3828 2072 3899 periri,
2108 3835 2492 3896 transactaque
2520 3823 2816 3879 autumnali
2846 3823 3153 3903 venatione,
3181 3823 3325 3877 circa
3350 3820 3468 3876 Kal.

177 3929 307 3969 rum
356 3912 707 3985 primoribus,
734 3917 880 3985 quod
907 3921 962 3970 et
990 3916 1105 3986 ipse
1133 3915 1280 3970 dicto
1310 3914 1535 3968 audiens
1559 3916 1666 3967 ndti
1695 3924 1781 3966 es-
1889 3908 2077 3973 Oetob.
2135 3932 2235 3987 per
2282 3910 2530 3970 Moenum
2576 3912 2794 3967 ﬂuvium
2838 3920 3009 3981 usque
3062 3910 3128 3965 ad
3164 3904 3474 3965 Francon'o-

175 4016 290 4066 set.
316 4008 561 4076 Quorum
580 4011 797 4081 utrique
822 4010 1197 4066 denuntiatum
1218 4016 1322 4074 est,
1355 4007 1498 4077 quod
1526 4007 1571 4062 si
1602 4006 1780 4061 medio
1889 4010 2024 4065 vurd
2041 4010 2086 4041 ³⁸
2101 4009 2335 4066 secunda
2349 4022 2489 4079 aqua
2514 4004 2806 4078 navigavit.
2823 4004 2949 4061 inde
2974 3998 3411 4078 adlngilunhaim
3427 4000 3473 4034 "

1413 4117 1801 4176 VARIANTES
1838 4120 2134 4179 LECTION
2140 4120 2243 4178 ES.

255 4216 276 4247 ¹
305 4214 549 4287 egissent
572 4212 956 4287 renunciarent
976 4214 1029 4287 9.
1155 4212 1271 4287 sine
1317 4222 1471 4269 mera
1520 4215 1875 4287 tegrminorum
1898 4215 1951 4271 9.
2030 4216 2050 4248 ³
2076 4224 2361 4272 tuerentur
2387 4218 2439 4272 9.
2535 4214 2556 4246 ⁸
2578 4215 2670 4271 illo
2692 4228 2822 4269 vero
2860 4213 2914 4268 9.
3011 4212 3032 4245 ⁵
3057 4210 3389 4287 baldericum
3417 4210 3470 4287 ρ.

175 4280 545 4370 ξβθτιῖοιιυω
688 4359 704 4370 ‘
726 4287 748 4319 "
781 4286 1059 4370 provincia
1089 4286 1141 4339 1.
1219 4286 1519 4370 8vocatum
1567 4285 1619 4338 7.
1652 4288 1704 4370 9.
1800 4286 1821 4317 ⁹
1855 4299 1918 4369 ο..
1956 4289 2178 4370 quibus
2204 4289 2294 4343 ubi
2326 4289 2392 4343 de
2418 4288 2480 4370 9..
2552 4287 2593 4318 ¹⁰
2610 4293 3012 4370 έτθοξξιῑυωβι
3066 4280 3471 4370 conclusu‘ntﬂ.

176 4352 549 4439 “irssressas
596 4352 798 4439 ἓδίίὲεηὶ
846 4366 1015 4439 tota!“
1049 4365 1363 4439 saevientem
1381 4352 2039 4439 ξθξιειεξιημνξηεεείεθλ
2096 4360 2392 4439 .”.επεειες
2446 4357 2676 4439 άεξεεθο.
2743 4356 3150 4439 "summa
3184 4353 3235 4439 9;
3315 4352 3475 4439 tie:

174 4421 451 4500 gelebcim
496 4430 549 4483 5.
594 4428 927 4510 ingilinbeim
956 4426 1012 4479 ι.
1046 4421 1337 4508 gilenheim
1379 4425 1433 4482 6.
1465 4426 1816 4509 ingilenheim
1842 4421 1898 4482 7'.
1926 4427 1971 4481 Β
2007 4429 2058 4485 6.
2096 4422 2444 4501 ingilenhaim
2490 4422 2535 4483 B
2567 4427 2619 4482 5.
2662 4421 2950 4512 ingelheim
2973 4421 3027 4482 9.
3105 4424 3150 4455 "
3178 4430 3231 4479 et
3271 4421 3476 4505 audivit

174 4510 231 4531 ,ο
259 4501 296 4531 u
400 4499 443 4531 is
472 4512 841 4531 nmmmlnnnn
862 4498 897 4531 ο
998 4498 1037 4529 ιτ
1072 4496 1267 4531 ιηηοίηι
1281 4511 1490 4531 mm...“
1521 4496 1790 4531 nrt-mna...
1817 4495 1852 4531 α
1952 4498 1995 4531 to
2021 4500 2085 4531 Α..
2112 4500 2420 4531 “manus”...
2455 4499 2831 4531 οηηηοηιηηιηίο
2855 4497 2888 4531 o
2988 4496 3031 4528 aa
3054 4508 3213 4531 Μηεο
3244 4506 3392 4531 mucci
3416 4491 3450 4531 Ω

174 4491 232 4555 ξι
259 4501 316 4555 9.
400 4499 443 4531 ⁸⁸
472 4491 843 4569 ρι’τιεθιῖιίηεηε
862 4498 917 4553 9.
998 4491 1267 4566 "'legatio
1281 4496 1492 4553 romani
1521 4491 1793 4564 pontificis
1817 4495 1871 4553 9.
1952 4498 1995 4531 ⁸⁸
2020 4500 2086 4555 de
2112 4491 2422 4571 regionibus
2455 4491 2833 4555 transmarinis
2855 4497 2908 4553 9.
2988 4496 3031 4528 ¹⁹
3054 4508 3217 4552 causa
3244 4491 3395 4547 missi
3416 4491 3470 4547 9.

173 4570 225 4648 ξς
246 4568 917 4648 abodritgrumprineipes
945 4568 1014 4648 9._
1075 4568 1120 4600 ⁸¹
1152 4578 1317 4648 tango
1349 4566 1401 4620 7.
1474 4567 1522 4648 ξ’
1549 4564 1859 4648 distulerint
1882 4570 1935 4625 9.
1966 4570 2299 4648 distulissent
2323 4570 2376 4625 7.
2454 4569 2499 4601 "
2528 4571 2749 4639 daturos
2774 4568 2905 4648 7.9:
3055 4580 3197 4648 unus
3244 4561 3470 4648 derest'.9.

173 4641 225 4726 ’f
255 4641 450 4726 riustrl
478 4641 531 4696 9.
607 4631 898 4726 f‘Verit'us
925 4639 1113 4726 autem
1151 4631 1429 4726 piissimus
1471 4637 1806 4726 iMperatqr,‘
1839 4654 1906 4695 ne
1947 4641 2016 4697 ob
2068 4642 2173 4726 tale
2214 4643 2427 4726 factum
2460 4631 2752 4726 negaretur
2799 4640 2850 4694 ei
2880 4638 3150 4726 _habita‘tio
3183 4631 3468 4726 naturalis,

370 4712 420 4795 ei
450 4712 719 4795 quendam
752 4711 1073 4795 comitatum
1100 4708 1351 4795 in'frisi'a,
1400 4708 1554 4795 cuius
1584 4710 1901 4766 vocabulum
1930 4719 2013 4768 est
2044 4714 2230 4769 ruistri
2255 4714 2307 4768 7.
2384 4714 2427 4744 "
2461 4708 2731 4767 affuerunt
2779 4719 2833 4765 et
2879 4710 2933 4764 in
2977 4708 3472 4795 [eodemconventu

170 4779 492 4866 baldericus
513 4790 570 4855 et
594 4782 868 4866 gerholtus
892 4797 941 4863 c.
980 4797 1044 4864 ac
1065 4796 1118 4866 p_.
1144 4780 1179 4834 Ι.
1450 4780 1495 4810 ⁸⁸
1534 4793 1797 4866 organum
1830 4798 1983 4865 more
2012 4801 2173 4856 posse
2222 4798 2540 4866 graecorum
2591 4779 3145 4866 componerehQu‘em
3176 4779 3471 4866 imperator

170 4860 470 4935 gratanter
512 4849 770 4935 suscepit,
813 4860 868 4935 et
912 4852 1047 4935 Quia
1067 4849 1313 4907 deus’illi
1343 4862 1484 4921 quae
1525 4859 1651 4934 ante
1686 4862 1745 4906 se
1778 4849 2033 4935 inusitata
2064 4849 2415 4935 erant'regno
2443 4849 2775 4935 Francorum
2809 4849 3471 4935 attribuebatLgratiarum

170 4916 432 4981 actiones
460 4916 711 4985 reddidit.
746 4916 809 4979 ac
836 4916 1076 4978 tanéuifo
1126 4916 1404 4977 sacrorum
1438 4921 1763 4977 scriniorum
1806 4925 2051 4995 praelato
2094 4916 2508 4991 commendavit,
2556 4922 2897 4997 publicisque
2942 4916 3227 4989 stipendiis
3273 4930 3469 4972 curare

170 4995 373 5046 iussit.
402 5002 461 5046 et
486 5008 551 5046 ea
591 5008 730 5046 uuae
760 4994 887 5046 huic
912 4993 1064 5046 oneri
1110 4992 1417 5046 necessaria
1451 4993 1629 5046 forent
1659 5004 1986 5046 praeparare
2017 4999 2290 5046 mandavit
2318 4997 2368 5046 7.
2404 4994 2734 5046 iniemoiatio
2778 5009 2842 5046 ex
2902 4990 3007 5044 vita
3058 4984 3353 5043 Illudowici
3397 4988 3472 5046 ι)ἱὶ

169 4995 373 5058 iussit.
402 5002 461 5050 et
486 5008 551 5049 ea
591 5008 730 5064 quae
760 4994 887 5049 huic
912 4994 1064 5118 operi
1110 4994 1417 5048 necessaria
1451 4994 1629 5048 forent
1659 4994 1986 5065 praeparare
2017 4999 2290 5053 mandavit
2318 4997 2368 5051 7.
2404 4994 2734 5067 interpolatio
2778 5009 2842 5046 ex
2902 4994 3007 5044 vita
3058 4994 3353 5043 Illudowici
3396 4994 3468 5059 pii

169 5082 300 5142 ςᾳρ.
326 5063 442 5142 ιω.
517 5063 619 5142 “ff
666 5064 917 5142 tapeglfq
985 5103 1000 5142 τ
1034 5064 1086 5118 6.
1132 5063 1428 5142 thamcplfo
1454 5064 1801 5142 _2.Atanc_ulfo
1844 5066 1967 5142 7.]!
1995 5067 2047 5121 5.
2101 5066 2458 5142 thangolfo__B
2497 5066 2562 5142 6._
2670 5063 2720 5142 '°_
2749 5064 2834 5142 ad
2851 5060 2905 5142 id
2945 5061 3366 5142 instrumentum

170 5127 479 5192 “'saitsuo
499 5133 555 5219 Β
581 5135 634 5190 5.
661 5136 771 5219 sala
795 5135 849 5190 2.
876 5135 1026 5219 ἕξεί.
1058 5142 1178 5219 sata
1294 5134 1345 5188 6.
1392 5134 1587 5219 89199.
1612 5216 1617 5219 Δ
1675 5135 1723 5219 ’,ξ
1747 5127 2270 5219 perﬁdiamuizoni's
2292 5140 2336 5194 Β
2380 5138 2432 5193 5.
2461 5153 2515 5208 p.
2547 5135 2757 5219 lacunis
2864 5132 2943 5219 6L
2970 5127 3464 5219 _g'Lausouiamg.

167 5220 457 5263 auzonam
497 5205 550 5262 6.
578 5207 840 5263 ausoilam
866 5206 986 5262 BG.
1091 5204 1139 5238 ³⁸
1164 5214 1331 5261 totam
1379 5206 1656 5261 civitatem
1687 5194 1764 5260 2.‘
1790 5206 1844 5263 ὃ.
1892 5194 1941 5263 7.
1979 5210 2035 5276 9,
2088 5194 2262 5265 rotam
2317 5194 2480 5266 corr.‘
2509 5215 2676 5263 totam
2724 5206 2775 5261 5.
2820 5204 3010 5261 rodata
3043 5194 3214 5276 Bouq.
3259 5216 3325 5257 ex
3363 5199 3469 5254 vita

167 5277 494 5331 Hludovici.
528 5286 705 5331 rutam
752 5278 804 5331 1.
850 5276 904 5331 ι.
929 5277 983 5331 6.
1026 5276 1073 5331 Β
1098 5275 1153 5331 Β.
1184 5275 1221 5331 6
1312 5275 1360 5308 ³⁸
1386 5277 1711 5331 munivisset
1742 5317 1753 5330 .
1790 5318 1803 5331 .
1846 5319 1861 5331 .
1900 5320 1912 5331 .
1939 5283 2241 5331 necauisset
2290 5283 2345 5331 9.
2450 5279 2495 5310 ³⁸
2528 5275 2917 5331 abdirachman
2951 5274 3006 5331 9.
3046 5274 3298 5331 thraman
3333 5268 3378 5325 Β
3413 5267 3467 5324 6.

167 5277 494 5335 Hludovici.
528 5286 705 5333 ratam
752 5278 804 5331 l.
850 5276 904 5331 ι.
929 5277 983 5333 6.
1026 5276 1073 5331 Β
1098 5275 1153 5331 Β.
1184 5275 1221 5331 6
1312 5275 1360 5308 ³⁸
1386 5277 1711 5332 munivisset
1742 5317 1753 5330 .
1790 5318 1803 5332 .
1846 5319 1861 5333 .
1900 5274 2241 5353 .accepisset
2290 5283 2345 5338 9.
2450 5279 2495 5310 ³⁸
2528 5275 2917 5333 abdirachman
2951 5274 3006 5331 9.
3046 5274 3298 5331 thraman
3333 5274 3378 5325 Β
3413 5274 3467 5324 6.

167 5350 218 5433 ξ’
256 5350 502 5433 iussae.
534 5348 925 5433 regisdefatﬁ.
1070 5346 1457 5433 franwnofnrd
1478 5347 1639 5433 .6.
1675 5348 1719 5433 Β
1833 5347 2342 5433 fre-nchonel‘u‘rgB-
2380 5349 2433 5405 6.
2461 5419 2475 5433 ‘
2530 5346 2576 5433 ³ξ
2614 5346 2992 5433 ingilumbaim
3013 5338 3068 5405 ε.
3107 5340 3470 5419 ingeienheim

166 5421 229 5479 3.
273 5416 624 5492 ἱειιῦὶηίιοίιή
660 5419 716 5476 4.
758 5418 815 5475 5.
840 5419 894 5475 7.
944 5417 1240 5489 giienheim
1270 5417 1322 5473 6.
1352 5417 1644 5490 ingeibeim
1676 5419 1729 5475 9.
1759 5420 2141 5491 inginiinhaim
2161 5420 2207 5477 Β
2241 5422 2295 5479 5.
2328 5416 2703 5494 iugulunheini
2737 5416 2784 5474 Β
2809 5417 2862 5479 6.
2934 5430 2937 5435 '

1711 5526 1945 5590 NOTAE.

249 5634 282 5664 ι
323 5617 414 5677 Cf.
452 5619 715 5677 Einhardi
756 5620 1055 5679 Historiam
1094 5622 1465 5678 translationis
1510 5620 1610 5679 SS.
1648 5620 1793 5676 Mar-
1815 5628 1869 5688 D
1893 5627 2211 5682 monasterii
2252 5625 2309 5682 S.
2355 5625 2523 5683 Salvii
2550 5625 2606 5681 in
2632 5625 2754 5682 vico
2778 5625 3115 5682 Valentianis
3148 5624 3472 5680 constitutus

166 5691 373 5752 eellini
404 5699 461 5747 et
486 5690 636 5748 Petri
680 5692 774 5749 lib.
807 5709 881 5758 iV,
928 5704 1075 5748 num.
1116 5693 1203 5749 75.
1230 5692 1475 5749 Bolland.
1506 5692 1626 5748 Act.
1681 5686 1782 5747 SS.
1824 5686 1849 5688 —
1893 5712 2017 5754 esse
2042 5698 2293 5754 traditur.

165 5766 315 5838 Jun.
379 5761 436 5838 2,
491 5776 634 5838 pag.
669 5762 795 5817 ΞΜ.
863 5763 942 5819 ibi
988 5763 1272 5838 Georgius_
1302 5764 1394 5820 hic
1438 5780 1483 5838 ι⁸
1509 5764 1647 5838 qui.
1677 5763 1788 5838 _._in
1970 5769 1998 5809 ιι
2039 5767 2206 5826 Vicus
2226 5766 2764 5838 Ausonensis,pi’iclt
2791 5767 2985 5838 dictus.

165 5833 435 5906 Aqueusi
471 5832 672 5907 paiatio
710 5842 996 5905 organum,
1038 5832 1201 5907 quo'd
1232 5834 1420 5891 Graece
1466 5832 1787 5905 hidrauliea
1972 5852 1994 5879 ο
2035 5837 2186 5897 Rodo
2220 5838 2286 5898 ad
2311 5838 2534 5897 ﬂuvium
2567 5832 2696 5907 Ter,
2720 5836 2788 5897 ab
2811 5837 3091 5897 occidente
3115 5833 3401 5890 Gerunda.

167 5904 444 5975 vocatur,
490 5904 720 5962 miriﬁca
768 5904 886 5963 arte
930 5904 1256 5981 composuit,
1286 5927 1306 5961 ι
1361 5904 1552 5977 postea
1606 5912 1791 5961 rector
