3960 6346
172 332 289 392 505

1643 321 1966 385 ANNALES
2025 276 2032 285 ’

3347 339 3452 399 506

171 452 325 506 dona
371 441 631 516 suscepit,
669 449 725 498 et
753 441 840 498 his
866 440 958 513 qui
1001 440 1068 496 ad
1095 450 1334 495 marcam
1363 436 1710 512 Hispanicam
1741 442 1758 472 ί
1787 443 1841 504 Α
1864 447 1918 495 et
1962 438 2251 496 Anst‘ridus
2293 439 2462 498 abbas
2486 441 2534 473 "
2563 444 2882 502 monasterii
2928 446 3263 509 Nonantulae
3307 453 3453 512 Coi.-

171 537 432 596 mittendi
456 544 632 602 erant,
661 536 788 604 quid
812 535 896 589 vel
922 534 1154 604 qualiter
1182 549 1340 604 agere
1364 534 1643 600 deberent,
1669 534 1768 588 im-

171 634 420 708 peravit,
455 633 569 702 ipse
599 631 739 685 inter
766 628 1153 701 Compendium
1185 637 1238 683 et
1264 627 1597 684 Carisiacum
1625 637 1768 682 cete-

173 742 353 796 raque
379 725 466 780 his
494 723 672 778 vicina
717 721 914 792 palatia
943 736 1113 790 usque
1140 720 1206 774 ad
1252 719 1462 775 hiberni
1511 719 1768 788 temporis

176 821 399 875 initium
445 825 796 872 conversatus
837 822 940 870 est.
1000 814 1210 870 Interea
1261 829 1416 885 reges
1473 813 1764 878 Danorum,

177 910 276 965 ﬁlii
311 910 566 965 videlicet
612 909 632 938 ²
677 905 975 970 Godofridi,
1017 905 1328 962 Herioldum
1376 905 1443 960 de
1493 905 1768 960 consortio

179 1003 338 1072 regni
375 1001 655 1065 eicientes,
702 996 1171 1052 Nordmannorum
1225 999 1246 1028 ³
1281 996 1476 1051 ﬁnibus
1505 997 1768 1050 excedere

178 1094 583 1165 compulerunt.
626 1091 844 1162 Bulgari
871 1105 1085 1160 quoque
1117 1089 1338 1144 Sclavos
1366 1091 1418 1144 in
1443 1089 1720 1142 Pannonia
1746 1087 1768 1118 ‘

177 1188 460 1251 sedentes,
493 1185 659 1239 misso
687 1198 785 1252 per
817 1182 1052 1236 Dravum
1080 1181 1256 1236 navali
1305 1181 1570 1245 exercitu,
1623 1179 1768 1235 ferro

178 1274 235 1337 ἐι
267 1280 380 1352 igni
411 1283 779 1341 vastaverunt,
806 1285 861 1330 et
888 1275 1124 1344 expulsis
1151 1289 1336 1329 eorum
1363 1273 1608 1338 ducibus,
1640 1271 1768 1326 Bul-

178 1374 400 1445 garicos
451 1372 472 1403 '
516 1385 680 1440 super
733 1385 827 1425 eos
877 1369 897 1399 ⁶
945 1378 1183 1424 rectores
1213 1368 1628 1423 constituerunt.
1665 1367 1771 1421 Eu-

178 1468 375 1537 genius
405 1480 543 1536 papa
578 1477 763 1518 mense
785 1462 1027 1533 Augusto
1053 1463 1304 1529 decessit,
1335 1463 1389 1516 in
1416 1462 1569 1516 cuius
1592 1461 1800 1537 locum.

181 1560 510 1617 Valentinus
546 1559 810 1614 diaconus
842 1557 1164 1612 a‘Romanis
1191 1563 1246 1610 et
1273 1555 1480 1610 electus
1522 1556 1562 1619 ",
1589 1563 1646 1610 et
1680 1570 1772 1608 or-

181 1654 428 1718 dinatus,
463 1651 551 1706 vix
585 1665 754 1705 unum
795 1649 817 1679 ⁸
860 1663 1104 1703 mensem
1162 1649 1215 1702 in
1253 1648 1571 1718 pontiﬁcatu
1615 1663 1768 1702 com-

179 1745 382 1815 plevit,
426 1759 528 1814 quo
581 1743 860 1807 defuncto,
899 1740 1194 1811 Gregorius
1243 1741 1511 1812 presbiter
1562 1740 1703 1794 tituli
1746 1739 1767 1770 ’

181 1839 363 1892 sancti
391 1837 555 1892 Marci
603 1835 828 1902 electus,
878 1836 974 1891 sed
1019 1850 1126 1890 non
1158 1834 1310 1905 prius
1354 1836 1634 1890 ordinatus
1665 1843 1770 1902 est,
1800 1816 1848 1878 B

181 1947 348 2004 quam
392 1933 602 2004 legatus
634 1931 980 2002 imperatoris
1021 1929 1248 1984 Romam
1281 1930 1430 1983 venit
1468 1930 1532 1996 ⁸ο,
1579 1939 1633 1984 et
1667 1931 1774 1986 ele-

182 2026 422 2081 ctionem
448 2022 652 2094 populi,
691 2021 868 2092 qualis
911 2029 1057 2076 esset
1090 2021 1156 2086 “,
1191 2021 1543 2074 examinavit.
1584 2021 1774 2092 Legati

184 2115 501 2172 Michahelis
539 2114 884 2185 imperatoris
915 2113 981 2168 de
1019 2111 1483 2183 Constantinopoli
1511 2115 1553 2144 ¹¹
1584 2116 1652 2171 ad
1676 2117 1774 2171 im-

180 2218 494 2282 peratorem
553 2209 596 2239 ¹³
636 2208 791 2278 quasi
825 2215 1046 2278 propter
1100 2206 1291 2263 foedus
1343 2209 1774 2264 conﬁrmandum

181 2302 358 2365 missi,
422 2299 760 2370 Septembrio
820 2313 1004 2352 mense
1051 2297 1440 2369 Compendium
1485 2309 1772 2368 venerunt,

179 2409 320 2464 quos
358 2392 446 2447 ille
483 2393 555 2448 ibi
580 2393 812 2462 benigne
845 2391 888 2422 ⁸⁸
912 2400 1158 2462 receptos
1189 2399 1243 2446 et
1271 2393 1476 2447 audivit
1503 2399 1559 2446 et
1590 2391 1772 2447 absol—

178 2487 260 2540 vit
284 2486 351 2538 “'.
389 2485 631 2555 Corpora
666 2484 1106 2539 beatissimorum
1143 2485 1431 2538 martirum
1472 2483 1772 2539 Marcellini

179 2588 234 2633 et
287 2578 434 2632 Petri
470 2578 535 2631 de
567 2576 737 2631 Roma
804 2576 1039 2641 sublata,
1085 2583 1141 2630 et
1181 2575 1438 2630 Octobrio
1482 2591 1669 2631 mense
1718 2575 1772 2630 in

179 2669 470 2726 Franciam
498 2682 524 2710 ι
560 2669 843 2735 translata,
892 2678 948 2723 et
979 2669 1051 2723 ibi
1098 2669 1137 2699 ¹⁶
1177 2668 1361 2724 multis
1402 2669 1574 2740 signis
1609 2678 1772 2741 atque

177 2762 477 2817 virtutibus
513 2762 811 2818 clariﬁcata
848 2761 1056 2816 sunt'b.

772 2853 1181 2911 DCCCXXVIII.

249 2949 563 3006 Conventus
595 2948 934 3020 Aquasgrani
968 2948 1009 2980 "
1041 2963 1226 3004 mense
1255 2946 1555 3005 Februario
1596 2948 1773 3006 factus

175 3051 284 3108 est,
323 3043 378 3097 in
418 3058 525 3112 quo
555 3057 677 3096 cum
708 3041 773 3096 de
798 3039 982 3096 multis
1026 3039 1148 3096 aliis
1173 3041 1373 3107 causis,
1419 3050 1534 3095 tum
1561 3041 1773 3112 praeci-

174 3149 284 3204 pue
327 3135 392 3189 de
447 3133 531 3188 his
580 3147 719 3203 quae
761 3133 817 3187 in
867 3147 1051 3187 marca
1077 3131 1366 3202 Hispanica
1404 3134 1769 3205 contigerunt,

176 3227 326 3281 ratio
356 3226 563 3290 habita,
589 3233 643 3279 et
668 3224 832 3294 legati
860 3225 950 3295 qui
981 3227 1243 3280 exercitui
1273 3196 1773 3296 praeerantvculpa-
1799 3196 1844 3262 C

175 3319 329 3374 biles
380 3320 595 3384 inventi,
647 3328 704 3374 et
746 3320 896 3374 iuxta
949 3320 992 3350 ³⁸
1023 3321 1218 3376 merita
1279 3338 1376 3377 sua
1429 3324 1768 3378 honorum"

176 3411 477 3468 amissione
495 3411 699 3467 multati
727 3419 870 3467 sunt.
901 3410 1164 3467 Similiter
1190 3423 1245 3469 et
1271 3413 1546 3470 Baldricus
1573 3415 1635 3481 ’°,
1663 3417 1772 3472 dux

143 3497 590 3570 'Foroiuliensis,
627 3521 750 3560 cum
788 3513 1009 3576 propter
1041 3506 1160 3560 eius
1204 3507 1474 3578 ignaviam
1513 3508 1772 3580 Bulgaro-

175 3617 304 3656 rum
333 3601 603 3656 exercitus
647 3601 906 3656 terminos
943 3599 1252 3656 Pannoniae
1288 3603 1331 3633 ⁵¹
1364 3604 1660 3673 superioris
1690 3605 1773 3660 in-

174 3707 324 3762 pune
351 3699 640 3759 vastasset,
673 3692 970 3747 honoribus
997 3707 1134 3762 quos
1171 3693 1406 3748 habebat
1435 3695 1478 3724 ²¹
1503 3696 1767 3766 privatus,

178 3794 237 3839 et
261 3800 445 3840 marca
475 3801 638 3856 quam
665 3786 811 3841 solus
836 3787 1055 3842 tenebat
1081 3787 1146 3854 ’³,
1183 3787 1323 3842 inter
1352 3798 1583 3858 quatuor
1603 3789 1772 3846 comi-

178 3887 268 3932 tes
295 3877 468 3934 divisa
508 3887 609 3932 est.
663 3876 990 3948 Halitgarius
1031 3877 1441 3936 Camaracensis
1488 3882 1771 3952 episcopus

1871 533 2278 604 stantinopolim
2304 534 2475 600 missi,
2507 544 2561 590 et
2585 551 2616 589 a
2645 536 2903 593 Michaele
2931 541 3278 614 imperatore,
3312 549 3455 606 sicut

1870 625 1971 695 ipsi
2012 626 2136 681 inde
2168 627 2371 681 reversi
2414 627 2714 682 retulerunt
2741 630 2824 696 ¹⁸,
2866 631 3162 690 honoriﬁce
3214 642 3454 710 suscepti

1870 725 2016 771 sunt.
2042 716 2340 789 Imperator
2360 718 2508 774 lumo
2531 735 2714 776 mense
2740 721 2806 776 ad
2828 723 3180 795 lngilunheim
3204 731 3386 786 villam
3407 732 3454 764 “

1869 809 2037 872 venit,
2057 809 2236 879 ibique
2257 825 2356 881 per
2380 810 2579 881 aliquot
2603 813 2718 868 dies
2743 815 2997 884 placitum
3019 818 3227 886 habuit,
3252 821 3304 875 in
3323 839 3452 892 quo,

1871 919 1993 959 cum
2021 903 2086 958 ‘de
2115 903 2238 958 ﬁliis
2263 905 2374 959 suis
2404 904 2684 962 Hlothario
2709 919 2763 963 et
2790 908 3018 982 Pippino
3047 929 3168 969 cum
3215 918 3457 972 exercitu

1871 998 1939 1052 ad
1967 1014 2207 1053 marcam
2235 998 2581 1070 Hispanicam
2609 1003 2886 1060 mittendis
2914 1008 3196 1064 consilium
3243 1011 3455 1079 inisset,

1870 1097 1926 1145 et
1953 1090 2007 1146 id
2038 1093 2306 1162 quomodo
2334 1093 2488 1148 ﬁeret
2514 1095 2838 1164 ordiuasset,
2870 1100 3064 1156 missos
3088 1103 3130 1134 "’
3155 1105 3318 1160 etiam
3353 1105 3460 1162 Ro-

1870 1186 2016 1239 mani
2039 1186 2332 1256 pontiﬁcis,
2373 1189 2657 1254 Quirinum
2683 1191 3052 1261 primicerium
3097 1213 3161 1253 ac
3200 1199 3461 1254 Theoﬁla-

1872 1285 2021 1332 ctum
2048 1277 2092 1308 ³⁸
2120 1279 2597 1346 nomenclatorem,
2637 1283 2728 1351 qui
2772 1285 2840 1338 ad
2885 1301 3006 1340 eum
3051 1287 3140 1342 illo
3177 1299 3457 1358 venerant,

1872 1371 2055 1425 audita
2108 1371 2319 1427 illorum
2361 1373 2404 1403 ⁸³
2441 1373 2707 1445 legatione
2754 1377 3108 1446 dimississet,
3162 1383 3229 1437 ad
3278 1383 3461 1439 villam

1871 1462 2278 1520 Franconofurd
2301 1465 2346 1496 ³ο
2373 1465 2646 1537 profectus
2679 1477 2782 1534 est,
2801 1470 2981 1541 ibique
3003 1473 3312 1543 aliquandiu
3352 1492 3464 1531 me«

1873 1564 2044 1621 ratus,
2077 1554 2443 1612 Wormaciam
2491 1559 2660 1624 venit,
2697 1569 2856 1630 atque
2905 1563 3030 1618 inde
3075 1564 3118 1595 ³¹
3155 1565 3463 1622 Theodonis

1871 1647 2054 1702 villam
2076 1649 2347 1718 perrexit;
2375 1649 2442 1704 de
2463 1666 2568 1721 quo
2592 1651 2711 1707 loco
2735 1651 3075 1711 Hlotharium
3107 1655 3276 1712 ﬁlium
3303 1672 3463 1713 suum

1875 1755 1998 1795 cum
2045 1739 2090 1771 "
2139 1741 2349 1812 magnis
2392 1741 2726 1798 Francorum
2785 1747 2955 1817 cepiis
3006 1747 3073 1802 ad
3118 1747 3462 1819 Hispanicam

1876 1852 2117 1892 marcam
2147 1837 2362 1892 direxit.
2406 1837 2507 1904 Qui
2548 1854 2670 1893 cum
2697 1839 3015 1912 Lugdunum
3047 1843 3305 1910 venisset,
3335 1858 3463 1899 con-

1876 1930 2034 1996 sedit,
2062 1930 2317 1985 nuncium
2348 1931 2656 2001 opperiens,
2707 1932 2796 2002 qui
2837 1948 2897 1988 se
2932 1933 2998 1988 de
3038 1933 3465 1991 Sarracenorum

1875 2023 2106 2078 adventu
2170 2021 2373 2078 faceret
2416 2025 2744 2090 certiorem;
2800 2025 2855 2078 in
2927 2040 3033 2094 qua
3088 2027 3466 2098 expectatione

1875 2132 1999 2172 cum
2027 2115 2253 2186 Pippino
2297 2114 2468 2170 fratre
2508 2117 2875 2186 conloquitur,
2927 2125 2980 2172 et
3009 2127 3286 2189 comperto
3319 2119 3465 2190 quod

1877 2205 2165 2262 Sarraceni
2196 2207 2262 2261 ad
2302 2222 2543 2262 tnarcam
2569 2208 2756 2263 venire
2791 2215 2885 2262 aut
2922 2209 3176 2266 timerent
3222 2220 3314 2264 aut
3349 2209 3468 2265 nol-

1874 2297 2008 2363 lent,
2034 2299 2293 2354 redeunte
2322 2299 2376 2353 in
2415 2298 2763 2368 Aquitaniam
2792 2299 2984 2366 fratre,
3015 2301 3130 2371 ipse
3157 2300 3222 2355 ad
3253 2308 3465 2371 patrem

1873 2390 2215 2462 Aquasgrani
2267 2391 2577 2446 revertitur.
2619 2391 2838 2447 interea
2889 2409 3012 2448 cum
3058 2393 3114 2448 in
3162 2393 3468 2450 conﬁnibus

1876 2482 2346 2538 Nordmannorum
2375 2492 2484 2538 tam
2530 2485 2597 2540 de
2625 2484 2838 2541 foedere
2884 2486 3027 2543 inter
3064 2487 3185 2544 illos
3213 2495 3268 2542 et
3297 2487 3466 2568 Fran:

1874 2593 1969 2634 cos
2004 2578 2395 2643 conﬁrmando,
2440 2595 2602 2650 quam
2642 2581 2707 2634 de
2749 2579 2987 2636 Herioldi
3035 2583 3198 2638 rebus
3233 2590 3464 2638 tractan.

1875 2673 2003 2728 dum
2032 2671 2077 2702 ³³
2104 2679 2264 2734 esset,
2299 2679 2355 2726 et
2391 2672 2459 2727 ad
2488 2673 2591 2727 hoc
2618 2672 2785 2728 totius
2812 2688 2982 2743 paene
3009 2673 3056 2705 ”
3084 2673 3356 2730 Saxoniae
3373 2690 3465 2730 σου

1875 2763 2035 2818 mites
2059 2763 2219 2818 simul
2238 2779 2360 2819 cum
2383 2752 2914 2820 markionibus‘ﬁllo
2939 2766 3340 2832 convenissent,
3362 2766 3466 2821 lle—

1873 2857 2098 2922 rioldus,
2123 2873 2307 2912 rerum
2333 2857 2690 2928 gerendarum
2711 2858 2875 2912 nimis
2891 2858 3135 2928 cupidus,
3161 2857 3466 2914 condictam

1874 2958 1929 3003 et
1947 2963 2046 3018 per
2069 2948 2284 3004 obsides
2303 2947 2572 3002 ﬁrmatam
2595 2963 2804 3019 pacem,
2828 2948 3067 3003 incensis
3087 2964 3152 3004 ac
3173 2949 3400 3019 direptis
3421 2949 3467 2981 ³⁸

1874 3039 2083 3109 aliquot
2129 3038 2600 3094 Nordtcannorum
2639 3038 2859 3105 villulis,
2904 3039 3126 3109 inrupit.
3179 3038 3333 3107 Quod
3372 3055 3469 3095 au-

1876 3129 2085 3185 dientes
2114 3129 2209 3183 ﬁlii
2236 3127 2535 3195 Godofridi,
2588 3129 2884 3184 contractis
2932 3129 3112 3185 subito
3157 3130 3345 3200 copiis,
3398 3129 3467 3184 ad

1876 3237 2116 3277 marcam
2138 3221 2392 3285 veniunt,
2412 3229 2466 3275 et
2489 3228 2704 3275 nostros
2731 3221 2786 3274 in
2812 3221 2930 3289 ripa
2957 3220 3263 3291 Aegidorae
3293 3220 3468 3277 ﬁumi-

1875 3316 1960 3371 uis
1982 3314 2231 3370 sedentes
2269 3329 2332 3368 ac
2382 3312 2514 3366 nihil
2537 3311 2643 3367 tale
2667 3311 2952 3383 opinantes
2991 3313 3217 3368 transito
3247 3313 3468 3370 ﬂumine

1875 3409 2072 3474 adorti,
2097 3406 2291 3463 castris
2320 3415 2526 3462 exuunt
2566 3405 2633 3472 ⁸⁷,
2660 3407 2847 3477 eisque
2874 3406 2928 3460 in
2955 3404 3136 3477 fugam
3174 3407 3312 3462 actis
3337 3423 3467 3462 cun.

1875 3509 1962 3557 cta
1994 3502 2268 3572 diripiunt,
2309 3517 2372 3557 ac
2412 3516 2470 3556 se
2495 3517 2619 3556 eum
2649 3501 2899 3556 omnibus
2928 3501 3098 3571 c0piis
3124 3501 3236 3557 suis
3277 3503 3331 3556 in
3366 3516 3464 3558 sua

1874 3604 2056 3650 castra
2096 3595 2224 3665 reci,
2245 3595 2393 3661 iunt;
2428 3595 2620 3650 deinde
2664 3595 2799 3649 inito
2836 3595 3079 3660 consilio,
3111 3604 3170 3650 ut
3203 3596 3466 3652 ultionem

1875 3687 2037 3743 huius
2059 3686 2185 3742 facti
2210 3687 2606 3757 praevenirent,
2641 3687 2806 3743 missa
2837 3688 3103 3757 legatione
3137 3690 3202 3745 ad
3231 3690 3466 3761 impera-

1879 3781 2074 3852 torem,
2105 3801 2268 3858 quam
2295 3785 2446 3839 inviti
2493 3793 2547 3838 et
2587 3793 2786 3855 quanta
2820 3787 3144 3840 necessitate
3190 3787 3361 3840 coacti
3409 3785 3464 3842 id

1877 3878 2107 3935 fecerint
2132 3877 2198 3942 ³⁸,
2227 3883 2614 3945 exposuerunt,
2647 3891 2704 3931 se
2737 3885 2916 3930 tamen
2951 3875 3019 3930 ad
3045 3874 3462 3940 satisfactionem

1397 3971 1792 4028 VARIANTES
1828 3969 2233 4026 LECTIONES.

257 4039 276 4069 ¹
312 4041 591 4096 marcham
637 4041 941 4112 hispaniam
998 4040 1044 4094 B
1088 4042 1140 4094 5.
1181 4041 1232 4096 6.

177 4127 330 4184 qum.
400 4112 456 4184 7‘
511 4113 710 4184 pannia
753 4115 803 4167 1.
908 4113 928 4143 ⁵
965 4112 1239 4182 bulgarios
1285 4112 1332 4166 Β
1382 4115 1432 4168 5.

175 4182 235 4236 9.
312 4182 333 4212 ’
372 4182 529 4238 tituliw
561 4185 700 4238 deest
731 4185 764 4239 9
866 4184 905 4215 ¹⁰
949 4186 1244 4239 veniret....
1278 4187 1616 4240 examinaret
1661 4182 1712 4240 9.

177 4256 637 4326 constantinopoli
685 4256 824 4309 deest
870 4255 915 4308 Β
967 4253 1018 4308 5.
1101 4255 1142 4285 ¹³
1175 4256 1242 4310 ad
1271 4257 1340 4310 im

1339 4045 1359 4073 ³
1400 4044 1494 4097 ﬁlii
1541 4044 1746 4098 scilicet
1791 4043 1844 4099 9.

1535 4116 1556 4144 ⁸
1595 4115 1900 4186 bulgaricos
1949 4113 2028 4166 eis
2069 4111 2120 4166 9.
2219 4111 2238 4142 ⁷
2282 4111 2522 4166 romanis

1535 4195 1616 4240 ret
1661 4189 1712 4240 9.
1816 4183 2055 4255 “qualis
2108 4189 2254 4237 esset
2300 4181 2452 4237 deest
2504 4182 2538 4237 9

1416 4266 1651 4312 ratorem
1677 4258 1819 4311 deest
1859 4257 1912 4311 9.

1951 4042 1971 4072 ³
2010 4042 2538 4096 nordusmannorum
2580 4038 2644 4104 2;
2707 4037 2872 4107 igitur
2913 4045 2970 4092 ut
3021 4037 3078 4092 in
3121 4045 3263 4092 textu
3290 4037 3464 4108 legen-

2219 4111 2238 4142 ⁷
2282 4111 2522 4166 romanis
2568 4111 2774 4165 electus
2803 4109 2854 4162 '7.
2897 4109 2949 4164 9.
3048 4109 3070 4140 ⁸
3104 4125 3270 4164 unum
3321 4109 3463 4164 deest

2656 4182 2697 4212 ¹²
2738 4181 3038 4236 examinar.
3072 4180 3106 4235 Ι.
3141 4190 3196 4235 et
3223 4198 3296 4236 m.
3323 4182 3360 4236 i.
3395 4181 3462 4236 de

1993 4254 2038 4285 ιδ
2074 4270 2210 4325 quos
2238 4255 2534 4323 imperator
2560 4253 2794 4324 benigne
2835 4252 2888 4308 9.
2965 4253 3014 4325 Α¹³
3053 4252 3302 4325 absolvit.
3342 4251 3464 4325 Ipso

177 4335 429 4395 tempore
460 4323 780 4391 Heinardus,
810 4327 891 4380 sui
931 4327 1189 4396 temporis
1217 4323 1669 4396 prudentissimus
1711 4329 1978 4392 virorum,
2008 4323 2230 4381 sanctae
2261 4325 2565 4396 devotionis
2596 4323 2854 4380 incitatus
2883 4323 3076 4378 ardore
3104 4323 3332 4378 Romam
3360 4323 3462 4396 nri-

176 4392 365 4478 s_it,—et
405 4412 632 4478 corpora
679 4407 996 4478 sanctorum
1043 4392 1340 4478 Marcellini
1369 4407 1440 4478 _et
1496 4399 1640 4454 Petri
1699 4407 1968 4478 annuente
2018 4397 2274 4478 papanin
2317 4395 2619 4478 franciam
2671 4396 2800 4478 fecit
2852 4396 3258 4478 ‘transvehihet
3283 4392 3461 4478 “valde

176 4468 447 4540 decenter,
491 4464 544 4522 in
589 4469 808 4538 proprio
869 4468 1143 4523 territorio
1200 4470 1540 4540 propriisque
1585 4471 1889 4540 sumptibus
1937 4464 2287 4540 recondidit._
2313 4465 2554 4540 Quorum
2602 4468 2812 4540 meritis
2852 4467 3116 4540 hactenus
3161 4465 3234 4540 ibi
3281 4464 3462 4540 Domi-

173 4554 284 4593 nus
341 4538 509 4592 multa
556 4535 812 4608 operatur
847 4540 1111 4592 virtutum
1149 4535 1410 4594 miracula
1450 4535 1500 4594 7.
1557 4535 1892 4610 interpolatio
1937 4556 1999 4593 ea:
2058 4540 2164 4592 vita
2215 4535 2512 4591 llludowici
2574 4555 2689 4609 cap.
2752 4539 2840 4592 41.

179 4610 224 4641 ’⁷
250 4610 575 4662 aauastzrani
615 4611 664 4662 l.
693 4610 737 4662 Β
761 4611 812 4662 5.
847 4609 899 4662 6.
931 4609 1114 4662 reliqui
1137 4611 1470 4662 auuiscrani.
1571 4612 1612 4643 ιθ
1643 4612 1844 4662 inventi
1868 4611 2016 4662 iuxta
2042 4609 2095 4662 9.
2194 4609 2236 4639 ¹⁹
2270 4608 2465 4662 merita
2508 4610 2773 4662 honorum
2800 4609 2833 4662 9

1643 4620 1844 4666 inventi
1868 4620 2016 4665 iuxta
2042 4620 2095 4665 9.
2194 4620 2236 4639 "
2270 4620 2465 4663 merita
2509 4620 2557 4664 ιι(

1643 4684 1682 4712 ²²
1723 4699 1858 4753 quos
1909 4683 2142 4736 habebat
2186 4681 2327 4753 deest
2354 4680 2418 4753 9A:
2511 4680 2557 4753 sa

1767 4753 1812 4784 "
1835 4753 2017 4808 villam
2050 4762 2189 4806 aeest
2219 4751 2270 4806 9.

623 4823 666 4854 ”
697 4823 876 4902 audita
898 4838 1086 4878 eorum
1209 4895 1236 4902 __
1267 4825 1311 4855 ³ο
1337 4824 1735 4902 {rancenouurd
1874 4819 2928 4902 franchonol‘urthAB_6._‘[ranconofur_t
2960 4821 3011 4875 9.
3048 4819 3140 4902 ἐξ
3163 4826 3218 4873 ct
3259 4819 3456 4902 indeO9.

1785 4895 1831 4926 ”
1858 4896 2227 4950 markionihus
2253 4893 2299 4947 l.
2331 4892 2382 4946 2.
2413 4893 2466 4948 5.
2500 4891 2544 4946 Β
2566 4892 2617 4946 5.
2649 4892 3016 4947 marcionibus
3041 4888 3086 4943 B
3109 4889 3160 4944 6.
3195 4891 3459 4946 marchio—

179 4610 224 4641 ’⁷
250 4610 575 4680 aquasgrani
615 4611 664 4664 1.
693 4610 737 4662 Β
761 4611 812 4665 5.
847 4609 899 4663 6.
931 4609 1114 4680 reliqui
1137 4611 1470 4681 aquisgrani.
1571 4612 1612 4643 ¹⁸
1643 4613 1682 4666 ir

179 4696 278 4736 cus
330 4682 493 4735 etiam
530 4681 583 4735 9.
659 4683 703 4712 ¹¹
735 4681 943 4736 bulaari
988 4681 1127 4736 ﬁnes
1169 4683 1473 4736 nannoniae
1506 4683 1557 4736 9.
1637 4684 1682 4712 ²²

174 4696 278 4736 cus
330 4696 493 4735 etiam
530 4696 583 4735 ν.
661 4696 703 4712 ἰ
735 4696 943 4752 uulgari
988 4696 1127 4736 nues
1169 4698 1473 4751 pannomae
1506 4696 1557 4736 9.
1639 4696 1656 4712 ‘

173 4752 225 4782 "
255 4751 398 4806 abba
423 4751 468 4805 Β
490 4751 542 4805 5.
644 4752 691 4783 ’⁸
714 4753 914 4808 sicuti.
959 4753 994 4806 i.
1031 4769 1075 4806 ι’.
1108 4753 1408 4807 retulerunt
1441 4755 1580 4808 deest
1611 4754 1664 4808 9.

171 4823 574 4950 ῗῖῗῆἷιῖἶῗοιῗέη
593 4824 645 4951 θῖ

746 4895 790 4925 ³³
818 4895 1179 4967 tractatumB
1206 4895 1258 4949 5.
1360 4896 1404 4928 3"
1430 4911 1601 4967 poene
1626 4897 1677 4950 i.

2923 4537 2964 4568 ¹⁶
3007 4536 3269 4591 translata
3303 4535 3373 4589 ibi
3405 4535 3457 4590 9.

2194 4609 2236 4639 ¹⁹
2270 4608 2465 4663 merita
2508 4605 2773 4664 honorum
2800 4609 2854 4663 9.
2955 4609 3000 4639 ²⁰
3039 4616 3181 4662 sunt.
3227 4605 3464 4661 Balderi-

2583 4696 2745 4750 quam
2789 4680 2934 4734 solus
2978 4679 3198 4750 tenebat
3234 4677 3379 4750 deest
3405 4676 3458 4730 9.

2378 4751 2420 4782 ’⁷
2467 4749 2773 4806 ordinasset
2822 4752 3026 4821 legatos
3073 4749 3128 4821 9.7
3226 4749 3271 4821 ’Ἴ
3299 4749 3454 4821 theo-

168 4965 344 5021 nibus
363 4967 536 5020 ceteri.
615 4965 659 4998 ³⁸
683 4981 873 5037 pacem
922 4967 1069 5038 rupit
1112 4966 1368 5022 incensis.
1396 4960 1454 5023 ,ἶ
1483 5008 1498 5022 .
1522 4967 1666 5024 villis
1695 4968 1746 5024 9.
1825 4967 1867 4998 ³⁷
1898 4966 2092 5023 castris
2134 4965 2353 5022 exciuut
2391 4965 2442 5018 l.
2487 4964 2680 5020 castris
2709 4971 2907 5018 exeunt
2927 4961 2980 5015 4.
3058 4960 3103 4992 ³⁸
3131 4961 3372 5017 facerent
3402 4962 3456 5018 9;

1693 5057 1902 5114 NOTAE
1913 5098 1926 5111 .

249 5167 276 5195 α
319 5154 379 5226 In
405 5152 647 5210 Franci1e
691 5162 904 5226 partem
955 5153 1350 5226 Germanicam.

249 5227 279 5265 δ
305 5225 704 5281 Translationis
727 5227 1008 5281 historiam
1037 5226 1179 5295 ipse,
1213 5225 1304 5294 qui
1339 5239 1568 5295 corpora
1591 5230 1771 5295 trans-

167 5299 310 5355 ferri
335 5309 642 5362 curaverat,
668 5292 1212 5369 Eginhardusnbster
1233 5292 1474 5366 scripsit.
1516 5292 1617 5369 (Cf.
1634 5293 1769 5369 Acta

168 5369 281 5427 SS.
302 5369 544 5423 Bolland.
564 5370 650 5424 die
663 5364 806 5422 Junii
820 5369 854 5421 2
881 5368 897 5438 )
917 5367 1102 5422 Refert
1123 5369 1174 5421 in
1188 5383 1273 5430 ea,
1288 5364 1498 5436 partem
1517 5364 1771 5438 reliquia-

167 5457 300 5498 rum
311 5441 427 5510 jam
451 5439 550 5495 sub
580 5439 741 5494 ﬁnem
759 5435 1156 5510 anni'prreteriti
1173 5435 1654 5510 Michilinstadum,
1683 5435 1768 5489 in-

165 5508 357 5582 deque
409 5526 550 5566 anno
596 5511 698 5566 827
716 5512 801 5566 die
838 5508 914 5564 17
938 5508 1179 5582 Januarii
1218 5508 1623 5582 Mulinheiiuum
1651 5520 1771 5582 a__se

169 5577 524 5645 translatam,
541 5582 800 5652 reliquam
813 5597 943 5636 vero
956 5581 1022 5636 ab
1040 5579 1288 5634 Hildoino
1301 5579 1494 5633 abbate
1510 5585 1634 5652 octo
1655 5577 1771 5652 die-

165 5657 282 5712 bus
316 5662 440 5724 post
478 5649 684 5709 Pascha
711 5654 783 5708 ibi
823 5653 1085 5708 redditam
1115 5660 1167 5707 et
1187 5667 1284 5722 per
1311 5660 1553 5724 mstatem
1574 5649 1770 5718 Aquis-

168 5722 342 5812 δηιῐῆ
365 5733 656 5812 servatam,
673 5725 906 5812 tandem,
925 5733 1209 5812 postquam
1227 5722 1769 5812 ipseablimperatore

168 5792 238 5856 in
267 5796 612 5852 venationem
639 5792 942 5852 solemnem
957 5792 1198 5866 profecto
1227 5795 1460 5850 abeundi
1493 5792 1768 5866 licentiam

171 5868 494 5940 acceperit,
555 5863 974 5926 Mulinheimum‘
1025 5866 1304 5924 advectam
1366 5875 1529 5936 atque
1595 5863 1768 5922 sacris

1790 5155 1844 5216 D
1871 5152 2190 5223 corporibus
2238 5151 2436 5223 iterum
2488 5148 2934 5223 sociatam_e_sse.
2971 5144 3219 5223 Perfecta
3269 5147 3454 5223 igitur,

1871 5235 1931 5279 ut
1958 5217 2120 5294 supra
2151 5222 2367 5291 legitur,
2408 5234 2590 5294 mense
2613 5217 2865 5294 _Qctob_ri,
2898 5217 3269 5284 translatione,
3295 5217 3458 5290 Egin-

1874 5289 2076 5351 bardus
2105 5289 2523 5363 Aquisgranum,
2556 5289 2754 5363 ibidem
2789 5289 3147 5363 hiematurus,
3171 5289 3459 5363 regressus

1873 5375 1976 5422 est.
2021 5360 2264 5419 Hinc—rei
2283 5360 2490 5434 'gesta;
2508 5361 2912 5434 narrationem,
2929 5361 3142 5431 qualem
3168 5361 3221 5434 in
3249 5360 3458 5434 annali-

1871 5439 1973 5492 bus
1997 5437 2125 5490 etin
2151 5431 2524 5490 translationis
2563 5431 2788 5503 historia
2815 5431 3059 5503 legimus,
3093 5432 3294 5500 optime
3315 5432 3459 5503 inter

1872 5523 1931 5564 se
1960 5509 2236 5562 cohaerere
2263 5505 2492 5574 quisque
2532 5501 2813 5574 intelligit;
2858 5501 2912 5558 et
2943 5503 3126 5558 mirari
3155 5503 3327 5574 subit,
3356 5501 3453 5558 do-

1869 5587 1986 5635 ctos
2016 5579 2068 5632 id
2109 5578 2255 5630 viros
2282 5572 2372 5645 qui
2401 5573 2622 5629 annales
2650 5572 2864 5629 nostros
2897 5573 3204 5645 Eginhardo
3242 5572 3453 5641 abjudi-

1872 5657 2150 5714 caverunt,
2195 5644 2317 5702 eam
2360 5654 2571 5700 tantum
2613 5645 2682 5700 ob
2726 5661 2949 5703 causam
2980 5644 3164 5716 fugere
3191 5645 3452 5716 potuisse,

1871 5721 2118 5792 quodin
2149 5718 2376 5792 historia
2419 5716 2790 5792 translationis
2820 5719 2959 5792 dies
2985 5713 3344 5792 “Januarii,
3399 5716 3456 5792 i_n

1868 5785 2154 5848 annalibus
2191 5789 2424 5848 October
2465 5789 2670 5846 mensis
2715 5788 3086 5848 translationis
3120 5785 3324 5855 epocha
3379 5785 3454 5842 si-

1866 5871 2060 5923 statur.
