  <div class='ocr_page' id='page_1' title='image "/cluster/home/n/w/nwhite01/storage/ocr_20150623/104/hvd.32044015466824/269.png"; bbox 0 0 3960 6346; ppageno 0'>
   <div class='ocr_carea' id='block_1_1' title="bbox 511 342 617 424">
    <p class='ocr_par' dir='ltr' id='par_1_1' title="bbox 511 342 617 424">
     <span class='ocr_line' id='line_1_1' title="bbox 511 342 617 424; baseline -0.028 0"><span class='ocrx_word' id='word_1_1' title='bbox 511 342 617 424; x_wconf 69' lang='lat'><strong>807</strong></span> 
     </span>
    </p>
   </div>
   <div class='ocr_carea' id='block_1_2' title="bbox 1780 336 2484 424">
    <p class='ocr_par' dir='ltr' id='par_1_2' title="bbox 1780 336 2484 424">
     <span class='ocr_line' id='line_1_2' title="bbox 1780 336 2484 424; baseline -0.006 0"><span class='ocrx_word' id='word_1_2' title='bbox 1780 340 2159 424; x_wconf 62' lang='grc' dir='ltr'><strong>ΕαιΝΗᾹΡζῦἰ</strong></span> <span class='ocrx_word' id='word_1_3' title='bbox 2193 336 2484 422; x_wconf 62' lang='grc' dir='ltr'><strong>Ᾰὴῐὶᾼτιε</strong></span> 
     </span>
    </p>
   </div>
   <div class='ocr_carea' id='block_1_3' title="bbox 3666 362 3762 425">
    <p class='ocr_par' dir='ltr' id='par_1_3' title="bbox 3666 362 3762 425">
     <span class='ocr_line' id='line_1_3' title="bbox 3666 362 3762 425; baseline 0 0"><span class='ocrx_word' id='word_1_4' title='bbox 3666 362 3762 425; x_wconf 78' lang='lat'><strong>508</strong></span> 
     </span>
    </p>
   </div>
   <div class='ocr_carea' id='block_1_4' title="bbox 510 456 3765 564">
    <p class='ocr_par' dir='ltr' id='par_1_4' title="bbox 510 456 3765 564">
     <span class='ocr_line' id='line_1_4' title="bbox 510 456 3765 564; baseline 0.002 -29"><span class='ocrx_word' id='word_1_5' title='bbox 510 494 631 535; x_wconf 90' lang='lat' dir='ltr'><strong>esse</strong></span> <span class='ocrx_word' id='word_1_6' title='bbox 676 464 917 564; x_wconf 74' lang='lat' dir='ltr'><strong>paratos,</strong></span> <span class='ocrx_word' id='word_1_7' title='bbox 946 462 1002 539; x_wconf 82' lang='lat' dir='ltr'><strong>et</strong></span> <span class='ocrx_word' id='word_1_8' title='bbox 1032 464 1137 561; x_wconf 83' lang='lat' dir='ltr'><strong>hoc</strong></span> <span class='ocrx_word' id='word_1_9' title='bbox 1166 479 1222 537; x_wconf 91' lang='lat' dir='ltr'><strong>in</strong></span> <span class='ocrx_word' id='word_1_10' title='bbox 1252 460 1594 561; x_wconf 67' lang='lat' dir='ltr'><strong>imperatoris</strong></span> <span class='ocrx_word' id='word_1_11' title='bbox 1618 486 1765 539; x_wconf 91' lang='lat' dir='ltr'><strong>esset</strong></span> <span class='ocrx_word' id='word_1_12' title='bbox 1794 466 1812 512; x_wconf 66' lang='grc' dir='ltr'><strong>ί</strong></span> <span class='ocrx_word' id='word_1_13' title='bbox 1843 480 2088 549; x_wconf 89' lang='lat' dir='ltr'><strong>arbitrio,</strong></span> <span class='ocrx_word' id='word_1_14' title='bbox 2116 466 2172 549; x_wconf 70' lang='grc' dir='ltr'><strong>Α</strong></span> <span class='ocrx_word' id='word_1_15' title='bbox 2194 474 2416 547; x_wconf 86' lang='lat' dir='ltr'><strong>tectam,</strong></span> <span class='ocrx_word' id='word_1_16' title='bbox 2441 470 2509 534; x_wconf 69' lang='lat' dir='ltr'><strong>ex</strong></span> <span class='ocrx_word' id='word_1_17' title='bbox 2532 456 2687 553; x_wconf 64' lang='lat' dir='ltr'><strong>paris</strong></span> <span class='ocrx_word' id='word_1_18' title='bbox 2725 472 2836 534; x_wconf 74' lang='lat' dir='ltr'><strong>non</strong></span> <span class='ocrx_word' id='word_1_19' title='bbox 2876 472 3089 533; x_wconf 70' lang='lat' dir='ltr'><strong>mddi‘ca’</strong></span> <span class='ocrx_word' id='word_1_20' title='bbox 3131 460 3446 536; x_wconf 76' lang='lat' dir='ltr'><strong>denudaret.</strong></span> <span class='ocrx_word' id='word_1_21' title='bbox 3478 470 3765 555; x_wconf 78' lang='lat' dir='ltr'><strong>imperator</strong></span> 
     </span>
    </p>
   </div>
   <div class='ocr_carea' id='block_1_5' title="bbox 510 562 2092 653">
    <p class='ocr_par' dir='ltr' id='par_1_5' title="bbox 510 562 2092 653">
     <span class='ocr_line' id='line_1_5' title="bbox 510 562 2092 653; baseline 0.001 -26"><span class='ocrx_word' id='word_1_22' title='bbox 510 572 743 646; x_wconf 81' lang='lat' dir='ltr'><strong>qualiter</strong></span> <span class='ocrx_word' id='word_1_23' title='bbox 773 562 794 606; x_wconf 63' lang='grc' dir='ltr'><strong>ί</strong></span> <span class='ocrx_word' id='word_1_24' title='bbox 844 575 922 653; x_wconf 79' lang='lat' dir='ltr'><strong>ita</strong></span> <span class='ocrx_word' id='word_1_25' title='bbox 948 564 1105 632; x_wconf 87' lang='lat' dir='ltr'><strong>iieret</strong></span> <span class='ocrx_word' id='word_1_26' title='bbox 1138 575 1500 640; x_wconf 88' lang='lat' dir='ltr'><strong>emendatum,</strong></span> <span class='ocrx_word' id='word_1_27' title='bbox 1531 582 1591 630; x_wconf 91' lang='lat' dir='ltr'><strong>ut</strong></span> <span class='ocrx_word' id='word_1_28' title='bbox 1623 573 1691 630; x_wconf 88' lang='lat' dir='ltr'><strong>de</strong></span> <span class='ocrx_word' id='word_1_29' title='bbox 1716 562 2092 653; x_wconf 85' lang='lat' dir='ltr'><strong>reliquointer</strong></span> 
     </span>
    </p>
   </div>
   <div class='ocr_carea' id='block_1_6' title="bbox 507 650 2090 738">
    <p class='ocr_par' dir='ltr' id='par_1_6' title="bbox 507 650 2090 738">
     <span class='ocr_line' id='line_1_6' title="bbox 507 650 2090 738; baseline -0.001 -16"><span class='ocrx_word' id='word_1_30' title='bbox 507 673 687 738; x_wconf 87' lang='lat' dir='ltr'><strong>partes</strong></span> <span class='ocrx_word' id='word_1_31' title='bbox 726 682 831 738; x_wconf 82' lang='lat' dir='ltr'><strong>pax</strong></span> <span class='ocrx_word' id='word_1_32' title='bbox 858 650 1017 722; x_wconf 85' lang='lat' dir='ltr'><strong>firma</strong></span> <span class='ocrx_word' id='word_1_33' title='bbox 1067 674 1331 721; x_wconf 84' lang='lat' dir='ltr'><strong>maneret.</strong></span> <span class='ocrx_word' id='word_1_34' title='bbox 1373 664 1681 723; x_wconf 73' lang='lat' dir='ltr'><strong>Bonifacius</strong></span> <span class='ocrx_word' id='word_1_35' title='bbox 1714 650 1735 697; x_wconf 66' lang='grc'><strong>⁵</strong></span> <span class='ocrx_word' id='word_1_36' title='bbox 1763 650 1961 728; x_wconf 78' lang='lat' dir='ltr'><strong>comes,</strong></span> <span class='ocrx_word' id='word_1_37' title='bbox 2002 658 2090 721; x_wconf 90' lang='lat' dir='ltr'><strong>cui</strong></span> 
     </span>
    </p>
   </div>
   <div class='ocr_carea' id='block_1_7' title="bbox 507 742 2091 827">
    <p class='ocr_par' dir='ltr' id='par_1_7' title="bbox 507 742 2091 827">
     <span class='ocr_line' id='line_1_7' title="bbox 507 742 2091 827; baseline 0.001 -14"><span class='ocrx_word' id='word_1_38' title='bbox 507 757 673 814; x_wconf 80' lang='lat' dir='ltr'><strong>tutela</strong></span> <span class='ocrx_word' id='word_1_39' title='bbox 700 757 951 815; x_wconf 82' lang='lat' dir='ltr'><strong>Corsicae</strong></span> <span class='ocrx_word' id='word_1_40' title='bbox 976 742 1184 814; x_wconf 75' lang='lat' dir='ltr'><strong>insulae</strong></span> <span class='ocrx_word' id='word_1_41' title='bbox 1215 769 1344 815; x_wconf 89' lang='lat' dir='ltr'><strong>tunc</strong></span> <span class='ocrx_word' id='word_1_42' title='bbox 1384 765 1513 827; x_wconf 83' lang='lat' dir='ltr'><strong>erat</strong></span> <span class='ocrx_word' id='word_1_43' title='bbox 1544 757 1851 825; x_wconf 88' lang='lat' dir='ltr'><strong>commissa,</strong></span> <span class='ocrx_word' id='word_1_44' title='bbox 1880 759 2091 814; x_wconf 86' lang='lat' dir='ltr'><strong>adsum-</strong></span> 
     </span>
    </p>
   </div>
   <div class='ocr_carea' id='block_1_8' title="bbox 505 846 2087 927">
    <p class='ocr_par' dir='ltr' id='par_1_8' title="bbox 505 846 2087 927">
     <span class='ocr_line' id='line_1_8' title="bbox 505 846 2087 927; baseline 0 -23"><span class='ocrx_word' id='word_1_45' title='bbox 505 858 601 927; x_wconf 87' lang='lat' dir='ltr'><strong>pto</strong></span> <span class='ocrx_word' id='word_1_46' title='bbox 630 866 812 907; x_wconf 84' lang='lat' dir='ltr'><strong>secum</strong></span> <span class='ocrx_word' id='word_1_47' title='bbox 839 850 1007 908; x_wconf 78' lang='lat' dir='ltr'><strong>fratre</strong></span> <span class='ocrx_word' id='word_1_48' title='bbox 1031 851 1326 907; x_wconf 87' lang='lat' dir='ltr'><strong>Berehario</strong></span> <span class='ocrx_word' id='word_1_49' title='bbox 1354 849 1374 882; x_wconf 78' lang='lat'><strong>&quot;</strong></span> <span class='ocrx_word' id='word_1_50' title='bbox 1413 866 1515 907; x_wconf 92' lang='lat' dir='ltr'><strong>nec</strong></span> <span class='ocrx_word' id='word_1_51' title='bbox 1558 867 1663 905; x_wconf 92' lang='lat' dir='ltr'><strong>non</strong></span> <span class='ocrx_word' id='word_1_52' title='bbox 1693 846 1713 881; x_wconf 77' lang='grc'><strong><em>⁸</em></strong></span> <span class='ocrx_word' id='word_1_53' title='bbox 1741 859 1797 906; x_wconf 91' lang='lat' dir='ltr'><strong>et</strong></span> <span class='ocrx_word' id='word_1_54' title='bbox 1822 850 1941 906; x_wconf 88' lang='lat' dir='ltr'><strong>aliis</strong></span> <span class='ocrx_word' id='word_1_55' title='bbox 1965 849 2087 921; x_wconf 90' lang='lat' dir='ltr'><strong>qui-</strong></span> 
     </span>
    </p>
   </div>
   <div class='ocr_carea' id='block_1_9' title="bbox 505 941 2087 1014">
    <p class='ocr_par' dir='ltr' id='par_1_9' title="bbox 505 941 2087 1014">
     <span class='ocr_line' id='line_1_9' title="bbox 505 941 2087 1014; baseline 0.001 -16"><span class='ocrx_word' id='word_1_56' title='bbox 505 941 735 1000; x_wconf 86' lang='lat' dir='ltr'><strong>busdam</strong></span> <span class='ocrx_word' id='word_1_57' title='bbox 759 944 1045 1001; x_wconf 73' lang='lat' dir='ltr'><strong>comitibus</strong></span> <span class='ocrx_word' id='word_1_58' title='bbox 1074 942 1141 998; x_wconf 89' lang='lat' dir='ltr'><strong>de</strong></span> <span class='ocrx_word' id='word_1_59' title='bbox 1171 942 1388 1005; x_wconf 86' lang='lat' dir='ltr'><strong>Tuscia.</strong></span> <span class='ocrx_word' id='word_1_60' title='bbox 1432 941 1706 1000; x_wconf 85' lang='lat' dir='ltr'><strong>Corsicam</strong></span> <span class='ocrx_word' id='word_1_61' title='bbox 1750 951 1912 1014; x_wconf 89' lang='lat' dir='ltr'><strong>atque</strong></span> <span class='ocrx_word' id='word_1_62' title='bbox 1955 942 2087 1000; x_wconf 90' lang='lat' dir='ltr'><strong>Sar-</strong></span> 
     </span>
    </p>
   </div>
   <div class='ocr_carea' id='block_1_10' title="bbox 508 1030 2088 1108">
    <p class='ocr_par' dir='ltr' id='par_1_10' title="bbox 508 1030 2088 1108">
     <span class='ocr_line' id='line_1_10' title="bbox 508 1030 2088 1108; baseline 0.001 -17"><span class='ocrx_word' id='word_1_63' title='bbox 508 1035 708 1093; x_wconf 88' lang='lat' dir='ltr'><strong>diniam</strong></span> <span class='ocrx_word' id='word_1_64' title='bbox 735 1053 901 1108; x_wconf 85' lang='lat' dir='ltr'><strong>parva</strong></span> <span class='ocrx_word' id='word_1_65' title='bbox 938 1037 1113 1094; x_wconf 84' lang='lat' dir='ltr'><strong>classe</strong></span> <span class='ocrx_word' id='word_1_66' title='bbox 1156 1037 1568 1102; x_wconf 74' lang='lat' dir='ltr'><strong>circumvectus,</strong></span> <span class='ocrx_word' id='word_1_67' title='bbox 1620 1030 1744 1091; x_wconf 80' lang='lat' dir='ltr'><strong>cum</strong></span> <span class='ocrx_word' id='word_1_68' title='bbox 1776 1036 1978 1092; x_wconf 91' lang='lat' dir='ltr'><strong>nullum</strong></span> <span class='ocrx_word' id='word_1_69' title='bbox 2032 1037 2088 1093; x_wconf 92' lang='lat' dir='ltr'><strong>in</strong></span> 
     </span>
    </p>
   </div>
   <div class='ocr_carea' id='block_1_11' title="bbox 505 1116 2089 1199">
    <p class='ocr_par' dir='ltr' id='par_1_11' title="bbox 505 1116 2089 1199">
     <span class='ocr_line' id='line_1_11' title="bbox 505 1116 2089 1199; baseline 0.002 -17"><span class='ocrx_word' id='word_1_70' title='bbox 505 1128 646 1184; x_wconf 89' lang='lat' dir='ltr'><strong>mari</strong></span> <span class='ocrx_word' id='word_1_71' title='bbox 687 1128 919 1199; x_wconf 91' lang='lat' dir='ltr'><strong>piratam</strong></span> <span class='ocrx_word' id='word_1_72' title='bbox 965 1126 1278 1193; x_wconf 84' lang='lat' dir='ltr'><strong>invenisset,</strong></span> <span class='ocrx_word' id='word_1_73' title='bbox 1324 1128 1376 1182; x_wconf 93' lang='lat' dir='ltr'><strong>in</strong></span> <span class='ocrx_word' id='word_1_74' title='bbox 1421 1127 1662 1182; x_wconf 82' lang='lat' dir='ltr'><strong>Africam</strong></span> <span class='ocrx_word' id='word_1_75' title='bbox 1691 1116 1712 1159; x_wconf 64' lang='grc' dir='ltr'>δ</span> <span class='ocrx_word' id='word_1_76' title='bbox 1746 1128 1985 1194; x_wconf 78' lang='lat' dir='ltr'><strong>traiecit,</strong></span> <span class='ocrx_word' id='word_1_77' title='bbox 2034 1136 2089 1185; x_wconf 87' lang='lat' dir='ltr'><strong>et</strong></span> 
     </span>
    </p>
   </div>
   <div class='ocr_carea' id='block_1_12' title="bbox 506 1208 2087 1291">
    <p class='ocr_par' dir='ltr' id='par_1_12' title="bbox 506 1208 2087 1291">
     <span class='ocr_line' id='line_1_12' title="bbox 506 1208 2087 1291; baseline 0.001 -17"><span class='ocrx_word' id='word_1_78' title='bbox 506 1218 649 1275; x_wconf 91' lang='lat' dir='ltr'><strong>inter</strong></span> <span class='ocrx_word' id='word_1_79' title='bbox 680 1219 886 1277; x_wconf 79' lang='lat' dir='ltr'><strong>Uticam</strong></span> <span class='ocrx_word' id='word_1_80' title='bbox 923 1231 1082 1291; x_wconf 90' lang='lat' dir='ltr'><strong>atque</strong></span> <span class='ocrx_word' id='word_1_81' title='bbox 1116 1208 1462 1291; x_wconf 79' lang='lat' dir='ltr'><strong>Kartaginem</strong></span> <span class='ocrx_word' id='word_1_82' title='bbox 1487 1218 1507 1249; x_wconf 89' lang='lat'><strong>&quot;</strong></span> <span class='ocrx_word' id='word_1_83' title='bbox 1544 1234 1815 1289; x_wconf 82' lang='lat' dir='ltr'><strong>egressus,</strong></span> <span class='ocrx_word' id='word_1_84' title='bbox 1840 1210 2087 1276; x_wconf 88' lang='lat' dir='ltr'><strong>innume-</strong></span> 
     </span>
    </p>
   </div>
   <div class='ocr_carea' id='block_1_13' title="bbox 506 1300 2087 1384">
    <p class='ocr_par' dir='ltr' id='par_1_13' title="bbox 506 1300 2087 1384">
     <span class='ocr_line' id='line_1_13' title="bbox 506 1300 2087 1384; baseline -0.001 -16"><span class='ocrx_word' id='word_1_85' title='bbox 506 1326 627 1368; x_wconf 89' lang='lat' dir='ltr'><strong>ram</strong></span> <span class='ocrx_word' id='word_1_86' title='bbox 654 1313 951 1370; x_wconf 87' lang='lat' dir='ltr'><strong>incolarum</strong></span> <span class='ocrx_word' id='word_1_87' title='bbox 979 1311 1375 1368; x_wconf 85' lang='lat' dir='ltr'><strong>multitudinem</strong></span> <span class='ocrx_word' id='word_1_88' title='bbox 1401 1311 1579 1366; x_wconf 90' lang='lat' dir='ltr'><strong>subito</strong></span> <span class='ocrx_word' id='word_1_89' title='bbox 1602 1320 1977 1384; x_wconf 84' lang='lat' dir='ltr'><strong>congregatam</strong></span> <span class='ocrx_word' id='word_1_90' title='bbox 2005 1300 2087 1366; x_wconf 77' lang='lat' dir='ltr'><strong>of-</strong></span> 
     </span>
    </p>
   </div>
   <div class='ocr_carea' id='block_1_14' title="bbox 504 1396 2086 1476">
    <p class='ocr_par' dir='ltr' id='par_1_14' title="bbox 504 1396 2086 1476">
     <span class='ocr_line' id='line_1_14' title="bbox 504 1396 2086 1476; baseline 0.003 -22"><span class='ocrx_word' id='word_1_91' title='bbox 504 1398 697 1469; x_wconf 79' lang='lat' dir='ltr'><strong>fendit,</strong></span> <span class='ocrx_word' id='word_1_92' title='bbox 724 1419 847 1460; x_wconf 91' lang='lat' dir='ltr'><strong>cum</strong></span> <span class='ocrx_word' id='word_1_93' title='bbox 872 1396 978 1476; x_wconf 86' lang='lat' dir='ltr'><strong>qua</strong></span> <span class='ocrx_word' id='word_1_94' title='bbox 1006 1411 1061 1457; x_wconf 87' lang='lat' dir='ltr'><strong>et</strong></span> <span class='ocrx_word' id='word_1_95' title='bbox 1092 1401 1355 1474; x_wconf 89' lang='lat' dir='ltr'><strong>proelium</strong></span> <span class='ocrx_word' id='word_1_96' title='bbox 1390 1396 1686 1467; x_wconf 85' lang='lat' dir='ltr'><strong>conseruit,</strong></span> <span class='ocrx_word' id='word_1_97' title='bbox 1717 1410 1773 1458; x_wconf 87' lang='lat' dir='ltr'><strong>et</strong></span> <span class='ocrx_word' id='word_1_98' title='bbox 1798 1396 2086 1473; x_wconf 81' lang='lat' dir='ltr'><strong>quinquies</strong></span> 
     </span>
    </p>
   </div>
   <div class='ocr_carea' id='block_1_15' title="bbox 503 1486 2086 1566">
    <p class='ocr_par' dir='ltr' id='par_1_15' title="bbox 503 1486 2086 1566">
     <span class='ocr_line' id='line_1_15' title="bbox 503 1486 2086 1566; baseline 0.001 -19"><span class='ocrx_word' id='word_1_99' title='bbox 503 1488 592 1547; x_wconf 92' lang='lat' dir='ltr'><strong>vel</strong></span> <span class='ocrx_word' id='word_1_100' title='bbox 611 1508 676 1548; x_wconf 90' lang='lat' dir='ltr'><strong>eo</strong></span> <span class='ocrx_word' id='word_1_101' title='bbox 701 1488 929 1563; x_wconf 83' lang='lat' dir='ltr'><strong>amplius</strong></span> <span class='ocrx_word' id='word_1_102' title='bbox 953 1492 1128 1548; x_wconf 83' lang='lat' dir='ltr'><strong>fusam</strong></span> <span class='ocrx_word' id='word_1_103' title='bbox 1150 1486 1498 1563; x_wconf 71' lang='lat' dir='ltr'><strong>fugatumque</strong></span> <span class='ocrx_word' id='word_1_104' title='bbox 1517 1492 1837 1565; x_wconf 87' lang='lat' dir='ltr'><strong>profligavit,</strong></span> <span class='ocrx_word' id='word_1_105' title='bbox 1862 1488 2086 1566; x_wconf 80' lang='lat' dir='ltr'><strong>inagna-</strong></span> 
     </span>
    </p>
   </div>
   <div class='ocr_carea' id='block_1_16' title="bbox 504 1576 2083 1655">
    <p class='ocr_par' dir='ltr' id='par_1_16' title="bbox 504 1576 2083 1655">
     <span class='ocr_line' id='line_1_16' title="bbox 504 1576 2083 1655; baseline 0.003 -19"><span class='ocrx_word' id='word_1_106' title='bbox 504 1597 611 1652; x_wconf 89' lang='lat' dir='ltr'><strong>que</strong></span> <span class='ocrx_word' id='word_1_107' title='bbox 659 1582 913 1641; x_wconf 79' lang='lat' dir='ltr'><strong>Afrorum</strong></span> <span class='ocrx_word' id='word_1_108' title='bbox 964 1583 1307 1640; x_wconf 84' lang='lat' dir='ltr'><strong>multitudine</strong></span> <span class='ocrx_word' id='word_1_109' title='bbox 1375 1584 1674 1653; x_wconf 85' lang='lat' dir='ltr'><strong>prostrata,</strong></span> <span class='ocrx_word' id='word_1_110' title='bbox 1727 1576 2018 1655; x_wconf 84' lang='lat' dir='ltr'><strong>aliquantis</strong></span> <span class='ocrx_word' id='word_1_111' title='bbox 2060 1584 2083 1619; x_wconf 82' lang='grc'>⁸</span> 
     </span>
    </p>
   </div>
   <div class='ocr_carea' id='block_1_17' title="bbox 502 1666 2083 1746">
    <p class='ocr_par' dir='ltr' id='par_1_17' title="bbox 502 1666 2083 1746">
     <span class='ocr_line' id='line_1_17' title="bbox 502 1666 2083 1746; baseline 0.001 -16"><span class='ocrx_word' id='word_1_112' title='bbox 502 1673 667 1730; x_wconf 89' lang='lat' dir='ltr'><strong>etiam</strong></span> <span class='ocrx_word' id='word_1_113' title='bbox 695 1666 954 1731; x_wconf 84' lang='lat' dir='ltr'><strong>sotiorum</strong></span> <span class='ocrx_word' id='word_1_114' title='bbox 986 1668 1207 1732; x_wconf 85' lang='lat' dir='ltr'><strong>suorum</strong></span> <span class='ocrx_word' id='word_1_115' title='bbox 1232 1689 1332 1746; x_wconf 89' lang='lat' dir='ltr'><strong>per</strong></span> <span class='ocrx_word' id='word_1_116' title='bbox 1363 1666 1723 1729; x_wconf 85' lang='lat' dir='ltr'><strong>temeritatem</strong></span> <span class='ocrx_word' id='word_1_117' title='bbox 1766 1674 1999 1743; x_wconf 90' lang='lat' dir='ltr'><strong>amissis,</strong></span> <span class='ocrx_word' id='word_1_118' title='bbox 2028 1672 2083 1731; x_wconf 87' lang='lat' dir='ltr'><strong>in</strong></span> 
     </span>
    </p>
   </div>
   <div class='ocr_carea' id='block_1_18' title="bbox 502 1764 2083 1842">
    <p class='ocr_par' dir='ltr' id='par_1_18' title="bbox 502 1764 2083 1842">
     <span class='ocr_line' id='line_1_18' title="bbox 502 1764 2083 1842; baseline 0.003 -22"><span class='ocrx_word' id='word_1_119' title='bbox 502 1782 670 1823; x_wconf 86' lang='lat' dir='ltr'><strong>naves</strong></span> <span class='ocrx_word' id='word_1_120' title='bbox 716 1784 841 1825; x_wconf 86' lang='lat' dir='ltr'><strong>suas</strong></span> <span class='ocrx_word' id='word_1_121' title='bbox 885 1764 943 1825; x_wconf 85' lang='lat' dir='ltr'><strong>se</strong></span> <span class='ocrx_word' id='word_1_122' title='bbox 987 1771 1211 1842; x_wconf 89' lang='lat' dir='ltr'><strong>recepit,</strong></span> <span class='ocrx_word' id='word_1_123' title='bbox 1259 1774 1420 1838; x_wconf 86' lang='lat' dir='ltr'><strong>atque</strong></span> <span class='ocrx_word' id='word_1_124' title='bbox 1466 1766 1569 1825; x_wconf 90' lang='lat' dir='ltr'><strong>hoc</strong></span> <span class='ocrx_word' id='word_1_125' title='bbox 1623 1768 1766 1824; x_wconf 88' lang='lat' dir='ltr'><strong>facto</strong></span> <span class='ocrx_word' id='word_1_126' title='bbox 1812 1768 2083 1841; x_wconf 80' lang='lat' dir='ltr'><strong>ingentem</strong></span> 
     </span>
    </p>
   </div>
   <div class='ocr_carea' id='block_1_19' title="bbox 499 1854 2082 1931">
    <p class='ocr_par' dir='ltr' id='par_1_19' title="bbox 499 1854 2082 1931">
     <span class='ocr_line' id='line_1_19' title="bbox 499 1854 2082 1931; baseline 0.004 -19"><span class='ocrx_word' id='word_1_127' title='bbox 499 1854 645 1914; x_wconf 83' lang='lat' dir='ltr'><strong>Afris</strong></span> <span class='ocrx_word' id='word_1_128' title='bbox 679 1856 927 1916; x_wconf 87' lang='lat' dir='ltr'><strong>timorem</strong></span> <span class='ocrx_word' id='word_1_129' title='bbox 973 1858 1216 1918; x_wconf 89' lang='lat' dir='ltr'><strong>incusslt.</strong></span> <span class='ocrx_word' id='word_1_130' title='bbox 1254 1860 1406 1919; x_wconf 88' lang='lat' dir='ltr'><strong>Luna</strong></span> <span class='ocrx_word' id='word_1_131' title='bbox 1441 1860 1695 1917; x_wconf 78' lang='lat' dir='ltr'><strong>Kalendis</strong></span> <span class='ocrx_word' id='word_1_132' title='bbox 1721 1860 1798 1915; x_wconf 94' lang='lat' dir='ltr'><strong>lul</strong></span> <span class='ocrx_word' id='word_1_133' title='bbox 1827 1860 1869 1914; x_wconf 72' lang='grc' dir='ltr'><strong>θ.</strong></span> <span class='ocrx_word' id='word_1_134' title='bbox 1906 1862 2082 1931; x_wconf 89' lang='lat' dir='ltr'><strong>primo</strong></span> 
     </span>
    </p>
   </div>
   <div class='ocr_carea' id='block_1_20' title="bbox 501 1946 2083 2021">
    <p class='ocr_par' dir='ltr' id='par_1_20' title="bbox 501 1946 2083 2021">
     <span class='ocr_line' id='line_1_20' title="bbox 501 1946 2083 2021; baseline 0.003 -18"><span class='ocrx_word' id='word_1_135' title='bbox 501 1947 737 2007; x_wconf 89' lang='lat' dir='ltr'><strong>diluculo</strong></span> <span class='ocrx_word' id='word_1_136' title='bbox 781 1952 838 2007; x_wconf 90' lang='lat' dir='ltr'><strong>in</strong></span> <span class='ocrx_word' id='word_1_137' title='bbox 887 1969 1086 2009; x_wconf 89' lang='lat' dir='ltr'><strong>occasu</strong></span> <span class='ocrx_word' id='word_1_138' title='bbox 1132 1958 1230 2010; x_wconf 82' lang='lat' dir='ltr'><strong>sud</strong></span> <span class='ocrx_word' id='word_1_139' title='bbox 1274 1950 1494 2021; x_wconf 75' lang='lat' dir='ltr'><strong>defecit;</strong></span> <span class='ocrx_word' id='word_1_140' title='bbox 1529 1946 1777 2009; x_wconf 82' lang='lat' dir='ltr'><strong>similiter</strong></span> <span class='ocrx_word' id='word_1_141' title='bbox 1810 1961 1865 2008; x_wconf 90' lang='lat' dir='ltr'><strong>et</strong></span> <span class='ocrx_word' id='word_1_142' title='bbox 1894 1954 1950 2007; x_wconf 92' lang='lat' dir='ltr'><strong>in</strong></span> <span class='ocrx_word' id='word_1_143' title='bbox 1977 1953 2019 1984; x_wconf 68' lang='lat'><strong>1°</strong></span> <span class='ocrx_word' id='word_1_144' title='bbox 2050 1950 2083 2008; x_wconf 92' lang='lat'><strong>8</strong></span> 
     </span>
    </p>
   </div>
   <div class='ocr_carea' id='block_1_21' title="bbox 498 2032 2083 2111">
    <p class='ocr_par' dir='ltr' id='par_1_21' title="bbox 498 2032 2083 2111">
     <span class='ocr_line' id='line_1_21' title="bbox 498 2032 2083 2111; baseline 0.001 -15"><span class='ocrx_word' id='word_1_145' title='bbox 498 2032 768 2098; x_wconf 78' lang='lat' dir='ltr'><strong>Kalendas</strong></span> <span class='ocrx_word' id='word_1_146' title='bbox 796 2036 1052 2110; x_wconf 85' lang='lat' dir='ltr'><strong>lanuarii,</strong></span> <span class='ocrx_word' id='word_1_147' title='bbox 1085 2045 1139 2101; x_wconf 89' lang='lat' dir='ltr'><strong>id</strong></span> <span class='ocrx_word' id='word_1_148' title='bbox 1174 2052 1258 2102; x_wconf 91' lang='lat' dir='ltr'><strong>est</strong></span> <span class='ocrx_word' id='word_1_149' title='bbox 1303 2044 1359 2101; x_wconf 91' lang='lat' dir='ltr'><strong>in</strong></span> <span class='ocrx_word' id='word_1_150' title='bbox 1407 2042 1583 2102; x_wconf 86' lang='lat' dir='ltr'><strong>natale</strong></span> <span class='ocrx_word' id='word_1_151' title='bbox 1625 2045 1859 2111; x_wconf 86' lang='lat' dir='ltr'><strong>Domini,</strong></span> <span class='ocrx_word' id='word_1_152' title='bbox 1905 2035 2083 2100; x_wconf 86' lang='lat' dir='ltr'><strong>media</strong></span> 
     </span>
    </p>
   </div>
   <div class='ocr_carea' id='block_1_22' title="bbox 496 2126 2081 2211">
    <p class='ocr_par' dir='ltr' id='par_1_22' title="bbox 496 2126 2081 2211">
     <span class='ocr_line' id='line_1_22' title="bbox 496 2126 2081 2211; baseline 0.004 -22"><span class='ocrx_word' id='word_1_153' title='bbox 496 2142 656 2190; x_wconf 88' lang='lat' dir='ltr'><strong>nocte</strong></span> <span class='ocrx_word' id='word_1_154' title='bbox 701 2126 990 2193; x_wconf 84' lang='lat' dir='ltr'><strong>obscurata</strong></span> <span class='ocrx_word' id='word_1_155' title='bbox 1034 2147 1119 2196; x_wconf 89' lang='lat' dir='ltr'><strong>est</strong></span> <span class='ocrx_word' id='word_1_156' title='bbox 1150 2140 1201 2193; x_wconf 62' lang='grc'><strong>⁸.</strong></span> <span class='ocrx_word' id='word_1_157' title='bbox 1247 2136 1545 2211; x_wconf 84' lang='lat' dir='ltr'><strong>Imperator</strong></span> <span class='ocrx_word' id='word_1_158' title='bbox 1589 2139 1732 2195; x_wconf 83' lang='lat' dir='ltr'><strong>circa</strong></span> <span class='ocrx_word' id='word_1_159' title='bbox 1776 2141 1999 2195; x_wconf 88' lang='lat' dir='ltr'><strong>missam</strong></span> <span class='ocrx_word' id='word_1_160' title='bbox 2039 2136 2081 2172; x_wconf 78' lang='lat'>”</span> 
     </span>
    </p>
   </div>
   <div class='ocr_carea' id='block_1_23' title="bbox 497 2218 2078 2303">
    <p class='ocr_par' dir='ltr' id='par_1_23' title="bbox 497 2218 2078 2303">
     <span class='ocr_line' id='line_1_23' title="bbox 497 2218 2078 2303; baseline 0.006 -24"><span class='ocrx_word' id='word_1_161' title='bbox 497 2227 672 2282; x_wconf 89' lang='lat' dir='ltr'><strong>sancti</strong></span> <span class='ocrx_word' id='word_1_162' title='bbox 702 2220 918 2284; x_wconf 82' lang='lat' dir='ltr'><strong>Martini</strong></span> <span class='ocrx_word' id='word_1_163' title='bbox 966 2230 1304 2303; x_wconf 81' lang='lat' dir='ltr'><strong>Aquasgrani</strong></span> <span class='ocrx_word' id='word_1_164' title='bbox 1336 2234 1376 2263; x_wconf 80' lang='lat'>&quot;</span> <span class='ocrx_word' id='word_1_165' title='bbox 1404 2230 1470 2289; x_wconf 90' lang='lat' dir='ltr'><strong>ad</strong></span> <span class='ocrx_word' id='word_1_166' title='bbox 1517 2230 1863 2290; x_wconf 86' lang='lat' dir='ltr'><strong>hiemandum</strong></span> <span class='ocrx_word' id='word_1_167' title='bbox 1912 2218 2078 2303; x_wconf 73' lang='lat' dir='ltr'><strong>venil,</strong></span> 
     </span>
    </p>
   </div>
   <div class='ocr_carea' id='block_1_24' title="bbox 498 2310 2081 2397">
    <p class='ocr_par' dir='ltr' id='par_1_24' title="bbox 498 2310 2081 2397">
     <span class='ocr_line' id='line_1_24' title="bbox 498 2310 2081 2397; baseline 0.007 -27"><span class='ocrx_word' id='word_1_168' title='bbox 498 2310 679 2387; x_wconf 82' lang='lat' dir='ltr'><strong>ibique</strong></span> <span class='ocrx_word' id='word_1_169' title='bbox 698 2319 907 2389; x_wconf 90' lang='lat' dir='ltr'><strong>positus</strong></span> <span class='ocrx_word' id='word_1_170' title='bbox 938 2319 1002 2388; x_wconf 82' lang='grc'><strong>¹³,</strong></span> <span class='ocrx_word' id='word_1_171' title='bbox 1035 2331 1205 2379; x_wconf 88' lang='lat' dir='ltr'><strong>totum</strong></span> <span class='ocrx_word' id='word_1_172' title='bbox 1234 2323 1448 2381; x_wconf 88' lang='lat' dir='ltr'><strong>hiberni</strong></span> <span class='ocrx_word' id='word_1_173' title='bbox 1480 2320 1735 2395; x_wconf 88' lang='lat' dir='ltr'><strong>temporis</strong></span> <span class='ocrx_word' id='word_1_174' title='bbox 1763 2325 1996 2397; x_wconf 81' lang='lat' dir='ltr'><strong>spatium</strong></span> <span class='ocrx_word' id='word_1_175' title='bbox 2025 2324 2081 2381; x_wconf 89' lang='lat' dir='ltr'><strong>in</strong></span> 
     </span>
    </p>
   </div>
   <div class='ocr_carea' id='block_1_25' title="bbox 497 2398 2078 2489">
    <p class='ocr_par' dir='ltr' id='par_1_25' title="bbox 497 2398 2078 2489">
     <span class='ocr_line' id='line_1_25' title="bbox 497 2398 2078 2489; baseline 0.008 -30"><span class='ocrx_word' id='word_1_176' title='bbox 497 2398 729 2462; x_wconf 79' lang='lat' dir='ltr'><strong>diversis</strong></span> <span class='ocrx_word' id='word_1_177' title='bbox 782 2410 1136 2469; x_wconf 86' lang='lat' dir='ltr'><strong>conventibus</strong></span> <span class='ocrx_word' id='word_1_178' title='bbox 1189 2413 1257 2471; x_wconf 93' lang='lat' dir='ltr'><strong>ob</strong></span> <span class='ocrx_word' id='word_1_179' title='bbox 1302 2414 1611 2471; x_wconf 90' lang='lat' dir='ltr'><strong>necessaria</strong></span> <span class='ocrx_word' id='word_1_180' title='bbox 1662 2412 1812 2489; x_wconf 84' lang='lat' dir='ltr'><strong>regni</strong></span> <span class='ocrx_word' id='word_1_181' title='bbox 1865 2414 2078 2486; x_wconf 83' lang='lat' dir='ltr'><strong>negotia</strong></span> 
     </span>
    </p>
   </div>
   <div class='ocr_carea' id='block_1_26' title="bbox 497 2498 1122 2573">
    <p class='ocr_par' dir='ltr' id='par_1_26' title="bbox 497 2498 1122 2573">
     <span class='ocr_line' id='line_1_26' title="bbox 497 2498 1122 2573; baseline 0.014 -23"><span class='ocrx_word' id='word_1_182' title='bbox 497 2498 838 2570; x_wconf 80' lang='lat' dir='ltr'><strong>congregatis</strong></span> <span class='ocrx_word' id='word_1_183' title='bbox 860 2499 1122 2573; x_wconf 86' lang='lat' dir='ltr'><strong>inpendit.</strong></span> 
     </span>
    </p>
   </div>
   <div class='ocr_carea' id='block_1_27' title="bbox 564 2584 2078 2666">
    <p class='ocr_par' dir='ltr' id='par_1_27' title="bbox 564 2584 2078 2666">
     <span class='ocr_line' id='line_1_27' title="bbox 564 2584 2078 2666; baseline 0.008 -25"><span class='ocrx_word' id='word_1_184' title='bbox 564 2584 850 2666; x_wconf 40' lang='lat' dir='ltr'><strong>{[Ferunt</strong></span> <span class='ocrx_word' id='word_1_185' title='bbox 875 2590 928 2646; x_wconf 92' lang='lat' dir='ltr'><strong>in</strong></span> <span class='ocrx_word' id='word_1_186' title='bbox 960 2588 1179 2666; x_wconf 76' lang='lat' dir='ltr'><strong>regione</strong></span> <span class='ocrx_word' id='word_1_187' title='bbox 1207 2594 1531 2653; x_wconf 87' lang='lat' dir='ltr'><strong>Wasconiae</strong></span> <span class='ocrx_word' id='word_1_188' title='bbox 1565 2604 1713 2653; x_wconf 87' lang='lat' dir='ltr'><strong>trans</strong></span> <span class='ocrx_word' id='word_1_189' title='bbox 1742 2597 2078 2654; x_wconf 78' lang='lat' dir='ltr'><strong>Garumnam</strong></span> 
     </span>
    </p>
   </div>
   <div class='ocr_carea' id='block_1_28' title="bbox 492 2654 2079 2739">
    <p class='ocr_par' dir='ltr' id='par_1_28' title="bbox 492 2654 2079 2739">
     <span class='ocr_line' id='line_1_28' title="bbox 492 2654 2079 2739; baseline 0.009 -29"><span class='ocrx_word' id='word_1_190' title='bbox 492 2654 712 2739; x_wconf 60' lang='lat' dir='ltr'><strong>fluvium</strong></span> <span class='ocrx_word' id='word_1_191' title='bbox 739 2660 793 2739; x_wconf 68' lang='lat' dir='ltr'><strong>in</strong></span> <span class='ocrx_word' id='word_1_192' title='bbox 822 2674 961 2734; x_wconf 88' lang='lat' dir='ltr'><strong>pago</strong></span> <span class='ocrx_word' id='word_1_193' title='bbox 987 2654 1258 2739; x_wconf 44' lang='lat' dir='ltr'><strong>A‘ginense</strong></span> <span class='ocrx_word' id='word_1_194' title='bbox 1302 2681 1572 2737; x_wconf 76' lang='lat' dir='ltr'><strong>annonam</strong></span> <span class='ocrx_word' id='word_1_195' title='bbox 1602 2670 1786 2739; x_wconf 85' lang='lat' dir='ltr'><strong>pluere</strong></span> <span class='ocrx_word' id='word_1_196' title='bbox 1817 2670 1882 2724; x_wconf 91' lang='lat' dir='ltr'><strong>de</strong></span> <span class='ocrx_word' id='word_1_197' title='bbox 1929 2670 2079 2724; x_wconf 87' lang='lat' dir='ltr'><strong>coelo</strong></span> 
     </span>
    </p>
   </div>
   <div class='ocr_carea' id='block_1_29' title="bbox 492 2728 2078 2809">
    <p class='ocr_par' dir='ltr' id='par_1_29' title="bbox 492 2728 2078 2809">
     <span class='ocr_line' id='line_1_29' title="bbox 492 2728 2078 2809; baseline 0.009 -28"><span class='ocrx_word' id='word_1_198' title='bbox 492 2728 723 2809; x_wconf 64' lang='lat' dir='ltr'><strong>similem</strong></span> <span class='ocrx_word' id='word_1_199' title='bbox 754 2728 1169 2809; x_wconf 50' lang='lat' dir='ltr'><strong>frumentofsed</strong></span> <span class='ocrx_word' id='word_1_200' title='bbox 1202 2738 1479 2809; x_wconf 79' lang='lat' dir='ltr'><strong>paululum</strong></span> <span class='ocrx_word' id='word_1_201' title='bbox 1494 2728 1753 2795; x_wconf 68' lang='lat' dir='ltr'><strong>breviora</strong></span> <span class='ocrx_word' id='word_1_202' title='bbox 1798 2755 1864 2795; x_wconf 74' lang='lat' dir='ltr'><strong>ac</strong></span> <span class='ocrx_word' id='word_1_203' title='bbox 1889 2748 2078 2797; x_wconf 62' lang='lat' dir='ltr'><strong>rotttno</strong></span> 
     </span>
    </p>
   </div>
   <div class='ocr_carea' id='block_1_30' title="bbox 494 2798 2075 2883">
    <p class='ocr_par' dir='ltr' id='par_1_30' title="bbox 494 2798 2075 2883">
     <span class='ocr_line' id='line_1_30' title="bbox 494 2798 2075 2883; baseline 0.009 -31"><span class='ocrx_word' id='word_1_204' title='bbox 494 2798 645 2883; x_wconf 70' lang='lat' dir='ltr'><strong>diora</strong></span> <span class='ocrx_word' id='word_1_205' title='bbox 682 2815 863 2883; x_wconf 65' lang='lat' dir='ltr'><strong>grana</strong></span> <span class='ocrx_word' id='word_1_206' title='bbox 890 2798 1111 2883; x_wconf 74' lang='lat' dir='ltr'><strong>habere,</strong></span> <span class='ocrx_word' id='word_1_207' title='bbox 1152 2798 1220 2883; x_wconf 76' lang='lat' dir='ltr'><strong>de</strong></span> <span class='ocrx_word' id='word_1_208' title='bbox 1242 2825 1369 2883; x_wconf 74' lang='lat' dir='ltr'><strong>qua</strong></span> <span class='ocrx_word' id='word_1_209' title='bbox 1383 2811 1597 2883; x_wconf 34' lang='lat' dir='ltr'><strong>“domno</strong></span> <span class='ocrx_word' id='word_1_210' title='bbox 1620 2812 1948 2883; x_wconf 70' lang='lat' dir='ltr'><strong>imperatori</strong></span> <span class='ocrx_word' id='word_1_211' title='bbox 1977 2810 2075 2867; x_wconf 89' lang='lat' dir='ltr'><strong>ad-</strong></span> 
     </span>
    </p>
   </div>
   <div class='ocr_carea' id='block_1_31' title="bbox 490 2828 1806 2955">
    <p class='ocr_par' dir='ltr' id='par_1_31' title="bbox 490 2828 1806 2955">
     <span class='ocr_line' id='line_1_31' title="bbox 494 2828 1806 2890; baseline 0.01 -37"><span class='ocrx_word' id='word_1_212' title='bbox 494 2828 645 2854; x_wconf 69' lang='lat' dir='ltr'><strong>utut‘a</strong></span> <span class='ocrx_word' id='word_1_213' title='bbox 682 2828 850 2887; x_wconf 53' lang='lat' dir='ltr'><strong>graui!</strong></span> <span class='ocrx_word' id='word_1_214' title='bbox 890 2828 1111 2888; x_wconf 68' lang='lat' dir='ltr'><strong>ﬂauere,</strong></span> <span class='ocrx_word' id='word_1_215' title='bbox 1152 2828 1220 2865; x_wconf 87' lang='lat' dir='ltr'><strong>ue</strong></span> <span class='ocrx_word' id='word_1_216' title='bbox 1242 2828 1369 2890; x_wconf 40' lang='lat' dir='ltr'><strong>Iqua</strong></span> <span class='ocrx_word' id='word_1_217' title='bbox 1400 2828 1469 2864; x_wconf 81' lang='lat'><strong>00</strong></span> <span class='ocrx_word' id='word_1_218' title='bbox 1485 2828 1597 2867; x_wconf 76' lang='lat' dir='ltr'><strong>IIIIO</strong></span> <span class='ocrx_word' id='word_1_219' title='bbox 1633 2828 1704 2883; x_wconf 70' lang='grc' dir='ltr'><strong>ιιι]</strong></span> <span class='ocrx_word' id='word_1_220' title='bbox 1744 2828 1806 2866; x_wconf 85' lang='lat' dir='ltr'><strong>er</strong></span> 
     </span>
     <span class='ocr_line' id='line_1_32' title="bbox 490 2828 1806 2955; baseline 0.008 -31"><span class='ocrx_word' id='word_1_221' title='bbox 490 2867 661 2926; x_wconf 91' lang='lat' dir='ltr'><strong>latum</strong></span> <span class='ocrx_word' id='word_1_222' title='bbox 688 2881 771 2929; x_wconf 90' lang='lat' dir='ltr'><strong>est</strong></span> <span class='ocrx_word' id='word_1_223' title='bbox 800 2873 867 2930; x_wconf 91' lang='lat' dir='ltr'><strong>ad</strong></span> <span class='ocrx_word' id='word_1_224' title='bbox 893 2870 1063 2951; x_wconf 75' lang='lat' dir='ltr'><strong>Aquis</strong></span> <span class='ocrx_word' id='word_1_225' title='bbox 1089 2877 1350 2951; x_wconf 75' lang='lat' dir='ltr'><strong>palatium</strong></span> <span class='ocrx_word' id='word_1_226' title='bbox 1383 2874 1433 2933; x_wconf 84' lang='lat'><strong>7.</strong></span> <span class='ocrx_word' id='word_1_227' title='bbox 1464 2828 1506 2935; x_wconf 72' lang='lat' dir='ltr'><strong>i3</strong></span> <span class='ocrx_word' id='word_1_228' title='bbox 1531 2880 1585 2937; x_wconf 89' lang='lat'><strong>8.</strong></span> <span class='ocrx_word' id='word_1_229' title='bbox 1610 2880 1662 2937; x_wconf 90' lang='lat'><strong>9.</strong></span> <span class='ocrx_word' id='word_1_230' title='bbox 1693 2828 1806 2955; x_wconf 57' lang='grc' dir='ltr'><strong>ΡΜ</strong></span> 
     </span>
    </p>
   </div>
   <div class='ocr_carea' id='block_1_32' title="bbox 750 2966 1651 3055">
    <p class='ocr_par' dir='ltr' id='par_1_32' title="bbox 750 2966 1651 3055">
     <span class='ocr_line' id='line_1_33' title="bbox 750 2966 1651 3055; baseline 0.001 -29"><span class='ocrx_word' id='word_1_231' title='bbox 750 3052 755 3055; x_wconf 18' lang='grc' dir='ltr'><em>ι</em></span> <span class='ocrx_word' id='word_1_232' title='bbox 1006 3052 1011 3055; x_wconf 12' lang='grc' dir='ltr'><strong><em>Α</em></strong></span> <span class='ocrx_word' id='word_1_233' title='bbox 1100 2966 1471 3029; x_wconf 69' lang='lat' dir='ltr'><strong>nccexxrx.</strong></span> <span class='ocrx_word' id='word_1_234' title='bbox 1604 3016 1651 3053; x_wconf 74' lang='grc'><em>,</em></span> 
     </span>
    </p>
   </div>
   <div class='ocr_carea' id='block_1_33' title="bbox 562 3052 2077 3139">
    <p class='ocr_par' dir='ltr' id='par_1_33' title="bbox 562 3052 2077 3139">
     <span class='ocr_line' id='line_1_34' title="bbox 562 3052 2077 3139; baseline 0.006 -26"><span class='ocrx_word' id='word_1_235' title='bbox 562 3056 689 3115; x_wconf 89' lang='lat' dir='ltr'><strong>Post</strong></span> <span class='ocrx_word' id='word_1_236' title='bbox 713 3052 961 3119; x_wconf 84' lang='lat' dir='ltr'><strong>exactam</strong></span> <span class='ocrx_word' id='word_1_237' title='bbox 996 3052 1229 3119; x_wconf 80' lang='lat' dir='ltr'><strong>hiemem</strong></span> <span class='ocrx_word' id='word_1_238' title='bbox 1260 3063 1314 3120; x_wconf 92' lang='lat' dir='ltr'><strong>in</strong></span> <span class='ocrx_word' id='word_1_239' title='bbox 1342 3064 1460 3135; x_wconf 90' lang='lat' dir='ltr'><strong>ipso</strong></span> <span class='ocrx_word' id='word_1_240' title='bbox 1487 3052 1675 3121; x_wconf 86' lang='lat' dir='ltr'><strong>sancto</strong></span> <span class='ocrx_word' id='word_1_241' title='bbox 1702 3061 1746 3096; x_wconf 64' lang='grc' dir='ltr'><strong>ι*</strong></span> <span class='ocrx_word' id='word_1_242' title='bbox 1771 3061 2077 3139; x_wconf 87' lang='lat' dir='ltr'><strong>quadrage-</strong></span> 
     </span>
    </p>
   </div>
   <div class='ocr_carea' id='block_1_34' title="bbox 491 3144 2071 3229">
    <p class='ocr_par' dir='ltr' id='par_1_34' title="bbox 491 3144 2071 3229">
     <span class='ocr_line' id='line_1_35' title="bbox 491 3144 2071 3229; baseline 0.006 -24"><span class='ocrx_word' id='word_1_243' title='bbox 491 3144 670 3207; x_wconf 79' lang='lat' dir='ltr'><strong>simali</strong></span> <span class='ocrx_word' id='word_1_244' title='bbox 694 3146 917 3221; x_wconf 88' lang='lat' dir='ltr'><strong>ieiunio,</strong></span> <span class='ocrx_word' id='word_1_245' title='bbox 959 3148 1148 3226; x_wconf 88' lang='lat' dir='ltr'><strong>paucis</strong></span> <span class='ocrx_word' id='word_1_246' title='bbox 1190 3164 1315 3213; x_wconf 87' lang='lat' dir='ltr'><strong>ante</strong></span> <span class='ocrx_word' id='word_1_247' title='bbox 1348 3166 1596 3215; x_wconf 87' lang='lat' dir='ltr'><strong>sanctum</strong></span> <span class='ocrx_word' id='word_1_248' title='bbox 1625 3158 1826 3229; x_wconf 87' lang='lat' dir='ltr'><strong>pascha</strong></span> <span class='ocrx_word' id='word_1_249' title='bbox 1863 3152 2071 3227; x_wconf 91' lang='lat' dir='ltr'><strong>diebus,</strong></span> 
     </span>
    </p>
   </div>
   <div class='ocr_carea' id='block_1_35' title="bbox 489 3230 2069 3321">
    <p class='ocr_par' dir='ltr' id='par_1_35' title="bbox 489 3230 2069 3321">
     <span class='ocr_line' id='line_1_36' title="bbox 489 3230 2069 3321; baseline 0.006 -23"><span class='ocrx_word' id='word_1_250' title='bbox 489 3230 829 3315; x_wconf 75' lang='lat' dir='ltr'><strong>Aquasgrani</strong></span> <span class='ocrx_word' id='word_1_251' title='bbox 862 3240 905 3276; x_wconf 80' lang='grc'><strong>¹⁸</strong></span> <span class='ocrx_word' id='word_1_252' title='bbox 930 3253 1109 3303; x_wconf 86' lang='lat' dir='ltr'><strong>terrae</strong></span> <span class='ocrx_word' id='word_1_253' title='bbox 1151 3256 1326 3306; x_wconf 90' lang='lat' dir='ltr'><strong>motus</strong></span> <span class='ocrx_word' id='word_1_254' title='bbox 1353 3256 1515 3306; x_wconf 92' lang='lat' dir='ltr'><strong>noctu</strong></span> <span class='ocrx_word' id='word_1_255' title='bbox 1541 3248 1740 3317; x_wconf 89' lang='lat' dir='ltr'><strong>factus,</strong></span> <span class='ocrx_word' id='word_1_256' title='bbox 1774 3248 2069 3321; x_wconf 87' lang='lat' dir='ltr'><strong>ventusque</strong></span> 
     </span>
    </p>
   </div>
   <div class='ocr_carea' id='block_1_36' title="bbox 491 3338 2070 3423">
    <p class='ocr_par' dir='ltr' id='par_1_36' title="bbox 491 3338 2070 3423">
     <span class='ocr_line' id='line_1_37' title="bbox 491 3338 2070 3423; baseline 0.008 -32"><span class='ocrx_word' id='word_1_257' title='bbox 491 3343 603 3423; x_wconf 74' lang='lat' dir='ltr'><strong>tam</strong></span> <span class='ocrx_word' id='word_1_258' title='bbox 634 3340 926 3396; x_wconf 87' lang='lat' dir='ltr'><strong>vehemens</strong></span> <span class='ocrx_word' id='word_1_259' title='bbox 954 3350 1171 3400; x_wconf 89' lang='lat' dir='ltr'><strong>coortus</strong></span> <span class='ocrx_word' id='word_1_260' title='bbox 1220 3340 1284 3412; x_wconf 76' lang='lat'><strong>&quot;,</strong></span> <span class='ocrx_word' id='word_1_261' title='bbox 1324 3353 1384 3401; x_wconf 90' lang='lat' dir='ltr'><strong>ut</strong></span> <span class='ocrx_word' id='word_1_262' title='bbox 1412 3360 1520 3401; x_wconf 91' lang='lat' dir='ltr'><strong>non</strong></span> <span class='ocrx_word' id='word_1_263' title='bbox 1550 3344 1721 3401; x_wconf 91' lang='lat' dir='ltr'><strong>solum</strong></span> <span class='ocrx_word' id='word_1_264' title='bbox 1752 3338 2070 3403; x_wconf 85' lang='lat' dir='ltr'><strong>humiliores</strong></span> 
     </span>
    </p>
   </div>
   <div class='ocr_carea' id='block_1_37' title="bbox 493 3430 2069 3513">
    <p class='ocr_par' dir='ltr' id='par_1_37' title="bbox 493 3430 2069 3513">
     <span class='ocr_line' id='line_1_38' title="bbox 493 3430 2069 3513; baseline 0.008 -28"><span class='ocrx_word' id='word_1_265' title='bbox 493 3430 702 3513; x_wconf 87' lang='lat' dir='ltr'><strong>domos,</strong></span> <span class='ocrx_word' id='word_1_266' title='bbox 741 3438 931 3489; x_wconf 87' lang='lat' dir='ltr'><strong>verum</strong></span> <span class='ocrx_word' id='word_1_267' title='bbox 971 3436 1137 3493; x_wconf 89' lang='lat' dir='ltr'><strong>etiam</strong></span> <span class='ocrx_word' id='word_1_268' title='bbox 1181 3435 1354 3510; x_wconf 89' lang='lat' dir='ltr'><strong>ipsam</strong></span> <span class='ocrx_word' id='word_1_269' title='bbox 1399 3447 1618 3495; x_wconf 88' lang='lat' dir='ltr'><strong>sanctae</strong></span> <span class='ocrx_word' id='word_1_270' title='bbox 1656 3438 1751 3494; x_wconf 89' lang='lat' dir='ltr'><strong>Dei</strong></span> <span class='ocrx_word' id='word_1_271' title='bbox 1791 3434 2069 3513; x_wconf 73' lang='lat' dir='ltr'><strong>genitricis</strong></span> 
     </span>
    </p>
   </div>
   <div class='ocr_carea' id='block_1_38' title="bbox 491 3512 2070 3605">
    <p class='ocr_par' dir='ltr' id='par_1_38' title="bbox 491 3512 2070 3605">
     <span class='ocr_line' id='line_1_39' title="bbox 491 3512 2070 3605; baseline 0.009 -28"><span class='ocrx_word' id='word_1_272' title='bbox 491 3512 791 3592; x_wconf 73' lang='lat' dir='ltr'><strong>basilicam,</strong></span> <span class='ocrx_word' id='word_1_273' title='bbox 814 3522 974 3597; x_wconf 85' lang='lat' dir='ltr'><strong>quain</strong></span> <span class='ocrx_word' id='word_1_274' title='bbox 1002 3527 1267 3600; x_wconf 85' lang='lat' dir='ltr'><strong>capellam</strong></span> <span class='ocrx_word' id='word_1_275' title='bbox 1302 3539 1519 3599; x_wconf 88' lang='lat' dir='ltr'><strong>vocant,</strong></span> <span class='ocrx_word' id='word_1_276' title='bbox 1565 3526 1758 3605; x_wconf 88' lang='lat' dir='ltr'><strong>tegulis</strong></span> <span class='ocrx_word' id='word_1_277' title='bbox 1801 3512 2070 3603; x_wconf 76' lang='lat' dir='ltr'><strong>plumbeis</strong></span> 
     </span>
    </p>
   </div>
   <div class='ocr_carea' id='block_1_39' title="bbox 2189 566 3765 642">
    <p class='ocr_par' dir='ltr' id='par_1_39' title="bbox 2189 566 3765 642">
     <span class='ocr_line' id='line_1_40' title="bbox 2189 566 3765 642; baseline 0.001 -13"><span class='ocrx_word' id='word_1_278' title='bbox 2189 587 2321 629; x_wconf 91' lang='lat' dir='ltr'><strong>vero</strong></span> <span class='ocrx_word' id='word_1_279' title='bbox 2346 566 2388 604; x_wconf 85' lang='lat'><strong>&quot;’</strong></span> <span class='ocrx_word' id='word_1_280' title='bbox 2419 570 2475 627; x_wconf 91' lang='lat' dir='ltr'><strong>in</strong></span> <span class='ocrx_word' id='word_1_281' title='bbox 2505 568 2731 628; x_wconf 88' lang='lat' dir='ltr'><strong>diversis</strong></span> <span class='ocrx_word' id='word_1_282' title='bbox 2765 568 3210 641; x_wconf 83' lang='lat' dir='ltr'><strong>occupationibus</strong></span> <span class='ocrx_word' id='word_1_283' title='bbox 3253 584 3427 642; x_wconf 88' lang='lat' dir='ltr'><strong>usque</strong></span> <span class='ocrx_word' id='word_1_284' title='bbox 3471 574 3540 628; x_wconf 91' lang='lat' dir='ltr'><strong>ad</strong></span> <span class='ocrx_word' id='word_1_285' title='bbox 3578 572 3765 632; x_wconf 79' lang='lat' dir='ltr'><strong>Kalen-</strong></span> 
     </span>
    </p>
   </div>
   <div class='ocr_carea' id='block_1_40' title="bbox 2190 658 3764 738">
    <p class='ocr_par' dir='ltr' id='par_1_40' title="bbox 2190 658 3764 738">
     <span class='ocr_line' id='line_1_41' title="bbox 2190 658 3764 738; baseline 0.001 -16"><span class='ocrx_word' id='word_1_286' title='bbox 2190 666 2287 722; x_wconf 85' lang='lat' dir='ltr'><strong>das</strong></span> <span class='ocrx_word' id='word_1_287' title='bbox 2306 664 2404 722; x_wconf 87' lang='lat' dir='ltr'><strong>Iul.</strong></span> <span class='ocrx_word' id='word_1_288' title='bbox 2433 662 2476 698; x_wconf 66' lang='grc' dir='ltr'><strong>λδ</strong></span> <span class='ocrx_word' id='word_1_289' title='bbox 2500 658 2897 737; x_wconf 74' lang='lat' dir='ltr'><strong>Aquasgrani&quot;</strong></span> <span class='ocrx_word' id='word_1_290' title='bbox 2909 669 3173 733; x_wconf 89' lang='lat' dir='ltr'><strong>moratus,</strong></span> <span class='ocrx_word' id='word_1_291' title='bbox 3200 664 3419 721; x_wconf 87' lang='lat' dir='ltr'><strong>tandem</strong></span> <span class='ocrx_word' id='word_1_292' title='bbox 3444 661 3512 722; x_wconf 87' lang='lat' dir='ltr'><strong>ad</strong></span> <span class='ocrx_word' id='word_1_293' title='bbox 3545 680 3764 738; x_wconf 83' lang='lat' dir='ltr'><strong>genera-</strong></span> 
     </span>
    </p>
   </div>
   <div class='ocr_carea' id='block_1_41' title="bbox 2189 750 3767 817">
    <p class='ocr_par' dir='ltr' id='par_1_41' title="bbox 2189 750 3767 817">
     <span class='ocr_line' id='line_1_42' title="bbox 2189 750 3767 817; baseline 0.003 -6"><span class='ocrx_word' id='word_1_294' title='bbox 2189 755 2295 813; x_wconf 90' lang='lat' dir='ltr'><strong>lem</strong></span> <span class='ocrx_word' id='word_1_295' title='bbox 2320 765 2642 813; x_wconf 91' lang='lat' dir='ltr'><strong>conventum</strong></span> <span class='ocrx_word' id='word_1_296' title='bbox 2669 752 3010 812; x_wconf 85' lang='lat' dir='ltr'><strong>Wormaciae</strong></span> <span class='ocrx_word' id='word_1_297' title='bbox 3038 750 3344 813; x_wconf 89' lang='lat' dir='ltr'><strong>habendum</strong></span> <span class='ocrx_word' id='word_1_298' title='bbox 3366 772 3489 813; x_wconf 88' lang='lat' dir='ltr'><strong>cum</strong></span> <span class='ocrx_word' id='word_1_299' title='bbox 3514 757 3767 817; x_wconf 81' lang='lat' dir='ltr'><strong>comitatu</strong></span> 
     </span>
    </p>
   </div>
   <div class='ocr_carea' id='block_1_42' title="bbox 2189 836 3766 921">
    <p class='ocr_par' dir='ltr' id='par_1_42' title="bbox 2189 836 3766 921">
     <span class='ocr_line' id='line_1_43' title="bbox 2189 836 3766 921; baseline 0.001 -17"><span class='ocrx_word' id='word_1_300' title='bbox 2189 863 2288 904; x_wconf 92' lang='lat' dir='ltr'><strong>suo</strong></span> <span class='ocrx_word' id='word_1_301' title='bbox 2321 863 2504 903; x_wconf 88' lang='lat' dir='ltr'><strong>mense</strong></span> <span class='ocrx_word' id='word_1_302' title='bbox 2525 847 2765 920; x_wconf 84' lang='lat' dir='ltr'><strong>Augusto</strong></span> <span class='ocrx_word' id='word_1_303' title='bbox 2787 836 2979 903; x_wconf 66' lang='lat' dir='ltr'><strong>Statuit</strong></span> <span class='ocrx_word' id='word_1_304' title='bbox 3000 846 3290 917; x_wconf 67' lang='lat' dir='ltr'><strong>proficistei.</strong></span> <span class='ocrx_word' id='word_1_305' title='bbox 3323 838 3431 904; x_wconf 81' lang='lat' dir='ltr'><strong>Sed</strong></span> <span class='ocrx_word' id='word_1_306' title='bbox 3455 848 3766 921; x_wconf 84' lang='lat' dir='ltr'><strong>priusquam</strong></span> 
     </span>
    </p>
   </div>
   <div class='ocr_carea' id='block_1_43' title="bbox 2188 934 3769 1012">
    <p class='ocr_par' dir='ltr' id='par_1_43' title="bbox 2188 934 3769 1012">
     <span class='ocr_line' id='line_1_44' title="bbox 2188 934 3769 1012; baseline 0.003 -16"><span class='ocrx_word' id='word_1_307' title='bbox 2188 938 2315 996; x_wconf 94' lang='lat' dir='ltr'><strong>inde</strong></span> <span class='ocrx_word' id='word_1_308' title='bbox 2353 942 2693 1012; x_wconf 86' lang='lat' dir='ltr'><strong>promoveret</strong></span> <span class='ocrx_word' id='word_1_309' title='bbox 2721 938 2787 1006; x_wconf 83' lang='grc'><strong>¹⁰,</strong></span> <span class='ocrx_word' id='word_1_310' title='bbox 2820 934 3077 993; x_wconf 78' lang='lat' dir='ltr'><strong>nuncium</strong></span> <span class='ocrx_word' id='word_1_311' title='bbox 3121 938 3349 1009; x_wconf 81' lang='lat' dir='ltr'><strong>accepit,</strong></span> <span class='ocrx_word' id='word_1_312' title='bbox 3397 937 3769 1000; x_wconf 81' lang='lat' dir='ltr'><strong>Nordmannos</strong></span> 
     </span>
    </p>
   </div>
   <div class='ocr_carea' id='block_1_44' title="bbox 2187 1030 3765 1103">
    <p class='ocr_par' dir='ltr' id='par_1_44' title="bbox 2187 1030 3765 1103">
     <span class='ocr_line' id='line_1_45' title="bbox 2187 1030 3765 1103; baseline 0 -13"><span class='ocrx_word' id='word_1_313' title='bbox 2187 1036 2324 1091; x_wconf 82' lang='lat' dir='ltr'><strong>velle</strong></span> <span class='ocrx_word' id='word_1_314' title='bbox 2372 1032 2793 1095; x_wconf 89' lang='lat' dir='ltr'><strong>transalbianam</strong></span> <span class='ocrx_word' id='word_1_315' title='bbox 2841 1030 3108 1086; x_wconf 84' lang='lat' dir='ltr'><strong>Saxoniae</strong></span> <span class='ocrx_word' id='word_1_316' title='bbox 3168 1031 3443 1103; x_wconf 80' lang='lat' dir='ltr'><strong>regionem</strong></span> <span class='ocrx_word' id='word_1_317' title='bbox 3496 1030 3765 1103; x_wconf 88' lang='lat' dir='ltr'><strong>invadere,</strong></span> 
     </span>
    </p>
   </div>
   <div class='ocr_carea' id='block_1_45' title="bbox 2187 1116 3765 1203">
    <p class='ocr_par' dir='ltr' id='par_1_45' title="bbox 2187 1116 3765 1203">
     <span class='ocr_line' id='line_1_46' title="bbox 2187 1116 3765 1203; baseline -0.005 -14"><span class='ocrx_word' id='word_1_318' title='bbox 2187 1140 2349 1203; x_wconf 88' lang='lat' dir='ltr'><strong>atque</strong></span> <span class='ocrx_word' id='word_1_319' title='bbox 2392 1129 2690 1186; x_wconf 82' lang='lat' dir='ltr'><strong>exercitum</strong></span> <span class='ocrx_word' id='word_1_320' title='bbox 2737 1138 2922 1179; x_wconf 89' lang='lat' dir='ltr'><strong>eorum</strong></span> <span class='ocrx_word' id='word_1_321' title='bbox 2961 1120 3007 1153; x_wconf 83' lang='lat'>“</span> <span class='ocrx_word' id='word_1_322' title='bbox 3036 1122 3127 1193; x_wconf 88' lang='lat' dir='ltr'><strong>qui</strong></span> <span class='ocrx_word' id='word_1_323' title='bbox 3170 1118 3274 1177; x_wconf 82' lang='lat' dir='ltr'><strong>hoc</strong></span> <span class='ocrx_word' id='word_1_324' title='bbox 3319 1116 3567 1181; x_wconf 83' lang='lat' dir='ltr'><strong>facturus</strong></span> <span class='ocrx_word' id='word_1_325' title='bbox 3612 1135 3765 1194; x_wconf 80' lang='lat' dir='ltr'><strong>esset,</strong></span> 
     </span>
    </p>
   </div>
   <div class='ocr_carea' id='block_1_46' title="bbox 2186 1216 3768 1290">
    <p class='ocr_par' dir='ltr' id='par_1_46' title="bbox 2186 1216 3768 1290">
     <span class='ocr_line' id='line_1_47' title="bbox 2186 1216 3768 1290; baseline -0.006 -8"><span class='ocrx_word' id='word_1_326' title='bbox 2186 1224 2390 1282; x_wconf 89' lang='lat' dir='ltr'><strong>nostris</strong></span> <span class='ocrx_word' id='word_1_327' title='bbox 2437 1221 2629 1277; x_wconf 83' lang='lat' dir='ltr'><strong>ﬁnibus</strong></span> <span class='ocrx_word' id='word_1_328' title='bbox 2654 1218 3105 1290; x_wconf 85' lang='lat' dir='ltr'><strong>adpropinquare.</strong></span> <span class='ocrx_word' id='word_1_329' title='bbox 3150 1216 3268 1284; x_wconf 85' lang='lat' dir='ltr'><strong>Quo</strong></span> <span class='ocrx_word' id='word_1_330' title='bbox 3295 1216 3497 1272; x_wconf 90' lang='lat' dir='ltr'><strong>nuncio</strong></span> <span class='ocrx_word' id='word_1_331' title='bbox 3536 1232 3768 1273; x_wconf 86' lang='lat' dir='ltr'><strong>commo-</strong></span> 
     </span>
    </p>
   </div>
   <div class='ocr_carea' id='block_1_47' title="bbox 2186 1304 3769 1384">
    <p class='ocr_par' dir='ltr' id='par_1_47' title="bbox 2186 1304 3769 1384">
     <span class='ocr_line' id='line_1_48' title="bbox 2186 1304 3769 1384; baseline -0.005 -11"><span class='ocrx_word' id='word_1_332' title='bbox 2186 1326 2294 1384; x_wconf 91' lang='lat' dir='ltr'><strong>tus,</strong></span> <span class='ocrx_word' id='word_1_333' title='bbox 2337 1315 2485 1371; x_wconf 90' lang='lat' dir='ltr'><strong>misit</strong></span> <span class='ocrx_word' id='word_1_334' title='bbox 2516 1315 2571 1369; x_wconf 89' lang='lat' dir='ltr'><strong>in</strong></span> <span class='ocrx_word' id='word_1_335' title='bbox 2599 1327 2788 1369; x_wconf 90' lang='lat' dir='ltr'><strong>omnes</strong></span> <span class='ocrx_word' id='word_1_336' title='bbox 2812 1311 3080 1368; x_wconf 82' lang='lat' dir='ltr'><strong>Franciae</strong></span> <span class='ocrx_word' id='word_1_337' title='bbox 3111 1318 3293 1383; x_wconf 84' lang='lat' dir='ltr'><strong>partes</strong></span> <span class='ocrx_word' id='word_1_338' title='bbox 3318 1304 3384 1373; x_wconf 75' lang='lat'><strong>“,</strong></span> <span class='ocrx_word' id='word_1_339' title='bbox 3415 1312 3472 1366; x_wconf 86' lang='lat' dir='ltr'><strong>et</strong></span> <span class='ocrx_word' id='word_1_340' title='bbox 3516 1310 3680 1365; x_wconf 87' lang='lat' dir='ltr'><strong>iussit</strong></span> <span class='ocrx_word' id='word_1_341' title='bbox 3717 1320 3769 1366; x_wconf 91' lang='lat' dir='ltr'><strong>nt</strong></span> 
     </span>
    </p>
   </div>
   <div class='ocr_carea' id='block_1_48' title="bbox 2187 1397 3771 1474">
    <p class='ocr_par' dir='ltr' id='par_1_48' title="bbox 2187 1397 3771 1474">
     <span class='ocr_line' id='line_1_49' title="bbox 2187 1397 3771 1474; baseline -0.006 -7"><span class='ocrx_word' id='word_1_342' title='bbox 2187 1425 2311 1469; x_wconf 86' lang='lat' dir='ltr'><strong>cum</strong></span> <span class='ocrx_word' id='word_1_343' title='bbox 2340 1422 2548 1463; x_wconf 88' lang='lat' dir='ltr'><strong>summa</strong></span> <span class='ocrx_word' id='word_1_344' title='bbox 2580 1404 2626 1437; x_wconf 82' lang='grc'>³³</span> <span class='ocrx_word' id='word_1_345' title='bbox 2653 1404 2997 1461; x_wconf 82' lang='lat' dir='ltr'><strong>festinatione</strong></span> <span class='ocrx_word' id='word_1_346' title='bbox 3040 1411 3152 1459; x_wconf 87' lang='lat' dir='ltr'><strong>tota</strong></span> <span class='ocrx_word' id='word_1_347' title='bbox 3179 1397 3362 1474; x_wconf 79' lang='lat' dir='ltr'><strong>pepuli</strong></span> <span class='ocrx_word' id='word_1_348' title='bbox 3402 1402 3487 1457; x_wconf 91' lang='lat' dir='ltr'><strong>sui</strong></span> <span class='ocrx_word' id='word_1_349' title='bbox 3516 1402 3771 1472; x_wconf 82' lang='lat' dir='ltr'><strong>generali-</strong></span> 
     </span>
    </p>
   </div>
   <div class='ocr_carea' id='block_1_49' title="bbox 2185 1492 3768 1573">
    <p class='ocr_par' dir='ltr' id='par_1_49' title="bbox 2185 1492 3768 1573">
     <span class='ocr_line' id='line_1_50' title="bbox 2185 1492 3768 1573; baseline -0.007 -14"><span class='ocrx_word' id='word_1_350' title='bbox 2185 1496 2340 1559; x_wconf 72' lang='lat' dir='ltr'><strong>tas”</strong></span> <span class='ocrx_word' id='word_1_351' title='bbox 2363 1509 2487 1573; x_wconf 92' lang='lat' dir='ltr'><strong>post</strong></span> <span class='ocrx_word' id='word_1_352' title='bbox 2527 1515 2587 1555; x_wconf 91' lang='lat' dir='ltr'><strong>se</strong></span> <span class='ocrx_word' id='word_1_353' title='bbox 2631 1498 2685 1554; x_wconf 93' lang='lat' dir='ltr'><strong>in</strong></span> <span class='ocrx_word' id='word_1_354' title='bbox 2714 1495 3004 1555; x_wconf 84' lang='lat' dir='ltr'><strong>Saxoniam</strong></span> <span class='ocrx_word' id='word_1_355' title='bbox 3044 1497 3284 1561; x_wconf 85' lang='lat' dir='ltr'><strong>veniret,</strong></span> <span class='ocrx_word' id='word_1_356' title='bbox 3329 1492 3583 1549; x_wconf 85' lang='lat' dir='ltr'><strong>indieans</strong></span> <span class='ocrx_word' id='word_1_357' title='bbox 3622 1494 3768 1549; x_wconf 87' lang='lat' dir='ltr'><strong>simul</strong></span> 
     </span>
    </p>
   </div>
   <div class='ocr_carea' id='block_1_50' title="bbox 2184 1578 3768 1662">
    <p class='ocr_par' dir='ltr' id='par_1_50' title="bbox 2184 1578 3768 1662">
     <span class='ocr_line' id='line_1_51' title="bbox 2184 1578 3768 1662; baseline -0.005 -14"><span class='ocrx_word' id='word_1_358' title='bbox 2184 1593 2321 1650; x_wconf 88' lang='lat' dir='ltr'><strong>velle</strong></span> <span class='ocrx_word' id='word_1_359' title='bbox 2356 1606 2415 1647; x_wconf 88' lang='lat' dir='ltr'><strong>se</strong></span> <span class='ocrx_word' id='word_1_360' title='bbox 2443 1589 2585 1662; x_wconf 90' lang='lat' dir='ltr'><strong>apud</strong></span> <span class='ocrx_word' id='word_1_361' title='bbox 2622 1586 2911 1645; x_wconf 87' lang='lat' dir='ltr'><strong>Novesium</strong></span> <span class='ocrx_word' id='word_1_362' title='bbox 2958 1586 3004 1618; x_wconf 80' lang='lat'><strong>&quot;’</strong></span> <span class='ocrx_word' id='word_1_363' title='bbox 3035 1596 3062 1626; x_wconf 74' lang='grc' dir='ltr'>α</span> <span class='ocrx_word' id='word_1_364' title='bbox 3105 1586 3285 1641; x_wconf 86' lang='lat' dir='ltr'><strong>medio</strong></span> <span class='ocrx_word' id='word_1_365' title='bbox 3327 1578 3552 1641; x_wconf 76' lang='lat' dir='ltr'><strong>circiter</strong></span> <span class='ocrx_word' id='word_1_366' title='bbox 3581 1586 3628 1615; x_wconf 81' lang='grc'><strong>¹⁶</strong></span> <span class='ocrx_word' id='word_1_367' title='bbox 3651 1583 3768 1640; x_wconf 83' lang='lat' dir='ltr'><strong>Iulio</strong></span> 
     </span>
    </p>
   </div>
   <div class='ocr_carea' id='block_1_51' title="bbox 2184 1678 3766 1746">
    <p class='ocr_par' dir='ltr' id='par_1_51' title="bbox 2184 1678 3766 1746">
     <span class='ocr_line' id='line_1_52' title="bbox 2184 1678 3766 1746; baseline -0.006 -6"><span class='ocrx_word' id='word_1_368' title='bbox 2184 1685 2435 1741; x_wconf 84' lang='lat' dir='ltr'><strong>Rhenum</strong></span> <span class='ocrx_word' id='word_1_369' title='bbox 2466 1681 2717 1738; x_wconf 90' lang='lat' dir='ltr'><strong>transire.</strong></span> <span class='ocrx_word' id='word_1_370' title='bbox 2758 1678 2865 1735; x_wconf 86' lang='lat' dir='ltr'><strong>Sed</strong></span> <span class='ocrx_word' id='word_1_371' title='bbox 2892 1679 2980 1733; x_wconf 94' lang='lat' dir='ltr'><strong>ubi</strong></span> <span class='ocrx_word' id='word_1_372' title='bbox 3009 1688 3147 1733; x_wconf 85' lang='lat' dir='ltr'><strong>vana</strong></span> <span class='ocrx_word' id='word_1_373' title='bbox 3174 1679 3218 1708; x_wconf 81' lang='grc'><strong>’⁷</strong></span> <span class='ocrx_word' id='word_1_374' title='bbox 3246 1690 3369 1733; x_wconf 87' lang='lat' dir='ltr'><strong>esse</strong></span> <span class='ocrx_word' id='word_1_375' title='bbox 3410 1685 3766 1746; x_wconf 82' lang='lat' dir='ltr'><strong>compererat,</strong></span> 
     </span>
    </p>
   </div>
   <div class='ocr_carea' id='block_1_52' title="bbox 2120 1764 3769 1846">
    <p class='ocr_par' dir='ltr' id='par_1_52' title="bbox 2120 1764 3769 1846">
     <span class='ocr_line' id='line_1_53' title="bbox 2120 1764 3769 1846; baseline -0.006 -15"><span class='ocrx_word' id='word_1_376' title='bbox 2120 1834 2125 1839; x_wconf 64' lang='grc'><strong><em>,</em></strong></span> <span class='ocrx_word' id='word_1_377' title='bbox 2184 1792 2322 1846; x_wconf 89' lang='lat' dir='ltr'><strong>quae</strong></span> <span class='ocrx_word' id='word_1_378' title='bbox 2360 1764 2425 1830; x_wconf 88' lang='lat' dir='ltr'><strong>de</strong></span> <span class='ocrx_word' id='word_1_379' title='bbox 2449 1771 2809 1829; x_wconf 86' lang='lat' dir='ltr'><strong>Nordmannis</strong></span> <span class='ocrx_word' id='word_1_380' title='bbox 2834 1764 2974 1824; x_wconf 79' lang='lat' dir='ltr'><strong>fama</strong></span> <span class='ocrx_word' id='word_1_381' title='bbox 2999 1769 3326 1838; x_wconf 80' lang='lat' dir='ltr'><strong>disperserat</strong></span> <span class='ocrx_word' id='word_1_382' title='bbox 3356 1767 3425 1834; x_wconf 76' lang='grc'><strong>⁵³,</strong></span> <span class='ocrx_word' id='word_1_383' title='bbox 3455 1764 3605 1821; x_wconf 82' lang='lat' dir='ltr'><strong>sicut</strong></span> <span class='ocrx_word' id='word_1_384' title='bbox 3635 1767 3769 1835; x_wconf 83' lang='lat' dir='ltr'><strong>prius</strong></span> 
     </span>
    </p>
   </div>
   <div class='ocr_carea' id='block_1_53' title="bbox 2110 1844 3770 1939">
    <p class='ocr_par' dir='ltr' id='par_1_53' title="bbox 2110 1844 3770 1939">
     <span class='ocr_line' id='line_1_54' title="bbox 2110 1844 3770 1939; baseline -0.007 -15"><span class='ocrx_word' id='word_1_385' title='bbox 2110 1844 2158 1908; x_wconf 81' lang='grc' dir='ltr'><strong>Β</strong></span> <span class='ocrx_word' id='word_1_386' title='bbox 2186 1844 2507 1939; x_wconf 84' lang='lat' dir='ltr'><strong>dispositum</strong></span> <span class='ocrx_word' id='word_1_387' title='bbox 2528 1863 2761 1920; x_wconf 89' lang='lat' dir='ltr'><strong>habebat</strong></span> <span class='ocrx_word' id='word_1_388' title='bbox 2780 1856 2844 1927; x_wconf 74' lang='lat'><strong>‘°,</strong></span> <span class='ocrx_word' id='word_1_389' title='bbox 2871 1861 3047 1917; x_wconf 84' lang='lat' dir='ltr'><strong>medio</strong></span> <span class='ocrx_word' id='word_1_390' title='bbox 3073 1874 3259 1915; x_wconf 86' lang='lat' dir='ltr'><strong>mense</strong></span> <span class='ocrx_word' id='word_1_391' title='bbox 3280 1858 3324 1890; x_wconf 81' lang='lat'><strong>“</strong></span> <span class='ocrx_word' id='word_1_392' title='bbox 3346 1859 3605 1930; x_wconf 78' lang='lat' dir='ltr'><strong>Augdsto</strong></span> <span class='ocrx_word' id='word_1_393' title='bbox 3627 1857 3770 1913; x_wconf 69' lang='lat' dir='ltr'><strong>Wor-</strong></span> 
     </span>
    </p>
   </div>
   <div class='ocr_carea' id='block_1_54' title="bbox 2186 1950 3772 2025">
    <p class='ocr_par' dir='ltr' id='par_1_54' title="bbox 2186 1950 3772 2025">
     <span class='ocr_line' id='line_1_55' title="bbox 2186 1950 3772 2025; baseline -0.008 -9"><span class='ocrx_word' id='word_1_394' title='bbox 2186 1960 2417 2016; x_wconf 90' lang='lat' dir='ltr'><strong>maciam</strong></span> <span class='ocrx_word' id='word_1_395' title='bbox 2447 1952 2613 2023; x_wconf 84' lang='lat' dir='ltr'><strong>venit,</strong></span> <span class='ocrx_word' id='word_1_396' title='bbox 2646 1952 2828 2025; x_wconf 86' lang='lat' dir='ltr'><strong>ibique</strong></span> <span class='ocrx_word' id='word_1_397' title='bbox 2871 1950 3056 2009; x_wconf 83' lang='lat' dir='ltr'><strong>habito</strong></span> <span class='ocrx_word' id='word_1_398' title='bbox 3094 1950 3331 2023; x_wconf 83' lang='lat' dir='ltr'><strong>generali</strong></span> <span class='ocrx_word' id='word_1_399' title='bbox 3383 1960 3687 2012; x_wconf 88' lang='lat' dir='ltr'><strong>conventu,</strong></span> <span class='ocrx_word' id='word_1_400' title='bbox 3726 1956 3772 2004; x_wconf 86' lang='lat' dir='ltr'><strong>et</strong></span> 
     </span>
    </p>
   </div>
   <div class='ocr_carea' id='block_1_55' title="bbox 2183 2039 3773 2111">
    <p class='ocr_par' dir='ltr' id='par_1_55' title="bbox 2183 2039 3773 2111">
     <span class='ocr_line' id='line_1_56' title="bbox 2183 2039 3773 2111; baseline -0.009 -3"><span class='ocrx_word' id='word_1_401' title='bbox 2183 2052 2363 2108; x_wconf 87' lang='lat' dir='ltr'><strong>oblata</strong></span> <span class='ocrx_word' id='word_1_402' title='bbox 2390 2048 2492 2106; x_wconf 89' lang='lat' dir='ltr'><strong>sibi</strong></span> <span class='ocrx_word' id='word_1_403' title='bbox 2529 2063 2706 2103; x_wconf 89' lang='lat' dir='ltr'><strong>annua</strong></span> <span class='ocrx_word' id='word_1_404' title='bbox 2747 2046 2883 2102; x_wconf 89' lang='lat' dir='ltr'><strong>dona</strong></span> <span class='ocrx_word' id='word_1_405' title='bbox 2922 2043 3151 2101; x_wconf 86' lang='lat' dir='ltr'><strong>solemni</strong></span> <span class='ocrx_word' id='word_1_406' title='bbox 3191 2056 3343 2097; x_wconf 79' lang='lat' dir='ltr'><strong>more</strong></span> <span class='ocrx_word' id='word_1_407' title='bbox 3364 2039 3408 2072; x_wconf 76' lang='lat'><strong>&quot;</strong></span> <span class='ocrx_word' id='word_1_408' title='bbox 3431 2042 3701 2111; x_wconf 84' lang='lat' dir='ltr'><strong>suscepit,</strong></span> <span class='ocrx_word' id='word_1_409' title='bbox 3727 2048 3773 2095; x_wconf 83' lang='lat' dir='ltr'><strong>et</strong></span> 
     </span>
    </p>
   </div>
   <div class='ocr_carea' id='block_1_56' title="bbox 2183 2130 3774 2216">
    <p class='ocr_par' dir='ltr' id='par_1_56' title="bbox 2183 2130 3774 2216">
     <span class='ocr_line' id='line_1_57' title="bbox 2183 2130 3774 2216; baseline -0.008 -17"><span class='ocrx_word' id='word_1_410' title='bbox 2183 2143 2479 2216; x_wconf 75' lang='lat' dir='ltr'><strong>legationes</strong></span> <span class='ocrx_word' id='word_1_411' title='bbox 2523 2141 2804 2214; x_wconf 87' lang='lat' dir='ltr'><strong>plurimas,</strong></span> <span class='ocrx_word' id='word_1_412' title='bbox 2853 2146 2992 2210; x_wconf 84' lang='lat' dir='ltr'><strong>quae</strong></span> <span class='ocrx_word' id='word_1_413' title='bbox 3039 2145 3148 2191; x_wconf 89' lang='lat' dir='ltr'><strong>tam</strong></span> <span class='ocrx_word' id='word_1_414' title='bbox 3194 2130 3260 2190; x_wconf 88' lang='lat' dir='ltr'><strong>de</strong></span> <span class='ocrx_word' id='word_1_415' title='bbox 3303 2132 3480 2188; x_wconf 82' lang='lat' dir='ltr'><strong>Roma</strong></span> <span class='ocrx_word' id='word_1_416' title='bbox 3514 2143 3579 2188; x_wconf 85' lang='lat' dir='ltr'><strong>et</strong></span> <span class='ocrx_word' id='word_1_417' title='bbox 3617 2133 3774 2187; x_wconf 77' lang='lat' dir='ltr'><strong>Bese-</strong></span> 
     </span>
    </p>
   </div>
   <div class='ocr_carea' id='block_1_57' title="bbox 2183 2222 3774 2308">
    <p class='ocr_par' dir='ltr' id='par_1_57' title="bbox 2183 2222 3774 2308">
     <span class='ocr_line' id='line_1_58' title="bbox 2183 2222 3774 2308; baseline -0.011 -15"><span class='ocrx_word' id='word_1_418' title='bbox 2183 2242 2365 2303; x_wconf 88' lang='lat' dir='ltr'><strong>vento,</strong></span> <span class='ocrx_word' id='word_1_419' title='bbox 2404 2251 2565 2308; x_wconf 83' lang='lat' dir='ltr'><strong>quam</strong></span> <span class='ocrx_word' id='word_1_420' title='bbox 2597 2235 2662 2290; x_wconf 89' lang='lat' dir='ltr'><strong>de</strong></span> <span class='ocrx_word' id='word_1_421' title='bbox 2687 2232 2805 2286; x_wconf 87' lang='lat' dir='ltr'><strong>aliis</strong></span> <span class='ocrx_word' id='word_1_422' title='bbox 2837 2222 3144 2301; x_wconf 88' lang='lat' dir='ltr'><strong>longinquis</strong></span> <span class='ocrx_word' id='word_1_423' title='bbox 3174 2223 3335 2280; x_wconf 84' lang='lat' dir='ltr'><strong>terris</strong></span> <span class='ocrx_word' id='word_1_424' title='bbox 3370 2224 3439 2277; x_wconf 73' lang='lat' dir='ltr'><strong>ad</strong></span> <span class='ocrx_word' id='word_1_425' title='bbox 3466 2228 3601 2277; x_wconf 83' lang='lat' dir='ltr'><strong>eum</strong></span> <span class='ocrx_word' id='word_1_426' title='bbox 3628 2237 3774 2277; x_wconf 80' lang='lat' dir='ltr'><strong>vene-</strong></span> 
     </span>
    </p>
   </div>
   <div class='ocr_carea' id='block_1_58' title="bbox 2182 2316 3773 2397">
    <p class='ocr_par' dir='ltr' id='par_1_58' title="bbox 2182 2316 3773 2397">
     <span class='ocr_line' id='line_1_59' title="bbox 2182 2316 3773 2397; baseline -0.012 -9"><span class='ocrx_word' id='word_1_427' title='bbox 2182 2340 2327 2397; x_wconf 89' lang='lat' dir='ltr'><strong>rant,</strong></span> <span class='ocrx_word' id='word_1_428' title='bbox 2372 2329 2578 2386; x_wconf 84' lang='lat' dir='ltr'><strong>audivit</strong></span> <span class='ocrx_word' id='word_1_429' title='bbox 2604 2335 2766 2396; x_wconf 91' lang='lat' dir='ltr'><strong>atque</strong></span> <span class='ocrx_word' id='word_1_430' title='bbox 2802 2323 2847 2356; x_wconf 79' lang='grc'><strong>³’</strong></span> <span class='ocrx_word' id='word_1_431' title='bbox 2874 2321 3122 2378; x_wconf 88' lang='lat' dir='ltr'><strong>absolvit.</strong></span> <span class='ocrx_word' id='word_1_432' title='bbox 3175 2316 3518 2374; x_wconf 87' lang='lat' dir='ltr'><strong>Hlotharium</strong></span> <span class='ocrx_word' id='word_1_433' title='bbox 3563 2331 3773 2386; x_wconf 86' lang='lat' dir='ltr'><strong>quoque</strong></span> 
     </span>
    </p>
   </div>
   <div class='ocr_carea' id='block_1_59' title="bbox 2181 2407 3774 2487">
    <p class='ocr_par' dir='ltr' id='par_1_59' title="bbox 2181 2407 3774 2487">
     <span class='ocr_line' id='line_1_60' title="bbox 2181 2407 3774 2487; baseline -0.013 -8"><span class='ocrx_word' id='word_1_434' title='bbox 2181 2410 2352 2479; x_wconf 81' lang='lat' dir='ltr'><strong>filium</strong></span> <span class='ocrx_word' id='word_1_435' title='bbox 2384 2437 2541 2478; x_wconf 91' lang='lat' dir='ltr'><strong>suum</strong></span> <span class='ocrx_word' id='word_1_436' title='bbox 2567 2420 2634 2487; x_wconf 82' lang='grc'>³³,</span> <span class='ocrx_word' id='word_1_437' title='bbox 2672 2416 2824 2473; x_wconf 82' lang='lat' dir='ltr'><strong>finito</strong></span> <span class='ocrx_word' id='word_1_438' title='bbox 2846 2415 2934 2471; x_wconf 90' lang='lat' dir='ltr'><strong>illo</strong></span> <span class='ocrx_word' id='word_1_439' title='bbox 2961 2414 3005 2446; x_wconf 76' lang='grc'><strong>³⁸⁸</strong></span> <span class='ocrx_word' id='word_1_440' title='bbox 3036 2412 3323 2475; x_wconf 88' lang='lat' dir='ltr'><strong>conventu,</strong></span> <span class='ocrx_word' id='word_1_441' title='bbox 3358 2410 3412 2464; x_wconf 89' lang='lat' dir='ltr'><strong>in</strong></span> <span class='ocrx_word' id='word_1_442' title='bbox 3449 2408 3674 2462; x_wconf 85' lang='lat' dir='ltr'><strong>Italiam</strong></span> <span class='ocrx_word' id='word_1_443' title='bbox 3705 2407 3774 2460; x_wconf 82' lang='lat' dir='ltr'><strong>di-</strong></span> 
     </span>
    </p>
   </div>
   <div class='ocr_carea' id='block_1_60' title="bbox 2180 2503 3776 2585">
    <p class='ocr_par' dir='ltr' id='par_1_60' title="bbox 2180 2503 3776 2585">
     <span class='ocr_line' id='line_1_61' title="bbox 2180 2503 3776 2585; baseline -0.012 -10"><span class='ocrx_word' id='word_1_444' title='bbox 2180 2512 2325 2577; x_wconf 88' lang='lat' dir='ltr'><strong>rexit</strong></span> <span class='ocrx_word' id='word_1_445' title='bbox 2354 2514 2421 2585; x_wconf 78' lang='grc'><strong>³⁸,</strong></span> <span class='ocrx_word' id='word_1_446' title='bbox 2471 2531 2537 2572; x_wconf 91' lang='lat' dir='ltr'><strong>ac</strong></span> <span class='ocrx_word' id='word_1_447' title='bbox 2576 2506 2947 2570; x_wconf 85' lang='lat' dir='ltr'><strong>Bernbardum</strong></span> <span class='ocrx_word' id='word_1_448' title='bbox 2996 2511 3248 2566; x_wconf 88' lang='lat' dir='ltr'><strong>comitem</strong></span> <span class='ocrx_word' id='word_1_449' title='bbox 3278 2505 3649 2567; x_wconf 81' lang='lat' dir='ltr'><strong>Barcinonae,</strong></span> <span class='ocrx_word' id='word_1_450' title='bbox 3696 2503 3776 2573; x_wconf 86' lang='lat' dir='ltr'><strong>qui</strong></span> 
     </span>
    </p>
   </div>
   <div class='ocr_carea' id='block_1_61' title="bbox 2180 2598 3773 2677">
    <p class='ocr_par' dir='ltr' id='par_1_61' title="bbox 2180 2598 3773 2677">
     <span class='ocr_line' id='line_1_62' title="bbox 2180 2598 3773 2677; baseline -0.011 -9"><span class='ocrx_word' id='word_1_451' title='bbox 2180 2608 2405 2669; x_wconf 83' lang='lat' dir='ltr'><strong>eatenus</strong></span> <span class='ocrx_word' id='word_1_452' title='bbox 2445 2604 2500 2665; x_wconf 88' lang='lat' dir='ltr'><strong>in</strong></span> <span class='ocrx_word' id='word_1_453' title='bbox 2543 2624 2727 2665; x_wconf 90' lang='lat' dir='ltr'><strong>marca</strong></span> <span class='ocrx_word' id='word_1_454' title='bbox 2774 2605 3063 2677; x_wconf 82' lang='lat' dir='ltr'><strong>Hispaniae</strong></span> <span class='ocrx_word' id='word_1_455' title='bbox 3107 2598 3476 2674; x_wconf 70' lang='lat' dir='ltr'><strong>praesidebat,</strong></span> <span class='ocrx_word' id='word_1_456' title='bbox 3524 2613 3773 2655; x_wconf 76' lang='lat' dir='ltr'><strong>camara-</strong></span> 
     </span>
    </p>
   </div>
   <div class='ocr_carea' id='block_1_62' title="bbox 2179 2688 3774 2772">
    <p class='ocr_par' dir='ltr' id='par_1_62' title="bbox 2179 2688 3774 2772">
     <span class='ocr_line' id='line_1_63' title="bbox 2179 2688 3774 2772; baseline -0.009 -13"><span class='ocrx_word' id='word_1_457' title='bbox 2179 2696 2322 2759; x_wconf 86' lang='lat' dir='ltr'><strong>rium</strong></span> <span class='ocrx_word' id='word_1_458' title='bbox 2338 2698 2383 2735; x_wconf 77' lang='grc'><strong>⁸⁸</strong></span> <span class='ocrx_word' id='word_1_459' title='bbox 2410 2701 2465 2756; x_wconf 86' lang='grc' dir='ltr'><strong>ίη</strong></span> <span class='ocrx_word' id='word_1_460' title='bbox 2487 2701 2689 2772; x_wconf 86' lang='lat' dir='ltr'><strong>palatio</strong></span> <span class='ocrx_word' id='word_1_461' title='bbox 2714 2715 2812 2755; x_wconf 93' lang='lat' dir='ltr'><strong>suo</strong></span> <span class='ocrx_word' id='word_1_462' title='bbox 2838 2696 3135 2754; x_wconf 81' lang='lat' dir='ltr'><strong>constituit;</strong></span> <span class='ocrx_word' id='word_1_463' title='bbox 3159 2690 3294 2749; x_wconf 71' lang='lat' dir='ltr'><strong>Aliis</strong></span> <span class='ocrx_word' id='word_1_464' title='bbox 3314 2690 3479 2748; x_wconf 86' lang='lat' dir='ltr'><strong>etiam</strong></span> <span class='ocrx_word' id='word_1_465' title='bbox 3499 2691 3697 2747; x_wconf 80' lang='lat' dir='ltr'><strong>causis</strong></span> <span class='ocrx_word' id='word_1_466' title='bbox 3731 2688 3774 2753; x_wconf 70' lang='grc' dir='ltr'><strong>ι’,</strong></span> 
     </span>
    </p>
   </div>
   <div class='ocr_carea' id='block_1_63' title="bbox 2179 2780 3776 2866">
    <p class='ocr_par' dir='ltr' id='par_1_63' title="bbox 2179 2780 3776 2866">
     <span class='ocr_line' id='line_1_64' title="bbox 2179 2780 3776 2866; baseline -0.011 -13"><span class='ocrx_word' id='word_1_467' title='bbox 2179 2808 2321 2866; x_wconf 84' lang='lat' dir='ltr'><strong>quae</strong></span> <span class='ocrx_word' id='word_1_468' title='bbox 2354 2794 2422 2848; x_wconf 91' lang='lat' dir='ltr'><strong>ad</strong></span> <span class='ocrx_word' id='word_1_469' title='bbox 2450 2792 2595 2848; x_wconf 89' lang='lat' dir='ltr'><strong>illius</strong></span> <span class='ocrx_word' id='word_1_470' title='bbox 2624 2790 2811 2862; x_wconf 87' lang='lat' dir='ltr'><strong>placiti</strong></span> <span class='ocrx_word' id='word_1_471' title='bbox 2849 2784 3265 2859; x_wconf 87' lang='lat' dir='ltr'><strong>completionem</strong></span> <span class='ocrx_word' id='word_1_472' title='bbox 3306 2784 3589 2854; x_wconf 84' lang='lat' dir='ltr'><strong>pertinere</strong></span> <span class='ocrx_word' id='word_1_473' title='bbox 3642 2780 3776 2835; x_wconf 83' lang='lat' dir='ltr'><strong>vide-</strong></span> 
     </span>
    </p>
   </div>
   <div class='ocr_carea' id='block_1_64' title="bbox 2176 2873 3774 2954">
    <p class='ocr_par' dir='ltr' id='par_1_64' title="bbox 2176 2873 3774 2954">
     <span class='ocr_line' id='line_1_65' title="bbox 2176 2873 3774 2954; baseline -0.009 -13"><span class='ocrx_word' id='word_1_474' title='bbox 2176 2886 2407 2951; x_wconf 84' lang='lat' dir='ltr'><strong>bantur,</strong></span> <span class='ocrx_word' id='word_1_475' title='bbox 2455 2898 2694 2954; x_wconf 84' lang='lat' dir='ltr'><strong>congruo</strong></span> <span class='ocrx_word' id='word_1_476' title='bbox 2735 2880 2894 2936; x_wconf 89' lang='lat' dir='ltr'><strong>modo</strong></span> <span class='ocrx_word' id='word_1_477' title='bbox 2942 2874 3218 2948; x_wconf 73' lang='lat' dir='ltr'><strong>dispositis</strong></span> <span class='ocrx_word' id='word_1_478' title='bbox 3262 2884 3424 2943; x_wconf 88' lang='lat' dir='ltr'><strong>atque</strong></span> <span class='ocrx_word' id='word_1_479' title='bbox 3464 2873 3774 2943; x_wconf 83' lang='lat' dir='ltr'><strong>completis,</strong></span> 
     </span>
    </p>
   </div>
   <div class='ocr_carea' id='block_1_65' title="bbox 2176 2965 3777 3051">
    <p class='ocr_par' dir='ltr' id='par_1_65' title="bbox 2176 2965 3777 3051">
     <span class='ocr_line' id='line_1_66' title="bbox 2176 2965 3777 3051; baseline -0.009 -19"><span class='ocrx_word' id='word_1_480' title='bbox 2176 2974 2485 3051; x_wconf 83' lang='lat' dir='ltr'><strong>populoque</strong></span> <span class='ocrx_word' id='word_1_481' title='bbox 2530 2973 2599 3028; x_wconf 89' lang='lat' dir='ltr'><strong>ad</strong></span> <span class='ocrx_word' id='word_1_482' title='bbox 2639 2978 2736 3029; x_wconf 79' lang='lat' dir='ltr'><strong>sila</strong></span> <span class='ocrx_word' id='word_1_483' title='bbox 2779 2968 2859 3027; x_wconf 90' lang='lat' dir='ltr'><strong>ire</strong></span> <span class='ocrx_word' id='word_1_484' title='bbox 2907 2968 3151 3036; x_wconf 86' lang='lat' dir='ltr'><strong>dimisso,</strong></span> <span class='ocrx_word' id='word_1_485' title='bbox 3179 2966 3293 3041; x_wconf 84' lang='lat' dir='ltr'><strong>ipse</strong></span> <span class='ocrx_word' id='word_1_486' title='bbox 3330 2967 3398 3022; x_wconf 88' lang='lat' dir='ltr'><strong>ad</strong></span> <span class='ocrx_word' id='word_1_487' title='bbox 3443 2965 3777 3020; x_wconf 76' lang='lat' dir='ltr'><strong>autumnalis</strong></span> 
     </span>
    </p>
   </div>
   <div class='ocr_carea' id='block_1_66' title="bbox 2176 3057 3777 3127">
    <p class='ocr_par' dir='ltr' id='par_1_66' title="bbox 2176 3057 3777 3127">
     <span class='ocr_line' id='line_1_67' title="bbox 2176 3057 3777 3127; baseline -0.011 0"><span class='ocrx_word' id='word_1_488' title='bbox 2176 3064 2482 3127; x_wconf 78' lang='lat' dir='ltr'><strong>venatibnis</strong></span> <span class='ocrx_word' id='word_1_489' title='bbox 2539 3058 2859 3123; x_wconf 77' lang='lat' dir='ltr'><strong>exercitium</strong></span> <span class='ocrx_word' id='word_1_490' title='bbox 2920 3058 3433 3118; x_wconf 85' lang='lat' dir='ltr'><strong>Franconovurdunt</strong></span> <span class='ocrx_word' id='word_1_491' title='bbox 3485 3057 3530 3091; x_wconf 80' lang='lat'><strong><em>&quot;&#39;</em></strong></span> <span class='ocrx_word' id='word_1_492' title='bbox 3600 3057 3777 3113; x_wconf 77' lang='lat' dir='ltr'><strong>villam</strong></span> 
     </span>
    </p>
   </div>
   <div class='ocr_carea' id='block_1_67' title="bbox 2176 3153 3780 3236">
    <p class='ocr_par' dir='ltr' id='par_1_67' title="bbox 2176 3153 3780 3236">
     <span class='ocr_line' id='line_1_68' title="bbox 2176 3153 3780 3236; baseline -0.007 -18"><span class='ocrx_word' id='word_1_493' title='bbox 2176 3162 2453 3236; x_wconf 89' lang='lat' dir='ltr'><strong>profectus</strong></span> <span class='ocrx_word' id='word_1_494' title='bbox 2489 3168 2591 3229; x_wconf 89' lang='lat' dir='ltr'><strong>est;</strong></span> <span class='ocrx_word' id='word_1_495' title='bbox 2631 3176 2738 3233; x_wconf 91' lang='lat' dir='ltr'><strong>qua</strong></span> <span class='ocrx_word' id='word_1_496' title='bbox 2774 3166 3069 3224; x_wconf 78' lang='lat' dir='ltr'><strong>transacta,</strong></span> <span class='ocrx_word' id='word_1_497' title='bbox 3100 3156 3166 3212; x_wconf 90' lang='lat' dir='ltr'><strong>ad</strong></span> <span class='ocrx_word' id='word_1_498' title='bbox 3190 3153 3534 3212; x_wconf 80' lang='lat' dir='ltr'><strong>hiemandutn</strong></span> <span class='ocrx_word' id='word_1_499' title='bbox 3563 3155 3780 3221; x_wconf 76' lang='lat' dir='ltr'><strong>Aquas-</strong></span> 
     </span>
    </p>
   </div>
   <div class='ocr_carea' id='block_1_68' title="bbox 2177 3240 3779 3330">
    <p class='ocr_par' dir='ltr' id='par_1_68' title="bbox 2177 3240 3779 3330">
     <span class='ocr_line' id='line_1_69' title="bbox 2177 3240 3779 3330; baseline -0.009 -20"><span class='ocrx_word' id='word_1_500' title='bbox 2177 3252 2332 3330; x_wconf 86' lang='lat' dir='ltr'><strong>grani</strong></span> <span class='ocrx_word' id='word_1_501' title='bbox 2362 3256 2613 3310; x_wconf 85' lang='lat' dir='ltr'><strong>reversus</strong></span> <span class='ocrx_word' id='word_1_502' title='bbox 2646 3260 2750 3319; x_wconf 83' lang='lat' dir='ltr'><strong>est,</strong></span> <span class='ocrx_word' id='word_1_503' title='bbox 2776 3248 2869 3308; x_wconf 88' lang='lat' dir='ltr'><strong>ubi</strong></span> <span class='ocrx_word' id='word_1_504' title='bbox 2891 3259 2947 3306; x_wconf 88' lang='lat' dir='ltr'><strong>et</strong></span> <span class='ocrx_word' id='word_1_505' title='bbox 2992 3246 3213 3306; x_wconf 88' lang='lat' dir='ltr'><strong>missam</strong></span> <span class='ocrx_word' id='word_1_506' title='bbox 3239 3246 3411 3304; x_wconf 78' lang='lat' dir='ltr'><strong>Saneti</strong></span> <span class='ocrx_word' id='word_1_507' title='bbox 3442 3240 3678 3298; x_wconf 72' lang='lat' dir='ltr'><strong>Martini</strong></span> <span class='ocrx_word' id='word_1_508' title='bbox 3723 3255 3779 3296; x_wconf 80' lang='lat' dir='ltr'><strong>ac</strong></span> 
     </span>
    </p>
   </div>
   <div class='ocr_carea' id='block_1_69' title="bbox 2175 3340 3779 3415">
    <p class='ocr_par' dir='ltr' id='par_1_69' title="bbox 2175 3340 3779 3415">
     <span class='ocr_line' id='line_1_70' title="bbox 2175 3340 3779 3415; baseline -0.008 -9"><span class='ocrx_word' id='word_1_509' title='bbox 2175 3350 2525 3411; x_wconf 79' lang='lat' dir='ltr'><strong>festivitatem</strong></span> <span class='ocrx_word' id='word_1_510' title='bbox 2570 3348 2716 3405; x_wconf 89' lang='lat' dir='ltr'><strong>beati</strong></span> <span class='ocrx_word' id='word_1_511' title='bbox 2778 3340 3026 3403; x_wconf 81' lang='lat' dir='ltr'><strong>Andreae</strong></span> <span class='ocrx_word' id='word_1_512' title='bbox 3068 3344 3114 3378; x_wconf 78' lang='grc'><strong>³⁸</strong></span> <span class='ocrx_word' id='word_1_513' title='bbox 3161 3340 3416 3415; x_wconf 75' lang='lat' dir='ltr'><strong>apestoli,</strong></span> <span class='ocrx_word' id='word_1_514' title='bbox 3465 3352 3697 3395; x_wconf 83' lang='lat' dir='ltr'><strong>necnon</strong></span> <span class='ocrx_word' id='word_1_515' title='bbox 3732 3345 3779 3393; x_wconf 86' lang='lat' dir='ltr'><strong>et</strong></span> 
     </span>
    </p>
   </div>
   <div class='ocr_carea' id='block_1_70' title="bbox 2178 3430 3778 3515">
    <p class='ocr_par' dir='ltr' id='par_1_70' title="bbox 2178 3430 3778 3515">
     <span class='ocr_line' id='line_1_71' title="bbox 2178 3430 3778 3515; baseline -0.008 -16"><span class='ocrx_word' id='word_1_516' title='bbox 2178 3436 2356 3515; x_wconf 89' lang='lat' dir='ltr'><strong>ipsum</strong></span> <span class='ocrx_word' id='word_1_517' title='bbox 2403 3444 2807 3500; x_wconf 84' lang='lat' dir='ltr'><strong>sacrosanctum</strong></span> <span class='ocrx_word' id='word_1_518' title='bbox 2844 3432 2889 3472; x_wconf 69' lang='grc' dir='ltr'><strong>θ’</strong></span> <span class='ocrx_word' id='word_1_519' title='bbox 2932 3436 3232 3495; x_wconf 81' lang='lat' dir='ltr'><strong>dominicae</strong></span> <span class='ocrx_word' id='word_1_520' title='bbox 3282 3430 3597 3490; x_wconf 74' lang='lat' dir='ltr'><strong>nativitatis</strong></span> <span class='ocrx_word' id='word_1_521' title='bbox 3646 3433 3778 3488; x_wconf 72' lang='lat' dir='ltr'><strong>dias</strong></span> 
     </span>
    </p>
   </div>
   <div class='ocr_carea' id='block_1_71' title="bbox 2178 3526 3657 3606">
    <p class='ocr_par' dir='ltr' id='par_1_71' title="bbox 2178 3526 3657 3606">
     <span class='ocr_line' id='line_1_72' title="bbox 2178 3526 3657 3606; baseline -0.005 -17"><span class='ocrx_word' id='word_1_522' title='bbox 2178 3546 2302 3590; x_wconf 91' lang='lat' dir='ltr'><strong>cum</strong></span> <span class='ocrx_word' id='word_1_523' title='bbox 2331 3549 2528 3606; x_wconf 85' lang='lat' dir='ltr'><strong>magna</strong></span> <span class='ocrx_word' id='word_1_524' title='bbox 2555 3532 2761 3590; x_wconf 89' lang='lat' dir='ltr'><strong>laetitia</strong></span> <span class='ocrx_word' id='word_1_525' title='bbox 2789 3538 2845 3589; x_wconf 90' lang='lat' dir='ltr'><strong>et</strong></span> <span class='ocrx_word' id='word_1_526' title='bbox 2872 3530 3235 3590; x_wconf 82' lang='lat' dir='ltr'><strong>exsultatione</strong></span> <span class='ocrx_word' id='word_1_527' title='bbox 3260 3526 3552 3586; x_wconf 75' lang='lat' dir='ltr'><strong>celebravit</strong></span> <span class='ocrx_word' id='word_1_528' title='bbox 3597 3526 3657 3581; x_wconf 66' lang='grc' dir='ltr'><strong>ἀ.</strong></span> 
     </span>
    </p>
   </div>
   <div class='ocr_carea' id='block_1_72' title="bbox 1712 3647 2543 3708">
    <p class='ocr_par' dir='ltr' id='par_1_72' title="bbox 1712 3647 2543 3708">
     <span class='ocr_line' id='line_1_73' title="bbox 1712 3647 2543 3708; baseline -0.005 0"><span class='ocrx_word' id='word_1_529' title='bbox 1712 3648 2103 3708; x_wconf 82' lang='lat' dir='ltr'><strong>VARIANTES</strong></span> <span class='ocrx_word' id='word_1_530' title='bbox 2139 3647 2543 3707; x_wconf 88' lang='lat' dir='ltr'><strong>LECTIONES.</strong></span> 
     </span>
    </p>
   </div>
   <div class='ocr_carea' id='block_1_73' title="bbox 522 3735 1324 3817">
    <p class='ocr_par' dir='ltr' id='par_1_73' title="bbox 522 3735 1324 3817">
     <span class='ocr_line' id='line_1_74' title="bbox 522 3735 1324 3817; baseline 0.005 -22"><span class='ocrx_word' id='word_1_531' title='bbox 522 3805 533 3817; x_wconf 83' lang='lat'>_</span> <span class='ocrx_word' id='word_1_532' title='bbox 594 3735 837 3817; x_wconf 49' lang='lat' dir='ltr'><strong>‘negse9.</strong></span> <span class='ocrx_word' id='word_1_533' title='bbox 897 3812 911 3817; x_wconf 93' lang='lat'><em>_</em></span> <span class='ocrx_word' id='word_1_534' title='bbox 940 3742 961 3774; x_wconf 83' lang='grc'>³</span> <span class='ocrx_word' id='word_1_535' title='bbox 982 3750 1251 3817; x_wconf 76' lang='lat' dir='ltr'><strong>quatenus</strong></span> <span class='ocrx_word' id='word_1_536' title='bbox 1270 3745 1324 3802; x_wconf 85' lang='lat'><strong>9.</strong></span> 
     </span>
    </p>
   </div>
   <div class='ocr_carea' id='block_1_74' title="bbox 490 3804 1853 3874">
    <p class='ocr_par' dir='ltr' id='par_1_74' title="bbox 490 3804 1853 3874">
     <span class='ocr_line' id='line_1_75' title="bbox 490 3804 1853 3874; baseline 0.005 -12"><span class='ocrx_word' id='word_1_537' title='bbox 490 3805 571 3862; x_wconf 83' lang='lat' dir='ltr'><strong>rio</strong></span> <span class='ocrx_word' id='word_1_538' title='bbox 599 3804 644 3860; x_wconf 87' lang='grc' dir='ltr'><em>Β</em></span> <span class='ocrx_word' id='word_1_539' title='bbox 673 3807 724 3863; x_wconf 89' lang='grc'><strong>6.</strong></span> <span class='ocrx_word' id='word_1_540' title='bbox 757 3804 1068 3869; x_wconf 79' lang='lat' dir='ltr'><strong>bernhardo</strong></span> <span class='ocrx_word' id='word_1_541' title='bbox 1092 3813 1144 3868; x_wconf 82' lang='lat'><strong>5.</strong></span> <span class='ocrx_word' id='word_1_542' title='bbox 1190 3815 1242 3870; x_wconf 90' lang='lat'><strong>6.</strong></span> <span class='ocrx_word' id='word_1_543' title='bbox 1340 3815 1361 3848; x_wconf 82' lang='grc'>³</span> <span class='ocrx_word' id='word_1_544' title='bbox 1384 3832 1483 3873; x_wconf 88' lang='lat' dir='ltr'><strong>nec</strong></span> <span class='ocrx_word' id='word_1_545' title='bbox 1508 3834 1616 3874; x_wconf 91' lang='lat' dir='ltr'><strong>non</strong></span> <span class='ocrx_word' id='word_1_546' title='bbox 1641 3821 1779 3874; x_wconf 83' lang='lat' dir='ltr'><strong>deest</strong></span> <span class='ocrx_word' id='word_1_547' title='bbox 1800 3817 1853 3872; x_wconf 89' lang='lat'><strong>9.</strong></span> 
     </span>
    </p>
   </div>
   <div class='ocr_carea' id='block_1_75' title="bbox 490 3875 2000 3958">
    <p class='ocr_par' dir='ltr' id='par_1_75' title="bbox 490 3875 2000 3958">
     <span class='ocr_line' id='line_1_76' title="bbox 490 3875 2000 3958; baseline 0.011 -26"><span class='ocrx_word' id='word_1_548' title='bbox 490 3875 619 3958; x_wconf 39' lang='lat' dir='ltr'><strong>c.a6.</strong></span> <span class='ocrx_word' id='word_1_549' title='bbox 655 3884 815 3958; x_wconf 78' lang='lat' dir='ltr'><strong>atqtte</strong></span> <span class='ocrx_word' id='word_1_550' title='bbox 842 3883 1212 3958; x_wconf 81' lang='lat' dir='ltr'><strong>chartaginem</strong></span> <span class='ocrx_word' id='word_1_551' title='bbox 1238 3882 1291 3942; x_wconf 76' lang='lat'><strong>2.</strong></span> <span class='ocrx_word' id='word_1_552' title='bbox 1317 3896 1480 3958; x_wconf 90' lang='lat' dir='ltr'><strong>atque</strong></span> <span class='ocrx_word' id='word_1_553' title='bbox 1509 3891 1842 3958; x_wconf 81' lang='lat' dir='ltr'><strong>cartaginem</strong></span> <span class='ocrx_word' id='word_1_554' title='bbox 1872 3882 1917 3939; x_wconf 84' lang='grc' dir='ltr'><strong>Β</strong></span> <span class='ocrx_word' id='word_1_555' title='bbox 1942 3884 2000 3958; x_wconf 62' lang='grc' dir='ltr'><strong>β-</strong></span> 
     </span>
    </p>
   </div>
   <div class='ocr_carea' id='block_1_76' title="bbox 488 3907 1709 4030">
    <p class='ocr_par' dir='ltr' id='par_1_76' title="bbox 488 3907 1709 4030">
     <span class='ocr_line' id='line_1_77' title="bbox 490 3907 1709 3958; baseline 0.01 -26"><span class='ocrx_word' id='word_1_556' title='bbox 490 3907 619 3945; x_wconf 43' lang='grc' dir='ltr'><strong>υηυ.</strong></span> <span class='ocrx_word' id='word_1_557' title='bbox 655 3907 815 3949; x_wconf 69' lang='lat' dir='ltr'><strong>atquc</strong></span> <span class='ocrx_word' id='word_1_558' title='bbox 842 3907 1212 3954; x_wconf 77' lang='lat' dir='ltr'><strong>cuurtagulem</strong></span> <span class='ocrx_word' id='word_1_559' title='bbox 1239 3907 1291 3942; x_wconf 80' lang='grc' dir='ltr'><strong>Ζ.</strong></span> <span class='ocrx_word' id='word_1_560' title='bbox 1317 3907 1480 3958; x_wconf 83' lang='lat' dir='ltr'><strong>atque</strong></span> <span class='ocrx_word' id='word_1_561' title='bbox 1509 3907 1657 3944; x_wconf 67' lang='lat' dir='ltr'><strong>cat-ta</strong></span> <span class='ocrx_word' id='word_1_562' title='bbox 1700 3907 1709 3944; x_wconf 92' lang='lat' dir='ltr'><strong>l</strong></span> 
     </span>
     <span class='ocr_line' id='line_1_78' title="bbox 488 3907 1709 4030; baseline 0.012 -30"><span class='ocrx_word' id='word_1_563' title='bbox 488 3947 884 4030; x_wconf 73' lang='lat' dir='ltr'><strong>splemnitatem</strong></span> <span class='ocrx_word' id='word_1_564' title='bbox 904 3956 1083 4030; x_wconf 71' lang='lat' dir='ltr'><strong>sancti</strong></span> <span class='ocrx_word' id='word_1_565' title='bbox 1113 3957 1165 4012; x_wconf 91' lang='lat'><strong>9.</strong></span> <span class='ocrx_word' id='word_1_566' title='bbox 1245 3959 1293 4030; x_wconf 14' lang='lat' dir='ltr'><strong>&quot;A</strong></span> <span class='ocrx_word' id='word_1_567' title='bbox 1313 3961 1626 4030; x_wconf 87' lang='lat' dir='ltr'><strong>aquisgrani</strong></span> 
     </span>
    </p>
   </div>
   <div class='ocr_carea' id='block_1_77' title="bbox 491 4018 1953 4086">
    <p class='ocr_par' dir='ltr' id='par_1_77' title="bbox 491 4018 1953 4086">
     <span class='ocr_line' id='line_1_79' title="bbox 491 4018 1953 4086; baseline 0.008 -16"><span class='ocrx_word' id='word_1_568' title='bbox 491 4018 534 4049; x_wconf 81' lang='lat'>&quot;</span> <span class='ocrx_word' id='word_1_569' title='bbox 558 4028 773 4076; x_wconf 89' lang='lat' dir='ltr'><strong>coortus</strong></span> <span class='ocrx_word' id='word_1_570' title='bbox 794 4029 878 4086; x_wconf 90' lang='lat' dir='ltr'><strong>est</strong></span> <span class='ocrx_word' id='word_1_571' title='bbox 899 4024 953 4079; x_wconf 90' lang='lat'><strong>9.</strong></span> <span class='ocrx_word' id='word_1_572' title='bbox 1032 4026 1074 4059; x_wconf 78' lang='lat'>”</span> <span class='ocrx_word' id='word_1_573' title='bbox 1101 4040 1232 4082; x_wconf 87' lang='lat' dir='ltr'><strong>vero</strong></span> <span class='ocrx_word' id='word_1_574' title='bbox 1258 4018 1399 4083; x_wconf 60' lang='lat' dir='ltr'><strong>deest</strong></span> <span class='ocrx_word' id='word_1_575' title='bbox 1427 4018 1502 4085; x_wconf 47' lang='lat'><strong>9.“</strong></span> <span class='ocrx_word' id='word_1_576' title='bbox 1582 4032 1624 4064; x_wconf 74' lang='grc'><strong>³⁸</strong></span> <span class='ocrx_word' id='word_1_577' title='bbox 1657 4031 1788 4086; x_wconf 82' lang='lat' dir='ltr'><strong>ittnii</strong></span> <span class='ocrx_word' id='word_1_578' title='bbox 1817 4030 1869 4082; x_wconf 79' lang='grc'><strong>4.</strong></span> <span class='ocrx_word' id='word_1_579' title='bbox 1899 4027 1953 4082; x_wconf 91' lang='lat'><strong>6.</strong></span> 
     </span>
    </p>
   </div>
   <div class='ocr_carea' id='block_1_78' title="bbox 1423 3722 3779 3871">
    <p class='ocr_par' dir='ltr' id='par_1_78' title="bbox 1423 3722 3779 3871">
     <span class='ocr_line' id='line_1_80' title="bbox 1423 3722 3779 3804; baseline -0.004 -3"><span class='ocrx_word' id='word_1_580' title='bbox 1423 3744 1445 3778; x_wconf 84' lang='grc'><em>³</em></span> <span class='ocrx_word' id='word_1_581' title='bbox 1467 3745 1785 3804; x_wconf 87' lang='lat' dir='ltr'><strong>bonefacius</strong></span> <span class='ocrx_word' id='word_1_582' title='bbox 1807 3747 1860 3802; x_wconf 80' lang='grc'><strong>5.</strong></span> <span class='ocrx_word' id='word_1_583' title='bbox 1889 3744 1936 3799; x_wconf 88' lang='grc' dir='ltr'><em>Β</em></span> <span class='ocrx_word' id='word_1_584' title='bbox 1963 3743 2037 3800; x_wconf 61' lang='lat'><strong>5:</strong></span> <span class='ocrx_word' id='word_1_585' title='bbox 2112 3741 2136 3774; x_wconf 73' lang='grc'><strong>⁸</strong></span> <span class='ocrx_word' id='word_1_586' title='bbox 2160 3726 2472 3799; x_wconf 82' lang='lat' dir='ltr'><strong>berethario</strong></span> <span class='ocrx_word' id='word_1_587' title='bbox 2506 3742 2559 3797; x_wconf 81' lang='grc'><strong>5.</strong></span> <span class='ocrx_word' id='word_1_588' title='bbox 2604 3738 2889 3797; x_wconf 87' lang='lat' dir='ltr'><strong>berchario</strong></span> <span class='ocrx_word' id='word_1_589' title='bbox 2908 3738 2961 3794; x_wconf 87' lang='lat'><strong>7.</strong></span> <span class='ocrx_word' id='word_1_590' title='bbox 2992 3736 3045 3794; x_wconf 90' lang='lat'><strong>9.</strong></span> <span class='ocrx_word' id='word_1_591' title='bbox 3095 3730 3386 3791; x_wconf 86' lang='lat' dir='ltr'><strong>bernhario</strong></span> <span class='ocrx_word' id='word_1_592' title='bbox 3408 3728 3463 3787; x_wconf 70' lang='grc'><strong>4.</strong></span> <span class='ocrx_word' id='word_1_593' title='bbox 3491 3722 3779 3791; x_wconf 69' lang='lat' dir='ltr'><strong>bet-enha-</strong></span> 
     </span>
     <span class='ocr_line' id='line_1_81' title="bbox 1423 3801 3778 3871; baseline -0.004 0"><span class='ocrx_word' id='word_1_594' title='bbox 1423 3832 1483 3871; x_wconf 90' lang='lat' dir='ltr'><strong>cc</strong></span> <span class='ocrx_word' id='word_1_595' title='bbox 1508 3834 1616 3871; x_wconf 91' lang='lat' dir='ltr'><strong>non</strong></span> <span class='ocrx_word' id='word_1_596' title='bbox 1641 3821 1779 3871; x_wconf 82' lang='lat' dir='ltr'><strong>deest</strong></span> <span class='ocrx_word' id='word_1_597' title='bbox 1800 3817 1853 3871; x_wconf 92' lang='lat'><strong>9.</strong></span> <span class='ocrx_word' id='word_1_598' title='bbox 1950 3814 1971 3845; x_wconf 78' lang='lat'><strong><em>°</em></strong></span> <span class='ocrx_word' id='word_1_599' title='bbox 1993 3815 2047 3871; x_wconf 89' lang='lat' dir='ltr'><strong>in</strong></span> <span class='ocrx_word' id='word_1_600' title='bbox 2073 3812 2210 3869; x_wconf 88' lang='lat' dir='ltr'><strong>mari</strong></span> <span class='ocrx_word' id='word_1_601' title='bbox 2240 3822 2292 3871; x_wconf 80' lang='lat' dir='ltr'><strong>b.</strong></span> <span class='ocrx_word' id='word_1_602' title='bbox 2319 3810 2355 3867; x_wconf 89' lang='lat' dir='ltr'><strong>i.</strong></span> <span class='ocrx_word' id='word_1_603' title='bbox 2382 3810 2437 3869; x_wconf 90' lang='lat' dir='ltr'><strong>in</strong></span> <span class='ocrx_word' id='word_1_604' title='bbox 2465 3812 2566 3868; x_wconf 89' lang='lat' dir='ltr'><strong>afri</strong></span> <span class='ocrx_word' id='word_1_605' title='bbox 2590 3812 2731 3867; x_wconf 83' lang='lat' dir='ltr'><strong>deest</strong></span> <span class='ocrx_word' id='word_1_606' title='bbox 2759 3810 2804 3865; x_wconf 88' lang='grc' dir='ltr'><em>Β</em></span> <span class='ocrx_word' id='word_1_607' title='bbox 2834 3811 2886 3866; x_wconf 90' lang='grc'><strong>6.</strong></span> <span class='ocrx_word' id='word_1_608' title='bbox 2987 3809 3008 3841; x_wconf 79' lang='grc'><strong>⁷</strong></span> <span class='ocrx_word' id='word_1_609' title='bbox 3037 3815 3092 3864; x_wconf 86' lang='lat' dir='ltr'><strong>et</strong></span> <span class='ocrx_word' id='word_1_610' title='bbox 3110 3805 3494 3871; x_wconf 78' lang='lat' dir='ltr'><strong>Carthaginem</strong></span> <span class='ocrx_word' id='word_1_611' title='bbox 3522 3801 3587 3858; x_wconf 77' lang='lat'><strong>9.</strong></span> <span class='ocrx_word' id='word_1_612' title='bbox 3616 3814 3778 3871; x_wconf 80' lang='lat' dir='ltr'><strong>atque</strong></span> 
     </span>
    </p>
   </div>
   <div class='ocr_carea' id='block_1_79' title="bbox 1738 3883 3770 4081">
    <p class='ocr_par' dir='ltr' id='par_1_79' title="bbox 1738 3883 3770 4081">
     <span class='ocr_line' id='line_1_82' title="bbox 1738 3883 3770 3954; baseline -0.005 -11"><span class='ocrx_word' id='word_1_613' title='bbox 1738 3900 1842 3943; x_wconf 76' lang='lat' dir='ltr'><strong>tem</strong></span> <span class='ocrx_word' id='word_1_614' title='bbox 1872 3883 1917 3939; x_wconf 95' lang='grc' dir='ltr'><strong>Β</strong></span> <span class='ocrx_word' id='word_1_615' title='bbox 1947 3884 2000 3940; x_wconf 84' lang='lat'><strong>6.</strong></span> <span class='ocrx_word' id='word_1_616' title='bbox 2102 3884 2124 3916; x_wconf 84' lang='grc'><strong><em>⁸</em></strong></span> <span class='ocrx_word' id='word_1_617' title='bbox 2152 3883 2359 3954; x_wconf 72' lang='lat' dir='ltr'><strong>aliduot</strong></span> <span class='ocrx_word' id='word_1_618' title='bbox 2403 3884 2456 3940; x_wconf 88' lang='lat'><strong>9.</strong></span> <span class='ocrx_word' id='word_1_619' title='bbox 2563 3884 2585 3916; x_wconf 78' lang='lat'><strong>°</strong></span> <span class='ocrx_word' id='word_1_620' title='bbox 2615 3883 2722 3938; x_wconf 81' lang='lat' dir='ltr'><strong>kal.</strong></span> <span class='ocrx_word' id='word_1_621' title='bbox 2766 3883 2899 3936; x_wconf 88' lang='lat' dir='ltr'><strong>iunii</strong></span> <span class='ocrx_word' id='word_1_622' title='bbox 2928 3883 2979 3936; x_wconf 89' lang='lat'><strong>9.</strong></span> <span class='ocrx_word' id='word_1_623' title='bbox 3088 3883 3130 3911; x_wconf 74' lang='grc' dir='ltr'><strong><em>ὀ</em></strong></span> <span class='ocrx_word' id='word_1_624' title='bbox 3155 3887 3211 3932; x_wconf 92' lang='lat' dir='ltr'><strong>et</strong></span> <span class='ocrx_word' id='word_1_625' title='bbox 3247 3883 3378 3934; x_wconf 74' lang='lat' dir='ltr'><strong>VIII.</strong></span> <span class='ocrx_word' id='word_1_626' title='bbox 3410 3883 3464 3931; x_wconf 87' lang='lat'><strong>9.</strong></span> <span class='ocrx_word' id='word_1_627' title='bbox 3543 3883 3599 3906; x_wconf 78' lang='grc' dir='ltr'><strong><em>ἰ</em></strong></span> <span class='ocrx_word' id='word_1_628' title='bbox 3631 3883 3770 3933; x_wconf 74' lang='lat' dir='ltr'><strong>circa</strong></span> 
     </span>
     <span class='ocr_line' id='line_1_83' title="bbox 1738 3946 3770 4028; baseline -0.007 -16"><span class='ocrx_word' id='word_1_629' title='bbox 1738 3958 1783 4012; x_wconf 90' lang='lat' dir='ltr'><strong><em>B</em></strong></span> <span class='ocrx_word' id='word_1_630' title='bbox 1805 3956 1857 4011; x_wconf 82' lang='grc'><strong>5.</strong></span> <span class='ocrx_word' id='word_1_631' title='bbox 1938 3954 1982 3990; x_wconf 82' lang='grc'>¹³</span> <span class='ocrx_word' id='word_1_632' title='bbox 2006 3955 2215 4028; x_wconf 80' lang='lat' dir='ltr'><strong>positus</strong></span> <span class='ocrx_word' id='word_1_633' title='bbox 2238 3955 2381 4010; x_wconf 82' lang='lat' dir='ltr'><strong>deest</strong></span> <span class='ocrx_word' id='word_1_634' title='bbox 2409 3955 2464 4011; x_wconf 88' lang='lat'><strong>9.</strong></span> <span class='ocrx_word' id='word_1_635' title='bbox 2542 3955 2587 3986; x_wconf 74' lang='lat'>“</span> <span class='ocrx_word' id='word_1_636' title='bbox 2616 3962 2802 4009; x_wconf 86' lang='lat' dir='ltr'><strong>sancto</strong></span> <span class='ocrx_word' id='word_1_637' title='bbox 2824 3952 2964 4006; x_wconf 80' lang='lat' dir='ltr'><strong>deest</strong></span> <span class='ocrx_word' id='word_1_638' title='bbox 2987 3951 3041 4005; x_wconf 89' lang='lat'><strong>9.</strong></span> <span class='ocrx_word' id='word_1_639' title='bbox 3122 3949 3165 3981; x_wconf 80' lang='grc'><strong>¹⁸</strong></span> <span class='ocrx_word' id='word_1_640' title='bbox 3189 3946 3512 4018; x_wconf 85' lang='lat' dir='ltr'><strong>aquasgrani</strong></span> <span class='ocrx_word' id='word_1_641' title='bbox 3545 3946 3610 3999; x_wconf 84' lang='grc'><strong>1.</strong></span> <span class='ocrx_word' id='word_1_642' title='bbox 3652 3946 3699 4000; x_wconf 91' lang='grc' dir='ltr'><strong>Β</strong></span> <span class='ocrx_word' id='word_1_643' title='bbox 3726 3948 3770 3999; x_wconf 81' lang='lat'><strong>6.</strong></span> 
     </span>
     <span class='ocr_line' id='line_1_84' title="bbox 1738 4018 3770 4081; baseline -0.004 0"><span class='ocrx_word' id='word_1_644' title='bbox 1738 4031 1788 4081; x_wconf 83' lang='grc' dir='ltr'><strong>ιίἰ</strong></span> <span class='ocrx_word' id='word_1_645' title='bbox 1817 4030 1869 4081; x_wconf 76' lang='grc'><strong>4.</strong></span> <span class='ocrx_word' id='word_1_646' title='bbox 1899 4027 1953 4081; x_wconf 84' lang='grc'><strong>6.</strong></span> <span class='ocrx_word' id='word_1_647' title='bbox 2053 4027 2095 4059; x_wconf 81' lang='grc'><strong>¹⁹</strong></span> <span class='ocrx_word' id='word_1_648' title='bbox 2126 4027 2451 4081; x_wconf 71' lang='lat' dir='ltr'><strong>aauasarani</strong></span> <span class='ocrx_word' id='word_1_649' title='bbox 2513 4026 2564 4080; x_wconf 82' lang='grc'><strong>1.</strong></span> <span class='ocrx_word' id='word_1_650' title='bbox 2604 4025 2655 4079; x_wconf 91' lang='grc'><strong>6.</strong></span> <span class='ocrx_word' id='word_1_651' title='bbox 2705 4024 2807 4079; x_wconf 84' lang='grc' dir='ltr'><strong>Β5.</strong></span> <span class='ocrx_word' id='word_1_652' title='bbox 2841 4023 2893 4076; x_wconf 89' lang='grc'><strong>6.</strong></span> <span class='ocrx_word' id='word_1_653' title='bbox 3002 4021 3047 4053; x_wconf 79' lang='grc'><strong>²⁰</strong></span> <span class='ocrx_word' id='word_1_654' title='bbox 3070 4027 3313 4077; x_wconf 86' lang='lat' dir='ltr'><strong>moveret</strong></span> <span class='ocrx_word' id='word_1_655' title='bbox 3341 4020 3395 4073; x_wconf 90' lang='lat'><strong>9.</strong></span> <span class='ocrx_word' id='word_1_656' title='bbox 3492 4018 3535 4047; x_wconf 85' lang='grc'><strong>²¹</strong></span> <span class='ocrx_word' id='word_1_657' title='bbox 3570 4031 3770 4073; x_wconf 81' lang='lat' dir='ltr'><strong>eorum</strong></span> 
     </span>
    </p>
   </div>
   <div class='ocr_carea' id='block_1_80' title="bbox 2160 4041 2893 4097">
    <p class='ocr_par' dir='ltr' id='par_1_80' title="bbox 2160 4041 2893 4097">
     <span class='ocr_line' id='line_1_85' title="bbox 2160 4041 2893 4097; baseline -0.007 -16"><span class='ocrx_word' id='word_1_658' title='bbox 2160 4041 2451 4097; x_wconf 81' lang='lat' dir='ltr'><strong>quasgram</strong></span> <span class='ocrx_word' id='word_1_659' title='bbox 2513 4041 2564 4080; x_wconf 82' lang='grc' dir='ltr'><strong>ι.</strong></span> <span class='ocrx_word' id='word_1_660' title='bbox 2604 4041 2655 4079; x_wconf 88' lang='lat' dir='ltr'><strong>o.</strong></span> <span class='ocrx_word' id='word_1_661' title='bbox 2705 4041 2807 4097; x_wconf 72' lang='lat' dir='ltr'><strong>no.</strong></span> <span class='ocrx_word' id='word_1_662' title='bbox 2841 4041 2893 4076; x_wconf 83' lang='grc' dir='ltr'><strong>ο.</strong></span> 
     </span>
    </p>
   </div>
   <div class='ocr_carea' id='block_1_81' title="bbox 2987 3801 3778 3875">
    <p class='ocr_par' dir='ltr' id='par_1_81' title="bbox 2987 3801 3778 3875">
     <span class='ocr_line' id='line_1_86' title="bbox 2987 3801 3778 3875; baseline -0.004 -11"><span class='ocrx_word' id='word_1_663' title='bbox 2987 3809 3008 3841; x_wconf 80' lang='lat'><strong>&#39;</strong></span> <span class='ocrx_word' id='word_1_664' title='bbox 3037 3815 3092 3864; x_wconf 87' lang='lat' dir='ltr'><strong>et</strong></span> <span class='ocrx_word' id='word_1_665' title='bbox 3110 3805 3494 3875; x_wconf 80' lang='lat' dir='ltr'><strong>Carthaginem</strong></span> <span class='ocrx_word' id='word_1_666' title='bbox 3522 3801 3587 3858; x_wconf 82' lang='lat'><strong>9.</strong></span> <span class='ocrx_word' id='word_1_667' title='bbox 3616 3814 3778 3875; x_wconf 81' lang='lat' dir='ltr'><strong>atque</strong></span> 
     </span>
    </p>
   </div>
   <div class='ocr_carea' id='block_1_82' title="bbox 2563 3874 3777 3938">
    <p class='ocr_par' dir='ltr' id='par_1_82' title="bbox 2563 3874 3777 3938">
     <span class='ocr_line' id='line_1_87' title="bbox 2563 3874 3777 3938; baseline -0.007 0"><span class='ocrx_word' id='word_1_668' title='bbox 2563 3884 2585 3916; x_wconf 82' lang='grc'><strong>⁹</strong></span> <span class='ocrx_word' id='word_1_669' title='bbox 2615 3883 2722 3938; x_wconf 81' lang='lat' dir='ltr'><strong>kal.</strong></span> <span class='ocrx_word' id='word_1_670' title='bbox 2766 3880 2899 3936; x_wconf 85' lang='lat' dir='ltr'><strong>iunii</strong></span> <span class='ocrx_word' id='word_1_671' title='bbox 2928 3881 2979 3936; x_wconf 87' lang='lat'><strong>9.</strong></span> <span class='ocrx_word' id='word_1_672' title='bbox 3088 3880 3130 3911; x_wconf 81' lang='grc'><strong>¹⁰</strong></span> <span class='ocrx_word' id='word_1_673' title='bbox 3155 3887 3211 3932; x_wconf 88' lang='lat' dir='ltr'><strong>et</strong></span> <span class='ocrx_word' id='word_1_674' title='bbox 3246 3874 3378 3934; x_wconf 72' lang='lat' dir='ltr'><strong>Vill.</strong></span> <span class='ocrx_word' id='word_1_675' title='bbox 3410 3876 3464 3931; x_wconf 88' lang='lat'><strong>9.</strong></span> <span class='ocrx_word' id='word_1_676' title='bbox 3543 3875 3599 3906; x_wconf 84' lang='grc'><strong>³¹</strong></span> <span class='ocrx_word' id='word_1_677' title='bbox 3631 3874 3777 3933; x_wconf 71' lang='lat' dir='ltr'><strong>circa</strong></span> 
     </span>
    </p>
   </div>
   <div class='ocr_carea' id='block_1_83' title="bbox 3002 4018 3773 4077">
    <p class='ocr_par' dir='ltr' id='par_1_83' title="bbox 3002 4018 3773 4077">
     <span class='ocr_line' id='line_1_88' title="bbox 3002 4018 3773 4077; baseline -0.006 0"><span class='ocrx_word' id='word_1_678' title='bbox 3002 4021 3047 4053; x_wconf 79' lang='grc'><strong>²⁰</strong></span> <span class='ocrx_word' id='word_1_679' title='bbox 3070 4027 3313 4077; x_wconf 86' lang='lat' dir='ltr'><strong>moveret</strong></span> <span class='ocrx_word' id='word_1_680' title='bbox 3341 4020 3395 4073; x_wconf 90' lang='lat'><strong>9.</strong></span> <span class='ocrx_word' id='word_1_681' title='bbox 3492 4018 3535 4047; x_wconf 85' lang='grc'><strong>²¹</strong></span> <span class='ocrx_word' id='word_1_682' title='bbox 3570 4031 3773 4073; x_wconf 81' lang='lat' dir='ltr'><strong>eorum</strong></span> 
     </span>
    </p>
   </div>
   <div class='ocr_carea' id='block_1_84' title="bbox 488 4084 3773 4167">
    <p class='ocr_par' dir='ltr' id='par_1_84' title="bbox 488 4084 3773 4167">
     <span class='ocr_line' id='line_1_89' title="bbox 488 4084 3773 4167; baseline 0.001 -23"><span class='ocrx_word' id='word_1_683' title='bbox 488 4091 625 4167; x_wconf 63' lang='lat' dir='ltr'><strong>deest</strong></span> <span class='ocrx_word' id='word_1_684' title='bbox 651 4091 704 4167; x_wconf 82' lang='lat'><strong>9.</strong></span> <span class='ocrx_word' id='word_1_685' title='bbox 778 4093 831 4167; x_wconf 75' lang='lat'><strong>&quot;_</strong></span> <span class='ocrx_word' id='word_1_686' title='bbox 854 4084 1093 4167; x_wconf 79' lang='lat' dir='ltr'><strong>franciae</strong></span> <span class='ocrx_word' id='word_1_687' title='bbox 1118 4099 1364 4167; x_wconf 86' lang='lat' dir='ltr'><strong>regiones</strong></span> <span class='ocrx_word' id='word_1_688' title='bbox 1391 4084 1445 4167; x_wconf 80' lang='lat'><strong>9.</strong></span> <span class='ocrx_word' id='word_1_689' title='bbox 1521 4102 1567 4134; x_wconf 78' lang='lat'><strong>&quot;</strong></span> <span class='ocrx_word' id='word_1_690' title='bbox 1590 4084 1882 4156; x_wconf 17' lang='lat' dir='ltr'><strong>utis&#39;umma</strong></span> <span class='ocrx_word' id='word_1_691' title='bbox 1908 4100 1962 4154; x_wconf 91' lang='lat'><strong>9.</strong></span> <span class='ocrx_word' id='word_1_692' title='bbox 2039 4099 2086 4131; x_wconf 71' lang='lat'><em>“</em></span> <span class='ocrx_word' id='word_1_693' title='bbox 2111 4084 2193 4153; x_wconf 80' lang='lat' dir='ltr'><strong>sui</strong></span> <span class='ocrx_word' id='word_1_694' title='bbox 2220 4084 2508 4153; x_wconf 47' lang='lat' dir='ltr'><strong>mu‘ititudo</strong></span> <span class='ocrx_word' id='word_1_695' title='bbox 2537 4097 2590 4150; x_wconf 90' lang='lat' dir='ltr'><strong>in</strong></span> <span class='ocrx_word' id='word_1_696' title='bbox 2617 4097 2670 4152; x_wconf 87' lang='lat'><strong>9.</strong></span> <span class='ocrx_word' id='word_1_697' title='bbox 2746 4096 2792 4129; x_wconf 76' lang='grc'><strong>’⁸</strong></span> <span class='ocrx_word' id='word_1_698' title='bbox 2818 4092 3136 4167; x_wconf 78' lang='lat' dir='ltr'><strong>novensium</strong></span> <span class='ocrx_word' id='word_1_699' title='bbox 3162 4088 3217 4167; x_wconf 68' lang='lat'><strong>4.</strong></span> <span class='ocrx_word' id='word_1_700' title='bbox 3257 4087 3626 4167; x_wconf 50' lang='lat' dir='ltr'><strong>noviensiunr</strong></span> <span class='ocrx_word' id='word_1_701' title='bbox 3644 4089 3702 4144; x_wconf 78' lang='lat'><strong>5.</strong></span> <span class='ocrx_word' id='word_1_702' title='bbox 3726 4089 3773 4167; x_wconf 67' lang='grc' dir='ltr'><strong>ὃἷ</strong></span> 
     </span>
    </p>
   </div>
   <div class='ocr_carea' id='block_1_85' title="bbox 487 4157 3773 4242">
    <p class='ocr_par' dir='ltr' id='par_1_85' title="bbox 487 4157 3773 4242">
     <span class='ocr_line' id='line_1_90' title="bbox 487 4157 3773 4242; baseline -0 -30"><span class='ocrx_word' id='word_1_703' title='bbox 487 4157 533 4191; x_wconf 88' lang='grc'><strong>¹¹⁶</strong></span> <span class='ocrx_word' id='word_1_704' title='bbox 557 4159 778 4242; x_wconf 73' lang='lat' dir='ltr'><strong>circiter</strong></span> <span class='ocrx_word' id='word_1_705' title='bbox 798 4164 936 4242; x_wconf 67' lang='lat' dir='ltr'><strong>deest</strong></span> <span class='ocrx_word' id='word_1_706' title='bbox 956 4166 1051 4242; x_wconf 38' lang='lat'><strong>9.“</strong></span> <span class='ocrx_word' id='word_1_707' title='bbox 1079 4167 1132 4242; x_wconf 59' lang='grc' dir='ltr'><strong>ξ’</strong></span> <span class='ocrx_word' id='word_1_708' title='bbox 1160 4157 1351 4242; x_wconf 60' lang='grc' dir='ltr'><strong>ννεῃιεηη</strong></span> <span class='ocrx_word' id='word_1_709' title='bbox 1408 4162 1460 4225; x_wconf 85' lang='lat'><strong>9.</strong></span> <span class='ocrx_word' id='word_1_710' title='bbox 1539 4173 1584 4204; x_wconf 79' lang='grc'><strong>’⁸</strong></span> <span class='ocrx_word' id='word_1_711' title='bbox 1615 4173 1857 4242; x_wconf 89' lang='lat' dir='ltr'><strong>dispersa</strong></span> <span class='ocrx_word' id='word_1_712' title='bbox 1883 4176 2000 4223; x_wconf 87' lang='lat' dir='ltr'><strong>erat</strong></span> <span class='ocrx_word' id='word_1_713' title='bbox 2021 4170 2073 4225; x_wconf 87' lang='lat'><strong>9.</strong></span> <span class='ocrx_word' id='word_1_714' title='bbox 2151 4169 2195 4200; x_wconf 78' lang='grc'><strong>’³</strong></span> <span class='ocrx_word' id='word_1_715' title='bbox 2222 4169 2377 4242; x_wconf 80' lang='lat' dir='ltr'><strong>sicut</strong></span> <span class='ocrx_word' id='word_1_716' title='bbox 2392 4168 2748 4242; x_wconf 74' lang='lat' dir='ltr'><strong>constituerat</strong></span> <span class='ocrx_word' id='word_1_717' title='bbox 2770 4167 2822 4222; x_wconf 95' lang='lat'><strong>9.</strong></span> <span class='ocrx_word' id='word_1_718' title='bbox 2900 4164 2943 4196; x_wconf 79' lang='grc' dir='ltr'><strong>³ο</strong></span> <span class='ocrx_word' id='word_1_719' title='bbox 2972 4158 3437 4242; x_wconf 34' lang='lat' dir='ltr'><strong>mensendeest</strong></span> <span class='ocrx_word' id='word_1_720' title='bbox 3460 4159 3505 4189; x_wconf 80' lang='grc'><strong>³¹</strong></span> <span class='ocrx_word' id='word_1_721' title='bbox 3533 4158 3773 4242; x_wconf 54' lang='grc' dir='ltr'><strong>ξοιεωρὶ</strong></span> 
     </span>
    </p>
   </div>
   <div class='ocr_carea' id='block_1_86' title="bbox 486 4233 912 4290">
    <p class='ocr_par' dir='ltr' id='par_1_86' title="bbox 486 4233 912 4290">
     <span class='ocr_line' id='line_1_91' title="bbox 486 4233 912 4290; baseline 0.023 -9"><span class='ocrx_word' id='word_1_722' title='bbox 486 4242 638 4285; x_wconf 88' lang='lat' dir='ltr'><strong>more</strong></span> <span class='ocrx_word' id='word_1_723' title='bbox 682 4233 833 4289; x_wconf 90' lang='lat' dir='ltr'><strong>deest</strong></span> <span class='ocrx_word' id='word_1_724' title='bbox 861 4236 912 4290; x_wconf 91' lang='lat'><strong>9.</strong></span> 
     </span>
    </p>
   </div>
   <div class='ocr_carea' id='block_1_87' title="bbox 487 4298 1050 4364">
    <p class='ocr_par' dir='ltr' id='par_1_87' title="bbox 487 4298 1050 4364">
     <span class='ocr_line' id='line_1_92' title="bbox 487 4298 1050 4364; baseline 0.021 -12"><span class='ocrx_word' id='word_1_725' title='bbox 487 4298 534 4331; x_wconf 85' lang='grc'><strong>³⁸</strong></span> <span class='ocrx_word' id='word_1_726' title='bbox 566 4300 770 4358; x_wconf 76' lang='lat' dir='ltr'><strong>italiam</strong></span> <span class='ocrx_word' id='word_1_727' title='bbox 814 4306 963 4362; x_wconf 88' lang='lat' dir='ltr'><strong>misit</strong></span> <span class='ocrx_word' id='word_1_728' title='bbox 997 4309 1050 4364; x_wconf 93' lang='lat'><strong>9.</strong></span> 
     </span>
    </p>
   </div>
   <div class='ocr_carea' id='block_1_88' title="bbox 1012 4234 3204 4313">
    <p class='ocr_par' dir='ltr' id='par_1_88' title="bbox 1012 4234 3204 4313">
     <span class='ocr_line' id='line_1_93' title="bbox 1012 4234 3204 4313; baseline -0.002 -22"><span class='ocrx_word' id='word_1_729' title='bbox 1012 4234 1386 4313; x_wconf 55' lang='lat' dir='ltr'><strong>f&#39;longinquls</strong></span> <span class='ocrx_word' id='word_1_730' title='bbox 1433 4234 1744 4313; x_wconf 75' lang='lat' dir='ltr'><strong>regionibus</strong></span> <span class='ocrx_word' id='word_1_731' title='bbox 1786 4248 2051 4313; x_wconf 76' lang='lat' dir='ltr'><strong>venerant</strong></span> <span class='ocrx_word' id='word_1_732' title='bbox 2093 4247 2155 4313; x_wconf 73' lang='lat' dir='ltr'><strong>et</strong></span> <span class='ocrx_word' id='word_1_733' title='bbox 2202 4240 2504 4313; x_wconf 33' lang='lat' dir='ltr'><strong>audivitAet</strong></span> <span class='ocrx_word' id='word_1_734' title='bbox 2550 4239 2603 4294; x_wconf 90' lang='lat'><strong>9.</strong></span> <span class='ocrx_word' id='word_1_735' title='bbox 2681 4237 2727 4270; x_wconf 81' lang='grc'><strong>³³</strong></span> <span class='ocrx_word' id='word_1_736' title='bbox 2755 4251 2910 4313; x_wconf 82' lang='lat' dir='ltr'><strong>suum</strong></span> <span class='ocrx_word' id='word_1_737' title='bbox 2952 4234 3099 4313; x_wconf 61' lang='lat' dir='ltr'><strong>deest</strong></span> <span class='ocrx_word' id='word_1_738' title='bbox 3148 4234 3204 4288; x_wconf 86' lang='lat'><strong>9.</strong></span> 
     </span>
    </p>
   </div>
   <div class='ocr_carea' id='block_1_89' title="bbox 1163 4310 2239 4367">
    <p class='ocr_par' dir='ltr' id='par_1_89' title="bbox 1163 4310 2239 4367">
     <span class='ocr_line' id='line_1_94' title="bbox 1163 4310 2239 4367; baseline 0.002 -3"><span class='ocrx_word' id='word_1_739' title='bbox 1163 4310 1209 4341; x_wconf 79' lang='grc'>³⁸</span> <span class='ocrx_word' id='word_1_740' title='bbox 1236 4310 1593 4366; x_wconf 76' lang='lat' dir='ltr'><strong>camararium</strong></span> <span class='ocrx_word' id='word_1_741' title='bbox 1645 4314 1694 4366; x_wconf 80' lang='grc'><strong>1.</strong></span> <span class='ocrx_word' id='word_1_742' title='bbox 1739 4313 1794 4367; x_wconf 75' lang='lat'><strong>2.</strong></span> <span class='ocrx_word' id='word_1_743' title='bbox 1830 4311 1884 4365; x_wconf 75' lang='grc'><strong>4.</strong></span> <span class='ocrx_word' id='word_1_744' title='bbox 1922 4312 1974 4365; x_wconf 89' lang='lat'><strong>6.</strong></span> <span class='ocrx_word' id='word_1_745' title='bbox 2003 4312 2049 4365; x_wconf 91' lang='lat' dir='ltr'><strong><em>B</em></strong></span> <span class='ocrx_word' id='word_1_746' title='bbox 2089 4310 2144 4365; x_wconf 81' lang='grc'><strong>5.</strong></span> <span class='ocrx_word' id='word_1_747' title='bbox 2188 4311 2239 4366; x_wconf 90' lang='lat'><strong>6.</strong></span> 
     </span>
    </p>
   </div>
   <div class='ocr_carea' id='block_1_90' title="bbox 3302 4227 3770 4285">
    <p class='ocr_par' dir='ltr' id='par_1_90' title="bbox 3302 4227 3770 4285">
     <span class='ocr_line' id='line_1_95' title="bbox 3302 4227 3770 4285; baseline -0.011 1"><span class='ocrx_word' id='word_1_748' title='bbox 3302 4230 3346 4263; x_wconf 74' lang='lat'><strong>“</strong></span> <span class='ocrx_word' id='word_1_749' title='bbox 3384 4229 3474 4285; x_wconf 79' lang='lat' dir='ltr'><strong>illo</strong></span> <span class='ocrx_word' id='word_1_750' title='bbox 3512 4227 3673 4284; x_wconf 75' lang='lat' dir='ltr'><strong>deest</strong></span> <span class='ocrx_word' id='word_1_751' title='bbox 3720 4230 3770 4284; x_wconf 86' lang='lat'><strong>9.</strong></span> 
     </span>
    </p>
   </div>
   <div class='ocr_carea' id='block_1_91' title="bbox 2344 4298 3775 4364">
    <p class='ocr_par' dir='ltr' id='par_1_91' title="bbox 2344 4298 3775 4364">
     <span class='ocr_line' id='line_1_96' title="bbox 2344 4298 3775 4364; baseline -0.008 1"><span class='ocrx_word' id='word_1_752' title='bbox 2344 4310 2388 4342; x_wconf 89' lang='grc'><strong>³⁷</strong></span> <span class='ocrx_word' id='word_1_753' title='bbox 2413 4308 2942 4364; x_wconf 86' lang='lat' dir='ltr'><strong>franeonouuardum</strong></span> <span class='ocrx_word' id='word_1_754' title='bbox 2985 4305 3041 4358; x_wconf 72' lang='grc'><strong>2.</strong></span> <span class='ocrx_word' id='word_1_755' title='bbox 3074 4298 3474 4359; x_wconf 85' lang='lat' dir='ltr'><strong>franconouurd</strong></span> <span class='ocrx_word' id='word_1_756' title='bbox 3516 4298 3573 4354; x_wconf 67' lang='grc' dir='ltr'><strong>ι.</strong></span> <span class='ocrx_word' id='word_1_757' title='bbox 3625 4300 3775 4355; x_wconf 77' lang='lat' dir='ltr'><strong>fran-</strong></span> 
     </span>
    </p>
   </div>
   <div class='ocr_carea' id='block_1_92' title="bbox 486 4368 3771 4473">
    <p class='ocr_par' dir='ltr' id='par_1_92' title="bbox 486 4368 3771 4473">
     <span class='ocr_line' id='line_1_97' title="bbox 486 4368 3771 4473; baseline -0.003 -2"><span class='ocrx_word' id='word_1_758' title='bbox 486 4372 1995 4473; x_wconf 46' lang='lat' dir='ltr'><strong>tt&#39;ﬁittﬁtr.3.35;-terraeterrae?_93:3“.</strong></span> <span class='ocrx_word' id='word_1_759' title='bbox 2026 4381 2429 4473; x_wconf 51' lang='lat' dir='ltr'><strong>{emrtua</strong></span> <span class='ocrx_word' id='word_1_760' title='bbox 2462 4381 2673 4473; x_wconf 50' lang='lat'><strong>31-11:</strong></span> <span class='ocrx_word' id='word_1_761' title='bbox 2692 4375 3082 4473; x_wconf 58' lang='lat' dir='ltr'><strong>tergere“</strong></span> <span class='ocrx_word' id='word_1_762' title='bbox 3135 4376 3186 4431; x_wconf 79' lang='grc'><strong>⁷·</strong></span> <span class='ocrx_word' id='word_1_763' title='bbox 3240 4368 3667 4431; x_wconf 49' lang='lat' dir='ltr'><strong>{emtum</strong></span> <span class='ocrx_word' id='word_1_764' title='bbox 3722 4368 3771 4423; x_wconf 73' lang='grc'><strong>⁵·</strong></span> 
     </span>
    </p>
   </div>
   <div class='ocr_carea' id='block_1_93' title="bbox 561 4445 3028 4526">
    <p class='ocr_par' dir='ltr' id='par_1_93' title="bbox 561 4445 3028 4526">
     <span class='ocr_line' id='line_1_98' title="bbox 561 4445 3028 4526; baseline 0.002 -28"><span class='ocrx_word' id='word_1_765' title='bbox 561 4454 813 4501; x_wconf 81' lang='lat' dir='ltr'><strong>reversus</strong></span> <span class='ocrx_word' id='word_1_766' title='bbox 854 4445 1053 4504; x_wconf 84' lang='lat' dir='ltr'><strong>ibidem</strong></span> <span class='ocrx_word' id='word_1_767' title='bbox 1101 4452 1269 4507; x_wconf 69' lang='lat' dir='ltr'><strong>Sancti</strong></span> <span class='ocrx_word' id='word_1_768' title='bbox 1316 4455 1533 4509; x_wconf 80' lang='lat' dir='ltr'><strong>martlnl</strong></span> <span class='ocrx_word' id='word_1_769' title='bbox 1582 4464 1745 4526; x_wconf 88' lang='lat' dir='ltr'><strong>atque</strong></span> <span class='ocrx_word' id='word_1_770' title='bbox 1786 4448 1931 4511; x_wconf 86' lang='lat' dir='ltr'><strong>beati</strong></span> <span class='ocrx_word' id='word_1_771' title='bbox 1976 4453 2208 4509; x_wconf 86' lang='lat' dir='ltr'><strong>andreae</strong></span> <span class='ocrx_word' id='word_1_772' title='bbox 2254 4452 2309 4509; x_wconf 80' lang='lat'><strong>9.</strong></span> <span class='ocrx_word' id='word_1_773' title='bbox 2385 4451 2429 4487; x_wconf 81' lang='grc'><strong>³⁸</strong></span> <span class='ocrx_word' id='word_1_774' title='bbox 2459 4466 2677 4510; x_wconf 82' lang='lat' dir='ltr'><strong>sacrum</strong></span> <span class='ocrx_word' id='word_1_775' title='bbox 2700 4458 2948 4508; x_wconf 83' lang='lat' dir='ltr'><strong>sanctum</strong></span> <span class='ocrx_word' id='word_1_776' title='bbox 2974 4447 3028 4503; x_wconf 78' lang='lat'><strong>2.</strong></span> 
     </span>
    </p>
   </div>
   <div class='ocr_carea' id='block_1_94' title="bbox 1994 4564 2227 4627">
    <p class='ocr_par' dir='ltr' id='par_1_94' title="bbox 1994 4564 2227 4627">
     <span class='ocr_line' id='line_1_99' title="bbox 1994 4564 2227 4627; baseline 0.013 -6"><span class='ocrx_word' id='word_1_777' title='bbox 1994 4564 2227 4627; x_wconf 75' lang='grc' dir='ltr'><strong>ΝΟΤᾸΞ.</strong></span> 
     </span>
    </p>
   </div>
   <div class='ocr_carea' id='block_1_95' title="bbox 555 4673 1333 4735">
    <p class='ocr_par' dir='ltr' id='par_1_95' title="bbox 555 4673 1333 4735">
     <span class='ocr_line' id='line_1_100' title="bbox 555 4673 1333 4735; baseline 0 -4"><span class='ocrx_word' id='word_1_778' title='bbox 555 4686 582 4719; x_wconf 76' lang='grc' dir='ltr'>ι</span> <span class='ocrx_word' id='word_1_779' title='bbox 613 4673 761 4732; x_wconf 66' lang='lat' dir='ltr'><strong>Neu:</strong></span> <span class='ocrx_word' id='word_1_780' title='bbox 782 4683 970 4733; x_wconf 88' lang='lat' dir='ltr'><strong>contra</strong></span> <span class='ocrx_word' id='word_1_781' title='bbox 997 4676 1333 4735; x_wconf 67' lang='lat' dir='ltr'><strong>Dﬁsseldort‘,</strong></span> 
     </span>
    </p>
   </div>
   <div class='ocr_carea' id='block_1_96' title="bbox 524 4746 2062 4890">
    <p class='ocr_par' dir='ltr' id='par_1_96' title="bbox 524 4746 2062 4890">
     <span class='ocr_line' id='line_1_101' title="bbox 555 4746 2062 4829; baseline 0.006 -28"><span class='ocrx_word' id='word_1_782' title='bbox 555 4746 807 4829; x_wconf 40' lang='lat' dir='ltr'><strong>{Carolo</strong></span> <span class='ocrx_word' id='word_1_783' title='bbox 841 4747 951 4805; x_wconf 84' lang='lat' dir='ltr'><strong>filio</strong></span> <span class='ocrx_word' id='word_1_784' title='bbox 991 4765 1089 4806; x_wconf 93' lang='lat' dir='ltr'><strong>suo</strong></span> <span class='ocrx_word' id='word_1_785' title='bbox 1135 4759 1347 4822; x_wconf 89' lang='lat' dir='ltr'><strong>partem</strong></span> <span class='ocrx_word' id='word_1_786' title='bbox 1380 4755 1531 4827; x_wconf 83' lang='lat' dir='ltr'><strong>regni</strong></span> <span class='ocrx_word' id='word_1_787' title='bbox 1572 4756 1776 4811; x_wconf 89' lang='lat' dir='ltr'><strong>tribuit.</strong></span> <span class='ocrx_word' id='word_1_788' title='bbox 1806 4753 1887 4810; x_wconf 82' lang='lat' dir='ltr'><strong>Cf.</strong></span> <span class='ocrx_word' id='word_1_789' title='bbox 1919 4754 2062 4810; x_wconf 89' lang='lat' dir='ltr'><strong>The-</strong></span> 
     </span>
     <span class='ocr_line' id='line_1_102' title="bbox 524 4817 874 4890; baseline 0 -17"><span class='ocrx_word' id='word_1_790' title='bbox 524 4831 754 4890; x_wconf 36' lang='lat' dir='ltr'><strong>ant‘gap.</strong></span> <span class='ocrx_word' id='word_1_791' title='bbox 785 4817 874 4890; x_wconf 64' lang='lat'><strong>55.</strong></span> 
     </span>
    </p>
   </div>
   <div class='ocr_carea' id='block_1_97' title="bbox 486 4831 2064 4969">
    <p class='ocr_par' dir='ltr' id='par_1_97' title="bbox 486 4831 2064 4969">
     <span class='ocr_line' id='line_1_103' title="bbox 486 4831 874 4890; baseline 0 -17"><span class='ocrx_word' id='word_1_792' title='bbox 486 4831 610 4889; x_wconf 81' lang='lat' dir='ltr'><strong>gant</strong></span> <span class='ocrx_word' id='word_1_793' title='bbox 637 4832 754 4890; x_wconf 88' lang='lat' dir='ltr'><strong>cap.</strong></span> <span class='ocrx_word' id='word_1_794' title='bbox 785 4831 874 4874; x_wconf 70' lang='grc'><strong>55.</strong></span> 
     </span>
     <span class='ocr_line' id='line_1_104' title="bbox 560 4884 2064 4969; baseline 0.003 -24"><span class='ocrx_word' id='word_1_795' title='bbox 560 4897 583 4926; x_wconf 72' lang='grc' dir='ltr'><strong>ο</strong></span> <span class='ocrx_word' id='word_1_796' title='bbox 611 4884 736 4947; x_wconf 61' lang='lat' dir='ltr'><strong>Hac</strong></span> <span class='ocrx_word' id='word_1_797' title='bbox 769 4885 984 4959; x_wconf 82' lang='lat' dir='ltr'><strong>ultima,</strong></span> <span class='ocrx_word' id='word_1_798' title='bbox 1003 4891 1198 4963; x_wconf 87' lang='lat' dir='ltr'><strong>quibus</strong></span> <span class='ocrx_word' id='word_1_799' title='bbox 1223 4893 1563 4969; x_wconf 78' lang='lat' dir='ltr'><strong>Eginhardus</strong></span> <span class='ocrx_word' id='word_1_800' title='bbox 1591 4896 1761 4968; x_wconf 79' lang='lat' dir='ltr'><strong>Aquis</strong></span> <span class='ocrx_word' id='word_1_801' title='bbox 1788 4894 2064 4963; x_wconf 81' lang='lat' dir='ltr'><strong>interfuit;</strong></span> 
     </span>
    </p>
   </div>
   <div class='ocr_carea' id='block_1_98' title="bbox 2094 4674 3775 4755">
    <p class='ocr_par' dir='ltr' id='par_1_98' title="bbox 2094 4674 3775 4755">
     <span class='ocr_line' id='line_1_105' title="bbox 2094 4674 3775 4755; baseline -0.004 -15"><span class='ocrx_word' id='word_1_802' title='bbox 2094 4686 2149 4748; x_wconf 82' lang='lat'><strong>1)</strong></span> <span class='ocrx_word' id='word_1_803' title='bbox 2174 4701 2300 4740; x_wconf 90' lang='lat' dir='ltr'><strong>nam</strong></span> <span class='ocrx_word' id='word_1_804' title='bbox 2325 4698 2512 4740; x_wconf 89' lang='lat' dir='ltr'><strong>mense</strong></span> <span class='ocrx_word' id='word_1_805' title='bbox 2540 4683 2733 4738; x_wconf 85' lang='lat' dir='ltr'><strong>Martio</strong></span> <span class='ocrx_word' id='word_1_806' title='bbox 2760 4681 2898 4755; x_wconf 73' lang='lat' dir='ltr'><strong>anni</strong></span> <span class='ocrx_word' id='word_1_807' title='bbox 2927 4681 3226 4755; x_wconf 79' lang='lat' dir='ltr'><strong>sequentis,</strong></span> <span class='ocrx_word' id='word_1_808' title='bbox 3262 4684 3390 4755; x_wconf 71' lang='lat' dir='ltr'><strong>post</strong></span> <span class='ocrx_word' id='word_1_809' title='bbox 3415 4674 3775 4755; x_wconf 71' lang='lat' dir='ltr'><strong>rebellionem</strong></span> 
     </span>
    </p>
   </div>
   <div class='ocr_carea' id='block_1_99' title="bbox 2172 4750 3775 4824">
    <p class='ocr_par' dir='ltr' id='par_1_99' title="bbox 2172 4750 3775 4824">
     <span class='ocr_line' id='line_1_106' title="bbox 2172 4750 3775 4824; baseline -0.006 -12"><span class='ocrx_word' id='word_1_810' title='bbox 2172 4756 2487 4822; x_wconf 86' lang='lat' dir='ltr'><strong>Compendii</strong></span> <span class='ocrx_word' id='word_1_811' title='bbox 2506 4763 2708 4819; x_wconf 88' lang='lat' dir='ltr'><strong>ortam,</strong></span> <span class='ocrx_word' id='word_1_812' title='bbox 2752 4750 3183 4824; x_wconf 78' lang='lat' dir='ltr'><strong>Seligcnstadum</strong></span> <span class='ocrx_word' id='word_1_813' title='bbox 3224 4750 3512 4807; x_wconf 76' lang='lat' dir='ltr'><strong>recedendi</strong></span> <span class='ocrx_word' id='word_1_814' title='bbox 3526 4822 3535 4824; x_wconf 76' lang='lat'><strong><em>_</em></strong></span> <span class='ocrx_word' id='word_1_815' title='bbox 3549 4752 3775 4824; x_wconf 77' lang='lat' dir='ltr'><strong>veniam</strong></span> 
     </span>
    </p>
   </div>
   <div class='ocr_carea' id='block_1_100' title="bbox 2170 4822 3776 4897">
    <p class='ocr_par' dir='ltr' id='par_1_100' title="bbox 2170 4822 3776 4897">
     <span class='ocr_line' id='line_1_107' title="bbox 2170 4822 3776 4897; baseline -0.004 -16"><span class='ocrx_word' id='word_1_816' title='bbox 2170 4827 2361 4897; x_wconf 89' lang='lat' dir='ltr'><strong>petivit</strong></span> <span class='ocrx_word' id='word_1_817' title='bbox 2390 4833 2551 4897; x_wconf 87' lang='lat' dir='ltr'><strong>atque</strong></span> <span class='ocrx_word' id='word_1_818' title='bbox 2579 4826 2804 4896; x_wconf 88' lang='lat' dir='ltr'><strong>accepit,</strong></span> <span class='ocrx_word' id='word_1_819' title='bbox 2850 4822 2927 4897; x_wconf 83' lang='lat' dir='ltr'><strong>ita</strong></span> <span class='ocrx_word' id='word_1_820' title='bbox 2968 4832 3030 4879; x_wconf 90' lang='lat' dir='ltr'><strong>ut</strong></span> <span class='ocrx_word' id='word_1_821' title='bbox 3054 4822 3342 4879; x_wconf 80' lang='lat' dir='ltr'><strong>Annalium</strong></span> <span class='ocrx_word' id='word_1_822' title='bbox 3386 4830 3441 4878; x_wconf 86' lang='lat' dir='ltr'><strong>et</strong></span> <span class='ocrx_word' id='word_1_823' title='bbox 3486 4822 3619 4878; x_wconf 69' lang='lat' dir='ltr'><strong>vita</strong></span> <span class='ocrx_word' id='word_1_824' title='bbox 3654 4822 3776 4894; x_wconf 62' lang='lat' dir='ltr'><strong>eis</strong></span> 
     </span>
    </p>
   </div>
   <div class='ocr_carea' id='block_1_101' title="bbox 2173 4896 2981 4969">
    <p class='ocr_par' dir='ltr' id='par_1_101' title="bbox 2173 4896 2981 4969">
     <span class='ocr_line' id='line_1_108' title="bbox 2173 4896 2981 4969; baseline -0.004 -16"><span class='ocrx_word' id='word_1_825' title='bbox 2173 4896 2401 4969; x_wconf 75' lang='lat' dir='ltr'><strong>publica:</strong></span> <span class='ocrx_word' id='word_1_826' title='bbox 2429 4896 2573 4954; x_wconf 89' lang='lat' dir='ltr'><strong>idem</strong></span> <span class='ocrx_word' id='word_1_827' title='bbox 2601 4897 2672 4952; x_wconf 90' lang='lat' dir='ltr'><strong>sit</strong></span> <span class='ocrx_word' id='word_1_828' title='bbox 2701 4896 2981 4952; x_wconf 88' lang='lat' dir='ltr'><strong>terminus.</strong></span> 
     </span>
    </p>
   </div>
  </div>
