3960 6346
1624 364 2008 451 Εἰιῐεῗόἰιίὲ.

3322 374 3428 476 sio

140 541 3440 600 mw

810 656 1691 855 EGINHARDI
1762 669 1796 712 ³

637 955 976 1015 EPISTOLA
1013 958 1246 1017 PRIMA.

610 1042 611 1049 “
716 1067 787 1105 AD
826 1067 1080 1107 Αιιεσιδωι
1113 1052 1162 1108 b.

210 1140 584 1202 Dilectissimo
624 1144 679 1199 in
709 1143 928 1200 Christo
956 1144 1136 1212 fratri,
1164 1144 1395 1219 Ansgiso
1416 1145 1733 1214 venerabili,

130 1235 533 1306 sempiternam
560 1236 624 1313 in
654 1236 886 1294 Domino
913 1238 1162 1294 salutem.

205 1325 453 1383 Obsecro
500 1329 844 1385 dilectionem
878 1340 1026 1387 tuam
1062 1340 1143 1399 ut,
1172 1348 1279 1388 non
1323 1333 1591 1407 graviter,
1638 1335 1734 1391 sed

126 1419 319 1490 potius
360 1422 789 1479 misericorditer
829 1433 885 1480 et
932 1418 1311 1493 amicabiliter,
1359 1429 1607 1499 accipere
1652 1428 1731 1515 di-

127 1512 323 1585 gneris
359 1515 502 1584 quod
537 1517 680 1586 apud
708 1504 759 1572 te
789 1528 810 1555 ο
845 1533 941 1588 pro
971 1520 1295 1575 necessitate
1329 1521 1600 1590 quondam
1636 1506 1732 1576 lto-

125 1604 303 1659 minis
336 1606 527 1672 nostri,
556 1622 701 1661 nunc
737 1616 917 1664 autem
960 1610 1195 1667 hominis
1226 1613 1407 1667 domui
1438 1613 1725 1679 Hlotharii,

127 1696 285 1766 apud
319 1706 373 1752 te
406 1696 700 1765 intercedo,
727 1709 786 1755 ut
820 1715 942 1756 eum
972 1701 1318 1771 beneﬁcium,
1347 1706 1490 1775 quod
1514 1721 1614 1777 ego
1650 1705 1729 1761 illi

125 1787 285 1856 dedi,
321 1792 421 1847 sub
453 1778 814 1865 qualicunqtﬂ
842 1794 981 1869 lege,
1009 1797 1154 1853 sicut
1183 1798 1279 1853 tibi
1305 1798 1590 1869 placuerit,
1625 1801 1726 1856 ha-

125 1880 264 1937 bere
291 1884 597 1955 permittas,
627 1900 800 1958 usque
830 1868 955 1944 dum
993 1906 1092 1947 nos
1122 1890 1199 1945 illi
1229 1891 1297 1947 de
1312 1868 1496 1948 altero
1524 1892 1730 1948 beneﬁ-

128 1974 248 2041 cio,
300 1992 368 2031 ex
404 1976 653 2048 largitate
694 1980 1038 2037 dominorum
1085 1993 1433 2053 nostrorum,
1488 1986 1726 2056 aliquam

126 2067 585 2137 consolationem,
622 2071 848 2129 Domino
892 2075 1200 2145 adiuvante,
1252 2077 1436 2135 facere
1482 2080 1727 2152 potueri-

124 2177 270 2218 mus.
305 2161 589 2220 Habebitis
616 2182 703 2222 me
728 2169 902 2239 magis
934 2178 1243 2240 promptum
1272 2180 1437 2243 atque
1468 2174 1725 2230 devotum

121 2253 193 2308 ad
208 2261 454 2310 vestram
471 2256 802 2314 voluntatem
823 2268 985 2331 atque
1005 2261 1289 2319 utilitatem
1310 2266 1720 2336 perﬁciendam,

119 2346 169 2401 si
213 2363 369 2403 meas
412 2349 704 2419 petitiones
752 2353 808 2408 in
835 2352 941 2409 hac
978 2370 1139 2411 causa
1170 2357 1484 2429 adimplere
1529 2361 1720 2434 digna-

117 2437 281 2494 mini.
314 2438 456 2512 Opto
483 2456 697 2514 semper
730 2443 868 2501 bene
895 2445 1122 2503 valeatis
1162 2447 1218 2504 in
1243 2449 1492 2508 Domino.

675 2555 1011 2614 EPISTOLA
1069 2560 1134 2615 ll.

514 2641 585 2681 an
625 2642 943 2685 oozssnruu
982 2648 1252 2688 ABBATEII.
1283 2632 1312 2675 ἀ

189 2713 477 2787 Religioso
502 2716 704 2775 Christi
748 2720 950 2778 famulo
978 2723 1271 2795 Gozberto,
1299 2729 1595 2786 venerabili
1623 2732 1718 2788 ab-

111 2806 255 2873 bati,
296 2808 642 2879 Eginhardus
668 2822 944 2882 peccator.
1252 2866 1257 2873 ι

185 2900 398 2957 Precor
451 2911 513 2958 ut
561 2906 822 2963 sanctitas
868 2917 1048 2965 vestra
1093 2926 1420 2983 cognoscere
1461 2916 1716 2989 dignetur

110 2994 179 3049 de
220 3009 392 3049 causa
423 2995 658 3054 hominis
698 2997 878 3066 istius,
906 3002 1127 3059 nomine
1156 3004 1412 3074 Bebonis,
1440 3009 1583 3079 quod
1611 3025 1712 3082 ego

106 3087 446 3145 beneﬁcium
479 3092 557 3146 illi
587 3094 707 3149 dedi
739 3096 806 3151 de
833 3100 1163 3156 monasterio
1194 3113 1217 3141 ο
1256 3101 1315 3158 S.
1341 3104 1711 3163 Chlodowaldi

103 3191 346 3254 propter
372 3183 478 3239 hoc
502 3186 593 3255 qui
622 3186 758 3242 mihi
786 3188 926 3246 bene
961 3193 1251 3250 serviebat.
1286 3193 1393 3251 Sed
1422 3206 1711 3268 postquam

101 3288 245 3330 eum
274 3276 479 3332 domno
501 3276 780 3336 Hlothario
816 3284 1209 3350 commendavi,
1240 3287 1522 3356 impetravi
1551 3305 1580 3342 a
1613 3290 1709 3346 do-

100 3382 252 3424 mno
302 3367 619 3438 imperatore
669 3382 732 3427 ut
777 3374 829 3428 ei
874 3375 1345 3434 conﬁrmationem
1397 3378 1601 3436 faceret
1641 3383 1708 3439 de

100 3460 312 3516 eodem
337 3460 597 3519 beneﬁcio
626 3465 699 3519 ad
720 3466 834 3523 dies
861 3467 987 3523 vitae
1016 3485 1146 3525 sum.
1187 3471 1417 3541 Propter
1443 3471 1549 3529 hoc
1574 3489 1706 3546 rogo

98 3555 161 3602 et
203 3547 440 3603 obsecro
485 3549 826 3608 dilectionem
872 3562 1107 3610 vestram
1156 3570 1223 3611 ne
1254 3556 1329 3612 illi
1373 3560 1704 3628 permittatis

99 3641 319 3711 aliquid
361 3642 804 3714 impedimentum
829 3645 946 3703 ﬁeri
973 3647 1039 3703 de
1071 3649 1187 3721 ipso
1214 3650 1499 3712 beneﬁcio,
1531 3651 1704 3708 donec

1861 666 2722 823 EPISTOLZE.

1764 960 1818 1026 Α
1911 950 2107 1015 Nescio
2136 954 2260 1031 quis
2302 964 2565 1034 praavenit
2614 954 2903 1028 adventum
2933 966 3089 1041 pueri
3114 974 3303 1050 vestri,
3332 976 3426 1056 qui

1837 1044 1971 1107 mihi
2002 1042 2214 1110 litteras
2252 1064 2464 1114 vestras
2506 1058 2708 1129 attulit,
2741 1066 2797 1120 et
2833 1065 3009 1124 ell'ecit
3048 1070 3109 1126 ut
3148 1064 3245 1129 tibi
3274 1042 3428 1133 man-

1836 1136 1991 1199 daret
2020 1144 2160 1200 δη...
2191 1157 2458 1219 quatenus
2486 1145 2734 1224 proximo
2757 1156 3072 1218 Palmarum
3103 1150 3189 1223 die
3221 1158 3287 1224 ad
3324 1166 3425 1227 im-

1833 1230 2144 1305 peratorem
2168 1240 2431 1299 venisses.
2469 1238 2575 1303 Sed
2606 1248 2892 1323 postquam
2918 1255 2945 1296 h
2974 1254 3183 1317 litteras
3211 1252 3424 1323 vestras

1834 1322 2036 1399 accepi,
2070 1337 2125 1385 et
2162 1328 2562 1404 imperatorem,
2608 1340 2674 1398 de
2713 1342 2799 1401 his
2827 1363 2947 1418 quae
2977 1344 3217 1423 voluisti,
3252 1322 3422 1415 inter;

1833 1418 2034 1490 rogavi,
2083 1424 2342 1497 praecepit
2393 1422 2525 1486 mihi
2571 1430 2724 1491 vobis
2769 1430 3010 1499 scribere
3062 1453 3123 1500 ut
3173 1458 3420 1506 sanctum

1829 1508 2054 1570 Pascha:
2082 1514 2226 1574 diem
2257 1520 2403 1577 domi
2439 1523 2842 1597 celebrassetis,
2874 1541 2929 1588 et
2960 1538 3217 1595 caeterum
3253 1540 3421 1600 comi-

1830 1613 2002 1663 tatum
2031 1621 2270 1668 vestrum
2301 1624 2426 1686 post
2452 1625 2550 1674 ves
2580 1618 2769 1679 venire
2805 1616 3102 1698 juberetis,
3145 1649 3211 1689 eo
3258 1637 3419 1693 modo

1828 1706 1904 1763 ut,
1935 1704 2150 1770 quando
2177 1704 2268 1761 ille
2292 1708 2361 1762 ad
2400 1720 2501 1766 vos
2537 1712 2592 1767 in
2620 1715 2826 1784 palatio
2852 1721 3111 1790 venisset,
3148 1728 3418 1785 mandatis

1828 1800 2087 1869 acceptis,
2127 1812 2183 1858 et
2221 1805 2433 1861 ratione
2476 1809 2494 1849 ι
2544 1808 2831 1881 legationis
2857 1823 3052 1874 vestra:
3087 1820 3241 1878 vobis
3286 1820 3418 1879 insi-

1828 1899 2025 1958 nuata,
2090 1896 2207 1952 sine
2254 1904 2406 1954 mera
2460 1900 2565 1958 iter
2609 1910 2851 1963 vesnum
2900 1904 3121 1983 aggredi
3166 1915 3410 1974 valeatis.

1825 1984 1966 2059 Opto
1992 1999 2052 2046 ut
2079 2007 2296 2065 semper
2318 1996 2457 2053 bene
2488 2001 2719 2058 valeatis
2762 2005 2817 2061 in
2842 2007 3085 2067 Domino.

2381 2118 2722 2197 EPISTOLA
2759 2122 2848 2200 1v.

2151 2247 2221 2287 AD
2259 2247 2535 2291 OTGARIUH
2574 2249 2589 2289 ι
2634 2256 3109 2302 ΛΜΞΗΙΕΡΙΒΩΟΡΠΙ.

1747 2331 1798 2394 Β
1894 2292 2124 2379 bomino
2165 2333 2354 2382 sancto
2390 2335 2444 2382 et
2484 2331 2682 2387 merito
2709 2336 3007 2392 venerabili
3033 2337 3279 2411 Otgario,
3318 2357 3409 2400 re-

1823 2413 2062 2482 verendo
2087 2415 2894 2495 archiepiscopo,,Eginhardus
2918 2440 3194 2501 peccator.

1892 2504 2087 2575 Frater
2114 2508 2239 2577 iste,
2271 2512 2491 2568 nomine
2519 2513 2858 2584 Werdricus,
2887 2523 2954 2576 de
2991 2524 3412 2598 congregatione

1820 2592 1880 2665 ὃ.
1905 2593 2171 2654 Bonifacii
2188 2600 2215 2640 ¹ί
2238 2608 2343 2669 est,
2373 2610 2427 2658 et
2442 2617 2800 2663 conversatur
2822 2613 2965 2682 apud
2992 2592 3220 2688 nosvper
3235 2618 3408 2676 licen-

1818 2686 1951 2742 tiam
1974 2690 2184 2747 abbatis
2210 2694 2315 2759 sui,
2344 2709 2444 2765 pro
2468 2711 2533 2754 eo
2561 2700 2706 2768 quod
2730 2712 2918 2758 noster
2939 2686 3278 2785 propinquus
3302 2721 3405 2769 est.

1817 2776 1990 2846 Quem
2025 2781 2150 2838 ideo
2179 2800 2322 2841 nunc
2349 2788 2418 2842 ad
2450 2804 2539 2845 vos
2567 2790 2853 2861 mittimus,
2884 2803 2946 2850 ut
2968 2776 3099 2873 eum
3128 2776 3198 2857 aid
3222 2802 3407 2861 diaco-

1816 2881 1977 2928 natus
2033 2873 2270 2933 oﬁicium
2312 2879 2565 2937 ordinare
2601 2881 2879 2953 iubeatis,
2920 2887 2966 2943 si
3014 2890 3259 2951 videritis
3304 2896 3410 2953 hoc

1815 2964 2073 3021 canonice
2101 2966 2220 3023 ﬁeri
2247 2985 2407 3040 posse
2430 2986 2528 3043 per
2560 2973 2720 3030 talem
2750 2978 3045 3048 rationem,
3078 2997 3199 3055 quae
3228 2986 3407 3065 conti-

1813 3068 1973 3114 netur
2012 3060 2066 3115 in
2101 3063 2327 3132 epistola
2369 3064 2584 3122 abbatis
2617 3066 2755 3137 ejus,
2788 3086 2951 3141 quam
2986 3090 3160 3145 nuper
3192 3060 3262 3135 ad
3293 3096 3406 3149 me,

1812 3164 1934 3205 cum
1968 3166 2092 3206 eum
2122 3153 2188 3207 de
2217 3154 2407 3209 eadem
2450 3172 2615 3213 causa
2652 3162 2993 3219 consulerem
3030 3174 3192 3237 atque
3237 3185 3398 3242 roga-

1810 3255 1947 3307 rem,
1981 3242 2206 3310 direxit;
2251 3260 2412 3315 quam
2451 3248 2616 3303 etiam
2664 3252 2818 3307 vobis
2849 3269 2950 3324 per
2993 3259 3244 3316 eumdem
3290 3261 3402 3318 fra-

1810 3338 1950 3386 trem
1982 3333 2048 3387 ad
2088 3333 2370 3405 legendan
2410 3336 2553 3405 inisi,
2584 3340 2641 3395 in
2672 3357 2798 3412 qua,
2835 3352 2893 3399 ut
2920 3346 3176 3417 arbitror,
3210 3353 3396 3408 statim

1808 3423 2113 3496 intelligere
2140 3430 2367 3497 patestis
2393 3438 2575 3487 utrum
2603 3431 2696 3488 illa
2722 3435 3062 3495 coruscet-atto
3088 3442 3251 3498 r‘nodo‘
3280 3438 3401 3502 ﬁeri

1806 3516 1998 3585 possit,
2046 3526 2112 3571 an
2158 3517 2214 3573 in
2261 3520 2407 3577 aliud
2457 3528 2672 3596 tempus
2707 3525 3001 3585 differenda
3052 3531 3144 3588 sit.
3197 3532 3309 3591 Oro
3345 3540 3403 3592 et

1806 3613 1936 3677 opto
1971 3613 2031 3664 ut
2070 3612 2415 3670 sanctitatem
2452 3624 2716 3688 vestram,
2769 3620 2871 3678 sibi
2918 3621 3112 3682 devote
3161 3631 3400 3687 servien-

96 3704 230 3796 nos,
262 3704 495 3790 Domino
527 3736 755 3805 volente,
786 3739 1062 3796 vobiscum
1090 3704 1701 3812 immensitas.
1728 3704 1774 3768 δ
1805 3705 2221 3812 ι⁶¹ξ¹ῤ,,⁸¹ἶβθ¹““⁸
2270 3707 2445 3778 firmi“
2490 3724 2706 3812 εςιυροτ
2754 3719 2810 3770 εί
2853 3715 3056 3787 ubique
3100 3722 3394 3792 custodiat.

96 3812 266 3880 vobis
294 3826 530 3893 mando,
561 3829 688 3899 quia
720 3844 988 3901 cognosco
1023 3833 1380 3902 quorumdam
1421 3835 1700 3890 hominum

91 3933 337 3989 pravam
363 3918 695 3975 voluntatem
726 3929 781 3976 et
811 3921 1077 3977 inﬁnitam
1110 3926 1479 3994 cupiditatem,
1511 3926 1604 3995 qui
1634 3928 1701 3981 de

96 4010 490 4081 proximorum
540 4008 750 4067 damnis
799 4008 1000 4067 nullam
1046 4012 1249 4069 habent
1296 4031 1505 4081 curam,
1536 4017 1591 4071 in
1633 4032 1699 4072 eo

91 4101 255 4173 quod
289 4116 403 4157 sua:
432 4101 754 4158 avidissima:
791 4102 1073 4175 cupiditati
1117 4103 1435 4161 satisfacere
1458 4106 1694 4162 valeant.

90 4195 248 4267 Opto
278 4203 344 4250 ut
378 4211 592 4268 semper
619 4192 843 4252 valeatis
875 4194 954 4270 [in
977 4186 1252 4272 Domino].

670 4292 1005 4353 EPISTOLA
1054 4297 1141 4354 lll.

637 4383 705 4424 Αι)
755 4380 1104 4425 sunttantum
1146 4370 1168 4409 ί

165 4460 642 4520 Reverentissimo
679 4460 879 4520 ChriSti
928 4460 1131 4521 famulo
1158 4463 1488 4535 Amalhario,
1524 4458 1692 4544 Egili-

83 4556 311 4614 hardus
335 4565 609 4627 peccator.

160 4707 192 4735 ιι
225 4692 347 4747 Has
372 4691 629 4777 epistolas
655 4704 723 4777 ex
742 4691 1170 4777 vetustoneodice
1198 4706 1300 4777 ms.
1338 4691 1692 4777 Lari-eunensi

123 4766 342 4820 rimum
387 4762 633 4837 vulgavit
651 4762 897 4837 A‘ndreas
940 4762 1369 4837 Chesniustom.
1426 4763 1465 4818 ll
1496 4765 1686 4837 script.

123 4782 342 4820 nmum
388 4782 624 4834 vmgavn
651 4782 897 4818 Altureas
940 4782 1206 4819 ιιιιεδιιιιιε
1237 4782 1369 4819 tom.
1426 4782 1464 4818 ιι
1496 4782 1686 4837 δοῐιρῑ.

77 4782 298 4892 Fratre.
322 4875 339 4895 ,
372 4842 492 4903 pag.
529 4832 652 4888 695.
684 4830 740 4886 ln
771 4833 874 4888 illis
902 4832 1123 4888 edendis
1150 4834 1296 4888 nulla
1321 4842 1572 4890 servatur
1602 4852 1690 4892 ra-

74 4910 163 4963 tio
190 4904 923 4976 temporumaEginhardus,
949 4905 1215 4976 caelibatu
1247 4922 1370 4961 cum
1394 4922 1564 4962 uxore
1585 4908 1688 4962 lm-

69 4995 171 5035 ma
210 4968 459 5040 servato,
503 4968 686 5045 plures
717 4970 1122 5031 rexitabbatias
1176 4972 1391 5033 Obiisse
1424 4976 1677 5034 creditur

66 5063 245 5106 anno
267 5046 399 5104 839.

1805 3794 2144 3853 sanctissime
2178 3812 2245 3854 ac
2272 3803 2711 3861 reverentissime
2740 3812 2915 3877 pater.

2353 3914 2691 3975 EPISTOLA
2730 3914 2796 3977 ν.

2231 4021 2299 4061 ιιι)
2333 4023 2567 4064 JACOBUM
2607 4010 2895 4068 EPI$COPUhl
2930 4013 2991 4074 1,,-

1873 4092 2180 4189 Ῡθηεᾼηιὶιίιί
2213 4096 2267 4152 in
2301 4096 2520 4156 Christo
2552 4098 2776 4173 Iacobo,
2810 4102 3251 4170 reverentissimo
3278 4112 3395 4189 epi-

1800 4196 1986 4257 scopo,
2012 4182 2356 4260 Eginhardus
2382 4202 2656 4264 peccator.
3070 4218 3081 4228 '

1870 4277 1977 4334 iste
1993 4279 2247 4349 clericus,
2273 4283 2492 4339 nomine
2527 4284 2805 4357 Otmarus,
2844 4292 3034 4354 detulit
3078 4293 3208 4354 milii
3256 4300 3393 4358 litte-

1799 4382 1891 4425 ras
1905 4373 2211 4429 sanctitatis
2240 4382 2455 4441 vestrae,
2473 4376 2528 4431 in
2543 4380 2740 4448 quibus
2755 4395 2841 4439 me
2863 4382 3097 4456 rogastis
3136 4396 3195 4449 ut
3212 4388 3390 4447 eidem

1798 4460 2000 4521 clerico
2034 4464 2307 4524 licentiam
2336 4469 2527 4527 darem
2568 4476 2848 4534 vobiscum
2885 4482 3162 4552 manendi,
3190 4487 3282 4557 qui
3332 4489 3388 4545 in

1796 4554 1898 4613 hac
1929 4552 2150 4632 regione
2191 4569 2245 4618 et
2275 4572 2437 4621 natus
2461 4571 2516 4622 et
2548 4566 2788 4629 nutritus
2816 4581 2918 4629 est.
2956 4564 3022 4643 Et
3067 4590 3168 4649 ego
3206 4552 3386 4650 quali-

1794 4700 1902 4777 aito
1926 4701 2017 4777 vix
2043 4711 2224 4777 potest
2244 4703 2493 4777 intelligi.

1871 4773 1891 4811 ί
1926 4772 2024 4828 Hic
2044 4773 2351 4831 Amalarius
2377 4772 2497 4833 esse
2519 4777 2736 4834 videtur
2766 4777 3044 4838 Mettensis
3070 4786 3257 4854 presbt
3298 4805 3384 4859 er,

1870 4843 1885 4897 i
1928 4843 2095 4899 libros
2128 4853 2363 4915 quatuor
2390 4849 2456 4903 de
2486 4850 2683 4905 divinis
2720 4864 2815 4904 seu
2844 4853 3232 4912 etclesiasticis
3254 4804 3382 4915 5m-

1795 4843 1885 4916 qui
1928 4843 2095 4916 libros
2128 4853 2363 4916 quatuor
2390 4849 2456 4903 de
2486 4850 2683 4905 divinis
2720 4864 2815 4904 seu
2844 4843 3232 4912 etclesia'sticis
3254 4843 3382 4915 (illi:

1793 4915 1914 4997 ciis,
1945 4923 2001 4997 et
2026 4915 2260 5000 alterum
2288 4918 2355 4974 de
2373 4920 2563 4977 ordine
2584 4921 2921 4992 psalmorum
2940 4940 3039 4982 seu
3060 4928 3384 5000 antiphoua-

1792 4991 2247 5146 :ngcirlleﬁmgotius
2296 5061 2623 5146 mandarem.
2678 5063 2787 5121 Pro
2834 5065 3052 5137 punctis
3110 5072 3382 5146 supplevit

155 5086 243 5105 ιιυ
267 5086 399 5104 ων·
768 5116 779 5128 .
810 5116 821 5128 .
1429 5119 1441 5131 .
1588 5120 1600 5131 ι
1645 5121 1656 5133 .
1710 5086 1765 5147 D
1867 5086 1890 5097 ν
1935 5086 2019 5112 νει
2066 5086 2247 5131 μυιιυδ
2296 5086 2569 5145 murmure!

147 5121 183 5161 ιι
227 5116 629 5201 Δηεθςίειιετει
657 5113 825 5198 nobili
852 5116 1186 5201 Franeprum
1227 5133 1490 5201 prosapia
1514 5135 1686 5201 ortgt-
1790 5124 1941 5201 dom.
1970 5126 2173 5193 Teuiet,
2205 5145 2415 5198 vocem,
2447 5142 2569 5188 ctto.

60 5206 211 5248 nem
264 5184 505 5253 ducens,
538 5185 888 5243 Fluviacense
917 5184 973 5243 S.
1006 5184 1285 5243 Gerema’ri
1317 5184 1635 5247 coenobium"
1652 5207 1684 5247 a

1867 5200 1890 5237 ιι
1914 5197 2053 5275 Ante
2077 5201 2177 5258 has
2197 5217 2382 5271 voces,
2402 5196 2603 5262 litteras
2626 5210 2845 5275 vostras,
2871 5196 3020 5269 addit
3041 5206 3230 5272 Teulet
3250 5215 3381 5274 istas

1789 5283 1859 5325 ex
1883 5267 2088 5327 codice.

1868 5338 1885 5382 ί
1923 5338 2229 5431 Amalarius
2260 5358 2403 5431 anno
2432 5346 2533 5431 82']
2562 5348 2629 5404 ad
2646 5344 2964 5431 Gregorium
2995 5362 3377 5431 papamguar-

1789 5418 1903 5498 tum
1931 5428 1962 5467 a
1997 5413 2270 5498 Ludovico
2292 5417 2416 5498 .Pio
2445 5420 2645 5498 missus
2682 5413 2786 5488 est:
2833 5432 2893 5481 ut
2940 5413 3377 5498 ipse-scribitﬁin

1786 5481 2009 5610 prologo
2040 5486 2112 5569 ad
2126 5484 2601 5575 Antiphonarium.

1861 5565 1875 5603 Ι
1982 5564 2183 5610 manus
2223 5573 2319 5610 seu
2344 5559 2601 5610 Autmrm

1861 5558 1875 5603 Ι
1921 5558 2319 5630 -Οςεθιιὶυενειθιι
2344 5559 2636 5620 Autcarius
2677 5581 2743 5622 ex
2776 5560 2974 5627 abbate
3020 5570 3375 5630 Veissenbur-

1785 5626 1934 5709 gen‘si
1976 5626 2317 5709 Moguntinus
2352 5633 2787 5709 archiepiscopus
2832 5656 2977 5700 anno
3027 5626 3374 5702 see"éiiﬁ§é-

1784 5703 1967 5751 cratus
1989 5704 2089 5751 est.
2133 5699 2323 5755 Vivere
2354 5702 2516 5759 desiit
2538 5699 2830 5766 anno'SH.

1858 5765 1971 5839 ξω
2008 5777 2109 5833 est,
2144 5771 2210 5827 de
2241 5776 2489 5833 coenobio
2518 5765 2791 5839 Fuidensi.

1863 5836 2587 5934 Inlll‘chodice‘ltaudunensi
2629 5836 2838 5934 quintae
2881 5852 3121 5931 epistolae
3169 5856 3369 5929 adjecit

1778 5907 1971 5968 Tetilet
1990 5912 2138 5970 hunc
2164 5914 2401 5985 titulum,
2425 5912 2505 5975 De
2542 5907 2898 5983 ονάῖηὰἷίὗῖιεξ

59 5260 300 5332 Carolo
323 5257 519 5329 Magno
558 5274 701 5332 annq
730 5259 833 5332 807
861 5257 1108 5329 precario
1139 5261 1366 5332 accepit.
1398 5261 1554 5316 Anno
1577 5261 1683 5317 8i?

56 5330 442 5390 Luxnvienae
474 5330 862 5385 monasterium
881 5331 931 5385 ei
957 5331 1304 5386 commissum
1328 5341 1434 5396 est,
1456 5341 1512 5387 et
1536 5348 1681 5387 anno

52 5407 186 5461 825
244 5399 682 5466 Fontanelleuse,
723 5401 949 5456 cedente
989 5399 1316 5472 Eginbardo.
1350 5402 1497 5459 Obiit
1540 5418 1682 5461 anno

47 5476 324 5600 83E.Sic
364 5544 535 5599 codex
571 5553 628 5613 et
670 5544 823 5610 edit.;
864 5546 959 5599 sed
990 5542 1144 5613 juxta
1184 5540 1459 5600 dominum
1492 5544 1683 5602 Teulet

45 5616 403 5677 redundant
423 5616 506 5671 hae
531 5612 710 5688 voces,
733 5614 876 5687 apud
891 5625 962 5681 te,
986 5616 1113 5687 quia
1135 5616 1324 5686 paucis
1350 5616 1685 5688 interpositis

44 5688 323 5749 vocibus
350 5695 476 5741 sunt
500 5687 748 5758 repetita.
804 5757 811 5758 ί
932 5754 943 5758 Α
991 5756 1017 5758 __
1280 5746 1312 5758 Δ
1436 5720 1448 5733 .

132 5762 165 5802 ἀ
213 5746 746 5831 ϐοξῂριιιιείδὺιηε
794 5757 852 5814 S.
905 5754 1041 5815 Galli
1089 5775 1230 5815 anno
1280 5746 1395 5815 Blﬁ
1437 5762 1682 5831 electus,

40 5847 229 5892 anno
259 5826 499 5911 .857‘vel
528 5824 841 5911 insequente
857 5840 1124 5911 “mortuus
1151 5841 1250 5911 est.
1446 5898 1481 5911 _
1665 5824 1681 5911 ’ν

142 5916 174 5944 e
223 5900 352 5957 Hoc
377 5900 443 5956 de
480 5900 813 5957 monasterio
856 5900 914 5959 S.
946 5902 1224 5960 Ciodoaldi
1249 5917 1418 5975 prope
1446 5898 1681 5963 Parisios
