3960 6346
473 363 573 423 διι

482 566 724 626 "etitioni
749 570 965 627 vestrae,
991 573 1057 615 eo
1069 555 1323 612 videlicet
1346 551 1529 616 modo,
1551 557 1612 604 ut
1639 547 1782 602 idem
1806 543 2055 607 clericus,

492 675 603 715 'um
633 657 745 713 suis
771 652 1034 708 fratribus
1075 656 1132 703 et
1175 653 1372 709 matre,
1422 642 1563 698 sicut
1609 637 1862 708 rogastis,
1901 634 2062 690 licen-

504 755 610 808 iam
647 749 884 805 habeant
920 741 1198 797 vobiscum
1229 733 1506 797 manendi,
1535 739 1588 787 et
1633 743 1860 784 censum
1906 739 2063 780 suum

491 845 640 901 umis
666 838 891 908 singulis
915 833 1230 906 persolvant
1277 828 1346 883 ad
1393 839 1418 868 α
1559 822 1889 886 Servatium,
1923 819 2065 873 sicut

478 939 560 996 eis
587 953 617 992 a
641 933 901 990 fratribus
939 925 1142 983 nostris
1183 921 1538 979 constitutum
1570 924 1672 971 est.
1723 915 1800 968 De
1843 911 2063 967 ordina-

479 1029 628 1084 tione
655 1038 786 1078 vero
813 1019 1052 1091 ejusdem
1084 1013 1272 1071 clerici
1305 1011 1361 1066 iu
1387 1016 1568 1064 vestra
1590 1007 1662 1061 sit
1688 1010 1979 1074 potestate,
2008 1007 2069 1055 ut

485 1118 613 1174 inde
635 1113 848 1169 faciatis
866 1107 1124 1180 quicquid
1145 1103 1298 1160 vobis
1323 1099 1587 1172 optimum
1607 1112 1725 1152 esse
1749 1095 2021 1149 videbitur
2049 1109 2063 1146 :

485 1210 613 1282 quia
628 1223 728 1262 vos
749 1215 804 1261 et
819 1217 1000 1259 mores
1013 1207 1068 1256 et
1079 1193 1548 1254 conversationem
1565 1189 1706 1244 illius
1721 1184 2064 1257 cognoscitis,

493 1311 548 1358 et
571 1301 722 1358 scitis
743 1307 927 1354 utrum
962 1293 1030 1348 ad
1070 1292 1302 1361 aliquem
1348 1286 1592 1342 ordinem
1633 1295 1848 1338 sacrum
1896 1276 2070 1333 susci-

485 1393 743 1467 piendum
795 1391 824 1431 b
847 1389 1072 1444 idoneus
1099 1385 1191 1440 sit.
1238 1381 1378 1452 Opto
1425 1377 1768 1434 sanctitatem
1792 1379 2029 1428 vestram
2050 1409 2066 1438 ,

497 1464 670 1542 nostri
695 1497 1011 1547 memorem,
1046 1491 1262 1547 semper
1287 1476 1343 1529 in
1367 1471 1585 1528 Christo
1609 1469 1748 1524 bene
1768 1464 1972 1521 valere.

1050 1607 1380 1667 EPISTOLA
1429 1605 1513 1661 VI.

807 1722 875 1762 AD
908 1717 1209 1762 εςιιοιι-’ωι
1244 1711 1267 1740 θ
1300 1716 1370 1755 ΕΤ
1408 1710 1752 1753 BUNBERTUI.

563 1799 936 1858 Dilectissimis
953 1800 1008 1853 in
1030 1796 1247 1853 Christo
1274 1791 1534 1848 fratribus
1556 1799 1612 1845 et
1635 1787 1846 1845 devotis
1867 1785 2075 1842 Christi
2101 1813 2150 1876 Β

490 1893 727 1962 famulis,
758 1891 988 1965 Egilolfo
1016 1897 1075 1946 et
1111 1886 1411 1952 Hunberto,
1439 1890 1698 1938 aeternam
1742 1879 1798 1934 iu
1845 1879 2076 1936 Domino

491 1987 741 2044 salutem.

565 2078 690 2135 Scio
717 2091 813 2132 vos
839 2090 949 2132 non
978 2074 1149 2129 latere
1176 2069 1320 2141 quod
1348 2069 1503 2124 bonae
1531 2063 1809 2120 memoriae
1838 2058 2080 2132 Wolfga—

494 2176 609 2231 rius
631 2174 918 2245 episcopus
945 2169 995 2234 ἀ,
1020 2184 1107 2223 me
1129 2172 1368 2237 petente,
1385 2159 1729 2217 beneficiavit
1754 2153 1962 2211 homini
1985 2167 2082 2208 no-

499 2273 614 2320 stro
643 2243 932 2327 Cerberto,
958 2258 1014 2312 in
1043 2271 1181 2329 pago
1210 2254 1568 2323 Dubargawe,
1597 2249 1654 2304 in
1677 2248 1793 2302 loco
1823 2245 1916 2315 qui
1945 2243 2081 2300 dici-

499 2367 588 2414 tur
608 2358 848 2430 Asgbah,
877 2355 944 2410 de
965 2352 1177 2409 ratione
1192 2349 1250 2405 S.
1281 2347 1504 2412 Kiliaui,
1527 2357 1746 2398 mansos
1771 2357 1832 2396 ιιι
1856 2347 1912 2394 et
1937 2353 2087 2392 mau-

503 2453 645 2524 cipia
667 2428 765 2504 xit.
793 2447 899 2502 Sed
927 2445 1053 2516 quia
1078 2444 1135 2497 in
1166 2441 1269 2496 hoc
1297 2438 1498 2494 diutius
1521 2448 1746 2491 manere
1767 2428 2083 2500 nonpotuit,

504 2547 611 2602 nisi
643 2545 768 2600 dum
800 2541 889 2596 ille
914 2541 967 2594 in
1002 2549 1228 2607 corpore
1263 2533 1420 2598 vixit,
1457 2544 1653 2601 precor
1697 2524 2089 2596 benignitatem

507 2645 746 2693 vestram
774 2641 834 2686 ut
867 2635 1225 2685 memoratum
1245 2622 1570 2679 Gerbertum
1597 2618 1728 2674 illud
1762 2612 2090 2672 beneficium

507 2733 708 2790 habere
729 2723 1074 2798 permittatis,
1121 2722 1261 2777 sicut
1293 2721 1453 2774 modo
1502 2715 1715 2780 habuit,
1751 2727 1924 2782 usque
1963 2710 2092 2765 dum

511 2827 565 2881 in
591 2825 698 2879 hac
731 2820 856 2876 sede
884 2818 1168 2886 episcopus
1195 2812 1359 2868 fuerit
1387 2810 1668 2864 ordinatus
1692 2825 1706 2873 ;
1744 2817 1802 2862 et
1831 2803 1974 2860 inter
2005 2816 2096 2859 me

511 2927 570 2972 et
601 2915 752 2970 illum
783 2909 1097 2969 convenerit
1122 2906 1250 2978 quid
1286 2905 1352 2960 de
1399 2906 1516 2975 ipso
1540 2901 1804 2958 beneﬁcio
1833 2899 1955 2954 fieri
2002 2898 2094 2954 de-

513 3010 640 3066 beat
673 3009 730 3062 in
751 3005 1012 3061 futurum.
1057 3000 1196 3072 Opto
1227 3005 1286 3052 ut
1328 3010 1544 3067 semper
1586 2993 1726 3049 bene
1769 2989 2000 3046 valeatis
2038 2989 2095 3045 in

512 3101 757 3157 Domino.

1065 3183 1403 3244 EPISTOLA
1441 3181 1551 3239 VII.

957 3319 1024 3358 AD
1059 3313 1333 3357 POPPONEH
1370 3309 1632 3353 COMITEM.

588 3417 873 3491 Magnifico
898 3421 956 3470 et
979 3411 1286 3470 honorabili
1310 3418 1473 3481 atque
1502 3406 1697 3464 illustri
1718 3406 1839 3462 viro
1856 3404 2101 3476 Pappoui

522 3513 756 3586 glorioso
792 3519 816 3547 ο
844 3505 1052 3570 comiti,
1088 3501 1427 3574 Eginhardus
1463 3500 1520 3554 iu
1550 3497 1780 3554 Domino
1809 3495 2061 3552 salutem.

592 3602 853 3660 Homines
885 3600 904 3639 ί
931 3597 1291 3668 confugerunt
1319 3595 1388 3650 ad
1413 3594 1602 3650 limina
1642 3593 1926 3648 beatorum
1950 3591 2105 3648 Chri-

523 3701 595 3758 sti
622 3705 923 3768 martyrum
947 3690 1244 3748 Marcellini
1280 3697 1335 3744 et
1358 3688 1526 3753 Petri,
1555 3687 1787 3742 fatentes
1821 3701 1880 3741 se
1922 3685 2106 3754 culpa-

524 3792 659 3848 biles
679 3804 821 3853 esse,
847 3787 939 3858 qui
970 3785 1026 3841 in
1062 3781 1352 3853 praesentia
1387 3787 1569 3835 vestra
1613 3778 1847 3833 convicti
1888 3775 2109 3830 fuerunt

522 3886 758 3959 quodam
783 3885 808 3924 ⁸
831 3881 977 3937 furto
1007 3879 1152 3950 quod
1175 3875 1562 3932 commiserunt
1588 3872 1818 3927 furaudo
1843 3870 2107 3926 feramina

526 3983 582 4037 in
609 3979 878 4036 dominica
907 3975 1109 4031 foreste
1153 3973 1183 4012 ιι
1215 3989 1229 4026 :
1265 3969 1419 4040 cujus
1461 3976 1670 4039 partem
1705 3964 2111 4035 compositionis

521 4074 634 4143 jam
655 4072 951 4135 solverunt,
978 4076 1033 4123 et
1061 4067 1237 4120 adhuc
1275 4063 1485 4120 solvere
1513 4063 1557 4126 i,
1587 4059 1701 4125 sed,
1734 4067 1795 4112 ut
1833 4063 2108 4122 asserunt,

531 4181 638 4221 non
667 4164 868 4218 habent
892 4161 1035 4216 unde
1058 4160 1268 4214 solvere
1293 4162 1515 4227 propter
1535 4159 1912 4224 paupertatem
1933 4164 2108 4206 suam.

531 4256 764 4313 Proinde
787 4268 1073 4324 precamur
1096 4249 1486 4318 benignitatem
1515 4254 1754 4329 vestram
1785 4251 1845 4297 ut
1865 4244 1965 4308 eis,
1989 4256 2116 4312 pro-

532 4359 653 4424 pter
676 4364 916 4405 amorem
944 4347 1146 4403 Christi
1170 4351 1466 4414 martyrum
1489 4341 1557 4395 ad
1579 4356 1712 4410 quos
1733 4338 2110 4408 confugerunt,

537 4449 591 4502 in
621 4453 880 4516 quantum
905 4440 1164 4513 possibile
1193 4445 1297 4503 est,
1329 4449 1552 4507 parcere
1577 4430 1894 4503 dignemini,
1928 4443 1995 4484 ne
2024 4443 2118 4498 pe-

1763 333 2140 398 EGINHARDI
2178 327 2471 390 ABBATIS

477 487 644 533 tatem
662 485 842 531 causae
862 464 1237 530 considerans,
1258 456 1476 516 decrevi
1504 453 2066 524 assensum'praebere
2093 455 2146 514 Α

3651 323 3757 382 Si!

2676 440 3013 499 EPISTOLA
3046 439 3176 497 VIII.

2224 569 2262 580 -
2514 550 2581 588 AD
2612 548 2885 590 οτωιιιωι
2912 548 3383 589 Αιιῦιιιεριεςορωι.

2233 624 2463 680 Domino
2491 631 2678 679 sancto
2705 623 2980 678 et'merito
3013 623 3313 679 venerabili
3341 621 3566 695 Otgario
3601 623 3653 690 ἱ,
3683 638 3760 680 re-

2167 717 2560 772 vercudissimo
2589 717 2862 786 episc0po.

2237 806 2529 876 Presbyter
2557 805 2794 874 quidam,
2831 803 3050 858 nomine
3099 804 3477 870 Hruodradus,
3508 807 3666 860 venit
3697 807 3760 862 ad

2167 915 2255 954 me
2281 899 2466 954 dicens
2494 912 2551 952 se
2575 912 2693 952 esse
2719 896 2786 950 de
2817 896 2948 951 fisco
2974 905 3160 952 vestro
3188 897 3494 963 Manniaco,
3524 905 3583 952 et
3614 913 3761 954 acce-

2167 993 2314 1062 pisse
2365 991 2644 1045 licentiam
2693 1005 2723 1042 a
2766 989 3158 1058 chorepiscopo
3212 996 3396 1042 vestro
3443 995 3500 1043 et
3552 990 3762 1044 caeteris

2170 1083 2434 1138 fratribus
2460 1082 2686 1137 Romam
2718 1081 3000 1152 pergendi,
3030 1089 3085 1136 et
3111 1082 3283 1136 hocin
3311 1097 3501 1138 mense
3523 1085 3756 1148 martio;

2169 1176 2264 1231 sed
2293 1183 2438 1245 post,
2492 1190 2615 1230 cum
2668 1173 2906 1229 venisset
2936 1174 3004 1228 ad
3055 1174 3479 1244 Mogontiacum,
3535 1193 3650 1231 non
3678 1193 3765 1246 po-

2169 1269 2339 1324 tuisse
2370 1267 2613 1321 invenire
2641 1265 2892 1321 homines
2941 1281 3064 1320 cum
3107 1265 3302 1336 quibus
3329 1266 3461 1320 illud
3511 1267 3628 1321 iter
3655 1283 3765 1337 per—

2171 1375 2332 1432 agere
2359 1358 2630 1428 potuisset
2663 1372 2676 1411 :
2710 1373 2774 1412 ac
2804 1366 3027 1429 pr0pter
3053 1358 3158 1412 hoc
3219 1358 3445 1412 divertit
3474 1359 3549 1413 ad
3579 1375 3763 1428 quem-

2173 1454 2296 1512 dam
2320 1467 2610 1522 pagensem
2637 1459 2907 1518 nostrum,
2936 1451 3029 1521 qui
3054 1453 3104 1506 ei
3135 1453 3388 1522 cognitus
3419 1452 3633 1518 fuerat,
3675 1471 3764 1509 no-

2171 1547 2318 1603 mine
2339 1545 2698 1609 Hildebertus,
2735 1554 2790 1598 et
2818 1544 3018 1599 mansit
3039 1545 3179 1614 apud
3199 1560 3322 1599 eum
3345 1544 3522 1600 donec
3559 1548 3766 1602 inveni-

2176 1650 2259 1696 ret
2284 1640 2534 1694 homines
2559 1638 2790 1692 Romam
2821 1647 3050 1704 euntes;
3093 1653 3230 1708 quos
3261 1653 3320 1693 se
3345 1653 3493 1693 nunc
3524 1639 3768 1694 inventos

2175 1734 2378 1788 habere
2405 1731 2560 1797 dicit,
2591 1738 2645 1785 et
2670 1731 2881 1800 rogavit
2904 1744 2991 1784 me
3012 1737 3074 1784 ut
3103 1730 3246 1826 apud
3273 1745 3371 1785 vos
3406 1730 3764 1800 impetrarem

2179 1825 2229 1880 ei
2257 1823 2537 1878 licentiam
2569 1822 2702 1877 illud
2763 1821 2869 1876 iter
2921 1821 3236 1893 peragendi.
3279 1821 3409 1876 Vult
3434 1822 3617 1881 enim,
3647 1822 3771 1875 sicut

2179 1919 2294 1989 ipse
2331 1916 2546 1980 asserit,
2571 1914 2702 1969 illud
2723 1914 2828 1968 iter
2853 1929 3019 1984 quam
3049 1914 3332 1968 celerrime
3361 1915 3637 1983 potuerit,
3667 1929 3773 1984 per-

2182 2023 2362 2078 agere,
2393 2015 2449 2063 et
2478 2008 2545 2062 ad
2575 2007 2754 2062 locum
2788 2020 2946 2060 suum
2994 2005 3213 2060 reverti.
3263 2004 3492 2074 Pr0pter
3522 2004 3638 2057 hoc
3663 2018 3772 2072 pre-

2182 2117 2283 2157 cor
2314 2100 2661 2156 sanctitatem
2711 2106 2951 2152 vestram
2981 2104 3041 2151 ut
3068 2097 3141 2162 ei,
3179 2097 3318 2151 sicut
3356 2097 3472 2164 ipse
3503 2105 3694 2165 rogat,
3724 2095 3775 2149 li-

2183 2193 2420 2249 centiam
2482 2192 2685 2246 donare
2739 2187 3055 2259 dignemini,
3105 2196 3160 2241 et
3212 2195 3273 2240 ut
3313 2185 3392 2240 illi
3422 2201 3534 2240 non
3599 2194 3776 2240 noceat

2186 2287 2328 2358 quod
2356 2285 2559 2340 tamdiu
2587 2284 2731 2338 inter
2747 2282 2866 2338 vias
2893 2289 3136 2336 moratus
3165 2287 3270 2345 est,
3297 2279 3446 2350 quia,
3479 2278 3676 2333 multis
3698 2279 3780 2332 im-

2187 2378 2518 2449 pedimentis
2570 2374 2963 2438 accidentibus,
2992 2372 3192 2426 invitus
3231 2370 3362 2426 fecit
3404 2369 3558 2441 quod
3607 2385 3778 2424 emen-

2192 2473 2322 2528 dare
2361 2486 2468 2525 non
2505 2468 2701 2540 potuit.
2735 2467 2996 2536 Optamus
3022 2464 3372 2520 sanctitatem
3399 2471 3675 2526 vestram,
3701 2477 3782 2515 no-

2193 2572 2322 2620 strae
2373 2560 2763 2616 imbecillitatis
2802 2571 3123 2621 memorem,
3181 2569 3397 2624 semper
3459 2555 3514 2608 in
3582 2553 3780 2608 Christo

2192 2655 2331 2710 bene
2359 2653 2563 2720 valere,
2605 2651 2946 2707 sanctissime
2973 2665 3037 2704 ac
3064 2647 3510 2704 reverentissime
3554 2655 3730 2718 pater.

2738 2761 3071 2818 EPISTOLA
3098 2760 3190 2816 1X.

2505 2854 2572 2895 an
2600 2852 2864 2895 amomum
2907 2835 2930 2874 ¹ί
2962 2848 3177 2889 ιηιωιτιι
3207 2845 3469 2887 εοιιιτειι.

2270 2933 2634 2990 Dilectissimo
2690 2929 2844 2984 fratri
2877 2927 3146 2993 Geboino,
3201 2923 3440 2995 glorioso
3472 2920 3674 2976 comiti
3708 2935 3784 2992 pa-

2199 3030 2338 3097 latii,
2366 3026 2708 3101 Eginhardus
2739 3025 2794 3078 in
2821 3022 3052 3078 Domino
3081 3019 3331 3075 salutem.

2273 3123 2424 3194 Rogo
2490 3119 2831 3177 dilectionem
2882 3122 3123 3171 vestram
3187 3121 3249 3166 ut
3304 3111 3452 3165 hunc
3491 3125 3781 3182 pagensen

2122 3192 2166 3252 (λ
2197 3226 2466 3280 uestrum,
2497 3212 2714 3269 nomine
2767 3209 2958 3273 David,
2995 3207 3350 3263 necessitates
3405 3219 3537 3259 suas
3582 3205 3680 3259 tibi
3708 3217 3782 3257 re-

2198 3307 2342 3364 ferre
2395 3305 2688 3368 volentem,
2730 3300 2990 3356 exaudire
3036 3298 3308 3370 digneris;
3363 3303 3434 3360 et,
3471 3296 3518 3348 si
3582 3308 3784 3349 causam

2200 3401 2319 3472 ejus
2373 3395 2750 3453 rationabilem
2777 3407 2896 3448 esse
2923 3389 3261 3461 cognoveris,
3311 3387 3491 3440 locum
3539 3386 3607 3441 ei
3635 3385 3786 3438 facias

2204 3495 2272 3549 ad
2298 3494 2558 3548 domuum
2610 3490 2994 3560 imperatorem
3026 3501 3085 3540 se
3137 3483 3455 3539 reclamare.
3512 3480 3627 3536 Est
3667 3479 3789 3534 enim

2205 3587 2348 3643 idem
2379 3586 2543 3641 homo
2573 3582 2756 3639 domui
2785 3579 3054 3635 Hlutharii
3089 3576 3108 3616 ι
3143 3594 3158 3643 ;
3191 3586 3246 3631 et
3270 3577 3410 3641 ideo,
3441 3588 3559 3628 non
3597 3583 3787 3627 tantum

2204 3687 2428 3750 propter
2481 3675 2801 3746 petitionem
2833 3688 3030 3735 meam,
3066 3670 3164 3726 sed
3196 3677 3419 3740 propter
3445 3667 3722 3722 honorem
3745 3674 3789 3718 et

2208 3782 2451 3824 amorem
2474 3767 2704 3822 senioris
2735 3765 2837 3830 sui,
2877 3764 3040 3819 debes
3091 3761 3242 3816 illum
3272 3758 3552 3827 adjuvare.
3591 3759 3727 3828 Opto
3744 3764 3791 3808 ut

2210 3871 2264 3916 te
2295 3875 2484 3916 sanum
2517 3867 2571 3914 et
2598 3857 2928 3912 incolumem
2957 3855 3068 3910 cito
3091 3854 3277 3909 videre
3301 3865 3544 3906 merear.

2778 3968 3108 4026 EPISTOLA
3156 3967 3226 4021 X.

2591 4082 2658 4120 AD
2685 4079 2852 4119 Ill-31"“
2882 4074 2924 4101 ω
2945 4071 3412 4116 ABCIHEPISCOPUH.

2213 4177 2220 4184 ·
2283 4159 2514 4215 Domino
2544 4164 2732 4213 sancto
2763 4163 2817 4210 et
2859 4153 3054 4208 merito
3083 4148 3379 4207 venerabili
3425 4144 3609 4208 Hetti,
3661 4157 3791 4200 reve-

2218 4249 2533 4305 rentissimo
2569 4247 2999 4316 archiepiscopo,
3032 4241 3374 4314 Eginbardus
3398 4247 3684 4310 peccator.

2288 4343 2440 4397 Sicut
2467 4357 2534 4397 ex
2583 4339 2779 4394 litteris
2835 4338 3144 4394 sanctitatis
3177 4343 3372 4390 vestrae
3396 4348 3498 4388 vos
3555 4332 3696 4386 velle
3720 4345 3795 4384 co-

2218 4436 2521 4507 gnovimus,
2547 4434 2623 4488 ita
2650 4433 2768 4488 siue
2795 4431 3052 4488 dilatione
3103 4428 3285 4483 facere
3321 4425 3662 4485 curavimus,
3690 4421 3795 4476 mit-

539 4542 683 4596 nitus
706 4546 933 4611 pereant
956 4551 1052 4607 per
1076 4530 1382 4602 hujusmodi
1412 4528 1650 4598 culpam,
1679 4526 1774 4580 sed
1803 4525 1979 4594 potius
2001 4538 2121 4578 sen—
2143 4546 2199 4608 Β
2225 4527 2388 4613 tendo
2440 4526 2691 4580 videlicet
2724 4523 2880 4578 vobis
2935 4521 3211 4591 reliquias,
3271 4534 3404 4588 quas
3458 4534 3567 4572 vos
3614 4517 3798 4570 habere

540 4635 677 4689 tiaut
724 4633 827 4687 sibi
872 4628 1013 4700 apud
1057 4643 1152 4682 vos
1188 4624 1457 4697 profuisse
1504 4619 1648 4690 quod
1693 4615 1760 4672 ad
1806 4622 2116 4671 sanctorum

543 4733 844 4795 martyrum
882 4719 1133 4791 sepulcra
1179 4718 1555 4788 confugerunt.
1612 4714 1748 4783 Opto
1795 4717 1857 4762 ut
1905 4721 2121 4776 semper

543 4815 680 4872 bene
701 4814 930 4870 valeatis
957 4813 1011 4866 in
1037 4811 1284 4866 Domino.

2073 4875 2108 4894 δ,

615 4965 641 4994 ι
662 4951 722 5006 Id
749 4959 853 5017 est,
877 4948 936 5004 S.
959 4947 1189 5005 Servatii
1205 4943 1536 5004 monasterio
1563 4938 1896 5014 Trajectensi
1921 4937 1990 4993 ad
2013 4935 2127 4992 Mo-

551 5039 687 5080 sam.
831 5054 834 5058 ι

622 5096 650 5136 ι)
675 5093 740 5147 D.
771 5091 960 5147 Teulet
999 5093 1195 5148 habet:
1223 5090 1291 5143 ad
1343 5087 1574 5158 aliquam
1608 5083 1992 5140 ordinationem
2037 5096 2128 5134 sa-

551 5182 696 5222 cram
721 5163 1124 5234 suscipiendam.

627 5248 648 5275 ο
691 5221 1158 5305 Ροιῐε’1υεειιόιιω
1206 5227 1592 5305 Heistolphltm,
1623 5226 1714 5297 qui
1755 5231 1872 5305 erat
1911 5221 2126 5305 archie-

552 5309 804 5379 piscopus
831 5295 1189 5430 ng'untinus,
1218 5301 1372 5372 cujus
1396 5295 1776 5369 suffragaueus-
1800 5295 2130 5349 Humbertus

553 5381 835 5430 eniseonus
857 5378 891 5430 ἲ
930 5373 1332 5430 ιηὶὶιιιηιεηείε.

553 5378 835 5449 episcopus
857 5378 1332 5444 Wirziburgensis.

623 5450 648 5489 ἀ
681 5449 728 5504 ls
757 5458 873 5503 erat
906 5445 1362 5514 Wirziburgensis
1386 5443 1688 5514 episcopus,
1714 5437 1801 5494 cui
1830 5435 1972 5491 forte
1999 5450 2125 5490 suc-

559 5522 725 5579 cessit
747 5519 1092 5575 Humbertus.

631 5605 653 5632 ε
677 5591 742 5646 D.
771 5590 961 5644 Teulet
983 5589 1145 5644 habet
1171 5603 1237 5642 ex
1261 5586 1467 5649 codice,
1495 5585 1743 5655 gratioso.

634 5663 652 5703 ἲ
692 5662 831 5717 Ante
879 5661 1111 5715 homines
1150 5657 1354 5714 addidit
1392 5649 1579 5710 Teulet
1621 5656 1737 5710 haec
1777 5649 1942 5707 verba
1977 5668 1988 5705 :
2024 5649 2129 5704 duo

557 5749 832 5860 patricii?
850 5801 1104 5873 quodam,
1127 5800 1270 5873 idem
1294 5797 1486 5873 doctus
1507 5797 1659 5853 addit
1684 5795 1766 5851 de.

631 5879 658 5918 ιι
685 5874 777 5930 Sic
797 5867 987 5943 codex,
1016 5871 1109 5929 led
1130 5869 1321 5928 Teulet
1341 5867 1558 5940 fomta.

2224 4608 2362 4674 velle
2392 4618 2458 4673 ad
2511 4616 2905 4672 dedicationem
2963 4627 3118 4668 nova:
3160 4610 3397 4666 basilicae
3443 4617 3650 4662 vestra:
3685 4605 3797 4660 scri-

2225 4710 2431 4780 psistis.
2469 4708 2538 4762 Et
2597 4707 2813 4776 quidem
2867 4704 3098 4759 libenter
3147 4701 3203 4756 id
3241 4699 3490 4758 fecimus,
3522 4699 3619 4768 qui
3658 4696 3798 4750 talem

2229 4803 2484 4859 ﬁduciam
2513 4801 2567 4856 in
2596 4801 2750 4856 vobis
2776 4799 3058 4863 habemus,
3094 4803 3155 4850 ut
3183 4806 3522 4864 quaecunque
3547 4786 3798 4861 particula

2309 4938 2325 4978 ἱ
2354 4935 2611 4989 Deberem
2641 4930 2853 5002 supplet
2877 4929 3088 5002 Teulet,
3106 4935 3159 4983 et
3181 4926 3356 4982 codex
3377 4922 3485 4977 fert
3510 4922 3798 4976 debbermt.

2235 5007 2376 5062 Editi
2401 5007 2543 5060 hanc
2566 5001 2757 5059 vocem
2781 5001 3096 5057 omiserunt.

2309 5077 2321 5128 i
2371 5076 2501 5131 Post
2529 5077 2591 5130 D.
2651 5073 3035 5143 Bouquetium
3072 5078 3143 5143 et_
3176 5066 3368 5122 Teulet
3415 5066 3482 5143 ad
3533 5062 3801 5143 Otgarium

2234 5150 2496 5204 directam
2550 5145 2718 5200 fuisse
2767 5133 2908 5197 hanc
2955 5140 3240 5211 epistolam
3272 5133 3629 5211 putavimus.’
3657 5133 3804 5211 Prior

2233 5199 2509 5275 Edidi]:
2561 5199 2730 5271 codex
2788 5230 2891 5269 ms.
2930 5199 3155 5266 Domino
3220 5199 3400 5263 εαήειο
3438 5207 3506 5260 R.
3541 5203 3608 5259 ϐ.
3649 5203 3713 5256 R.
3746 5199 3800 5252 0.

2232 5308 2395 5346 rever.
3239 5321 3244 5329 .

2307 5364 2333 5402 ιι
2362 5362 2613 5416 Fortasse
2662 5357 2750 5412 ille
2779 5363 2863 5411 est
2901 5354 3186 5415 Gibuinus,
3236 5351 3327 5420 qui
3357 5364 3423 5403 ex
3457 5347 3662 5420 comite
3704 5356 3806 5397 mo-

2234 5435 2468 5488 nachum
2495 5430 2669 5485 induit
2693 5429 2743 5482 in
2773 5425 3068 5481 Rhemensi
3095 5422 3153 5477 S.
3184 5416 3416 5479 Remigii
3447 5416 3718 5473 ccenubio.

2310 5503 2328 5542 ι
2371 5503 2549 5566 Tulet,
2579 5500 2869 5554 Hlotharii.

2306 5587 2345 5614 ιη
2370 5573 2512 5627 Hctti
2536 5558 2598 5626 ex
2624 5572 2818 5626 abbate
2849 5565 3225 5623 Mediolacensi
3254 5563 3429 5619 factus
3454 5571 3536 5618 est
3564 5558 3810 5612 Treviro-

2235 5661 2356 5701 rum
2385 5644 2610 5697 antistes
2649 5656 2792 5695 anno
2822 5639 2945 5695 8M.
2975 5637 3313 5692 Mabillonius
3349 5636 3442 5704 qui
3483 5633 3621 5704 libro
3648 5637 3808 5704 smn

2233 5700 2430 5772 Annal.
2471 5714 2692 5776 Bened.,
2727 5727 2873 5766 num.
2907 5709 2997 5775 60,
3047 5709 3101 5763 iu
3142 5722 3284 5762 anno
3335 5700 3439 5762 8'47
3468 5703 3578 5776 ejus
3609 5700 3810 5754 obitum

2237 5786 2485 5915 ἓιὲἑιῖοεέἓ
2508 5785 2660 5841 illum
2677 5773 2858 5840 differt
2879 5773 3050 5852 usque
3067 5779 3131 5835 ad
3146 5793 3350 5835 annum
3363 5777 3462 5836 851
3474 5817 3488 5842 ,
3511 5773 3600 5831 lib.
3624 5781 3786 5824 nm
