3960 6346
265 329 378 389 515

1725 320 2109 381 Epis'rourz.
2146 395 2158 410 .

3431 323 3535 380 5M

263 451 340 504 de
368 445 542 504 sacris
577 446 863 502 beatorum
885 451 1186 518 martyrum
1220 443 1495 502 cineribus
1519 443 1588 499 ad
1604 457 1703 499 vos
1731 458 1856 515 per-
1880 443 1936 504 Α
1959 439 2266 496 faciendum
2305 439 2374 495 de
2397 451 2506 493 uno
2535 436 2750 493 illorum
2777 435 2992 492 difﬁcile
3020 445 3124 504 est,
3154 438 3211 495 id
3237 446 3340 507 est,
3371 439 3534 497 femi-

260 541 501 605 venerit,
532 539 654 594 talis
688 538 738 593 ei
767 539 942 594 honor
985 538 1323 604 exhibeatur,
1360 536 1576 607 qualem
1605 536 1734 592 totis
1761 551 1853 592 eo-

261 646 391 685 rum
419 628 739 700 corporibus
767 629 1028 684 exhibere
1069 627 1448 692 debueramus,
1501 627 1605 682 nisi
1647 625 1852 682 desidia

255 734 322 781 et
348 724 677 795 negligentia
700 739 732 778 a
763 723 944 778 debito
970 722 1074 777 illis
1105 723 1308 778 honore
1338 719 1659 776 retardaret.
1699 718 1854 786 Quod

256 829 449 874 autem
486 833 587 888 per
613 832 714 872 nos
746 831 1073 888 cognoscere
1119 814 1387 880 voluistis,
1415 813 1635 868 minime
1664 827 1760 867 vos
1784 809 1853 866 de

255 912 350 968 his
375 901 645 966 certiores
691 909 917 965 reddere
947 909 1209 974 valemus,
1251 908 1378 977 quia
1404 922 1544 978 pene
1564 905 1701 960 nihil
1727 903 1853 959 inde

253 1003 329 1057 ad
355 1012 602 1058 nostram
644 1001 893 1055 notitiam
946 1000 1130 1056 scietis
1167 998 1481 1070 pervenire;
1539 1013 1716 1068 neque
1752 1010 1852 1050 nos

252 1092 328 1148 de
358 1093 444 1149 his
493 1107 820 1164 magnopere
849 1092 1048 1147 curiosi
1093 1106 1280 1146 sumus
1320 1091 1388 1145 de
1414 1105 1644 1160 quorum
1669 1088 1851 1160 cogni-

255 1185 412 1241 tione
437 1186 642 1241 nullam
671 1185 960 1240 utilitatem
1004 1194 1058 1239 et
1096 1200 1321 1255 parvam
1347 1183 1674 1254 percipimus
1700 1181 1852 1237 volu-

248 1286 486 1350 ptatem.
518 1277 781 1348 Optamus
801 1277 1146 1333 sanctitatem
1167 1285 1426 1343 vestram,
1459 1285 1660 1332 nostra:
1688 1276 1850 1331 imbe-

248 1371 499 1426 cillitatis
521 1386 837 1436 memorem,
871 1372 926 1425 in
955 1369 1173 1426 Christo
1233 1385 1448 1442 semper
1482 1370 1622 1426 bene
1644 1370 1847 1435 valere,

249 1463 603 1519 sanctissime
635 1471 690 1518 et
717 1463 1161 1518 reverentissime
1190 1470 1365 1533 pater.

826 1574 1161 1632 EPISTOLA
1183 1576 1278 1630 XL

649 1688 717 1728 AD
745 1688 1143 1728 HRUOTBERTUM
1185 1685 1446 1725 COMITEM.

329 1763 616 1834 Magnifice
640 1771 695 1817 et
721 1761 1027 1818 honorabili
1081 1770 1243 1831 atque
1275 1761 1468 1816 illustri
1502 1759 1620 1816 viro
1647 1758 1845 1816 Hruot-

244 1855 435 1921 berto,
476 1853 708 1925 glorioso
769 1853 976 1913 comiti.
1018 1861 1279 1908 aeternam
1309 1853 1365 1907 in
1420 1853 1648 1928 Domino
1698 1851 1843 1907 salu-

241 1955 385 2002 tem.

321 2039 477 2110 Rogo
504 2037 896 2110 benignitatem
920 2043 1158 2092 vestram
1204 2043 1265 2091 ut
1289 2034 1422 2091 mihi
1475 2034 1736 2091 mandare
1761 2034 1842 2089 di-

243 2133 494 2205 gnemini
540 2133 670 2202 quid
704 2131 859 2188 vobis
896 2130 1108 2202 placeat
1132 2129 1218 2185 vel
1245 2142 1295 2197 ε,
1326 2137 1386 2184 ut
1420 2129 1580 2184 modo
1606 2128 1723 2184 tieri
1750 2128 1844 2183 de-

239 2222 382 2278 beat
410 2222 477 2279 de
509 2239 675 2278 causa
731 2219 1015 2287 Alahfridi,
1043 2219 1282 2275 hominis
1334 2218 1529 2283 nostri,
1566 2225 1748 2272 utrum
1773 2231 1842 2272 ex

243 2325 366 2371 toto
402 2314 720 2370 dimittenda
751 2314 839 2379 sit,
899 2329 969 2367 an
1005 2311 1093 2367 ille
1137 2312 1312 2367 adhuc
1373 2324 1595 2380 sperare
1647 2309 1844 2363 debeat

241 2405 399 2475 quod
427 2406 454 2444 δ
485 2406 553 2459 ad
583 2419 737 2459 suam
763 2403 1048 2474 justitiam,
1086 2419 1186 2474 per
1212 2410 1456 2457 vestrum
1486 2402 1838 2473 adjutorium,

237 2497 532 2568 pervenire
583 2503 875 2550 mereatur.
937 2493 1072 2548 Nam
1136 2508 1236 2562 ego
1299 2502 1468 2548 totam
1510 2509 1756 2559 causam,
1786 2501 1843 2546 et

238 2589 484 2660 qualiter
508 2604 538 2642 a
563 2588 717 2642 vobis
743 2603 841 2658 per
867 2601 1089 2642 veraces
1143 2585 1392 2640 homines
1444 2586 1706 2656 inquisita
1733 2593 1836 2651 est,

238 2684 408 2742 simul
438 2700 561 2739 cum
586 2682 893 2738 Adalhardo
918 2691 973 2736 et
998 2680 1244 2736 Gebuino
1293 2680 1584 2736 comitibus
1629 2680 1836 2751 palatii,

237 2778 449 2834 domno
469 2775 784 2846 imperatori
827 2774 1060 2830 indicavi
1100 2792 1112 2826 :
1148 2783 1202 2828 et
1232 2774 1320 2828 ille
1350 2774 1630 2843 respondit
1680 2773 1836 2840 mihi,

235 2871 444 2926 mirum
503 2867 606 2924 sibi
661 2867 833 2922 videri
889 2882 988 2922 cur
1045 2865 1136 2918 illa
1171 2880 1334 2920 causa
1385 2862 1501 2932 jam
1545 2863 1700 2918 ﬁnita
1728 2878 1839 2919 non

235 2960 458 3017 fuisset.
499 2961 624 3015 ideo
673 2973 870 3029 precor
918 2956 1264 3012 dilectionem
1315 2965 1558 3012 vestram
1616 2964 1677 3010 ut
1728 2971 1838 3011 non

233 3054 380 3110 mihi
407 3052 667 3107 mandare
692 3049 1056 3122 dedignemini
1091 3060 1138 3117 c,
1169 3048 1300 3119 quid
1335 3048 1627 3119 praedictus
1672 3029 1838 3103 homo

1959 547 2052 597 na,
2079 547 2242 602 quam
2273 537 2330 585 tu
2358 530 2552 585 melius
2600 543 2762 600 quam
2789 543 2889 600 ego
2917 529 3081 596 nosti,
3131 531 3178 586 si
3222 547 3255 585 a
3292 541 3365 599 te,
3417 534 3534 591 sine

1954 621 2135 691 culpa,
2168 623 2221 676 in
2248 621 2559 692 coniugium
2604 619 2776 691 possit
2795 620 3020 675 assumi.
3056 617 3191 674 Nam
3221 621 3288 676 de
3315 623 3535 693 dispen-

1955 729 2037 779 sa,
2067 729 2229 782 quam
2255 714 2309 768 in
2337 713 2507 783 Aquis
2542 713 2850 784 accepistis,
2872 712 3076 768 nullam
3101 712 3224 768 volo
3257 714 3419 769 aliam
3444 732 3530 772 re-

1953 805 2306 861 tributionem
2336 804 2441 860 nisi
2489 805 2785 861 amicitiam
2811 813 2977 860 tuam.
3028 805 3106 860 De
3148 803 3321 876 Jopila
3374 823 3529 875 vero,

1951 893 2169 967 quando
2223 896 2444 951 insimul
2495 896 2756 951 fuerimus
2792 896 2976 961 locuti,
3024 895 3182 965 juxta
3209 898 3352 967 quod
3401 906 3531 953 tunc

1950 988 2096 1044 inter
2121 1005 2222 1044 nos
2263 990 2602 1056 convenerit,
2653 989 2831 1045 facere
2857 997 3082 1059 paratus
3110 1006 3232 1046 sum
3261 1009 3275 1045 :
3325 997 3382 1046 et
3411 991 3532 1048 ideo

1952 1081 2051 1136 tibi
2076 1079 2236 1136 modo
2261 1080 2417 1150 plura
2443 1097 2540 1151 per
2579 1080 2789 1136 litteras
2817 1095 2968 1137 meas
3001 1081 3245 1138 indicare
3268 1098 3380 1139 non
3403 1098 3530 1155 pos-

1950 1186 2089 1228 sum.
2113 1171 2250 1242 Opto
2277 1181 2338 1228 ut
2361 1187 2574 1244 semper
2598 1174 2736 1228 bene
2759 1173 2942 1230 valeas
2967 1174 3026 1229 in
3053 1174 3301 1232 Domino.

2485 1287 2821 1346 EPISTOLA
2857 1290 2997 1347 XIV.

2235 1418 2302 1457 Λῐ)
2331 1418 2671 1458 GERWARDUH
2696 1416 3239 1461 οΒιιςιιοτιιεεΑιηωί.

2020 1493 2385 1548 Dilectissimo
2405 1494 2560 1549 fratri
2601 1494 2917 1554 Gerwardo.
2948 1493 3292 1565 Eginhardus
3330 1495 3528 1569 sempi-

1947 1589 2160 1638 ternam
2185 1582 2239 1637 in
2264 1582 2496 1638 Domino
2526 1583 2775 1639 salutem.

2017 1675 2250 1731 Dubium
2285 1676 2416 1730 mihi
2455 1684 2538 1731 est
2581 1683 2764 1730 utrum
2818 1677 2884 1731 de
2917 1683 2972 1731 te
3021 1677 3224 1733 sentire
3273 1678 3520 1749 debeam,

1948 1767 2092 1837 quod
2122 1774 2217 1820 aut
2261 1766 2472 1822 iitteras
2519 1781 2668 1822 meas
2706 1781 2812 1822 non
2867 1765 3263 1835 intellexisscs,
3323 1778 3417 1825 aut
3458 1772 3526 1827 de

1943 1855 2185 1926 periculo
2207 1871 2330 1912 meo
2348 1871 2458 1912 non
2487 1871 2739 1911 curasses
2760 1856 2783 1909 ?
2805 1855 2913 1912 Sed
2937 1856 3145 1913 facilius
3171 1858 3229 1914 in
3249 1873 3374 1915 eum
3399 1876 3525 1916 sen-

1943 1963 2066 2005 sum
2091 1948 2328 2004 adducar
2365 1949 2385 1988 ί
2416 1957 2477 2004 ut
2517 1949 2752 2005 arbitrer
2775 1956 2999 2020 propter
3045 1950 3253 2022 aliquas
3291 1967 3526 2024 occupa-

1945 2041 2120 2096 tiones
2139 2043 2346 2112 scripta
2372 2056 2492 2096 mea
2513 2056 2544 2094 a
2570 2050 2622 2097 te
2649 2057 2841 2112 parum
2870 2042 3156 2114 diligenter
3179 2044 3320 2100 lecta
3363 2047 3527 2102 et-in-

1944 2132 2163 2187 tellecta
2205 2132 2407 2200 fuisse,
2458 2149 2621 2203 quam
2667 2142 2727 2188 ut
2764 2135 2982 2189 credam
3027 2136 3350 2192 charitatem
3381 2146 3527 2193 tuam

1944 2226 2257 2281 comminati
2286 2227 2420 2282 mihi
2446 2227 2673 2297 periculi
2719 2243 2906 2283 curam
2932 2245 3041 2284 non
3073 2229 3350 2286 habuisse.
3391 2231 3526 2287 Hor-

1942 2317 2078 2372 taris
2099 2318 2268 2384 enim,
2308 2319 2419 2373 imo
2467 2319 2753 2375 consilium
2780 2320 2877 2375 das
2903 2361 2918 2386 ,
2955 2328 3034 2386 ut,
3072 2321 3291 2376 omissis
3321 2330 3523 2392 marty-

1942 2422 2065 2460 rum
2091 2409 2358 2474 excubiis,
2385 2409 2580 2478 quibus
2608 2409 2978 2465 indesinenter
3000 2410 3191 2466 adesse
3216 2418 3272 2466 et
3293 2411 3536 2466 interes-'

1943 2514 2002 2554 se
2022 2497 2208 2567 jussus
2248 2515 2367 2553 sum
2393 2540 2407 2564 ,
2435 2499 2695 2569 palatium
2724 2509 2944 2568 petam;
2988 2516 3111 2555 cum
3153 2501 3288 2555 mihi
3316 2508 3528 2570 septem

1942 2590 2155 2646 dierum
2181 2593 2426 2648 absentia
2461 2592 2692 2662 poenalis
2721 2592 2902 2647 futura
2923 2593 3243 2648 denuntiata
3267 2594 3339 2648 sit
3369 2612 3382 2646 :
3409 2609 3529 2663 quae

1939 2701 2048 2740 non
2077 2685 2249 2741 solum
2279 2687 2335 2740 in
2357 2701 2510 2741 mora
2553 2687 2608 2740 in
2660 2685 2863 2756 palatio
2901 2685 3150 2742 facienda
3179 2726 3194 2752 ,
3224 2685 3321 2741 sed
3369 2699 3438 2740 ne
3473 2686 3528 2740 in

1940 2777 2136 2834 itinere
2160 2819 2175 2845 ,
2204 2779 2348 2848 quod
2395 2778 2463 2832 ad
2488 2777 2749 2848 palatium
2805 2779 3139 2849 pergendum
3169 2787 3292 2845 est,
3345 2777 3528 2833 caveri

1937 2879 2138 2941 potest,
2169 2873 2472 2943 praesertim
2501 2887 2532 2926 a
2555 2887 2642 2928 me
2664 2873 2776 2942 qui,
2797 2881 2908 2927 tam
2925 2883 3148 2942 propter
3173 2872 3276 2926 via:
3303 2870 3530 2927 difﬁcul-

1939 2971 2108 3020 tatem
2134 2979 2296 3034 quam
2341 2965 2584 3035 corporis
2614 2965 2943 3020 imbecillam
2979 2962 3362 3027 valetudinem,
3397 2978 3524 3018 raro

1939 3055 2170 3111 celerius
2205 3071 2370 3126 quam
2419 3065 2626 3126 septem
2673 3056 2884 3112 dierum
2916 3056 3093 3127 spatio
3139 3055 3206 3110 de
3259 3054 3430 3126 Aquis
3453 3055 3522 3109 ad

233 3157 437 3202 noster
500 3146 564 3202 de
597 3146 714 3215 ipsa
771 3160 868 3199 sua
923 3159 1086 3198 causa
1147 3141 1331 3198 facere
1359 3141 1572 3197 debeat.
1606 3140 1746 3212 Opto
1775 3149 1837 3198 ut
1864 3177 1910 3241 Ο
1941 3154 2241 3218 martyrum
2257 3146 2443 3201 limina
2469 3147 2621 3217 potui
2637 3148 2941 3216 pervenire.
2965 3145 3074 3202 Sed
3097 3147 3212 3218 jam
3228 3162 3372 3202 nunc
3395 3161 3527 3218 rogo

238 3255 471 3313 semper
490 3239 623 3296 bene
645 3238 875 3295 valeatis
900 3239 954 3292 in
985 3237 1233 3293 Domino.

797 3350 1276 3407 EPISTOLA'XII.

281 3466 352 3505 AD
382 3462 727 3504 LIUTBARDUI
753 3459 1136 3502 PRESBYTERUI
1165 3460 1235 3500 ΕΤ
1257 3458 1624 3500 ΕΒΕΜΒΕΒἸὋΜ
1653 3457 1802 3501 ηοε-

905 3531 1170 3573 DOMINUII.

312 3611 376 3667 In
404 3611 607 3667 Christi
639 3611 881 3675 nomine,
921 3609 1266 3680 Eginhardus
1301 3610 1493 3676 abbas,
1533 3609 1833 3666 Liuthardo

233 3705 566 3777 presbytero
606 3715 662 3759 et
688 3703 1010 3759 Eremberto
1048 3703 1413 3771 vicedomino,
1445 3704 1698 3760 tidelibus
1737 3719 1834 3760 no-

236 3799 400 3861 stris,
426 3797 484 3850 in
510 3796 739 3851 Domino
763 3796 1033 3869 salutem.

312 3887 512 3942 Notum
541 3887 615 3942 sit
648 3887 802 3942 vobis
832 3887 974 3957 quod
1009 3903 1110 3942 nos
1136 3886 1450 3942 Willihaldo
1482 3887 1828 3958 presbytero,

237 3980 394 4036 ﬁdeli
424 4021 440 4046 ,
470 3988 531 4035 ut
559 3981 852 4047 credimus,
903 3989 1113 4047 nostro,
1159 3979 1463 4048 iniunctum
1490 3980 1753 4035 habemus
1774 3988 1834 4033 ut

235 4089 472 4130 censum
493 4083 742 4129 nostrum
769 4073 998 4143 recipiat
1027 4074 1094 4127 ab
1124 4073 1441 4128 hominibus
1465 4072 1691 4138 nostris,
1721 4079 1831 4126 tam

236 4166 385 4238 apud
428 4165 486 4222 S.
533 4167 807 4223 Bavonem
853 4183 1016 4237 quam
1045 4166 1102 4219 in
1143 4165 1430 4220 Blandinio
1474 4165 1827 4220 monasterio.

234 4258 474 4328 Propter
500 4257 604 4314 hoc
630 4259 897 4313 mittimus
927 4257 1080 4311 illum
1105 4257 1174 4312 ad
1195 4271 1315 4322 vos,
1338 4255 1465 4325 quia
1497 4256 1747 4310 volumus
1772 4262 1830 4309 ut

234 4352 290 4405 ei
307 4350 635 4418 adjutorium
666 4349 879 4405 faciatis
901 4359 960 4402 ut
989 4349 1239 4403 eumdem
1262 4364 1488 4403 censum
1516 4355 1572 4403 et
1599 4347 1830 4417 pleniter

233 4450 293 4495 et
325 4442 384 4495 in
411 4441 553 4495 bono
583 4448 808 4511 argento
850 4439 1079 4508 recipiat
1103 4437 1153 4491 ιι.
1183 4436 1324 4508 Opto
1363 4447 1424 4492 ut
1450 4453 1665 4508 semper
1688 4439 1830 4495 bene

234 4533 470 4589 valeatis
498 4533 553 4587 in
580 4533 829 4588 Domino.

774 4618 1112 4675 EPISTOLA
1142 4619 1280 4674 Xlll.

689 4732 757 4769 AD
793 4730 1067 4769 POPPONEH
1105 4729 1373 4769 COMITEM.

310 4807 598 4880 Magniﬁco
646 4815 702 4862 et
755 4807 1062 4862 honorabili
1094 4815 1256 4877 atque
1284 4805 1483 4861 illustri
1513 4805 1630 4862 viro
1681 4806 1824 4878 Pop-

229 4902 413 4974 poni,
441 4901 673 4972 glorioso
711 4900 937 4967 comiti,
968 4899 1309 4970 Eginhardus
1356 4901 1744 4970 sempiternam
1768 4900 1827 4954 in

229 4993 475 5049 Domino
503 4992 754 5046 salutem.

308 5083 526 5139 Dictum
555 5091 640 5137 est
688 5081 820 5136 mihi
851 5079 992 5151 quod
1036 5096 1123 5136 me
1153 5097 1406 5152 rogasses
1436 5089 1495 5134 ut
1537 5081 1605 5134 de
1651 5081 1826 5136 tribus

228 5173 496 5246 capitulis
527 5182 578 5228 te
605 5182 817 5228 certum
840 5171 1077 5227 facerem
1111 5193 1123 5226 :
1175 5173 1319 5244 quod
1367 5173 1554 5242 utique
1580 5172 1714 5226 mihi
1758 5174 1827 5228 ad

313 5349 340 5376 ιι
357 5325 539 5390 codex
556 5341 614 5390 et
627 5333 818 5389 Tculet
835 5347 1044 5388 comma
1070 5339 1125 5386 et
1144 5345 1334 5386 vocem
1367 5328 1444 5384 vel
1471 5345 1578 5384 non
1601 5328 1820 5385 habent.

316 5406 352 5449 b

316 5406 352 5449 b

316 5487 343 5518 α
599 5415 762 5533 habet
786 5475 992 5541 Teulet,
1035 5474 1105 5530 Ut
1133 5492 1272 5529 nunc
1301 5473 1430 5528 mihi
1460 5471 1712 5526 mandare
1743 5471 1829 5525 di-

235 5565 675 5677 gng’gfuzl‘eulet
716 5622 862 5677 hunc
896 5619 1075 5676 locum
1116 5619 1170 5674 in
1197 5617 1358 5674 editis
1402 5616 1679 5672 turbatum
1709 5621 1765 5669 et
1795 5629 1825 5668 a

236 5690 400 5748 Dom.
429 5690 728 5763 Bouquetio
749 5693 1012 5746 omissum
1063 5690 1464 5763 sicrrestituit;
1499 5687 1568 5742 Et
1595 5702 1712 5763 cum
1744 5702 1825 5763 re-

236 5772 420 5832 ceptus
462 5757 641 5831 fuerit,
669 5763 904 5818 volumus
932 5773 988 5816 ut
1018 5779 1104 5818 vos
1149 5761 1301 5818 illum
1337 5760 1405 5816 ad
1435 5760 1532 5816 hoc
1559 5757 1822 5827 adjuvetis

238 5845 298 5889 ut
330 5850 448 5889 eum
473 5835 542 5889 ad
564 5853 658 5892 nos
685 5835 917 5907 perferre
937 5832 1130 5892 valeat.

1942 3251 2105 3309 atque
2133 3239 2334 3294 obnixe
2380 3239 2644 3308 deprecor
2672 3247 2734 3293 ut
2753 3239 3014 3308 scriptum
3041 3279 3056 3303 ,
3087 3237 3231 3308 quod
3255 3236 3356 3291 tibi
3381 3236 3525 3301 misi,

1936 3334 2137 3390 iterum
2180 3332 2421 3403 relegere
2463 3342 2626 3402 atque
2677 3331 2976 3403 intelligere
3029 3334 3077 3398 ε,
3122 3331 3386 3402 mihique,
3418 3329 3527 3387 sic-

1935 3433 1993 3481 ut
2041 3435 2094 3480 te
2137 3423 2254 3494 jam
2283 3426 2483 3481 dudum
2529 3441 2628 3496 per
2655 3425 2867 3481 litteras
2919 3439 3072 3480 meas
3115 3423 3348 3496 rogavi,
3392 3421 3524 3492 quid

1936 3517 2034 3575 tibi
2063 3519 2130 3575 de
2154 3519 2245 3574 illa
2278 3519 2612 3575 revelatione
2640 3528 2805 3591 atque
2852 3517 3146 3583 mandatis,
3201 3517 3399 3588 quibus
3420 3516 3521 3571 oh-

1936 3612 2158 3667 strictus
2185 3626 2328 3677 sum,
2358 3611 2631 3679 videatur,
2657 3611 2962 3667 rescribere
2986 3626 3094 3666 non
3115 3609 3380 3683 graveris.
3405 3607 3526 3665 Non

1934 3704 2163 3760 deerunt
2197 3704 2520 3774 perlatores,
2553 3705 2599 3759 si
2645 3705 2752 3759 hoc
2779 3703 2924 3776 quod
2946 3701 3235 3772 scripseris
3262 3701 3516 3765 Bonotto,

1935 3797 2273 3853 vicedomino
2313 3804 2504 3852 nostro
2525 3837 2541 3862 ,
2570 3795 2790 3852 mittere
2823 3795 3078 3851 volueris.
3109 3791 3250 3863 Opto
3275 3807 3372 3847 vos
3390 3807 3526 3848 sem-

1933 3904 2032 3962 per
2058 3890 2196 3946 bene
2227 3890 2281 3944 in
2296 3888 2528 3944 Domino
2550 3888 2731 3943 valere
2745 3886 2798 3953 1’,
2824 3885 3144 3943 charissime
3156 3892 3320 3942 atoue
3337 3899 3525 3940 aman-

1933 3980 2150 4036 tissime
2176 3979 2351 4035 frater
2377 3987 2433 4036 et
2460 3979 2700 4036 domine.

2482 4093 2822 4153 EPISTOLA
2859 4093 2976 4151 XV.

2251 4226 2309 4266 IN
2329 4225 2563 4268 PERSONA
2591 4225 2749 4267 80MB
2779 4225 2847 4266 AD
2868 4226 3196 4268 BLIDTBRUT.

2003 4327 2382 4385 Dilectissimae
2431 4327 2607 4383 sorori
2650 4327 2959 4394 Blidthrut,
2984 4327 3150 4381 Boma
3186 4327 3204 4367 ί
3236 4323 3410 4381 amica
3463 4334 3520 4380 et

1931 4422 2073 4480 bene
2097 4423 2320 4492 cupiens
2345 4429 2460 4488 tua,
2492 4430 2752 4477 aeternam
2781 4422 2835 4476 in
2863 4419 3092 4475 Domino
3130 4417 3376 4474 salutem.

1851 4546 1906 4609 Β
2004 4514 2235 4582 Quidam
2264 4530 2454 4570 servus
2481 4522 2666 4570 vester
2704 4515 2773 4570 de
2801 4513 3113 4577 Makesbah,
3145 4511 3363 4566 nomine
3389 4510 3517 4566 We-

1933 4609 2066 4676 nilo,
2091 4609 2385 4680 quamdam
2424 4608 2655 4664 liberam
2678 4606 2936 4662 feminam
2958 4604 3166 4674 accepit
3183 4602 3284 4658 sibi
3313 4603 3366 4659 in
3391 4618 3520 4658 con-

1926 4701 2156 4773 jugium,
2209 4707 2264 4754 et
2312 4699 2472 4755 modo
2517 4699 2755 4754 timendo
2795 4697 2932 4752 iram
2961 4703 3219 4759 vestram,
3275 4692 3433 4748 simul
3464 4701 3522 4749 et

1932 4793 2136 4849 domini
2165 4792 2248 4848 sui
2299 4790 2523 4859 Albini,
2557 4790 2797 4862 confugit
2847 4789 2916 4843 ad
2965 4787 3150 4842 limina
3201 4794 3519 4842 sanctorum

1934 4885 2230 4941 Marcellini
2248 4892 2304 4940 et
2327 4885 2496 4940 Petri.
2525 4883 2631 4938 Pro
2652 4899 2762 4954 quo
2787 4896 2920 4952 rogo
2935 4879 3261 4936 charitatem
3287 4886 3432 4933 tuam
3458 4885 3520 4932 ut
3591 4864 3596 4869 ’

1932 4996 2054 5035 mea
2083 4980 2201 5034 vice
2229 4979 2370 5049 apud
2402 4977 2553 5032 illum
2581 4975 2925 5031 intercedere
2953 4973 3215 5045 digneris,
3247 4980 3518 5042 quatenus

1934 5073 1982 5128 ei
2013 5074 2195 5139 liceat,
2223 5087 2347 5127 cum
2368 5087 2465 5128 sua
2489 5079 2543 5126 et
2557 5079 2649 5124 tua
2669 5068 2864 5140 gratia,
2892 5066 3147 5124 feminam
3176 5065 3325 5120 illam
3355 5079 3518 5134 quam

1934 5166 2165 5237 accepit,
2194 5166 2416 5223 habere.
2442 5163 2580 5234 Opto
2601 5169 2664 5216 ut
2683 5175 2897 5231 semper
2921 5159 3060 5216 bene
3081 5157 3307 5214 valeatis
3333 5155 3378 5211 i.

2063 5323 2390 5380 Gerwardus
2429 5320 2534 5376 iste
2560 5315 3008 5374 bibliothécarius
3038 5322 3158 5371 erat
3177 5310 3382 5384 palatii.

2009 5393 2030 5436 ί
2061 5395 2239 5451 Codex
2251 5435 2265 5457 ,
2293 5392 2552 5446 adducor.

2008 5469 2034 5507 8
2061 5466 2122 5519 D.
2154 5464 2363 5519 Teulet.
2391 5462 2540 5517 addit
2557 5459 2707 5516 velis.

2002 5537 2032 5577 ιι
2057 5534 2247 5590 Teulet
2276 5534 2440 5588 habet
2466 5546 2533 5589 ex
2562 5531 2768 5600 codice,
2808 5539 2928 5605 opto
2953 5537 3009 5584 ut
3038 5541 3239 5599 semper
3279 5525 3405 5579 bene
3426 5537 3515 5577 va-

1932 5607 2061 5663 leas.

2005 5679 2022 5718 ί
2068 5675 2303 5739 Petzius,
2321 5675 2412 5732 hic
2437 5689 2537 5745 pro
2563 5673 2754 5744 Boma,
2771 5673 2968 5741 Imma,
2996 5685 3195 5730 nomen
3220 5664 3513 5739 Eginhardi

1925 5749 2133 5821 uxoris,
2159 5747 2441 5821 legendum
2469 5754 2642 5821 putat.

2001 5819 2016 5871 ἱ
2069 5817 2259 5878 Teulét
2290 5818 2461 5888 addit,
2495 5819 2553 5875 in
2575 5817 2822 5876 Domino.
