3960 6346
1056 448 1396 523 ueterem
1428 463 1569 522 xvi.

961 571 1030 614 an
1055 570 1348 616 IAT'I'ONBI
1383 560 1643 617 coma-su.

583 652 952 709 Dilectissimo
982 652 1158 708 amico
1194 660 1385 710 nostro
1424 653 1684 721 Hattoni,
1710 655 1948 727 glorioso
1994 673 2089 716 co-

511 744 675 813 miti,
712 730 1055 817 Eginhardus
1091 740 1351 803 aeternam
1380 745 1436 800 in
1479 745 1710 803 Domino
1737 748 1991 809 salutem.

584 822 814 908 Quidam
858 820 1025 894 homo
1048 848 1253 907 vester,
1289 840 1509 896 nomine
1550 840 1779 909 Hunno,
1831 844 1979 899 venit
2022 844 2091 900 ad

511 928 703 988 limina
731 934 1044 987 sanctorum
1070 929 1368 989 Marcellini
1390 938 1445 987 et
1470 931 1644 999 Petri,
1668 934 1883 988 veniam
1902 943 2091 1005 postu-

511 1020 634 1078 lans
650 1036 751 1094 pro
763 1037 830 1079 eo
848 1021 995 1092 quod
1012 1036 1333 1077 conservam
1352 1037 1526 1088 suam,
1557 1023 1808 1078 ancillam
1825 1032 2086 1092 vestram,

513 1112 616 1170 sibi
640 1113 698 1167 in
719 1110 1035 1183 coniugium
1050 1112 1311 1169 sociasset
1334 1113 1451 1167 sine
1478 1121 1658 1171 vestra
1676 1114 1939 1184 iussione.
1956 1114 2089 1171 Pro-

512 1214 634 1278 pter
655 1207 758 1261 hoc
785 1206 1076 1275 preéamur
1102 1205 1492 1276 benignitatem
1519 1212 1758 1261 vestram
1786 1214 1899 1261 uta
1930 1208 2087 1264 vobis

515 1296 905 1369 indulgentiam
927 1296 994 1352 de
1018 1297 1121 1357 hoc
1136 1294 1284 1352 facto
1301 1296 1584 1366 percipere
1604 1306 1899 1362 mereatur,
1924 1298 1970 1353 si
1994 1298 2088 1354 de-

510 1387 702 1444 lictum
729 1387 846 1458 ejus
876 1387 1033 1455 venia
1066 1386 1287 1459 dignum
1317 1385 1485 1455 fuerit
1508 1387 1811 1457 inventum.
1855 1387 1995 1459 Opto
2024 1394 2089 1443 ut

512 1500 725 1561 semper
742 1483 881 1555 bene
904 1482 1132 1565 valeatis
1160 1483 1214 1545 in
1242 1481 1487 1557 Domino.

1030 1594 1369 1653 EPISTOLA
1403 1593 1546 1659 XVII

933 1708 1002 1749 AD
1030 1707 1315 1749 IRAIANUI
1339 1705 1367 1733 ⁸
1388 1707 1656 1753 ΔΒΒΔΤΕΙ.

578 1787 1035 1846 Reverentissimo
1048 1786 1249 1843 Christi
1273 1786 1475 1843 famulo
1493 1786 1765 1857 Hrabano,
1783 1789 2079 1851 venerabili

506 1882 704 1947 abbati,
736 1880 1076 1952 Eginbardus
1099 1886 1369 1950 peccator.

576 1973 809 2042 Quidam
830 1974 993 2033 homo
1012 1980 1213 2039 vester,
1241 1971 1460 2029 nomine
1472 1972 1841 2041 Gundhartns,
1871 1975 2082 2047 rogavit

454 2108 458 2112 .
509 2079 609 2121 nos
645 2080 748 2137 pro
791 2079 851 2120 se
889 2064 1031 2135 apud
1058 2072 1296 2119 vestram
1336 2065 1681 2131 sanctitatem
1719 2067 2076 2134 intercedere,

507 2164 591 2223 ut,
628 2156 747 2213 sine
772 2153 1070 2212 oﬂensione
1093 2166 1298 2223 vestra,
1328 2158 1495 2213 immo
1521 2174 1643 2219 cum
1672 2160 1847 2232 gratia
1871 2168 2074 2228 vestra,

506 2246 611 2302 sibi
664 2246 825 2302 liceat
880 2246 987 2302 iter
1020 2246 1334 2313 exercitale,
1363 2250 1509 2319 quod
1552 2253 1806 2322 praesenti
1835 2260 2078 2324 tempore

506 2337 771 2407 agendum
798 2346 903 2404 est,
929 2339 1198 2403 omittere,
1224 2354 1289 2394 ac
1314 2340 1461 2396 domi
1486 2357 1707 2399 manere
1738 2345 1799 2411 b;
1828 2360 2079 2402 asserens

507 2444 566 2486 se
588 2430 657 2485 ad
678 2431 818 2488 hanc
840 2435 1237 2491 remansionem
1251 2449 1444 2507 magna
1469 2437 1587 2507 cogi
1610 2440 1953 2507 necessitate,
1978 2456 2077 2512 pro

503 2528 570 2579 eo
603 2524 746 2593 quod
778 2521 1016 2580 faldosus
1046 2526 1134 2589 sit,
1187 2534 1244 2582 et
1292 2541 1416 2582 cum
1452 2529 1690 2589 inimicis
1740 2531 1854 2587 suis
1880 2538 1937 2587 et
1966 2532 2071 2599 his,

501 2614 593 2686 qui
624 2613 752 2669 vita:
780 2612 899 2685 ejus
942 2616 1306 2684 insidiantur,
1346 2618 1450 2675 hoc
1487 2621 1591 2675 iter
1643 2637 1807 2694 agere
1840 2638 1947 2678 non
1977 2638 2074 2679 au-

498 2704 653 2773 deat,
684 2709 986 2778 praesertim
1013 2724 1139 2765 cum
1168 2710 1263 2766 illo
1288 2712 1516 2777 comite,
1544 2730 1668 2770 cum
1690 2730 1797 2785 quo
1823 2715 1903 2770 ire
1920 2714 2076 2784 jube-

500 2806 609 2865 tur,
640 2806 802 2871 quem
825 2802 927 2857 sibi
959 2802 1093 2861 dicit
1119 2817 1240 2863 esse
1276 2804 1731 2867 inimicissimum.
1766 2808 1891 2867 ideo
1919 2817 2074 2880 rogat

498 2898 562 2945 ut
585 2886 705 2946 eum
734 2890 793 2949 in
820 2900 1029 2955 tantum
1054 2894 1355 2965 periculum
1381 2907 1579 2954 vestra:
1593 2900 1854 2970 jussionis
1887 2910 2074 2958 aucto-

497 2978 633 3034 ritas
673 2994 782 3035 non
825 2982 1065 3053 impellat
1112 3002 1126 3039 :
1159 2985 1264 3041 sibi
1316 3002 1461 3043 cura:
1488 3003 1645 3055 esse,
1703 3006 1869 3063 seque
1892 2996 2072 3064 provi-

499 3069 627 3126 dere
656 3078 718 3131 ut
737 3088 859 3128 cum
884 3084 1140 3132 exactore
1181 3076 1492 3145 heribanni,
1523 3082 1570 3137 si
1594 3083 1826 3151 venerit,
1857 3090 1914 3140 et
1941 3101 2065 3142 eum

495 3164 930 3235 compellaverit,
962 3166 1083 3224 sine
1112 3178 1297 3229 vestro
1332 3172 1516 3231 labore
1559 3191 1619 3232 se
1647 3178 1916 3248 paciﬂcet.
1949 3181 2066 3238 Non
2092 3189 2139 3252 ρ
2169 3212 2210 3269 C

495 3270 593 3313 vos
622 3249 870 3331 rogarem
905 3262 971 3317 de
1000 3263 1105 3318 hac
1132 3280 1328 3333 causa,
1366 3269 1472 3324 nisi
1514 3273 1792 3343 angustias
1820 3275 1937 3346 ejus
1982 3284 2067 3332 at—

494 3362 602 3420 que
616 3352 854 3420 pericula
870 3366 1147 3426 comperta
1168 3357 1445 3418 haberem.
1460 3360 1601 3434 Opto
1621 3372 1683 3423 ut
1697 3377 1911 3438 semper
1928 3368 2064 3425 bene

493 3443 743 3502 valeatis.

994 3560 1329 3620 EPISTOLA
1355 3564 1541 3624 XVIII.

840 3666 909 3707 AD
936 3668 1295 3711 IARCIIRADUI
1320 3672 1707 3715 VICEDOHINUI.

561 3758 768 3843 Dilecto
824 3765 1000 3833 amico
1056 3777 1245 3825 nostro
1307 3771 1659 3843 Marchrado,
1704 3788 1728 3817 ο
1768 3777 2062 3837 vicedomi-

489 3868 578 3918 no,
611 3838 952 3931 Eginhardus
974 3867 1235 3917 aeternam
1257 3862 1309 3917 in
1337 3863 1565 3921 Domino
1586 3866 1835 3925 salutem.

557 3943 671 4000 Duo
700 3947 841 4002 servi
871 3946 930 4003 S.
959 3948 1174 4005 Martini
1201 3992 1216 4019 ,
1248 3954 1314 4009 de
1340 3955 1468 4011 vilia
1496 3955 1807 4028 Hedabach,
1843 3962 2061 4019 nomine

484 4037 842 4096 Wiliirannus
878 4051 935 4097 et
965 4043 1254 4113 Othertus,
1284 4044 1534 4116 fugerunt
1559 4049 1587 4090 ἀ
1617 4051 1685 4105 ad
1714 4052 1897 4107 limina
1927 4054 2059 4110 bea-

485 4140 665 4184 torum
699 4130 900 4187 Christi
938 4144 1239 4207 martyrum
1266 4137 1562 4194 Marcellini
1582 4150 1638 4195 et
1666 4140 1838 4210 Petri,
1869 4161 1969 4215 pro
1993 4161 2061 4202 eo

483 4220 628 4289 quod
648 4219 820 4279 frater
853 4237 1041 4280 eorum
1069 4226 1355 4295 quemdam
1386 4231 1595 4289 socium
1623 4248 1779 4291 suum
1828 4237 2059 4293 occidis-

482 4315 606 4368 set:
645 4321 900 4389 rogantes
928 4322 987 4369 ut
1032 4315 1114 4373 eis
1168 4316 1327 4383 liceat
1363 4320 1572 4395 solvere
1599 4323 1747 4389 illum
1792 4331 2054 4407 weregel-

482 4402 610 4458 dum
635 4420 733 4477 pro
754 4403 926 4471 fratre
955 4422 1074 4473 suo,
1123 4417 1180 4466 et
1207 4419 1266 4467 ut
1292 4412 1343 4473 ei
1389 4416 1631 4477 membra
1661 4402 2050 4491 perdonentttr.

1789 349 2170 411 EGINHABDI
2200 352 2493 414 LBBA'I‘IS

2108 466 2168 537 Δ
2258 466 2457 565 Dictum
2480 471 2554 535 bit
2584 471 2685 565 tibi
2710 473 2839 545 quia
2867 474 3119 545 volumus
3137 490 3222 548 ut.
3250 484 3468 554 quando
3495 487 3622 555 Im:
3660 496 3774 565 epi-

3673 374 3778 443 δίς

2190 559 2327 619 stola
2356 572 2541 625 nostra
2566 563 2633 629 ad
2661 572 2714 625 te
2741 567 2971 637 venerit.
2999 574 3327 641 statimne
3350 576 3457 641 ulla
3485 559 3768 654 dilatio-1e,

2187 666 2462 723 praepares
2491 663 2546 713 te
2575 656 2644 717 ad
2672 657 2777 715 hoc
2803 666 2883 727 ut,
2934 675 3004 721 xv
3031 661 3122 729 kal
3186 664 3428 736 januarii
3449 711 3466 738 ,
3498 671 3554 737 id
3597 683 3685 741 est
3723 694 3771 735 vr

2186 743 2380 805 diebus
2411 753 2538 812 ante
2565 748 2757 815 Natale
2786 750 3023 823 Domini.
3055 758 3273 821 obviam
3295 762 3465 823 misso
3485 774 3683 830 nostro
3708 769 3770 833 Η.

2186 839 2376 896 venias
2405 840 2461 903 in
2487 842 2614 903 villa
2644 853 2833 911 nostra
2847 862 2968 917 quae
3002 850 3202 918 dicitur
3221 852 3681 918 lleilambrunno:
3723 873 3772 921 et

2187 932 2449 1002 quidquid
2482 933 2569 993 ille
2598 937 2698 1002 tibi
2718 939 2785 997 de
2812 940 2979 1009 verbo
3004 950 3193 1009 nostra
3213 987 3231 1014 ,
3279 947 3441 1013 simul
3492 966 3627 1017 cum
3657 955 3770 1013 aliis

2184 1024 2473 1083 comitibus
2499 1035 2553 1083 et
2585 1028 2833 1094 ﬁdelibus
2862 1037 3087 1105 nostris,
3142 1040 3211 1103 ad
3241 1039 3556 1109 faciendum
3594 1046 3767 1116 iniun-

2184 1116 2346 1182 aerit,
2391 1117 2573 1178 facere
2619 1125 2862 1193 studeas,
2913 1136 2972 1185 et
2998 1129 3179 1193 taliter
3198 1134 3396 1203 exinde
3435 1153 3593 1210 agas,
3649 1158 3769 1213 qus-

2181 1202 2309 1354 liﬁr
2328 1207 2384 1265 in
2414 1216 2507 1269 tua
2527 1210 2789 1281 ﬁdelitate
2809 1218 3010 1285 bonam
3034 1221 3296 1288 habemus
3324 1202 3606 1291 ﬁduciam.

2182 1312 2219 1353 ν
2274 1314 2324 1354 e.

2182 1312 2219 1357 Ι
2221 1312 2324 1359 ate.

2747 1402 3083 1463 EPISTOLA
3112 1407 3231 1475 XX.

2254 1651 2313 1708 In
2340 1656 2559 1712 nomine
2604 1657 2817 1714 Domini
2855 1660 2951 1715 Dei
2982 1672 3035 1718 et
3066 1644 3369 1727 Salvatoris
3425 1677 3615 1731 nostri
3654 1678 3764 1736 Iesu

2182 1741 2410 1812 Christi,
2441 1745 2807 1825 Hludowicus,
2844 1752 3130 1835 ordinante
3177 1758 3361 1816 divina
3404 1768 3765 1845 providentia,

2104 1826 2156 1895 Β
2183 1831 2477 1905 imperator
2507 1846 2786 1915 augustus,
2817 1838 2883 1895 Η.
2910 1841 3052 1923 iideli
3082 1830 3288 1921 nostro.

2258 1926 2455 1983 Notum
2482 1931 2553 1985 sit
2600 1931 2700 1985 tibi
2753 1934 2898 2002 quod
2941 1937 3188 1998 volumus
3213 1954 3274 1998 ut
3328 1962 3500 2005 unum
3529 1951 3607 2008 de
3656 1954 3766 2013 ﬁliis

2182 2022 2311 2089 tuis,
2350 2024 2564 2081 vasallis
2591 2033 2809 2105 nostris,
2848 2048 3009 2109 quem
3034 2045 3090 2091 tu
3112 2040 3331 2096 noveris
3357 2046 3506 2119 quod
3530 2048 3645 2119 hoc
3668 2067 3767 2107 me-

2180 2114 2284 2173 lius
2305 2116 2485 2187 i‘acere
2501 2124 2693 2193 possit,
2716 2138 3076 2201 pmparatum
3096 2114 3439 2212 essejuneas,
3458 2114 3537 2206 ut,
3558 2115 3764 2212 quando

2181 2206 2247 2275 Β.
2276 2223 2457 2266 comes
2476 2220 2532 2268 et
2568 2214 2631 2270 ll.
2659 2214 2855 2275 missus
2874 2230 3060 2278 noster
3077 2204 3175 2297 per
3202 2204 3354 2299 illum
3377 2204 3537 2305 nobis
3573 2204 3763 2307 aliquid

2178 2304 2439 2361 mandare
2465 2307 2753 2377 voluerint,
2811 2313 2929 2371 sine
2956 2333 3109 2373 mora
3135 2320 3223 2374 vel
3250 2304 3530 2393 tarditate,
3567 2329 3639 2383 ad
3664 2304 3762 2385 IIu-

2179 2411 2340 2452 rones
2375 2414 2602 2477 pergere
2628 2406 2833 2476 possit;
2881 2411 3007 2503 quia
3035 2412 3216 2469 ibiaut
3244 2430 3343 2471 nos
3366 2418 3536 2488 ipsos,
3573 2431 3667 2478 aut
3692 2425 3761 2497 di-

2177 2483 2372 2543 lectam
2399 2490 2679 2565 conjugem
2705 2483 2967 2570 nostrain,
2994 2502 3221 2563 Domino
3243 2483 3477 2576 volente,
3508 2496 3758 2575 inventu-

2177 2594 2271 2635 rus
2300 2589 2402 2653 est.
2449 2581 2583 2641 Vide
2608 2595 2668 2643 ut
2693 2590 2895 2659 nullam
2922 2597 3116 2657 exinde
3136 2598 3338 2658 habeas
3352 2605 3757 2681 negligentiam,

2178 2669 2221 2725 si
2266 2672 2495 2742 gratiam
2529 2688 2772 2736 nostram
2807 2684 2942 2742 velis
2976 2688 3197 2753 habere.
3274 2669 3532 2767 Optorut—

2176 2762 2312 2819 bene
2334 2767 2516 2825 valeas
2540 2770 2594 2826 in
2622 2772 2870 2832 Domino.
3324 2772 3329 2781 ’

2697 2893 3034 2959 EPISTULA
3066 2898 3210 2967 XXI.

2174 2967 2230 3027 tu
2267 2968 2500 3029 ransom
2534 2976 2834 3037 nwnovytcr
2890 2985 3269 3045 ιυρειιᾼτοιιιξ,
3312 2992 3383 3033 an
3424 2995 3479 3055 νς.
3522 2996 3652 3051 eses
3686 3000 3755 3039 rt-

2204 3064 2235 3089 ο
2859 3054 3054 3097 DELEM.

2247 3121 2306 3176 In
2337 3125 2554 3201 nomine
2580 3127 2792 3187 Domini
2819 3133 2913 3197 Dei
2958 3120 3347 3199 et‘Salvatoris
3386 3147 3564 3207 nostri
3598 3146 3750 3225 Jeshu

2214 3216 2394 3283 hristi,
2450 3217 2814 3291 Hludowicus,
2871 3228 3051 3284 divina
3083 3233 3368 3309 ordinante
3389 3222 3749 3308 providentia,

2167 3307 2463 3377 imperator
2491 3323 2769 3385 angustus,
2803 3317 2867 3374 T.
2894 3319 3037 3377 fideli
3064 3307 3270 3382 nostro.
3396 3318 3401 3329 ’
3438 3314 3445 3319 ’
3540 3316 3545 3319 ’
3582 3316 3587 3321 ’

2235 3398 2433 3455 Notum
2462 3404 2532 3457 sit
2555 3406 2651 3461 tibi
2673 3409 2816 3497 quod
2832 3411 3083 3469 Volumus
3105 3419 3249 3473 ut‘ad
3277 3419 3382 3477 hoc
3405 3428 3457 3477 te
3479 3438 3747 3497 prtepares

2164 3495 2244 3556 ut,
2284 3474 2733 3567 quandocumque
2754 3474 2923 3556 IIRT.
2963 3514 2987 3544 ο
3014 3520 3197 3563 comes
3224 3516 3282 3563 et
3408 3474 3750 3575 ιὲιίᾙέἶῖ-

2164 3588 2279 3636 ster
2302 3597 2401 3652 per
2429 3594 2483 3641 te
2511 3589 2667 3643 nobis
2692 3589 2892 3662 aliquid
2915 3598 3175 3654 mandare
3200 3601 3490 3670 voluerint.
3542 3612 3744 3676 statim,

2164 3670 2281 3726 sine
2309 3690 2460 3731 mora
2486 3676 2570 3731 vel
2594 3678 2772 3751 aliqua
2796 3686 3070 3754 tarditate,
3096 3704 3218 3746 cum
3240 3692 3357 3764 ipso
3380 3699 3663 3767 mandato,
3688 3670 3748 3757 ad

2163 3762 2409 3823 Turonos
2443 3768 2464 3808 ἲ
2494 3785 2719 3843 pergere
2739 3778 2946 3846 possis:
2977 3782 3103 3851 quia
3129 3783 3203 3839 ibi
3224 3795 3320 3842 aut
3346 3804 3444 3845 nos
3467 3789 3640 3862 ipsos,
3664 3805 3747 3848 aut

2164 3856 2416 3913 dilectam
2442 3862 2723 3935 conjugem
2753 3879 3018 3940 nostram,
3048 3874 3275 3934 Domino
3301 3879 3533 3947 volente,
3553 3884 3744 3940 inven-

2161 3954 2317 4002 turus
2337 3963 2415 4004 es.
2441 3950 2574 4007 Vide
2593 3964 2653 4010 ut
2668 3958 2870 4015 nullam
2893 3964 3089 4021 exinde
3115 3967 3317 4027 habeas
3339 3973 3740 4046 negligentiam,

2161 4036 2208 4093 si
2235 4041 2468 4108 gratiam
2489 4055 2732 4105 nostram
2764 4053 2893 4110 velis
2914 4056 3131 4115 habere.

2676 4162 3012 4225 EPISTOLA
3047 4171 3209 4230 XXII.

2583 4248 2652 4288 ΔΙ)
2687 4252 2739 4290 Α.
2780 4254 2970 4295 MISSIJII
3000 4259 3317 4304 DOMINICUH.

2228 4316 2437 4391 Dilecto
2461 4320 2615 4380 fratri
2646 4336 2701 4383 et
2727 4332 2903 4387 amico
2925 4333 2990 4388 A.
3022 4337 3188 4395 misso
3220 4343 3488 4402 dominico
3510 4388 3528 4414 ,
3580 4348 3733 4422 Egin.

2156 4405 2360 4466 bardus
2388 4417 2767 4488 sempiternam
2791 4423 2845 4479 in
2869 4425 3097 4485 Domino
3126 4434 3375 4492 salutem.

478 4491 710 4559 Proinde
744 4512 994 4573 rogamus
1020 4498 1364 4569 dilectionem
1392 4513 1541 4563 tuam
1582 4516 1670 4574 ut,
1702 4511 1755 4573 in
1788 4522 2049 4581 quantum
2068 4522 2129 4607 ’Β
2224 4502 2486 4607 Ρυξθδθω
2539 4513 2636 4607 tibi
2679 4515 2817 4573 bene
2844 4523 3119 4592 εοεηίιυιη
3148 4542 3268 4586 esse
3326 4534 3460 4603 Ἧιοά
3488 4536 3736 4597 homines

476 4586 732 4661 possibile
752 4596 860 4665 est,
877 4589 926 4645 ei
950 4604 1176 4660 parcere
1200 4592 1439 4667 digneris
1458 4609 1677 4671 propter
1697 4618 1935 4671 amorem
1954 4605 2051 4663 Dei

2181 4600 2354 4666 tostri,
2407 4618 2543 4672 quos
2590 4606 2645 4661 in
2677 4608 2793 4665 istis
2822 4615 3067 4680 partibus
3109 4621 3391 4692 habemus,
3435 4634 3733 4688 secundum

475 4685 530 4735 et
554 4687 865 4747 sanctorum
892 4680 1031 4752 ejus,
1058 4685 1126 4745 ad
1172 4701 1403 4756 quorum
1448 4690 1632 4747 limina
1670 4694 2046 4768 confugerunt.

476 4764 614 4845 Opto
640 4777 700 4829 ut
728 4786 942 4851 semper
963 4774 1101 4841 bene
1130 4778 1313 4837 valeas
1340 4780 1395 4835 in
1421 4781 1667 4859 Domino.

1004 4886 1337 4953 EPISTOLA
1377 4891 1517 4951 XIX.

471 5005 528 5047 IN
564 5005 799 5048 PBBBONA
834 5008 1137 5055 ιιιιιῡοιπιοι
1177 5016 1552 5069 IMPERATOR“,
1593 5020 1661 5059 ΑΙ)
1699 5020 1752 5061 α.
1781 5022 2042 5068 80111⁵81.

540 5106 599 5162 In
625 5082 843 5166 nomine
882 5110 1095 5171 Domini
1131 5112 1228 5170 Dei
1271 5125 1328 5170 et
1372 5114 1668 5177 Salvatoris
1706 5124 1877 5181 nostri
1916 5125 2044 5184 Iesu

470 5199 693 5267 Christi,
723 5200 1069 5273 Hludovicus,
1118 5200 1299 5263 divina
1348 5211 1633 5269 ordinante
1677 5218 2039 5290 providentia,

469 5289 765 5369 imperator
787 5305 1068 5375 angustus,
1097 5297 1163 5371 (ᾖ.
1187 5300 1396 5359 comiti.
1474 5340 1478 5345 -

538 5445 578 5515 ι.
601 5432 855 5520 Rabanus
893 5438 1062 5523 abbas
1087 5435 1369 5523 Euidensis
1396 5444 1573 5523 factus
1601 5460 1744 5504 anno
1779 5449 1904 5523 822,
1952 5452 2047 5509 Ot-

464 5502 617 5632 εἷςξο
652 5505 706 5565 in
744 5509 1058 5585 episcopatu
1108 5504 1531 5601 Moguntiacensi
1589 5502 2040 5591 successi—(anno

532 5646 563 5688 1'
600 5646 807 5719 Ieulet,
833 5669 1119 5715 remanere.

533 5726 555 5796 (ξ
599 5718 956 5796 Ῑέιιξριιιόάἷι
979 5718 1223 5796 glorioso.

530 5786 555 5826 ἀ
599 5789 803 5858 Teulet,
843 5786 1204 5867 confugerunt.

2156 4691 2554 4749 ordinationem
2607 4705 2662 4752 ct
2693 4698 2994 4768 jussionem
3019 4707 3204 4767 domui
3244 4715 3608 4790 imperatoris,
3669 4726 3735 4779 ad

2155 4782 2453 4836 custodiam
2503 4786 2833 4847 maritimam
2862 4794 3081 4855 fuerunt
3123 4818 3229 4860 non
3278 4782 3447 4866 solum
3476 4827 3546 4869 eo
3600 4824 3726 4872 tem-

2152 4884 2306 4939 pore,
2335 4876 2548 4942 quando
2578 4878 2667 4935 ille
2689 4922 2702 4935 .
2737 4925 2749 4937 .
2779 4925 2792 4938 .
2825 4926 2839 4940 .
2890 4889 3063 4946 oriam
3099 4894 3123 4934 ε
3168 4896 3445 4967 profectus
3469 4913 3577 4971 est,
3636 4907 3731 4961 sed

2154 4962 2315 5017 etiam
2341 4969 2556 5034 quando
2573 4969 2893 5034 Aurelianos
2912 4962 3186 5051 perrexit:
3212 4989 3279 5043 Et
3304 4992 3421 5048 ideo
3442 5011 3549 5050 non
3582 4998 3729 5052 vide.

2150 5064 2240 5110 tur
2267 5058 2399 5113 mihi
2416 5058 2624 5129 justum
2651 5082 2771 5122 esse
2795 5079 2851 5125 ut
2871 5074 3226 5134 heribannum
3250 5084 3456 5139 solvere
3470 5087 3721 5152 debeant,

2148 5151 2241 5220 qui
2266 5169 2374 5208 non
2397 5155 2561 5214 aliubi
2587 5157 2826 5233 fuerunt,
2879 5168 2984 5224 nisi
3006 5172 3096 5245 ubi
3132 5173 3247 5244 ipse
3272 5176 3566 5255 imperator
3582 5198 3726 5255 pra}-

2146 5245 2307 5314 cepit.
2349 5246 2416 5301 Et
2440 5249 2561 5305 ideo
2589 5266 2785 5321 precor
2822 5260 3160 5318 dilectionem
3180 5274 3327 5323 tuam
3348 5245 3723 5345 utnobisspa-

2148 5335 2278 5393 tium
2302 5338 2429 5399 inde
2449 5340 2638 5410 dones,
2654 5346 2825 5415 donec
2846 5350 3079 5410 domnus
3101 5353 3396 5427 imperator
3416 5335 3645 5432 venerit;
3667 5373 3721 5419 et

2218 5483 2243 5563 ς
2281 5473 2381 5563 ἓίιξ
2391 5477 2597 5563 .codeg‘;
2622 5490 2677 5563 at
2699 5482 2889 5563 Tegiet
2913 5486 3079 5547 habet
3098 5490 3432 5563 Hrotbertus.

2218 5542 2239 5619 ε
2280 5544 2494 5619 genus,
2526 5542 2733 5619 Teuiet,
2768 5542 3025 5613 Turones.

2215 5615 3021 5699 3.Teu_iet_putatitaslitteras
3066 5632 3235 5689 ariam
3263 5650 3384 5694 esse
3426 5639 3580 5699 ﬁnem
3604 5657 3711 5698 no-

2135 5684 2320 5783 initiisD
2334 5684 2840 5783 alicujus‘civitatis'
2856 5698 2941 5754 vel
2969 5684 3237 5783 nregionis:

2132 5768 2254 5829 esse
2274 5755 2434 5831 Bajo,
2472 5755 2525 5817 et
2550 5763 2622 5819 ita
2648 5765 2937 5838 legendum
2966 5755 3462 5847 foret—Deidamia“;
