3960 6346
145 295 258 354 517

143 487 753 579 ρηεερετὶιηὶιειιίιθι*
794 501 872 558 illi
901 487 1186 574 placuerit.
1247 501 1387 574 Opto
1422 512 1484 560 ut
1523 517 1740 577 semper

145 598 297 658 bene
322 595 552 655 valeatis
577 597 632 652 in
671 596 919 651 Domino.

684 712 1018 770 EPlSTOLA
1045 713 1228 788 xxm.

627 846 695 886 AD
725 845 1088 888 VICEDOMINUM
1120 847 1277 888 SUUN.

228 943 290 1000 In
329 943 532 999 Christi
559 944 794 1007 nomine,
832 944 998 1000 abbas
1027 945 1372 1015 Eginhardus
1408 945 1743 1000 vicedomino

157 1044 217 1092 et
248 1034 396 1092 ﬁdeli
422 1045 606 1090 nostro
632 1035 881 1091 salutem.

234 1129 436 1186 Notum
458 1130 530 1186 sit
549 1131 675 1200 quia
696 1129 941 1186 volumus
961 1138 1023 1185 ut
1045 1132 1289 1186 homines
1328 1131 1538 1202 aliquos
1561 1131 1747 1187 mittas

162 1221 235 1276 ad
256 1221 463 1292 Aquas,
521 1221 612 1291 qui
663 1223 971 1277 mansiones
1015 1232 1230 1278 nostras
1255 1225 1544 1280 emendem
1587 1233 1748 1293 atque

165 1321 501 1379 restaurent,
541 1321 596 1368 et
626 1327 709 1378 ea,
754 1329 874 1384 qua:
895 1313 1052 1368 nobis
1084 1314 1156 1368 ibi
1193 1316 1498 1371 necessaria
1529 1322 1653 1370 sunt
1679 1314 1748 1368 ad

162 1408 503 1471 habendum,
538 1406 593 1460 id
616 1413 700 1460 est
726 1404 975 1472 farinam,
1020 1408 1258 1474 bracem,
1288 1409 1489 1471 vinum,
1541 1408 1746 1463 forma-

165 1511 305 1564 tem,
337 1508 393 1554 et
411 1505 630 1563 caetera,
657 1499 954 1553 secundum
988 1500 1453 1564 consuetudinem,
1505 1509 1751 1569 tempore

161 1591 624 1663 Opportunoilluc
652 1593 838 1648 venire
862 1593 1048 1648 facias.
1098 1593 1270 1649 Boves
1290 1610 1438 1659 vero,
1484 1592 1575 1662 qui
1599 1593 1748 1648 occi-

163 1684 342 1738 dendi
367 1691 510 1750 sunt,
539 1683 786 1739 volumus
818 1695 877 1739 ut
900 1686 1066 1741 facias
1096 1687 1161 1740 ad
1185 1685 1516 1741 Ludinacam
1542 1686 1750 1752 venire,

1601 293 1980 356 EPISTOLE.

142 428 255 470 nos
279 410 436 467 illum
464 407 872 466 admonebimus
897 408 962 467 de
986 406 1228 479 iussione
1255 425 1372 476 sua,
1405 415 1458 466 et
1494 409 1584 465 ille
1609 385 1737 467 tunc
1857 381 1860 388 Ι

3313 293 3418 382 se

2346 407 2678 468 EPISTOLA
2713 410 2904 467 XXVI.

2299 518 2368 560 ΔΙ)
2430 518 2634 560 Αιηευιί
2693 517 2830 559 BUUI
2891 518 2944 558 II.

1912 594 2009 648 Ev.
2050 592 2150 648 SS.
2185 593 2234 648 ι’.

1914 689 2235 744 Frumoldus
2274 689 2415 745 ﬁlius
2461 687 2527 744 Ν.
2579 689 2830 755 comitis,
2875 687 3028 758 cujus
3071 687 3138 744 Ν.
3176 703 3421 745 sororem

1843 779 2034 845 habet,
2079 781 2252 850 magis
2288 780 2602 835 inﬁrmitate
2631 796 2793 851 quam
2833 788 3110 835 senectute
3146 780 3423 836 confectus

1844 901 1912 912 —
1935 887 2059 925 nam
2087 874 2345 928 continuo
2385 888 2448 927 ac
2473 872 2622 943 gravi
2651 873 2846 943 pedum
2883 871 3066 927 dolore
3095 881 3325 927 vexatur
3351 902 3422 914 —

1845 965 2007 1019 habet
2035 965 2359 1020 beneﬁcium
2387 980 2492 1019 non
2524 964 2724 1036 grande
2757 966 2809 1019 in
2839 965 3168 1036 Burgundia,
3203 965 3256 1018 in
3286 979 3424 1035 pago

1846 1057 2201 1120 Genavvense,
2226 1056 2316 1110 ubi
2343 1066 2496 1127 pater
2524 1057 2641 1127 ejus
2667 1071 2848 1112 comes
2877 1055 2998 1122 fuit,
3029 1065 3083 1110 et
3115 1057 3272 1110 timet
3295 1055 3427 1110 illud

1844 1149 2090 1220 perdere,
2145 1148 2247 1201 nisi
2292 1157 2474 1202 vestra
2529 1150 2834 1220 benignitas
2877 1148 2952 1203 illi
2999 1149 3318 1218 opituletur,
3360 1163 3429 1204 eo

1849 1239 1992 1311 quod
2031 1254 2141 1309 pra:
2190 1239 2506 1294 inﬁrmitate
2542 1250 2563 1279 ο
2597 1256 2702 1312 qua
2743 1241 3027 1311 premitur,
3062 1241 3129 1295 ad
3166 1239 3426 1310 palatium

1849 1335 2038 1389 venire
2065 1349 2171 1389 non
2200 1341 2397 1404 potest.
2420 1334 2626 1389 Idcirco
2650 1342 2905 1405 precatur
2927 1335 3086 1399 ut,‘in
3112 1334 3211 1389 ista
3238 1349 3427 1389 neces-

1851 1426 2032 1489 sitate,
2069 1425 2322 1480 domuum
2362 1426 2748 1496 imperatorem
2798 1441 2989 1498 rogare
3021 1426 3336 1498 dignemini,
3371 1431 3432 1478 ut

1850 1520 2128 1589 permittat
2164 1534 2222 1574 se
2249 1519 2450 1573 habere
2477 1518 2824 1583 beneﬁcium,
2865 1519 3008 1588 quod
3036 1533 3168 1573 avus
3196 1516 3313 1586 ejus
3349 1514 3430 1570 illi

1854 1610 2152 1677 concessit,
2193 1616 2248 1664 et
2279 1617 2434 1680 pater
2464 1610 2662 1664 habere
2700 1609 2968 1678 permisit,
3005 1622 3317 1679 quousque,
3351 1607 3431 1662 vi-

1855 1707 2006 1761 ribus
2045 1704 2297 1775 receptis,
2343 1703 2411 1758 ad
2461 1702 2576 1771 ejus
2620 1704 2965 1774 praesentiam
3012 1701 3219 1757 venerit
3264 1715 3329 1756 ac
3373 1714 3435 1755 se

165 1786 230 1832 et
257 1778 332 1833 ibi
356 1779 628 1834 occidere:
682 1795 848 1834 unum
869 1795 936 1835 ex
957 1781 1044 1835 his
1067 1780 1314 1836 volumus
1364 1788 1422 1834 ut
1445 1780 1559 1835 dari
1584 1779 1752 1836 facias
1780 1794 1827 1853 Β
1857 1799 2082 1855 solemni
2139 1813 2292 1853 more
2332 1797 2817 1853 commendavem,
2867 1796 3012 1851 Bene
3056 1795 3212 1861 vale,
3262 1794 3433 1865 ﬁgulo.

167 1867 524 1940 Hruotlouge,
579 1879 633 1925 et
659 1869 748 1926 illa
778 1873 1056 1950 minutalia
1079 1881 1241 1943 atque
1289 1874 1589 1937 interanea,
1632 1888 1752 1943 qum

169 1963 243 2018 ad
267 1972 515 2018 nostrum
557 1979 690 2034 opus
740 1965 944 2022 servari
996 1981 1104 2021 non
1133 1975 1378 2036 possunt,
1424 1967 1671 2022 volumus
1695 1975 1755 2019 ut

171 2057 374 2112 dentur
402 2057 470 2112 ad
490 2056 638 2111 illam
666 2055 926 2112 familiam
950 2075 1068 2128 quae
1095 2059 1292 2115 ibidem
1315 2066 1418 2113 est.
1462 2057 1570 2114 Nos
1599 2074 1750 2124 vero,

171 2148 408 2204 Domino
458 2147 762 2217 adjuvante,
812 2152 857 2204 si
896 2151 1008 2204 vita
1034 2166 1215 2206 comes
1261 2150 1445 2214 fuerit,
1486 2151 1752 2216 volumus,

172 2243 324 2296 circa
352 2242 573 2298 missam
601 2242 772 2297 sancti
798 2242 1031 2307 Martini,
1065 2244 1131 2298 ad
1169 2243 1424 2324 palatium
1453 2242 1670 2300 venire:
1702 2251 1758 2297 et

174 2335 300 2389 ideo
328 2335 574 2392 volumus
597 2344 657 2390 ut
680 2334 794 2401 haec
819 2335 1001 2403 omnia
1025 2335 1330 2407 junioribus
1351 2334 1513 2398 etiam
1536 2343 1662 2392 nota
1678 2332 1756 2388 fa-

173 2429 314 2493 cias,
342 2427 527 2498 eisque
553 2444 621 2484 ex
642 2428 808 2484 verbo
822 2439 1008 2485 nostro
1030 2430 1313 2500 prmeipias
1341 2438 1398 2483 ut
1427 2429 1677 2488 similiter
1691 2429 1757 2484 de

176 2537 416 2590 expensa
443 2530 628 2577 nostra
654 2521 877 2588 faciant,
927 2521 1142 2576 sicutte
1169 2519 1348 2576 facere
1392 2519 1754 2592 praecipimus.

177 2613 329 2668 Bene
353 2612 488 2669 vale.

695 2704 1028 2762 EPISTOLA
1054 2704 1240 2761 XXIV.

539 2835 609 2876 AD
637 2835 889 2884 QUEMDAM
919 2835 1213 2877 MINIS’I‘RUM
1249 2835 1404 2876 SUUX.

253 2933 315 2988 In
345 2932 546 3002 Christi
565 2935 800 3012 nomine,
825 2933 1184 3008 Eginhardus,
1209 2934 1382 3000 dictus
1404 2932 1587 2998 abbas,
1614 2930 1680 3000 N.
1706 2932 1763 2988 in

183 3026 420 3080 Domino
451 3025 699 3080 salutem.

257 3113 455 3172 Notum
478 3111 572 3168 tibi
601 3112 828 3168 facimus
857 3112 999 3184 quod
1025 3129 1150 3169 cera
1176 3113 1476 3188 indigemus
1496 3114 1562 3169 ad
1592 3113 1764 3169 servi-

184 3206 326 3260 tium
365 3214 628 3270 nostrum,
681 3190 736 3260 et
764 3207 867 3274 hoc
897 3207 948 3272 in
983 3205 1100 3262 istis
1139 3207 1270 3263 locis
1307 3222 1629 3286 recuperare
1657 3223 1763 3263 non

185 3313 501 3368 possumus,
545 3297 670 3367 quia
710 3313 909 3368 parvus
962 3307 1258 3367 proventus
1306 3297 1478 3364 mellis
1529 3298 1631 3352 fuit
1670 3313 1766 3368 per

187 3391 300 3445 hos
336 3389 468 3444 duos
495 3404 659 3444 annos
688 3391 742 3444 in
764 3389 884 3445 istis
920 3389 1246 3462 regionibus.
1295 3389 1418 3445 Ideo
1439 3388 1685 3444 volumus
1706 3395 1767 3442 ut

186 3490 397 3537 tractes
442 3491 601 3553 atque
649 3483 958 3538 consideres
987 3498 1108 3537 cum
1157 3481 1221 3536 N.
1252 3480 1504 3554 qualiter,
1558 3480 1603 3536 si
1650 3479 1766 3534 ﬁeri

184 3584 391 3647 potest,
425 3593 584 3632 unam
609 3587 908 3631 saumatam
939 3589 964 3616 ει
1006 3575 1218 3631 faciatis
1248 3574 1408 3630 simul
1435 3590 1557 3630 cum
1585 3572 1766 3627 vasal-

185 3669 258 3724 Iis
286 3669 507 3736 nostris,
551 3669 724 3739 quiad
753 3685 850 3724 nos
875 3670 939 3724 de
960 3669 1078 3724 istis
1107 3668 1368 3744 partibus,
1395 3675 1516 3738 post
1547 3666 1769 3722 missam

185 3761 369 3817 sancti
414 3761 668 3832 Bavonis,
714 3770 1079 3818 revertuntur.
1149 3762 1292 3816 Bene
1325 3759 1443 3815 vale
1466 3768 1519 3815 et
1547 3775 1642 3816 ora
1671 3773 1770 3830 pro

187 3854 370 3909 nobis.

710 3945 1044 4004 EPISTOLA
1081 3945 1244 4002 XXV.

728 4078 796 4118 an
833 4078 884 4116 Ν.
925 4075 1234 4126 Episcoruu.

272 4176 498 4236 Domino
514 4186 703 4234 sancto
729 4187 784 4238 et
809 4178 1001 4236 merito
1025 4174 1322 4236 venerabili
1354 4174 1444 4242 N.,
1475 4175 1774 4232 reverenda

186 4270 544 4342 Eginhardus
570 4280 840 4342 peccator.

268 4364 501 4431 Quidam
527 4381 714 4421 servus
749 4364 959 4421 Sanctae
984 4366 1187 4430 Maria,
1226 4367 1444 4422 nomine
1461 4364 1551 4432 N.,
1593 4365 1661 4422 ad
1684 4379 1775 4421 ve-

189 4465 328 4514 strze
355 4460 655 4515 sanctitatis
678 4461 948 4530 pertinens
973 4468 1316 4530 potestatem,
1334 4462 1481 4515 venit
1505 4461 1572 4514 ad
1593 4459 1778 4514 limina

1854 1907 1972 1947 rum
2003 1891 2372 1947 amantissime
2391 1931 2406 1957 ,
2440 1889 2519 1945 sic
2543 1896 2696 1959 optet
2722 1887 2746 1928 δ
2786 1887 2962 1954 iguius
2987 1895 3110 1944 tuus
3142 1874 3355 1943 vetulus
3378 1892 3435 1942 et

1854 1983 2123 2040 inﬁrmus.

2342 2073 2681 2130 EPISTOLA
2717 2072 2812 2128 XX
2822 2071 2930 2130 VII.

2423 2184 2491 2222 AD
2529 2182 2583 2221 Ν.
2620 2181 2883 2222 COIITEM.

1927 2259 2209 2331 Magniﬁce
2240 2267 2294 2314 et
2324 2259 2626 2315 honorabili
2657 2268 2820 2329 atque
2847 2257 3044 2314 illustri
3068 2255 3186 2313 viro
3214 2255 3279 2312 N.
3312 2257 3429 2329 glo-

1856 2351 2002 2406 rioso
2033 2351 2256 2414 comiti,
2294 2351 2637 2422 Eginliardus
2675 2351 3060 2420 sempiternam
3102 2351 3159 2404 in
3205 2348 3438 2404 Domino

1859 2443 2109 2499 salutem.

1930 2534 1995 2588 Ν.
2042 2549 2241 2590 vassus
2269 2533 2594 2600 dominicus,
2641 2533 2812 2590 frater
2854 2535 3042 2590 uxoris
3091 2533 3156 2590 N.
3201 2533 3439 2601 comitis,

1858 2627 2048 2682 morbo
2095 2627 2291 2697 pedum
2335 2634 2391 2682 et
2429 2633 2705 2682 senectute
2739 2627 2951 2698 gravis,
2995 2626 3212 2682 volebat
3251 2626 3443 2680 venire

1860 2721 1928 2775 ad
1957 2721 2214 2775 domuum
2253 2721 2639 2792 imperatorem
2685 2738 2699 2774 :
2745 2720 2841 2775 sed
2869 2733 2976 2774 non
3015 2719 3193 2790 potuit
3218 2725 3440 2788 propter

1860 2810 2234 2866 inﬁrmitatem
2265 2826 2440 2866 suam.
2472 2810 2606 2866 Cum
2630 2810 2862 2880 primum
2886 2809 3143 2880 potuerit,
3166 2809 3347 2864 veniet
3375 2805 3443 2862 ad

1861 2901 2143 2956 servitium
2177 2899 2312 2970 ejus.
2347 2901 2565 2955 Interim
2604 2901 2842 2970 postulat
2868 2909 2930 2955 ut
2957 2887 3059 2956 sibi
3096 2899 3254 2955 liceat
3278 2899 3443 2956 bene-

1864 2991 2047 3047 ﬁcium
2071 3007 2225 3047 suum
2258 2994 2478 3059 habere,
2505 2993 2648 3063 quod
2683 2993 2732 3047 ei
2763 2993 2991 3048 domnus
3020 2991 3248 3047 Karolus
3275 2991 3446 3063 impe-

1866 3093 2017 3140 rator
2047 3086 2194 3141 dedit
2225 3086 2277 3140 in
2306 3085 2639 3156 Burgundia,
2666 3086 2718 3139 in
2738 3100 2876 3156 pago
2895 3085 3247 3151 Genawense,
3273 3098 3445 3154 usque

1792 3163 1837 3236 Ο
1869 3176 1996 3230 dum
2021 3176 2109 3234 ille
2135 3177 2200 3230 ad
2219 3177 2563 3246 praesentiam
2591 3175 2708 3244 ejus
2731 3178 2960 3244 venerit,
2994 3193 3058 3232 ac
3084 3193 3140 3232 se
3168 3177 3224 3231 in
3253 3191 3446 3231 manus

1871 3266 1986 3336 ejus
2029 3269 2503 3323 commendaverit.
2554 3268 2682 3322 Mihi
2710 3284 2924 3339 quoque
2967 3277 3173 3324 rectum
3219 3276 3275 3323 et
3315 3268 3448 3322 utile

1872 3359 2082 3415 videtur
2123 3369 2183 3414 ut
2221 3361 2296 3414 ita
2343 3361 2468 3427 ﬁat,
2507 3362 2645 3426 sicut
2686 3362 2800 3431 ipse
2847 3360 3152 3425 desiderat,
3196 3360 3321 3430 quia
3363 3359 3450 3414 vir

1869 3453 2043 3508 bonus
2083 3468 2145 3507 ac
2183 3453 2418 3523 prudens
2461 3462 2564 3518 est,
2609 3461 2664 3508 et
2689 3453 2842 3510 bona:
2885 3453 3040 3509 famae
3083 3454 3222 3507 inter
3243 3453 3450 3508 vicinos

1872 3563 2020 3612 suos,
2056 3557 2108 3601 et
2137 3562 2234 3602 vos
2259 3547 2397 3602 bene
2424 3545 2656 3612 facietis,
2687 3547 2733 3602 si
2777 3563 2901 3604 eum
2951 3547 3005 3602 in
3050 3547 3154 3602 hac
3198 3563 3257 3604 re
3294 3545 3447 3626 adju-

1872 3655 1998 3695 vare
2047 3641 2357 3713 dignemini.
2407 3640 2545 3712 Opto
2588 3651 2647 3696 ut
2690 3656 2904 3712 semper
2945 3639 3084 3724 bene
3133 3639 3359 3702 valeatis
3395 3641 3451 3697 in

1872 3730 2118 3788 Domino.

2358 3842 2692 3899 EPISTOLA
2717 3842 2952 3900 XXVIII.

2435 3974 2504 4014 AD
2542 3975 2574 4012 Ν
2581 3998 2594 4011 ο
2635 3973 2895 4016 (ΖΟΙΙΤΕΙ.

1946 4067 2230 4141 Magniﬁco
2261 4077 2316 4124 et
2355 4069 2658 4124 honorabili
2691 4079 2853 4140 atque
2884 4069 3080 4127 illustri
3112 4070 3177 4126 Ν.
3216 4071 3452 4144 glorioso

1876 4165 2084 4231 comiti,
2115 4165 2457 4235 Eginhardus
2483 4171 2740 4221 aeternam
2771 4165 2825 4220 in
2865 4155 3092 4223 Domino
3118 4167 3365 4223 saiutem.

1948 4257 2097 4329 Rogo
2125 4257 2511 4328 benignitatem
2548 4267 2785 4313 vestram
2821 4267 2882 4314 ut
2925 4259 3068 4315 hunc
3097 4259 3352 4329 juvenem
3386 4257 3448 4312 Ν.

1878 4349 2018 4419 apud
2052 4349 2308 4402 domuum
2349 4350 2725 4418 imperatorem
2759 4350 3014 4420 adjuvare
3052 4350 3366 4421 dignemini,
3394 4349 3454 4404 ut

1880 4439 2233 4506 beneﬁcium,
2287 4441 2430 4510 quod
2472 4443 2585 4511 ipse
2625 4450 2679 4496 et
2712 4441 2879 4498 frater
2905 4457 3034 4497 suus
3067 4442 3301 4506 habent,
3344 4455 3451 4496 non

192 4551 482 4605 beatorum
509 4551 708 4606 Christi
731 4561 1029 4624 martyrum
1056 4551 1353 4606 Marcellini
1398 4560 1454 4606 et
1477 4551 1646 4614 Petri,
1675 4565 1764 4620 pro

1879 4533 2124 4601 perdant.
2159 4532 2370 4587 Habent
2403 4533 2549 4588 enim
2591 4534 2647 4588 in
2690 4550 2828 4605 pago
2857 4535 3204 4589 Turnacense
3243 4541 3266 4572 ο
3301 4546 3453 4586 man—

190 4643 410 4698 scelere
454 4643 597 4714 quod
633 4645 902 4699 commisit
953 4643 1323 4700 interﬁciendo
1359 4645 1566 4699 socium
1623 4657 1779 4698 suum

195 4742 428 4805 propter
474 4735 786 4790 scandalum
833 4735 976 4805 quod
1029 4735 1174 4790 inter
1229 4751 1322 4790 eos
1364 4735 1466 4788 fuit
1506 4745 1775 4789 exortum.

194 4824 438 4879 Proinde
461 4827 1099 4895 precamursanctitatem
1129 4831 1367 4882 vestram
1395 4836 1476 4893 ut,
1507 4828 1577 4882 ob
1623 4843 1780 4884 reve-

197 4918 439 4972 rentiam
482 4921 793 4975 eorumdem
829 4929 1150 4991 martyrum,
1197 4922 1264 4976 ad
1319 4937 1547 4990 quorum
1595 4923 1781 4976 limina

194 5006 448 5079 confugit
475 5010 523 5064 ei
550 5026 772 5080 parcere
800 5011 1117 5082 dignemini,
1156 5021 1237 5078 ut,
1267 5013 1478 5068 indulta
1509 5015 1783 5070 membro-

191 5119 325 5158 rum
350 5102 683 5174 integritate,
712 5107 1106 5175 verberumque
1129 5120 1312 5176 paana,
1349 5107 1510 5162 liceat
1534 5107 1606 5161 illi
1637 5107 1781 5161 solu-

195 5195 353 5250 tione
374 5195 615 5262 pecunia:
637 5210 958 5265 componere
987 5203 1149 5266 atque
1167 5197 1455 5251 emendare
1475 5197 1618 5266 quod
1639 5193 1803 5252 mala'

191 5287 482 5343 voluntate
530 5289 816 5358 commisit.
891 5288 1150 5361 Optamus
1172 5291 1510 5346 sanctitatem
1542 5297 1779 5348 vestram

189 5394 418 5450 semper
443 5380 500 5436 in
522 5379 738 5436 Christo
764 5382 902 5437 bene
927 5381 1126 5447 valere,
1178 5382 1517 5437 sanctissime
1539 5395 1603 5437 ao
1627 5395 1781 5438 reve-

189 5471 513 5528 rentissime
542 5481 716 5543 pater.

270 5686 296 5713 ι
333 5677 524 5738 Teulet
548 5680 713 5746 addit,
747 5681 894 5736 nobis
922 5696 1112 5736 ventre.

212 5747 435 5875 ωὶὲηῗίο
482 5750 546 5806 D.
585 5751 794 5824 Bouq.;
835 5760 891 5810 at
929 5749 1119 5814 Teulet
1145 5749 1447 5826 Einhardus
1475 5749 1540 5806 U.
1571 5769 1664 5808 suo
1693 5769 1779 5807 sa-

1875 4641 1965 4681 sos
2006 4641 2108 4691 xv,
2145 4635 2200 4681 et
2234 4626 2376 4681 ultra
2418 4627 2658 4682 IIrenum
2687 4644 2904 4683 mansos
2944 4643 2994 4683 v.
3036 4626 3154 4696 Ipse
3190 4624 3304 4680 vult
3327 4640 3452 4679 cum

1875 4719 2140 4774 beneﬁcio
2180 4720 2324 4788 quod
2368 4720 2422 4774 in
2471 4719 2816 4776 Tornacense
2853 4727 2958 4783 est,
3000 4717 3205 4773 servire
3253 4718 3451 4771 domno

1877 4811 2212 4881 imperatori,
2245 4818 2300 4866 et
2344 4819 2403 4866 ut
2436 4812 2602 4866 frater
2636 4826 2786 4876 suus,
2829 4825 2954 4864 cum
3003 4807 3094 4863 illo
3131 4807 3276 4877 quod
3311 4806 3453 4862 ultra

1879 4902 2118 4957 Hrenum
2145 4912 2252 4970 est,
2281 4917 2338 4958 se
2377 4904 2446 4960 ad
2489 4902 2554 4958 Ν.
2599 4900 2957 4964 commendet,
2991 4907 3046 4954 et
3089 4907 3265 4954 tamen
3303 4912 3454 4958 com-

1879 4995 2116 5050 muniter
2152 4993 2282 5049 illud
2324 4993 2644 5050 beneﬁcium
2699 4999 2869 5048 totum
2909 4991 3180 5046 habeant:
3226 4991 3320 5046 sed
3364 4989 3454 5044 ille

1885 5099 1990 5138 non
2013 5085 2127 5139 vult
2149 5086 2196 5140 ei
2224 5087 2291 5140 ad
2326 5087 2428 5140 hoc
2457 5083 2786 5147 consentire,
2821 5082 2923 5138 nisi
2959 5083 3188 5138 domnus
3215 5083 3452 5153 impera-

1885 5181 1971 5230 tor
1996 5177 2072 5231 illi
2099 5178 2395 5248 praacipiat.
2433 5177 2565 5232 Nam
2595 5175 2696 5230 nisi
2727 5177 2829 5230 hoc
2868 5173 3068 5230 factum
3111 5174 3293 5241 fuerit,
3328 5189 3453 5246 per-

1883 5270 2020 5325 dunt
2068 5269 2199 5325 illud
2236 5269 2557 5324 beneﬁcium
2600 5266 2741 5338 quod
2776 5267 2917 5324 ultra
2952 5266 3190 5336 Ilrcnum
3235 5267 3452 5324 habent.

1882 5360 2006 5416 Ideo
2051 5369 2308 5431 precatur
2341 5360 2632 5415 bonitatem
2682 5365 2916 5412 vestram
2957 5366 3016 5412 ut
3051 5359 3175 5412 inde
3200 5357 3457 5418 domuum

1884 5452 2266 5522 imperatorem
2293 5463 2488 5519 rogare
2516 5449 2831 5520 dignemini,
2879 5458 2941 5504 ut
2981 5447 3206 5507 fratrem
3235 5446 3353 5519 ejus
3380 5447 3459 5502 sic

1886 5542 2066 5599 facere
2086 5542 2309 5611 jubeat:
2340 5552 2394 5596 et
2423 5541 2538 5611 ipse
2562 5550 2786 5612 paratus
2809 5547 2893 5596 est
2917 5539 3098 5597 facere
3123 5539 3456 5606 ﬁrmitatem,

1960 5689 1984 5749 9
2024 5678 2205 5735 Codex
2226 5677 2513 5749 etg'I‘eulet,
2540 5689 2749 5749 propter
2773 5663 3131 5748 inﬁrmitatem

1956 5747 1984 5790 εί
2023 5749 2234 5821 Tealet,
2266 5747 2442 5821 Optat.

1961 5832 1986 5863 ο
2026 5818 2120 5879 Sic
2144 5818 2342 5890 codex';
2372 5820 2580 5891 Teulet,
2611 5819 2950 5896 Tornaesius.
