3960 6346
503 363 607 421 519

1790 357 2166 418 EGINHARDI
2198 354 2490 415 ABBATIS

3657 350 3770 407 520

503 481 719 553 qualem
761 480 959 537 domno
997 477 1313 552 imperatori
1349 477 1636 551 placuerit,
1687 477 1832 548 quod
1879 477 2078 533 beneﬁ-
2102 481 2157 538 Α
2180 490 2372 530 nociva
2415 470 2585 528 servis
2629 467 2748 535 Dei,
2779 466 2885 523 nisi
2909 465 3020 538 'per
3061 465 3295 536 gratiam
3339 464 3576 521 divinam
3603 465 3772 522 bonis

503 575 647 630 cium
671 590 827 630 suum
854 575 1214 631 communiter
1239 589 1360 628 cum
1402 573 1570 628 fratre
1597 586 1693 627 suo
1733 571 1934 627 habere
1970 587 2079 627 non

502 667 617 721 vult
662 681 874 738 semper
922 679 971 721 ει.
1024 665 1163 736 Opto
1199 675 1260 720 ut
1305 679 1518 736 semper
1567 665 1706 720 bene
1751 662 1980 719 valeatis
2024 662 2082 717 in

503 758 750 815 Domino.
833 751 836 755 ’

1017 849 1351 906 EPISTOLA
1389 848 1580 904 XXIX.

1005 959 1072 997 AD
1130 960 1182 998 N.
1243 957 1608 998 SACEBDOTEII.

577 1033 804 1091 Domino
827 1042 1015 1091 sancto
1050 1043 1106 1090 et
1132 1036 1324 1091 merito
1349 1033 1643 1090 venerabili
1671 1032 1734 1088 N.
1764 1032 1960 1088 summi
1985 1032 2082 1088 Dei

506 1123 791 1188 sacerdoti,
825 1124 1162 1192 Eginhardus
1184 1133 1458 1194 peccator.

576 1212 894 1270 Venientem
915 1215 984 1270 ad
1011 1231 1108 1272 nos
1131 1216 1459 1283 Eburonem,
1487 1217 1845 1287 propinquum
1871 1223 1927 1271 et
1954 1215 2085 1270 ﬁde-

507 1306 613 1362 lem
637 1315 876 1363 vestrum
905 1309 1140 1379 gratanti
1170 1311 1351 1366 animo
1381 1310 1743 1381 suscepimus,
1771 1311 2086 1365 existiman-

506 1408 588 1455 tes
614 1416 738 1456 eum
765 1402 962 1456 diutius
989 1402 1129 1472 apud
1158 1418 1256 1457 nos
1285 1418 1404 1458 esse
1436 1418 1774 1457 mansurum.
1817 1401 1924 1456 Sed
1957 1403 2084 1471 quia

505 1491 594 1547 ille
622 1493 691 1548 ad
709 1509 805 1548 vos
832 1493 1009 1549 redire
1037 1493 1280 1560 festinat,
1316 1494 1586 1550 noluimus
1608 1494 1757 1548 illum
1787 1495 1906 1548 sine
1935 1494 2083 1548 litte-

505 1585 582 1639 ris
624 1583 824 1639 nostris
849 1584 1142 1650 dimittere,
1174 1601 1242 1640 ne
1284 1585 1330 1640 si
1363 1585 1550 1641 vacuis
1584 1586 1833 1640 manibus
1862 1585 2083 1651 rediret,

506 1675 573 1730 ad
600 1690 695 1730 nos
720 1691 826 1730 non
868 1678 1082 1733 venisse
1107 1686 1408 1748 putaretur.
1447 1679 1522 1733 De
1561 1679 1646 1733 his
1672 1685 1851 1732 tamen
1885 1678 2083 1744 causis,

504 1768 646 1823 unde
672 1784 729 1824 se
757 1769 891 1825 certi
936 1771 1135 1841 aliquid
1182 1772 1250 1826 ad
1283 1787 1378 1826 vos
1415 1771 1704 1825 allaturum
1734 1770 2084 1834 existimavit,

2186 567 2429 623 moribus
2449 566 2667 620 subesse
2689 568 3013 616 noscantur:
3033 559 3160 628 quia
3189 557 3415 613 scientia
3437 553 3612 619 inﬂat,
3639 557 3770 610 cha-

2183 659 2320 713 ritas
2363 671 2493 711 vero
2535 653 2788 710 aediﬁcat.
2854 649 3041 704 Melius
3081 647 3215 702 mihi
3264 647 3482 716 quidem
3513 656 3604 702 est
3631 656 3772 702 utte

2183 760 2456 806 mortuum
2503 746 2688 801 videre
2736 743 3034 813 contingat,
3081 755 3243 811 quam
3283 738 3526 794 inflatum
3560 746 3621 792 et
3655 753 3773 791 sca-

2183 849 2388 896 tentem
2413 838 2580 892 vitiis.
2605 837 2722 891 Non
2763 835 2907 891 enim
2949 833 3199 887 Salvator
3223 846 3254 883 a
3285 845 3341 885 se
3370 827 3772 884 miraculorum

2183 933 2345 996 facta,
2380 931 2474 985 sed
2510 927 2978 983 mansuetudinem
3000 932 3055 978 et
3085 923 3265 979 cordis
3293 922 3668 978 humilitatem
3696 919 3776 974 di-

2184 1037 2336 1078 scere
2360 1020 2633 1092 prmccpit.
2667 1018 2806 1086 Quid
2835 1016 3022 1085 plura?
3050 1013 3204 1084 Saepe
3236 1015 3352 1068 haec
3375 1021 3430 1067 et
3450 1012 3556 1066 alia
3590 1011 3778 1080 hujus-

2185 1113 2384 1168 modia
2417 1127 2501 1166 me
2529 1109 2745 1165 audisti.
2781 1107 2996 1162 Utinam
3020 1104 3305 1174 aliquando
3337 1103 3628 1174 contingat
3663 1102 3776 1157 istis

2185 1203 2462 1267 delectari,
2481 1201 2675 1271 quibus
2689 1197 2954 1253 munditia
2964 1195 3143 1251 cordis
3159 1194 3524 1263 corporisque,
3545 1207 3664 1262 per
3683 1190 3775 1247 Dei

2187 1296 2466 1361 auxilium,
2496 1292 2823 1362 assequitur.
2857 1289 3155 1360 Misiigitur
3170 1286 3267 1342 tibi
3287 1285 3446 1341 verba
3471 1291 3524 1339 et
3540 1284 3777 1338 nomina

2187 1389 2416 1444 obscura
2460 1401 2528 1440 ex
2576 1385 2728 1440 libris
2773 1381 3025 1446 Vitruvii,
3061 1394 3181 1448 quae
3211 1380 3278 1433 ad
3300 1392 3534 1448 praesens
3578 1392 3779 1432 occur-

2187 1498 2309 1538 rere
2356 1488 2630 1550 poterant,
2672 1486 2732 1532 ut
2766 1491 2955 1532 eorum
2986 1474 3234 1528 notitiam
3261 1472 3455 1527 ibidem
3481 1472 3780 1540 perquire-

2188 1587 2296 1628 res.
2329 1573 2406 1628 ,Et
2444 1571 2606 1626 credo
2653 1569 2796 1638 quod
2840 1581 3028 1622 eorum
3075 1564 3308 1619 maxima
3344 1578 3468 1632 pars
3520 1562 3640 1616 tibi
3690 1562 3775 1616 ἀε-

2189 1663 2482 1720 monstrari
2530 1661 2703 1730 possit
2750 1661 2804 1714 in
2850 1656 3103 1728 capsella,
3135 1672 3296 1727 quam
3326 1655 3555 1709 domnus
3588 1653 3665 1707 Ε.
3696 1670 3779 1709 co-

2189 1758 2390 1812 lumnis
2417 1756 2692 1821 eburneis,
2727 1753 2793 1808 ad
2821 1753 2994 1808 instar
3015 1751 3358 1820 antiquorum
3394 1764 3663 1819 operum,
3708 1749 3778 1803 fa-

503 1861 638 1914 nihil
678 1861 829 1917 vobis
858 1863 992 1918 certi
1022 1863 1349 1934 signiﬁcare,
1395 1872 1488 1917 aut
1525 1879 1623 1934 per
1651 1863 1801 1917 illum
1842 1861 2086 1917 indicare
2112 1847 2160 1907 Β
2188 1853 2437 1910 bricavit.
2485 1852 2552 1906 Et
2598 1857 2818 1920 prOpter
2860 1848 2990 1902 illud
3032 1847 3176 1915 quod
3219 1844 3492 1899 Vitruvius
3515 1844 3780 1934 rnoirninat

501 1967 740 2021 possum,
794 1954 921 2024 quia
965 1955 1193 2008 mutatio
1233 1970 1438 2020 rerum,
1488 1969 1608 2024 qua:
1652 1970 1823 2024 nuper
1874 1953 1929 2007 in
1983 1953 2088 2008 hoc

502 2059 673 2113 regno
700 2045 840 2100 facta
865 2054 970 2112 est,
1009 2045 1065 2100 in
1091 2054 1299 2100 tantum
1328 2061 1426 2100 nos
1452 2046 1812 2111 conturbavit,
1850 2055 1910 2100 ut
1932 2047 2087 2115 peni-

504 2147 592 2193 tus
619 2140 930 2209 ignoremus
961 2139 1088 2209 quid
1123 2155 1283 2211 agere
1313 2140 1624 2206 debeamus,
1653 2140 1756 2194 nisi
1786 2147 1864 2204 ut,
1893 2155 2088 2194 secun-

505 2229 634 2286 dum
684 2229 849 2284 verba
895 2229 1173 2299 Josaphat,
1218 2230 1404 2286 oculos
1445 2239 1658 2287 nostros
1697 2232 1762 2286 ad
1802 2231 2089 2286 Dominum

507 2321 838 2392 dirigamus;
867 2329 939 2387 et,
964 2319 1120 2389 juxta
1148 2322 1313 2378 verba
1342 2323 1613 2389 Philonis,
1657 2322 1976 2392 impleretur
2004 2320 2089 2375 di-

506 2415 723 2482 vinum,
771 2415 985 2485 quando
1033 2416 1328 2472 humanum
1363 2426 1540 2473 cessat
1583 2417 1862 2471 auxilium.
1907 2415 2090 2485 Ipsum

507 2515 687 2564 autem
737 2506 961 2562 latorem
1026 2509 1374 2577 praesentium
1432 2509 1779 2572 Eburonem,
1843 2507 2094 2578 quamvis

506 2599 662 2655 nobis
688 2599 717 2639 ι’
753 2599 1086 2672 prepinquus
1125 2600 1215 2666 sit,
1261 2601 1660 2667 charissimum,
1707 2608 1903 2656 vestra:
1957 2599 2094 2654 dile-

507 2691 671 2746 ctioni
723 2703 744 2730 ο
792 2692 1250 2748 commendamus.
1290 2692 1622 2750 Conﬁdimus
1671 2694 1816 2748 enirn
1863 2693 1918 2747 in
1961 2691 2092 2758 Deo,
2166 2703 2168 2707 '

506 2780 634 2837 licet
661 2799 800 2838 nunc
840 2785 958 2840 ﬁeri
1004 2802 1111 2840 non
1140 2794 1346 2856 posset,
1375 2787 1522 2856 quod
1565 2802 1688 2841 eum
1733 2786 1952 2851 iterum,
1985 2783 2098 2855 opi-

507 2873 712 2927 tulante
748 2874 935 2929 divin:
970 2875 1273 2939 clementia,
1304 2875 1485 2929 laetum
1514 2885 1568 2930 et
1604 2876 1865 2941 hilarem,
1897 2890 2096 2946 Oppor-

511 2972 644 3018 tuno
671 2971 911 3044 tempore
931 3007 946 3031 ,
987 2967 1057 3021 ad
1083 2981 1179 3020 vos
1205 2967 1482 3022 remittere
1521 2967 1799 3023 debemus.
1831 2965 2095 3038 Optamus

510 3069 571 3116 ut
622 3060 963 3116 sanctitatem
1000 3069 1274 3125 vestram,
1317 3060 1455 3115 bene
1504 3061 1772 3117 valentem
1813 3070 1869 3118 et
1920 3061 2096 3117 nostri

512 3167 844 3221 memorem,
897 3152 1076 3208 divina
1143 3152 1320 3225 gratia
1373 3167 1590 3226 semper
1641 3163 1698 3211 et
1741 3154 1942 3227 ubique
1995 3171 2094 3212 cu-

513 3243 730 3302 stodiat.

1033 3361 1367 3420 EPISTOLA
1402 3362 1575 3418 XXX.

914 3492 980 3530 AD
1029 3492 1286 3532 VUSSINUM
1323 3492 1507 3532 ι-Ἰωωί
1546 3491 1706 3532 ευωι.

590 3585 923 3644 Charissimo
958 3586 1067 3641 ﬁlio
1099 3586 1126 3627 ἀ
1157 3587 1390 3644 Vussino
1422 3587 1478 3641 in
1509 3588 1739 3642 Domino
1768 3586 2022 3642 salutem.

596 3679 800 3734 Vereor
824 3695 1076 3750 namque,
1101 3678 1196 3744 ﬁli,
1230 3688 1285 3733 et
1304 3678 1462 3734 valde
1489 3687 1670 3733 metuo
1701 3679 1865 3747 quod,
1905 3676 2095 3732 relicto

520 3772 670 3837 ovili,
702 3787 803 3830 nec
827 3773 904 3828 tui
933 3787 1033 3827 nec
1058 3772 1164 3826 mei
1198 3787 1406 3827 memor
1440 3787 1561 3826 esse
1597 3773 1794 3825 debeas
1821 3788 1833 3823 :
1861 3770 1985 3838 quia
2005 3769 2096 3837 ju-

519 3873 712 3922 ventus
764 3867 1088 3932 immatura,
1137 3866 1239 3920 nisi
1284 3865 1453 3920 frenis
1489 3864 1789 3934 disciplinae
1841 3863 2096 3930 coercita,

523 3957 665 4013 haud
710 3958 865 4015 facile
906 3975 1003 4030 per
1041 3959 1264 4029 justitize
1296 3958 1498 4013 incedit
1534 3958 1672 4012 vias.
1712 3956 2095 4024 Quamobrem,

524 4049 598 4102 mi
632 4056 775 4112 nate,
809 4049 965 4104 stude
1007 4049 1208 4119 probos
1249 4048 1492 4103 aemulari
1523 4062 1727 4113 mores,
1766 4055 1823 4102 et
1851 4063 2014 4117 quem
2049 4056 2102 4102 te

523 4156 737 4211 semper
769 4143 920 4211 sequi
953 4142 1226 4207 hortabar,
1277 4157 1346 4196 ne
1383 4141 1492 4197 ullo
1521 4149 1682 4212 pacto
1713 4140 1979 4196 offensum
2007 4143 2101 4195 lia-

523 4233 655 4289 bere
710 4231 881 4287 velis:
929 4233 1025 4288 sed
1066 4231 1420 4301 professionis
1451 4243 1473 4270 ο
1500 4239 1603 4286 tuae
1649 4246 1878 4297 memor,
1927 4248 2102 4301 quan-

525 4336 640 4383 tum
686 4328 803 4398 ipse
844 4327 1116 4392 annuerit,
1165 4327 1252 4380 cui
1297 4336 1348 4381 te
1396 4334 1568 4382 totum
1603 4325 1948 4393 commisisti,
1984 4326 2102 4397 ejus

523 4418 794 4474 mandatis
826 4419 1014 4475 insiste
1039 4418 1328 4474 discendis.
1369 4418 1466 4473 His
1493 4419 1738 4486 edoctus,
1773 4427 1830 4474 et
1853 4419 1908 4474 in
1938 4435 2102 4490 opere

523 4527 710 4568 eorum
751 4520 1019 4576 assuetus,
1050 4511 1199 4566 nullo
1226 4511 1405 4566 vitalis
1431 4511 1672 4567 scientia:
1702 4513 1987 4568 commodo
2010 4528 2102 4568 ca-

522 4606 686 4662 rebis.
718 4604 872 4660 Sicut
897 4612 950 4659 te
977 4618 1216 4675 praesens
1241 4604 1445 4670 monui,
1480 4604 1538 4659 in
1569 4605 1745 4660 studio
1778 4605 2020 4660 discendi
2048 4614 2100 4659 te
2124 4597 2178 4656 D

523 4712 736 4764 exerce,
764 4706 821 4753 et
844 4697 1106 4769 quidquid
1137 4713 1202 4752 ex
1230 4697 1348 4769 ipso
1372 4696 1704 4753 lucidissimo
1733 4707 1788 4752 et
1816 4698 2096 4754 abundan-

526 4791 735 4846 tissimo
761 4792 943 4862 magni
965 4790 1199 4846 oratoris
1225 4791 1439 4862 ingenio
1461 4791 1678 4861 assequi
1707 4790 1903 4844 nobilis
1925 4791 2102 4844 scien-

527 4883 615 4938 tiae
639 4885 899 4953 potueris,
944 4884 1080 4940 nihil
1118 4885 1381 4940 intactum
1404 4884 1648 4953 relinque
1676 4898 1691 4937 :
1726 4882 1963 4936 maxime
1997 4897 2097 4936 au-

529 4981 637 5029 tem
663 4976 860 5044 probos
882 4989 1059 5030 mores
1086 4975 1252 5041 illius,
1278 4975 1473 5045 quibus
1498 4973 1736 5038 excellit,
1762 4973 1964 5027 imitari
1987 4988 2101 5028 me-

529 5075 746 5130 mento;
776 5065 1032 5134 quoniam
1073 5066 1422 5136 grammatica
1457 5072 1512 5120 et
1551 5064 1839 5129 rhetorica,
1877 5073 2101 5120 caetera-

529 5173 635 5228 que
670 5156 972 5212 liberalium
1013 5158 1211 5213 artium
1248 5156 1450 5222 studia,
1497 5171 1638 5210 vana
1686 5163 1832 5221 sunt,
1867 5164 1923 5211 et
1949 5156 2104 5211 valde

603 5300 629 5330 α
670 5287 857 5344 Teulet
879 5289 1066 5345 habere
1090 5290 1198 5345 uult
1218 5304 1450 5362 semper;
1609 5287 1868 5360 expungit
1916 5304 2105 5345 vocem

533 5375 656 5415 non.

605 5430 633 5471 ι’
665 5431 872 5498 Teulet,
902 5432 1062 5488 vobis.

605 5511 628 5539 θ
653 5502 818 5569 ldem,
843 5504 1108 5558 electioni.

602 5595 629 5638 ἀ
660 5598 950 5656 Vussinum
996 5595 1339 5670 Eginhardus
1365 5613 1432 5654 ex
1460 5597 1627 5655 lmma
1661 5599 1889 5672 conjuge
1923 5615 2108 5657 susce-

535 5679 709 5742 perat.

613 5764 744 5837 {Ex
769 5765 857 5837 bis
884 5765 1064 5837 verbis
1091 5763 1295 5837 colligit
1321 5762 1656 5837 Mabillonius
1677 5763 1967 5837 Yussinum
1993 5776 2110 5837 mo-

540 5835 774 5893 nachum
792 5835 978 5908 fuisse,
1005 5834 1144 5895 forte
1164 5834 1240 5897 sin'
1257 5835 1585 5893 monasterio
1612 5834 2104 5907 Selingestadiensi,
2161 5908 2170 5917 ο

2191 1941 2638 2012 scenographiam
2666 1981 2681 2007 ,
2746 1940 3020 2008 interroga
3079 1934 3207 2005 quid
3265 1935 3334 1988 sit
3388 1933 3528 2002 quod
3595 1932 3777 2000 Virgi-

2189 2035 2294 2090 lius
2338 2034 2394 2088 in
2423 2032 2489 2087 ΠΙ
2538 2032 2928 2103 Georgicorum
2979 2027 3118 2083 libro
3157 2041 3374 2082 scenam
3404 2032 3593 2079 vocat.
3649 2023 3780 2077 Dicit

2191 2128 2338 2185 enim
2368 2145 2381 2182 :

2319 2217 2340 2258 f
2369 2218 2440 2266 Ad
2459 2216 2665 2267 delubra
2689 2214 2838 2276 iuvat,
2870 2225 3120 2276 caesosque
3140 2211 3313 2262 videre
3327 2211 3585 2272 iuvencos,

2314 2279 2410 2331 Vel
2430 2292 2576 2328 scena
2596 2287 2648 2328 ut
2675 2273 2833 2328 versis
2847 2273 3067 2325 discedat
3089 2273 3334 2324 frontibus
3349 2312 3363 2336 ,
3391 2284 3543 2337 utque

2315 2341 2573 2405 Purpurea
2589 2342 2768 2392 intexti
2789 2339 2962 2390 tollant
2986 2339 3142 2387 aulaea
3167 2337 3408 2387 Britanni.

2193 2424 2348 2482 νῶθ’
2689 2494 3023 2551 EPISTOLA
3080 2491 3270 2548 xxxx.

2730 2603 2797 2641 AD
2835 2603 2888 2640 Ν.
2926 2599 3234 2640 ΕΡΙΒΟΟΡυΙί.

2267 2680 2494 2736 Domino
2539 2686 2729 2735 sancto
2757 2687 2813 2732 et
2835 2678 3032 2734 merito
3056 2673 3351 2730 venerabili
3386 2671 3449 2726 N.
3487 2672 3776 2743 episcopo,

2195 2772 2538 2845 Eginbardus
2563 2771 2948 2842 sempiternam
2973 2770 3026 2823 in
3055 2767 3285 2823 Domino
3306 2766 3552 2822 salutem.

2268 2866 2524 2934 Quamvis
2547 2874 2632 2920 me
2665 2864 2892 2919 multum
2917 2862 3202 2918 contristet
3223 2861 3363 2931 quod
3395 2869 3465 2925 te,
3499 2859 3773 2914 amantis-

2198 2959 2334 3014 sime
2399 2957 2643 3021 domine,
2697 2972 2798 3027 per
2824 2997 2837 3009 .
2865 2997 2878 3008 .
2906 2997 2919 3008 .
2949 2996 2962 3007 .
2992 2995 3005 3007 .
3045 2957 3093 3020 ε,
3130 2953 3186 3008 in
3236 2952 3339 3006 hoc
3387 2950 3779 3006 molestissimo

2197 3052 2442 3122 corporis
2493 3051 2663 3106 vestri
2706 3049 2892 3105 labore
2929 3049 3165 3120 positum
3199 3047 3392 3113 audio;
3434 3054 3624 3100 tamen
3681 3061 3778 3099 non

2199 3143 2480 3199 minimam
2528 3143 2684 3212 capio
2710 3141 3156 3206 consolationem,
3191 3138 3335 3210 quod
3361 3139 3504 3193 hunc
3532 3137 3782 3192 laborem

2123 3214 2168 3279 (ἶ
2200 3235 2302 3291 tibi
2330 3235 2616 3304 proficere,
2664 3240 2720 3288 et
2758 3233 2827 3288 ad
2872 3232 3246 3304 purgationem
3278 3231 3469 3285 anima:
3501 3230 3781 3300 pertinere

2197 3344 2306 3384 non
2334 3327 2546 3398 ignoro.
2579 3325 2754 3381 Credo
2778 3325 2921 3380 enim
2949 3325 3093 3394 quod
3123 3324 3243 3379 ideo
3271 3330 3324 3377 te
3351 3323 3534 3376 divina
3564 3321 3781 3376 miseri-

2196 3422 2382 3479 cordia
2431 3420 2637 3476 tamdiu
2684 3420 2741 3474 in
2782 3419 2887 3474 hoc
2936 3420 3124 3473 morbo
3175 3415 3443 3486 Corporali
3501 3415 3777 3470 macerari

2195 3518 2493 3589 permittat,
2545 3516 2687 3586 quod
2732 3523 2806 3582 te,
2841 3514 2945 3570 hoc
2971 3529 3196 3584 corpore
3225 3513 3566 3583 migrantem,
3597 3527 3782 3566 emen-

2199 3611 2385 3665 datum
2408 3608 2653 3679 recipiat.
2683 3608 2760 3662 De
2781 3606 3117 3662 orationibus
3137 3619 3268 3660 vero
3289 3619 3389 3674 pro
3413 3612 3463 3658 te
3488 3601 3777 3664 faciendis,

2201 3713 2410 3758 certain
2455 3701 2594 3756 facio
2640 3701 2961 3756 cbaritatem
3003 3709 3154 3753 tuam
3196 3698 3361 3768 quod,
3409 3698 3463 3751 in
3515 3707 3779 3766 quantum

2200 3797 2332 3852 mihi
2374 3797 2518 3851 Deus
2552 3796 2695 3850 vires
2722 3803 2778 3849 et
2801 3793 3212 3864 possibilitatem
3253 3791 3551 3846 concedere
3592 3789 3780 3858 digna-

2199 3898 2287 3945 tus
2315 3889 2480 3944 fuerit
2506 3903 2605 3958 per
2631 3903 2747 3953 eos,
2781 3902 2917 3956 quos
2958 3885 3232 3939 auditione
3273 3884 3461 3953 dignos
3504 3880 3778 3935 restituere

2199 3998 2440 4054 possum,
2486 3989 2700 4036 certare
2736 3979 2955 4045 curabo,
2999 3976 3451 4048 quemadmodum
3479 3983 3535 4030 et
3573 3982 3626 4029 te
3658 3989 3779 4043 erga

2201 4096 2376 4136 meam
2422 4079 2922 4150 pusillanimitatem
2970 4075 3218 4130 ﬁduciam
3259 4073 3459 4127 habere
3489 4085 3774 4142 cognosco.

2201 4174 2279 4228 De
2321 4172 2687 4242 recuperanda
2737 4169 2981 4241 corporis
3029 4168 3201 4223 salute
3240 4166 3368 4221 licet
3400 4180 3679 4235 nunquam
3713 4163 3779 4217 sit

2203 4263 2624 4332 desperandum,
2652 4262 2777 4331 quia
2806 4269 2998 4331 potens
3026 4267 3109 4314 est
3139 4259 3284 4312 Deus
3311 4255 3381 4312 de
3402 4265 3653 4311 creatura
3685 4267 3778 4306 sua

2203 4354 2387 4410 facere
2413 4353 2677 4424 quidquid
2711 4353 2961 4416 voluerit,
3002 4361 3182 4406 tamen
3219 4349 3412 4404 melius
3449 4356 3536 4403 est
3569 4344 3776 4400 unicui-

2205 4462 2310 4516 que
2338 4453 2584 4500 nostrum
2617 4444 2683 4498 ad
2711 4452 2861 4498 certa
2889 4458 2946 4497 se
2971 4456 3300 4513 praeparare,
3331 4455 3514 4510 quam,
3555 4445 3776 4508 propter

2204 4535 2434 4602 incerta,
2461 4536 2603 4606 quod
2641 4535 3004 4590 necessarium
3055 4541 3157 4599 est,
3206 4531 3353 4586 velut
3398 4529 3622 4585 meliora
3662 4542 3781 4596 spe-

2204 4627 2374 4681 rando
2406 4629 2458 4692 ιι,
2487 4625 2778 4697 negligere.
2825 4625 2963 4696 Opto
2991 4632 3051 4679 ut
3078 4637 3292 4693 semper
3328 4621 3470 4678 bene
3512 4620 3695 4676 valeas
3729 4618 3779 4671 in

2203 4722 2454 4776 Domino.

2698 4789 3030 4845 EPISTOLA
3069 4787 3284 4844 XXXII.

2832 4899 2899 4937 AD
2933 4899 3155 4938 AMlCUll.

2272 4976 2603 5031 Charissimo
2649 4990 2769 5030 meo
2827 4975 3169 5046 Eginhardus
3220 4980 3512 5043 peccator,
3555 4971 3664 5041 jam
3728 4971 3781 5022 in

2206 5079 2449 5125 extremo
2503 5069 2712 5139 positus
2736 5110 2750 5136 ,
2798 5077 2924 5122 tuus
2981 5077 3158 5122 tamen
3217 5073 3563 5135 tuorumque,
3611 5063 3782 5117 donec

2209 5171 2454 5230 superest
2475 5158 2656 5225 ﬂatus,
2683 5158 2794 5214 Deo
2824 5166 2984 5225 teste,
3015 5157 3206 5212 ﬁdelis.

2209 5308 2275 5348 ex
2301 5309 2428 5364 quo,
2451 5293 2638 5348 relicto
2660 5292 2810 5356 ovili,
2828 5291 3052 5364 Fuldam
3071 5288 3364 5345 accesserit
3384 5287 3782 5364 ad_Ral:anu_m;

2211 5355 2463 5436 magnum
2494 5363 2643 5436 illum
2676 5355 2815 5436 haud
2851 5361 3009 5416 dubie
3039 5369 3331 5436 oratorem,
3382 5358 3542 5428 cujus
3588 5355 3785 5425 probos

2211 5432 2392 5490 mores
2416 5434 2523 5487 ﬁlio
2547 5433 2833 5487 imitandos
2860 5432 3133 5502 proponit.

2288 5504 2309 5544 τ
2340 5504 2503 5558 Addit
2531 5503 2719 5558 Teulet
2746 5517 2960 5556 versum
2987 5508 3298 5571 sequentem
3328 5517 3340 5554 :

2338 5638 2351 5653 .
2383 5641 2396 5654 .
2419 5638 2434 5653 .
2465 5638 2480 5653 .
2505 5601 2612 5652 Jam
2636 5615 2766 5651 nunc
2787 5601 3035 5652 solemnes
3059 5601 3245 5650 ducere
3276 5611 3495 5663 pompas.

2292 5692 2317 5730 8
2359 5688 2597 5760 δυρριειί
2629 5687 2830 5741 litteras
2877 5685 2940 5740 D.
2987 5685 3197 5760 'I_‘eule_t,
3248 5683 3486 5760 ejusque
3527 5690 3788 5755 punctua-

2215 5761 2420 5818 tionem
2439 5756 2729 5828 sequimur
2747 5767 2809 5812 ut
2839 5756 3023 5814 sensui
3051 5757 3335 5828 aptiorem.

2286 5834 2318 5877 ιλ
2345 5831 2552 5904 Teulet,
2577 5829 2856 5900 speranda.
