3960 6346
199 410 306 480 Bst

1663 409 2043 485 msrom.

3365 408 3474 475 522

273 534 642 604 Commendo,
690 528 1043 595 dilectissime
1081 529 1180 606 mi,
1223 541 1333 595 tua:
1375 536 1630 596 charitati
1674 539 1792 596 ani-
1817 543 1873 606 Α
1894 550 2086 611 gruam
2116 533 2275 591 factis
2303 531 2500 589 vestris
2538 532 2846 589 mercedem
2871 525 3174 589 retribuere
3201 531 3474 604 dignetur.

195 645 372 697 mam,
397 643 432 685 e
466 643 694 699 corpore
719 628 938 685 subdito
960 629 1202 700 peccatis
1225 645 1503 703 egressam
1521 672 1538 699 ,
1574 640 1637 687 ut
1667 646 1790 688 eam

197 723 258 780 in
277 733 373 779 tuo
404 732 730 793 tuorumque
756 721 999 778 fidelium
1023 723 1302 780 consortio
1338 723 1578 782 adscribi
1604 724 1790 797 digne-

195 819 280 877 ris
315 837 330 873 :
363 827 664 889 quatenus,
696 826 1009 874 sanctarum
1051 818 1246 874 studiis
1287 819 1628 886 orationum,
1672 819 1790 890 pio-

197 926 434 983 rumque
460 911 718 983 precibus
761 911 1018 981 fratrum,
1066 912 1269 968 misera
1301 911 1554 983 adjuvata
1584 913 1788 980 anima,

195 1002 384 1060 locum
428 1004 686 1074 quiddam
719 1016 746 1045 ι
789 1003 1064 1075 refrigerii
1093 1003 1341 1076 accipere
1369 1013 1662 1061 mereatur.
1693 1005 1789 1061 His

195 1096 416 1168 itaque,
447 1105 670 1168 propter
698 1097 924 1152 nimiam
953 1113 1312 1170 magnamque
1339 1099 1644 1172 angustiam
1668 1116 1790 1156 car-

194 1189 288 1246 nis
319 1188 406 1244 vel
433 1188 672 1260 spiritus,
707 1189 947 1245 breviter
971 1189 1621 1261 prmlibatis,..deprecor,
1653 1191 1788 1248 dile-

195 1279 445 1336 ctissime
474 1279 588 1345 mi,
633 1285 694 1334 ut
719 1293 1020 1346 summam,
1052 1295 1152 1350 pro
1195 1295 1381 1337 amore
1415 1281 1511 1336 Dei
1549 1297 1615 1337 ac
1653 1297 1790 1338 mea:

195 1370 426 1427 vilitatis
469 1371 727 1436 amicitia,
768 1371 1156 1440 ecclesiarum,
1200 1387 1337 1430 mea;
1362 1373 1616 1444 parvitati
1642 1390 1790 1430 com-

195 1465 523 1532 missarum,
571 1465 829 1521 adhibeas
857 1481 1075 1533 curam,
1103 1481 1172 1522 ne
1216 1475 1342 1537 post
1376 1466 1580 1522 obitum
1605 1482 1787 1523 meum

196 1559 317 1631 lupi
347 1559 526 1616 locum
557 1557 867 1614 sanctitatis
901 1558 1160 1613 invadant
1185 1571 1435 1628 rapaces,
1462 1574 1790 1630 gregemque

196 1651 560 1708 humillimum
593 1651 904 1725 dispergant
935 1668 950 1707 :
984 1652 1080 1708 sed
1118 1653 1298 1724 potius
1321 1655 1400 1710 eis
1444 1653 1568 1710 talis
1595 1669 1789 1711 conce-

200 1745 368 1802 datur
396 1753 604 1813 rector,
647 1746 740 1816 qui
779 1747 951 1801 Deum
981 1762 1166 1803 amare
1204 1748 1417 1803 noverit
1450 1749 1537 1804 vel
1571 1749 1784 1816 timere,

196 1845 257 1896 et
297 1838 416 1904 his,-
440 1837 533 1908 qui
567 1838 768 1893 subditi
807 1847 956 1906 sunt,
1003 1839 1432 1896 misericorditer
1474 1841 1783 1897 subvenire.

1891 630 2265 688 Promittimus
2290 627 2466 684 'etiam
2506 627 2652 700 quod
2684 633 2737 682 et
2759 633 3004 683 nostram
3044 627 3369 698 parvitatem
3406 625 3479 681 ad

1888 723 2221 780 voluntatem
2246 729 2486 778 vestram
2511 718 2817 776 faciendam
2853 727 3101 791 paratam
3143 719 3348 776 habere
3387 718 3484 776 de-

1888 814 2085 872 beatis.
2121 815 2266 872 Bene
2286 815 2482 871 valete.

2387 906 2720 964 EPISTOLA
2752 905 2993 964 XXXIV.

2179 1018 2246 1058 AD
2277 1017 2589 1059 LOTHARIUI
2623 1018 2828 1058 IMPERII
2857 1017 3190 1059 CONSORTEM.

1960 1092 2120 1150 Vivat
2153 1093 2416 1151 Dominus
2444 1110 2620 1162 meus,
2643 1095 2920 1166 piissimus
2946 1097 3243 1167 Augustus,
3277 1094 3332 1151 in
3357 1107 3483 1167 per-

1885 1194 2131 1258 petuum.

1962 1279 2228 1347 Quantam
2259 1294 2446 1336 curam
2468 1289 2524 1336 et
2563 1279 2978 1337 sollicitudinem
3001 1296 3130 1354 erga
3158 1274 3484 1356 magnitudia

1889 1385 2016 1426 nem
2040 1378 2279 1425 vestram
2323 1387 2443 1427 mea
2487 1372 2755 1442 pusillitas
2780 1380 2950 1444 gerat,
2976 1383 3084 1428 non
3118 1373 3274 1430 facile
3301 1369 3484 1430 verbis

1889 1463 2166 1534 explicare
2183 1463 2358 1522 valeo.
2393 1464 2658 1533 Quoniam
2684 1479 2837 1537 :eque
2862 1484 2962 1524 vos
2988 1480 3150 1539 atque
3173 1470 3481 1540 piissimum

1889 1560 2168 1618 dominum
2198 1576 2400 1628 meum,
2428 1569 2641 1633 patrem
2665 1575 2928 1632 vestrum,
2968 1580 3183 1636 semper
3212 1567 3399 1632 dilexi,
3424 1573 3484 1623 et

1889 1652 2172 1724 atqualiter
2195 1654 2384 1709 ambos
2429 1654 2606 1710 salvos
2636 1670 2757 1710 esse
2786 1656 2953 1723 volui,
2987 1665 3274 1728 postquam
3298 1675 3393 1714 vos
3422 1660 3479 1714 in

1889 1744 2204 1801 societatem
2241 1745 2476 1802 nominis
2500 1755 2556 1802 et
2585 1749 2760 1819 regni,
2792 1763 3064 1805 consensu
3109 1751 3274 1806 totius
3300 1751 3484 1822 populi

1892 1837 1996 1904 sui,
2025 1839 2340 1908 assumpsit,
2387 1853 2628 1909 memque
2655 1841 2912 1910 parvitati
2941 1843 3198 1913 praecepit
3220 1852 3280 1898 ut
3313 1843 3485 1899 vestri

196 1924 427 1984 Fratres
453 1942 581 1983 vero
608 1927 781 1983 nostri
808 1929 995 1999 tuique
1024 1928 1323 1985 fidelissimi
1349 1946 1418 1986 ex
1455 1931 1789 1987 monasterio
1815 1929 1864 1989 B
1892 1943 2079 1985 curam
2127 1945 2394 2002 gererem,
2425 1946 2489 1986 ac
2522 1947 2621 1986 vos
2665 1933 2732 1986 de
2761 1933 3005 1988 moribus
3035 1935 3395 2005 corrigendis,
3426 1943 3483 1990 et

195 2016 265 2074 Ν.
310 2017 483 2075 frater
513 2019 735 2090 quidam
754 2021 784 2060 ι)
812 2021 958 2075 inter
986 2036 1079 2078 eos
1098 2062 1114 2089 ,
1154 2023 1462 2095 proximum
1487 2023 1652 2091 mihi,
1685 2024 1789 2081 sibi

193 2123 435 2182 praeesse
467 2118 827 2182 Voptaverunt,
875 2110 1131 2182 juvenem
1192 2114 1411 2185 quidem
1467 2122 1648 2182 mtate,
1695 2117 1791 2172 sed

195 2207 475 2272 moribus,
523 2214 585 2260 ut
625 2215 792 2278 puto,
836 2223 1058 2275 senem;
1105 2208 1261 2280 cujus
1287 2205 1618 2282 'progcniem
1652 2212 1792 2267 bene

197 2301 371 2366 nosti,
402 2310 425 2339 ο
461 2299 605 2356 filius
646 2300 712 2355 N.
764 2301 935 2357 frater
983 2301 1049 2357 N.
1090 2311 1145 2358 et
1184 2302 1477 2359 multorum
1527 2302 1791 2360 nobilium

195 2393 502 2463 proximus.
533 2393 706 2461 Quem
743 2393 1148 2451 Wormatiamd
1177 2395 1495 2452 direxerunt
1514 2406 1589 2465 et,
1615 2399 1792 2454 adhuc

193 2484 413 2540 vivente
437 2499 545 2552 me,
583 2485 710 2540 dum
739 2484 804 2540 N.
838 2502 925 2542 me
964 2487 1188 2544 visitare
1218 2488 1469 2560 dignatus
1506 2498 1610 2555 est,
1650 2505 1792 2561 prze-

196 2584 412 2631 sentem
453 2577 989 2635 commendaverunt.
1029 2579 1132 2647 Qui
1169 2581 1326 2636 valde
1354 2589 1409 2637 et
1445 2597 1571 2637 cum
1607 2582 1792 2638 multis

195 2666 493 2738 lacrymis",
524 2667 658 2722 mihi
682 2667 768 2722 vel
800 2669 1119 2740 propinquis
1153 2670 1310 2736 meis,
1339 2671 1586 2728 adstante
1607 2671 1672 2727 N.
1700 2688 1794 2729 co-

195 2759 366 2827 mite,
415 2761 780 2831 promisit.....
818 2772 842 2801 θ
872 2760 939 2816 Ν.
983 2763 1237 2834 precibus
1265 2763 1574 2836 compulsus
1603 2767 1795 2822 annuit

195 2853 365 2924 quod,
412 2854 456 2908 si
493 2855 636 2925 apud
679 2853 852 2909 Deum
897 2853 1100 2911 factum
1138 2856 1229 2924 sit,
1282 2857 1459 2928 ipsum
1506 2857 1626 2914 loco
1670 2871 1792 2913 meo

192 2950 502 3015 Optassent.
539 2943 1024 3012 Undememento',
1071 2945 1402 3015 dulcissime,
1435 2956 1494 3003 ut
1532 2949 1637 3005 hoc
1681 2962 1791 3003 non

197 3035 519 3106 differatur,
567 3039 662 3095 sed
706 3047 768 3094 ut
810 3038 905 3095 ﬁat
939 3041 1176 3098 maxime
1232 3042 1430 3099 adhibe
1484 3052 1785 3099 certamen.

194 3129 358 3186 Mitto
399 3131 620 3202 pallium
646 3148 836 3200 unum,
886 3147 1048 3205 quem
1081 3134 1102 3172 τ
1151 3150 1282 3207 rogo
1325 3135 1588 3193 fratribus
1628 3137 1695 3192 ad
1728 3135 1787 3192 S.

195 3222 515 3278 Servatium
546 3223 665 3279 dari
701 3223 918 3293 jubeas,
957 3233 1019 3279 ut
1056 3226 1161 3281 mei
1200 3227 1532 3283 mentionem
1560 3227 1783 3286 faciant.

1893 2021 2137 2078 honestis
2168 2031 2329 2094 atque
2352 2022 2570 2078 utilibus
2617 2025 2910 2091 sectandis,
2957 2025 3144 2082 sedulo
3169 2041 3486 2081 commone-

1893 2127 2027 2169 rem.
2066 2111 2174 2170 Sed
2214 2113 2341 2169 licet
2383 2115 2438 2170 in
2482 2114 2567 2170 his
2602 2131 2780 2171 meam
2819 2131 3062 2187 operam,
3110 2119 3290 2174 minus
3315 2134 3483 2189 quam

1894 2205 2096 2272 debuit,
2135 2205 2323 2260 utilem
2360 2207 2514 2262 vobis
2559 2207 2680 2263 sitis
2727 2211 2960 2280 experti,
3013 2219 3193 2266 tamen
3236 2212 3488 2268 voluntas

1895 2297 2066 2354 fidelis
2092 2314 2202 2354 non
2226 2298 2416 2367 defuit,
2446 2315 2549 2355 nec
2593 2301 2770 2357 adhuc
2795 2302 3014 2372 quidem
3049 2303 3218 2371 deest,
3247 2319 3370 2374 qua:
3397 2319 3488 2362 me

1893 2399 2076 2446 tacere
2105 2407 2215 2446 non
2261 2392 2568 2462 permittit;
2620 2395 2752 2463 quin
2791 2394 2972 2464 potius
3015 2395 3162 2466 cogit
3198 2403 3260 2449 ut
3291 2410 3390 2452 vos
3418 2395 3488 2452 de

1891 2489 2073 2538 vestra
2101 2492 2240 2537 8.....
2275 2491 2582 2554 cognoscat,
2615 2485 2759 2554 quod
2807 2486 3027 2556 quidam
3073 2487 3342 2553 homines,
3387 2501 3487 2543 sua

1891 2575 2074 2647 potius
2099 2590 2260 2646 quam
2291 2585 2474 2632 vestra
2502 2579 2784 2634 commoda
2814 2588 3140 2649 quaerentes,
3171 2589 3485 2636 mansuetu-

1895 2666 2075 2722 dinem
2117 2675 2354 2722 vestram
2397 2667 2710 2735 sollicitent,
2747 2661 3008 2738 vobisque
3035 2671 3364 2739 persuadere
3393 2687 3487 2728 co-

1894 2765 2093 2812 nentur
2115 2764 2196 2824 ut,
2223 2757 2526 2828 postposito
2565 2765 2791 2828 paterno
2817 2757 3066 2825 consilio,
3096 2768 3151 2815 et
3175 2761 3485 2818 obedientia

1894 2845 2076 2903 debita
2116 2849 2392 2916 derelicta,
2434 2849 2633 2916 locum,
2678 2850 2833 2906 vobis
2879 2851 2950 2906 ad
2985 2853 3279 2923 regendum
3323 2863 3489 2926 atque

1894 2939 2308 2996 custodiendum
2348 2956 2379 2996 a
2427 2940 2675 3012 piissimo
2720 2941 2965 3013 genitore
3007 2951 3189 3000 vestro
3232 2945 3490 3003 commis-

1893 3047 2038 3100 sum,
2069 3031 2372 3100 dimittatis,
2415 3041 2470 3088 et
2500 3032 2568 3088 ad
2614 3033 2785 3100 illum,
2818 3026 2946 3106 ipso
2984 3035 3174 3103 invito,
3224 3045 3282 3092 et
3308 3053 3487 3108 neque

1895 3124 2112 3180 volente
2139 3139 2315 3195 neque
2338 3121 2584 3193 jubente,
2613 3125 2948 3191 veniatis,.et
2967 3127 3107 3197 apud
3133 3143 3277 3194 eum,
3303 3145 3490 3198 quam-

1894 3216 1983 3273 vis
2008 3215 2086 3271 illi
2127 3232 2234 3272 non
2263 3215 2496 3286 placeat,
2541 3217 2930 3287 permaneatis.
2964 3218 3082 3285 Quo
3112 3220 3240 3289 quid
3266 3235 3490 3292 perver-

197 3311 343 3368 Tum
383 3313 633 3368 charitali
674 3287 882 3370 mulum
905 3287 1106 3372 Vmeum
1139 3317 1257 3372 dari
1300 3319 1554 3389 praecepi.
1596 3319 1786 3388 Imma,
1819 3287 1863 3350 (ἶ
1897 3310 2010 3366 sius
2030 3309 2118 3366 vel
2148 3310 2486 3366 indecentius
2523 3309 2819 3382 excogitari
2848 3313 3061 3380 potest!
3095 3287 3285 3370 Videte
3310 3315 3489 3386 qualis

195 3420 367 3461 soror
386 3405 749 3473 dilectissima,
777 3407 863 3464 his
891 3417 1009 3465 esto
1034 3407 1291 3479 adjutrix,
1323 3411 1529 3482 tibique
1551 3413 1789 3469 animam

193 3496 554 3551 commendo!
583 3496 702 3553 Jam
726 3499 884 3569 plura
906 3500 1053 3573 loqui
1085 3503 1333 3573 angustia
1362 3520 1468 3560 non
1498 3505 1786 3576 permittit,

193 3595 443 3643 attamen
463 3589 702 3647 animam
728 3607 907 3649 meam
931 3593 1130 3650 iterum
1153 3596 1404 3667 precibus
1417 3598 1616 3656 vestris
1639 3613 1791 3655 com-

194 3680 423 3737 uendo.

692 3779 1029 3838 EPISTOLA
1058 3781 1297 3840 XXXII].

273 3883 343 3922 AD
370 3884 425 3924 Ν.
466 3883 706 3927 (20111⁸1511
733 3888 803 3928 ΕΤ
833 3890 888 3929 Ν.
919 3890 1161 3942 JUDICEII,
1197 3891 1381 3934 MISSOS
1409 3892 1716 3948 DOIINICOS.

270 3961 493 4020 Dilectis
521 3965 577 4020 in
621 3964 837 4024 Christo
879 3967 1140 4026 fratribus
1167 3978 1224 4026 et
1244 3972 1457 4040 amicis,
1485 3971 1552 4028 Ν.
1581 3972 1786 4042 comiti,

192 4051 270 4110 Ν.
325 4053 492 4123 judici
520 4098 536 4124 ,
597 4057 846 4129 gloriosis
904 4061 1087 4117 missis
1150 4063 1332 4119 domni
1397 4063 1744 4135 imperatoris
1769 4106 1786 4132 ,

194 4146 549 4218 Eginhardus
577 4151 631 4206 in
655 4151 884 4209 Domino
908 4153 1154 4210 salutem.

275 4239 538 4297 Homines
580 4243 788 4312 nostri,
821 4245 913 4315 qui
941 4246 1008 4301 de
1049 4246 1168 4302 istis
1206 4247 1450 4318 partibus
1475 4248 1545 4305 ad
1569 4264 1670 4307 nos
1699 4264 1793 4307 ve-

195 4330 382 4397 niunt,
416 4332 592 4389 solent
619 4335 777 4391 nobis
809 4352 1034 4394 narrare
1063 4339 1128 4394 de
1162 4341 1304 4396 bona
1345 4341 1620 4398 voluntate
1645 4350 1702 4399 et
1726 4343 1793 4398 de

195 4421 541 4494 benignitate
585 4434 769 4481 vestra
802 4443 930 4500 erga
978 4443 1077 4484 nos
1102 4471 1118 4497 ,
1154 4429 1210 4484 in
1241 4445 1307 4486 eo
1356 4433 1501 4502 quod
1544 4433 1793 4489 homines

190 4525 419 4571 nostros
446 4517 709 4585 servatis',
741 4528 798 4575 et
823 4521 904 4577 eis
927 4522 1152 4592 parcitis
1193 4523 1250 4578 in
1278 4525 1641 4598 qualicunque
1671 4526 1790 4582 loco

189 4606 306 4662 illis
360 4623 583 4679 parcere
626 4611 871 4682 potestis,
898 4618 1027 4682 {tam
1074 4615 1130 4670 in
1173 4617 1490 4675 heribannis
1536 4634 1700 4689 quam
1732 4620 1787 4676 in

189 4700 322 4754 aliis
374 4703 552 4758 causis
597 4705 665 4760 ad
709 4713 949 4762 vestrum
991 4709 1325 4766 missaticum
1370 4713 1786 4783 pertinentibus.

193 4792 356 4849 Unde
382 4795 536 4852 vobis
553 4839 568 4864 ,
609 4805 671 4852 ut
700 4799 919 4871 dignum
944 4810 1048 4869 est,
1076 4819 1302 4876 magnas
1332 4805 1544 4877 agimus
1569 4809 1790 4880 gratias,

189 4886 481 4959 Deumque
522 4906 778 4963 rogamus
807 4901 863 4949 et
888 4902 1107 4954 sanctos
1135 4895 1251 4966 ejus
1277 4907 1338 4954 ut
1375 4899 1530 4956 vobis
1566 4916 1673 4957 non
1707 4917 1795 4959 so-

184 4977 311 5037 lum
332 4982 445 5052 hic,
481 4984 537 5039 in
561 4987 815 5056 praesenti
842 4987 974 5054 vita,
1019 4988 1112 5045 sed
1141 4989 1306 5046 etiam
1335 4990 1390 5045 in
1430 4989 1633 5060 futura,
1665 5007 1796 5050 con-

269 5149 299 5179 ι
326 5137 422 5194 Sic
449 5139 614 5196 habet
639 5141 840 5208 codex;
870 5150 926 5198 at
950 5141 1138 5199 Teulet
1157 5143 1630 5202 mendam‘codicis
1657 5161 1784 5204 cor-

185 5209 357 5283 rexit
370 5210 600 5283 edendo,
622 5214 921 5283 quemdam.

269 5281 299 5320 δ
338 5279 650 5338 Mendosum
672 5284 913 5340 codicem
940 5301 1048 5340 non
1073 5295 1290 5342 secutus
1310 5294 1396 5341 est
1420 5286 1484 5341 D.
1510 5287 1700 5342 Teulet
1731 5296 1787 5344 et

187 5351 611 5478 (sedignfratrem
632 5355 912 5425 quemdam
939 5364 1063 5426 post
1082 5356 1469 5425 Mabillonium,
1494 5357 1635 5413 Ann.
1662 5359 1781 5414 ord.

244 5461 261 5475 .
295 5437 429 5476 ben.

271 5502 297 5572 ξ
331 5492 496 5572 addit
520 5494 891 5572 Teule_t__modo
919 5499 1284 5572 paraphrasis,
1321 5510 1397 5555 est
1427 5501 1586 5556 enim.

265 5561 298 5605 ει
339 5563 502 5647 Idem.
519 5575 644 5647 post
676 5561 1069 5638 Wormatiam,‘
1091 5572 1235 5630 inter
1261 5561 1432 5629 uncos
1457 5572 1628 5640 addit,
1673 5572 1787 5644 fra-

184 5643 303 5694 tres
333 5639 502 5708 nostri
523 5639 722 5708 tuique.

275 5718 302 5747 θ
331 5705 465 5794 Dost
492 5705 689 5778 puncta
709 5727 916 5794 quoque
948 5713 1126 5794 edidit
1148 5713 1338 5794 Teulet
1358 5755 1373 5780 ,
1402 5713 1588 5794 dicens
1611 5715 1666 5769 in
1690 5730 1788 5770 no-

186 5777 314 5856 tula
340 5777 694 5856 hanc’vo‘cem
722 5777 779 5856 in
801 5777 985 5856 codice
1003 5785 1256 5856 distincte
1279 5777 1582 5856 legendam,
1599 5802 1788 5856 quam-

186 5850 283 5904 vis
329 5849 430 5925 ab__
448 5851 608 5908 editis
645 5853 922 5925 omissam.
955 5854 1063 5910 Sed
1101 5849 1514 5925 verbum'quod
1538 5849 1787 5925 proxime

184 5920 460 5997 praecedit
484 5922 944 5993 perspicaciorum
991 5925 1272 5986 oculorum
1317 5920 1489 5984 aciem
1518 5920 1782 5996 praeterit.

566 6017 845 6081 PATBOL.
893 6011 1050 6080 CIV.

1814 4659 1868 4721 D

1894 3403 1985 3470 sit,
2012 3410 2068 3459 et
2092 3412 2354 3474 quantum
2385 3403 2511 3458 mali
2541 3403 2740 3460 habeat
2785 3404 2889 3460 ista
2936 3406 3238 3477 persuasio.
3285 3407 3344 3462 In
3374 3409 3489 3479 pri-

1895 3495 2001 3550 mis
2047 3493 2335 3565 siquidem,
2365 3502 2426 3548 ut
2473 3509 2608 3550 meae
2637 3494 2920 3564 pusillitati
2963 3495 3198 3564 videtur,
3231 3498 3485 3554 hortatur

1893 3602 1991 3644 vos
2024 3595 2085 3642 ut
2109 3587 2206 3642 Dei
2235 3594 2588 3658 praeceptum,
2615 3603 2724 3658 quo
2767 3589 3085 3660 parentibus
3130 3591 3305 3646 honor
3332 3591 3488 3646 exhi-

1891 3681 2011 3738 beri
2053 3680 2290 3752 jubctur,
2320 3681 2476 3753 parvi
2513 3682 2785 3754 pendatis,
2827 3695 2882 3740 et
2911 3683 3327 3756 longacvitatem,
3361 3701 3483 3755 qua:

1891 3789 1993 3845 pro
2016 3774 2454 3830 remuneratione
2503 3776 2813 3831 conservati
2856 3776 3095 3832 mandati
3122 3778 3485 3847 promittitur,

1891 3882 1993 3939 pro
2023 3867 2193 3922 nihilo
2227 3867 2476 3922 habeatis
2527 3886 2540 3921 :
2585 3867 2780 3923 deinde
2803 3875 2882 3932 ut,
2915 3867 3122 3936 abjecta
3152 3869 3481 3938 obedientia,

1894 3958 2315 4016 inobedientiam
2357 3974 2459 4030 pro
2506 3959 2596 4014 illa
2639 3960 2953 4026 assumatis,
2996 3969 3052 4016 et
3095 3969 3283 4017 contra
3335 3979 3484 4032 eum,

1893 4053 1995 4108 sub
2049 4068 2156 4123 quo
2190 4051 2581 4121 subjectionem
2625 4053 2902 4110 humiliter
2943 4069 3040 4111 vos
3079 4071 3240 4127 agere
3283 4055 3488 4114 debue-

1892 4142 2048 4211 ratis,
2093 4160 2191 4215 per
2226 4142 2518 4199 elationem
2547 4143 2942 4200 contumaciter
2975 4144 3236 4216 erigatis:
3286 4157 3400 4203 tum
3427 4157 3489 4203 ut

1891 4253 1992 4310 per
2034 4245 2402 4308 contemptum
2437 4246 2492 4293 et
2531 4237 2953 4294 inobedientiam
2995 4241 3261 4297 charitate
3301 4243 3490 4312 depul-

1893 4345 1975 4398 sa,
2006 4331 2294 4398 discordia,
2333 4347 2454 4402 quae
2480 4347 2756 4404 nunquam
2781 4333 2926 4389 inter
2963 4350 3062 4390 vos
3090 4335 3177 4389 vel
3205 4335 3484 4391 nominari

1895 4423 2093 4489 debuit,
2143 4425 2199 4480 in
2247 4432 2455 4480 tantum
2504 4436 2806 4495 excrescat,
2858 4435 2938 4493 ut,
2971 4428 3115 4485 inter
3150 4444 3288 4499 quos
3334 4444 3490 4485 amor

1894 4531 2014 4572 esse
2042 4516 2248 4582 debuit,
2272 4516 2456 4572 odium
2485 4526 2774 4573 enascatur
2802 4535 2815 4571 :
2849 4519 2994 4588 quod
3019 4533 3088 4573 ne
3126 4518 3311 4573 veniat
3339 4534 3489 4572 sum-

1895 4626 2116 4683 mopere
2148 4611 2445 4667 cavendum
2483 4620 2585 4668 est.
2638 4610 2811 4668 Credo
2842 4612 2986 4668 enim
3028 4611 3370 4683 prudentiam
3397 4627 3491 4667 ve-

1895 4713 2065 4762 stram
2117 4705 2297 4760 minus
2342 4704 2532 4772 latere,
2591 4712 2792 4775 quanta
2836 4703 3166 4759 abominatio
3205 4703 3288 4758 .sit
3342 4705 3485 4774 apud

1897 4798 2070 4854 Deum
2095 4797 2238 4852 filius
2264 4805 2553 4854 contumax
2574 4805 2628 4852 et
2654 4795 2973 4877 parentibus
2999 4795 3329 4860 inobediens,
3359 4812 3484 4852 cum
3576 4848 3579 4852 ,

1897 4906 2024 4948 eum
2067 4890 2232 4957 Deus,
2279 4890 2422 4946 sicut
2452 4890 2506 4944 in
2553 4887 2974 4944 Deuteronomio
3014 4885 3192 4957 legere
3234 4889 3484 4958 potestis,

1896 4997 1995 5053 per
2020 4980 2242 5053 Moysen
2268 4981 2337 5036 ab
2370 4979 2517 5036 omni
2539 4978 2737 5051 populo
2775 4976 3001 5048 lapidari
3037 4978 3314 5048 prmcepit.
3344 4978 3487 5047 Qua-

1971 5139 1993 5218 f
2014 5139 2112 5218 _Sic
2139 5139 2344 5218 codex;
2383 5145 2440 5218 at
2459 5133 2826 5218 Teulet‘gaod
2853 5142 2977 5204 post
3100 5134 3485 5207 Bouquetium,

1896 5211 1988 5284 qui
2013 5212 2069 5284 in
2096 5218 2247 5266 textu
2276 5209 2561 5284 lectionem
2587 5206 2790 5284 codicis
2829 5206 3082 5284 servavit.

1969 5286 1994 5323 8
2040 5282 2170 5336 Post
2208 5281 2375 5336 verba
2423 5288 2479 5332 ut
2526 5293 2613 5332 vos
2656 5276 2720 5332 de
2763 5284 2956 5342 vestra,
3003 5277 3252 5334 dominus
3294 5281 3485 5337 Teulet

1895 5369 1964 5411 ex
1990 5353 2176 5408 codice
2222 5349 2512 5407 recentiori
2544 5348 2747 5404 addidit
2793 5346 2906 5403 fere
2951 5356 3063 5404 tres
3109 5349 3282 5406 lineas
3321 5353 3486 5408 editis

1895 5426 2002 5481 huc
2024 5438 2195 5494 usque
2220 5421 2522 5494 incognitas
2549 5427 2606 5473 et
2632 5434 2753 5494 (ρπβ
2776 5433 2995 5494 sensum
3020 5421 3334 5494 a‘dimplent.
3365 5421 3484 5478 Non

1893 5511 2034 5568 aegre
2062 5490 2218 5568 feret
2261 5490 2606 5568 doctissimus
2652 5490 2946 5568 Eginhardi
2995 5490 3263 5568 editor—si
3279 5493 3333 5547 in
3355 5503 3484 5550 nota

1888 5561 2034 5622 hinc
2060 5566 2236 5620 locum
2265 5571 2427 5634 prout
2449 5562 2518 5617 ab
2545 5561 2637 5634 il_lo
2664 5561 2948 5634 restitutus
2973 5571 3076 5634 est,
3121 5563 3482 5634 exhibemus;

1889 5653 2019 5708 ergo
2071 5637 2145 5690 ita
2195 5631 2467 5708 se'habet
2492 5651 2505 5686 :
2534 5631 2704 5708 “Cogit
2744 5640 2802 5708 ut
2835 5647 2922 5708 vos
2965 5632 3030 5687 de
3077 5642 3244 5688 vestra
3292 5633 3486 5706 [salute

1890 5702 2247 5762 commoneam
2281 5714 2329 5758 et
2357 5704 2412 5758 in
2457 5702 2646 5775 quibus
2688 5702 2980 5775 periculum
3025 5713 3252 5775 vestrum
3292 5702 3486 5775 cavere

1891 5779 2120 5832 debeatis
2169 5775 2389 5831 breviter
2435 5773 2695 5846 aperiam.
2747 5773 3051 5846 Pervenisse
3090 5774 3160 5828 ad
3201 5774 3482 5844 parvitatis

1889 5867 2018 5908 mea
2042 5847 2283 5905 notitiam
2313 5841 2622 5919 magnitudo
2648 5841 2845 5917 vestra]
2875 5853 3174 5916 cognoscat,
3201 5841 3308 5900 etc.

3009 6004 3084 6064 17
