3960 6346
179 372 296 439 825

1639 370 2024 438 EPISTOLE.

3351 377 3458 446 326

253 495 581 555 Audivimus
618 494 1014 554 tribulationem
1057 505 1319 566 vestram,
1351 506 1405 555 et
1429 497 1773 556 multimodas
1799 503 1853 565 Α
1876 496 2147 569 gnabitur.
2191 493 2327 552 Nam
2371 509 2495 554 cum
2528 492 2762 570 primum
2805 501 3052 573 equitare
3095 514 3344 577 potuero,
3373 509 3460 566 vel

177 592 489 665 angustias,
554 607 691 662 quas
746 591 993 662 patimini
1043 608 1142 662 per
1192 591 1574 649 crudelitatem
1626 593 1771 664 regis

174 688 581 752 Abdirhaman,
617 685 709 756 qui
766 701 862 742 vos
911 699 1009 758 per
1051 687 1273 742 nimiam
1300 687 1649 760 cupiditatem
1687 702 1773 742 re-

175 799 306 839 rum
356 791 685 846 vestrarum,
726 795 863 851 quas
915 782 1069 837 vobis
1125 780 1340 837 auferre
1394 789 1621 837 conatus
1666 788 1769 848 est,

174 876 483 948 sepissime
510 875 777 932 violenter
811 874 1101 946 oppressit.
1135 873 1290 930 Sicut
1341 881 1396 929 et
1424 883 1634 945 patrem
1657 871 1774 941 ejus

175 967 386 1026 Abolaz
421 967 618 1024 fecisse
638 967 1026 1037 comperimus,
1068 966 1162 1036 qui
1199 963 1416 1035 iniustis
1455 965 1770 1035 superposi-

176 1062 424 1117 tionibus
465 1074 711 1125 censum,
765 1057 918 1128 cujus
965 1059 1241 1114 debitores
1289 1074 1396 1113 non
1445 1056 1636 1121 eratis,
1668 1055 1770 1111 sibi

175 1153 397 1210 solvere
422 1152 670 1224 cogehat,
704 1161 759 1206 et
779 1160 1001 1222 propter
1026 1151 1132 1206 hoc
1157 1151 1222 1206 de
1267 1151 1458 1206 amicis
1499 1149 1769 1213 inimicos,

173 1244 329 1300 etde
369 1243 746 1299 obedientihus
777 1242 883 1298 sibi
918 1242 1222 1298 contrarios
1246 1249 1405 1312 atque
1454 1239 1769 1296 inobedicn-

177 1345 284 1400 tes,
339 1333 628 1400 eli‘ecerat;
667 1334 793 1404 quia
842 1342 898 1389 et
941 1333 1248 1389 libertatem
1295 1332 1449 1388 vobis
1482 1331 1692 1396 tollere,
1719 1338 1774 1385 et

177 1428 402 1498 iniustis
433 1426 691 1482 censibus
715 1442 782 1482 ac
811 1427 1033 1482 tributis
1060 1442 1159 1482 vos
1203 1441 1433 1482 onerare
1481 1433 1642 1495 atque
1672 1425 1772 1478 hu-

176 1521 396 1577 miliare
415 1519 635 1576 molitus
669 1527 774 1576 est.
806 1519 934 1584 Sed,
965 1528 1027 1575 ut
1050 1519 1374 1586 audivimus,
1408 1533 1505 1574 vos
1534 1531 1766 1587 semper,

177 1612 329 1668 sicut
357 1612 457 1666 viri
486 1611 674 1676 fortes,
729 1609 976 1679 injurias,
1033 1611 1102 1666 ab
1142 1610 1342 1680 iniquis
1377 1609 1592 1680 regibus
1620 1607 1773 1664 vobis

176 1703 390 1768 illatas,
419 1704 630 1758 fortiter
654 1703 950 1773 repulistis,
979 1711 1036 1758 et
1059 1702 1366 1758 crudelitati
1394 1711 1555 1772 atque
1603 1701 1772 1757 avidi-

177 1794 289 1850 tati
327 1809 510 1849 eorum
547 1793 776 1848 viriliter
816 1793 1112 1848 restitistis.
1165 1791 1317 1860 Quod
1363 1803 1419 1846 et
1464 1809 1559 1847 vos
1610 1792 1768 1847 modo

173 1884 368 1943 facere
426 1885 717 1942 multorum
766 1885 1029 1942 relatione
1083 1884 1389 1940 didicimus.
1436 1883 1772 1956 Quapropter

177 1977 511 2049 complacuit
534 1977 689 2034 nobis
715 1977 784 2032 ad
803 1991 902 2032 vos
925 1976 1026 2031 has
1051 1976 1261 2032 litteras
1288 1976 1540 2048 dirigere,
1567 1991 1772 2048 vosque

179 2068 451 2124 consolari
479 2076 640 2138 atque
669 2067 944 2123 exhortari
979 2075 1038 2120 ut
1059 2067 1114 2121 in
1142 2080 1237 2133 ea,
1271 2082 1376 2138 qua
1421 2066 1683 2134 coepistis,
1707 2067 1773 2123 li-

175 2161 414 2218 bertatis
437 2173 633 2217 vesme
658 2158 971 2216 defensione
999 2167 1191 2214 contra
1219 2159 1658 2214 crudelissimum
1683 2175 1772 2215 re-

177 2270 306 2328 gem
364 2254 747 2326 perseveretis,
797 2261 855 2309 et
914 2251 1087 2308 furori
1149 2261 1312 2323 atque
1357 2253 1576 2309 saevitiae
1607 2252 1768 2321 illius,

179 2345 376 2420 [sicut]
410 2346 674 2402 hactenus
726 2342 952 2411 fecistis,
1007 2343 1199 2400 cedere
1225 2359 1334 2398 non
1363 2344 1675 2415 dignemini.
1705 2345 1772 2399 Et

177 2441 311 2511 quia
341 2439 484 2495 idem
532 2454 630 2493 rex
663 2437 1000 2493 certissimus
1046 2435 1390 2492 adversarius
1418 2444 1473 2491 et
1519 2435 1772 2492 inimicus

180 2542 296 2588 tam
339 2540 524 2588 noster
579 2545 742 2600 quam
769 2536 824 2584 et
867 2538 1049 2585 vester
1074 2536 1176 2594 est,
1216 2527 1491 2584 communi
1541 2527 1770 2584 consilio

178 2632 372 2681 contra
437 2621 701 2678 saevitiam
755 2619 874 2689 ejus
923 2619 1259 2676 dimicemus.
1319 2618 1579 2674 Volumus
1600 2619 1769 2686 enim,

178 2733 309 2775 cum
366 2716 463 2773 Dei
513 2714 898 2786 omnipotentis
955 2713 1244 2785 adiutorio,
1284 2713 1532 2782 proxima
1581 2721 1771 2769 testate

177 2812 487 2870 exercitum
527 2818 773 2865 nostrum
798 2808 866 2864 ad
916 2823 1158 2863 marcam
1208 2818 1448 2864 vestram
1474 2819 1500 2848 ι
1532 2807 1768 2874 mittere,

178 2910 246 2961 ut
268 2903 346 2959 ibi
373 2910 708 2974 praeparatus
736 2900 921 2956 sedeat
947 2908 1003 2956 et
1020 2907 1299 2970 exspectet
1312 2899 1484 2955 donec
1505 2914 1604 2954 vos
1624 2913 1773 2954 man-

179 2999 329 3057 detis
360 2997 574 3069 quando
597 3010 919 3067 promovere
953 2995 1167 3061 debeat,
1196 2994 1240 3050 si
1270 2995 1343 3049 ita
1380 2993 1534 3049 vobis
1567 2994 1769 3048 bonum

175 3095 362 3149 visum
410 3089 590 3155 fuerit,
651 3096 711 3144 ut
756 3095 980 3159 propter
1021 3102 1118 3144 vos
1143 3085 1471 3156 adiuvandas
1518 3084 1768 3140 eumdem

175 3188 487 3244 exercitum
530 3195 720 3241 contra
751 3198 1067 3240 communes
1108 3182 1358 3238 inimicos
1412 3187 1647 3245 nostros,
1675 3179 1767 3249 qui

1875 592 1942 646 ad
1979 606 2096 657 vos,
2127 590 2213 646 vel
2242 592 2310 647 ad
2352 592 2609 647 domnum
2650 592 3034 662 imperatorem
3077 600 3261 654 venire
3308 599 3462 658 festi-

1874 683 2018 738 nabo
2047 701 2059 736 :
2091 691 2272 738 utrum
2301 684 2458 740 vobis
2496 683 2762 756 placuerit
2804 695 2864 740 ut
2901 685 3123 742 faciam.
3166 689 3321 746 Nunc
3360 694 3460 749 hu-

1873 773 2072 828 militer
2111 775 2372 844 deprecor
2401 774 2660 844 pietatem
2688 783 2926 830 vestram
2954 785 3014 832 ut
3051 793 3138 834 me
3179 783 3319 850 apud
3359 786 3462 839 mi-

1873 869 2361 926 sericordissimum
2413 871 2690 927 dominum
2744 887 2966 939 meum,
3022 888 3147 928 cum
3194 873 3261 928 ad
3312 872 3462 928 illum

1874 961 2154 1028 veneritis,
2177 978 2439 1018 excusare
2465 964 2759 1036 dignemini
2783 962 2850 1018 de
2879 979 2944 1019 eo
2967 963 3112 1035 quod
3139 961 3208 1019 ad
3235 979 3329 1019 vos
3354 953 3461 1036 non

1873 1055 2017 1111 veni.
2058 1056 2200 1110 Deus
2228 1055 2384 1112 testis
2405 1065 2488 1112 est
2513 1056 2656 1126 quod
2682 1057 2748 1111 de
2772 1055 3082 1112 valetudine
3107 1071 3228 1112 mea
3259 1055 3462 1111 nullam

1873 1146 2166 1203 falsitatem
2189 1149 2342 1205 vobis
2366 1150 2558 1221 scripsi
2582 1165 2596 1204 :
2620 1157 2809 1208 etnon
2832 1151 3006 1212 solum
3033 1149 3158 1217 hoc,
3181 1151 3274 1206 sed
3298 1151 3461 1207 etiam

1873 1237 2016 1306 quod
2046 1237 2216 1293 multo
2241 1240 2488 1310 graviora
2531 1247 2656 1295 sunt
2681 1239 2788 1294 alia
2814 1241 3061 1311 quaedam
3093 1241 3459 1310 incommoda,

1874 1343 1994 1398 qua:
2024 1329 2202 1399 patior
2239 1329 2290 1384 in
2321 1331 2661 1402 memetipso,
2694 1332 2760 1386 de
2788 1332 3004 1403 quibus,
3035 1332 3140 1388 nisi
3180 1349 3302 1390 cum
3329 1333 3464 1392 lide-

1872 1417 2099 1484 lissimo,
2131 1419 2334 1473 nullam
2363 1436 2580 1490 possum
2615 1422 2818 1477 habere
2846 1406 3195 1480 locutionem.
3229 1423 3344 1482 Hoc
3374 1435 3460 1483 ta-

1873 1526 1997 1566 men
2028 1511 2222 1568 scitote
2249 1513 2393 1584 quod
2423 1514 2686 1586 majorem
2710 1515 2864 1572 vobis
2891 1533 3075 1574 coram
3105 1518 3215 1576 Deo
3246 1537 3460 1579 merce-

1871 1602 1995 1658 dem
2042 1604 2098 1658 in
2139 1606 2392 1675 praesenti
2439 1607 2723 1677 acquirere
2762 1624 2871 1666 non
2911 1612 3163 1682 potestis,
3205 1629 3370 1685 quam
3414 1618 3461 1673 si

1871 1695 2162 1752 effeceritis
2206 1707 2265 1752 ut
2314 1699 2447 1754 mihi
2497 1699 2659 1756 liceat
2706 1702 2776 1757 ad
2818 1704 3100 1760 servitium
3147 1717 3460 1764 sanctorum

1872 1785 2073 1842 Christi
2104 1798 2428 1862 martyrum,
2467 1806 2591 1846 cum
2634 1792 2870 1862 primum
2903 1795 3145 1864 valuero,
3177 1797 3457 1857 festinare.

1798 1865 1846 1926 Β
1872 1881 2100 1939 Possum
2127 1885 2269 1940 enim
2297 1885 2424 1942 illuc
2454 1886 2510 1941 in
2536 1887 2843 1958 quindecim
2869 1889 3059 1947 diebus
3083 1893 3150 1948 de
3179 1904 3368 1950 sancto
3392 1895 3456 1952 N.

1875 1977 2174 2046 navigando
2222 1977 2528 2048 pervenire.
2584 1978 2644 2034 Si
2694 1995 2782 2035 me
2826 1981 3168 2038 imbecillitas
3216 1986 3461 2057 corporis

1872 2081 1982 2121 non
2009 2067 2310 2138 impediret,
2341 2085 2449 2125 non
2473 2070 2570 2125 has
2595 2069 2807 2127 litteras
2835 2073 3128 2142 mitterem,
3158 2077 3252 2132 sed
3278 2078 3460 2148 potius

1872 2155 1989 2225 ipse
2016 2158 2278 2224 venirem,
2309 2167 2364 2214 et
2395 2160 2449 2214 in
2478 2159 2562 2216 his
2592 2175 2712 2231 quae
2745 2162 2887 2232 apud
2913 2178 3011 2220 vos
3035 2161 3268 2236 aguntur
3296 2167 3458 2223 simul

1871 2247 2150 2305 vobiscum
2176 2265 2374 2307 essem.

2411 2342 2747 2400 EPISTOLA
2785 2345 2923 2402 XLI.

2499 2455 2568 2493 AD
2605 2455 2830 2495 AIICUM.

1943 2525 2117 2594 Nunc,
2146 2527 2200 2583 in
2229 2528 2440 2600 magnis
2477 2531 2744 2601 angustiis
2768 2532 2994 2600 positus,
3025 2548 3123 2590 oro
3155 2535 3461 2608 benignita-

1873 2627 1982 2676 tem
2009 2629 2266 2684 vestram,
2297 2629 2357 2675 ut
2385 2622 2526 2694 apud
2556 2623 2859 2694 piissimum
2893 2624 3170 2681 dominum
3199 2638 3254 2683 et
3287 2630 3460 2702 impe-

1873 2721 2112 2767 ratorem
2163 2720 2411 2768 nostrum
2461 2728 2560 2784 pro
2609 2729 2697 2770 me
2753 2714 3092 2773 intercedere
3141 2717 3455 2792 dignemini.

1871 2801 2007 2858 Nam
2033 2801 2200 2873 jussit
2246 2803 2380 2859 mihi
2424 2805 2632 2876 regina,
2674 2807 2891 2876 quando
2933 2807 3000 2862 de
3040 2807 3212 2879 Aquis
3240 2825 3460 2882 egressa

1871 2905 1983 2959 est,
2017 2897 2110 2966 qui
2141 2897 2298 2953 simul
2329 2913 2452 2952 cum
2479 2913 2542 2952 ea
2573 2898 2653 2952 ire
2681 2915 2789 2953 non
2827 2908 3104 2969 poteram,
3139 2912 3261 2972 post
3303 2920 3362 2959 se
3390 2907 3460 2961 ad

1871 2988 2262 3062 Compendium
2285 2990 2491 3046 venire.
2538 2988 2706 3061 Cujus
2745 2993 3029 3063 praeceptis
3053 2994 3458 3066 obtemperans,

1871 3096 1993 3137 cum
2021 3097 2216 3154 magna
2237 3081 2568 3148 ditlicultate,
2592 3084 2682 3137 vix
2708 3083 2762 3137 in
2788 3084 2976 3140 decem
3001 3087 3213 3156 diebus,
3240 3091 3362 3145 veni
3390 3092 3460 3148 ad

1871 3174 2237 3231 Valcntianas.
2280 3175 2439 3243 Inde,
2482 3177 2608 3246 quia
2650 3176 2674 3215 δ
2716 3176 2830 3245 jam
2866 3179 3110 3248 equitare
3153 3198 3259 3236 non
3291 3184 3458 3251 valui,

180 3277 244 3332 in
268 3291 453 3330 manca
482 3283 666 3330 nostra
695 3273 956 3339 resident,
1013 3271 1308 3343 dirigamus
1339 3289 1352 3324 :
1386 3271 1454 3326 ad
1481 3269 1582 3324 hoc
1609 3277 1689 3335 ut,
1719 3268 1765 3323 si
1793 3256 1837 3322 C
1869 3281 2039 3336 usque
2061 3267 2128 3320 ad
2156 3274 2402 3321 sanctum
2431 3264 2495 3320 N.
2523 3267 2790 3336 navigavi.
2820 3267 2955 3323 Nam
2981 3277 3036 3324 et
3061 3271 3225 3326 nimia
3249 3276 3459 3331 ventris

178 3365 574 3432 Abdirhaman,
610 3365 696 3420 vel
731 3365 1010 3422 exercitus
1053 3362 1188 3434 ejus,
1220 3370 1411 3420 contra
1459 3377 1558 3418 vos
1581 3361 1767 3416 venire

182 3455 446 3521 voluerit,
487 3456 573 3511 isti
602 3471 698 3526 per
718 3463 964 3510 nostrum
993 3453 1293 3510 exercitum
1317 3452 1686 3523 impediantur
1707 3459 1766 3506 ut

179 3549 263 3607 illi
290 3557 348 3604 et
373 3549 643 3605 exercitus
672 3548 700 3588 δ
732 3544 850 3615 ejus
875 3546 931 3603 in
959 3546 1284 3618 adiutorium
1329 3552 1520 3601 contra
1545 3559 1641 3600 vos
1677 3559 1769 3600 ve-

177 3642 307 3700 nire
332 3657 438 3696 non
473 3640 703 3696 valeant.
737 3638 871 3694 Nam
905 3647 1082 3695 certos
1110 3653 1206 3694 vos
1245 3638 1476 3694 facimus
1524 3637 1688 3708 quod,
1722 3636 1768 3691 si

179 3731 257 3790 ab
284 3731 377 3787 illo
401 3747 497 3786 vos
527 3739 792 3796 avertere,
815 3738 872 3786 et
896 3731 964 3784 ad
995 3746 1092 3788 nos
1118 3740 1435 3786 convertere
1467 3728 1764 3794 volueritis,

179 3825 407 3894 antiqua
433 3823 682 3879 libertate
710 3830 911 3888 vestra,
951 3821 1261 3892 plenissime
1290 3830 1347 3876 et
1396 3821 1513 3876 sine
1553 3819 1659 3875 ulla
1685 3820 1768 3876 di-

183 3917 507 3982 minutione,
537 3915 691 3970 vobis
740 3914 819 3970 uti
873 3913 1242 3978 concedimus,
1271 3921 1327 3966 et
1353 3913 1556 3982 absque
1605 3927 1772 3967 censu

180 4009 276 4064 vel
315 4009 536 4072 tributo,
571 4007 840 4062 immunes
873 4020 970 4060 vos
999 4019 1118 4060 esse
1170 4004 1556 4074 permittimus,
1586 4013 1770 4060 etnon

183 4098 352 4152 aliam
374 4097 570 4170 legem,
600 4098 702 4153 nisi
749 4113 852 4168 qua
875 4096 976 4167 ipsi
1006 4097 1184 4150 vivere
1212 4095 1513 4162 volueritis,
1569 4111 1665 4151 vos
1695 4103 1772 4151 te-

182 4205 324 4245 nere
347 4187 618 4258 jubemus,
647 4203 750 4245 nec
796 4189 954 4244 aliter
987 4203 1114 4258 erga
1153 4203 1249 4244 vos
1299 4203 1459 4258 agere
1502 4187 1769 4253 volumus,

181 4282 292 4337 nisi
327 4289 386 4335 ut
409 4297 504 4337 vos
528 4283 735 4338 amicos
763 4289 819 4338 et
849 4281 1044 4345 socios,
1071 4281 1126 4336 in
1154 4280 1466 4337 defensione
1495 4282 1648 4351 regni
1676 4298 1775 4337 no-

180 4374 312 4440 stri,
337 4374 636 4431 honoriﬁce
675 4374 989 4430 habeamus.
1017 4372 1280 4444 Optamus
1328 4390 1424 4432 vos
1456 4375 1515 4431 in
1541 4374 1772 4432 Domino

180 4478 406 4536 semper
428 4465 564 4522 bene
600 4465 796 4522 valere.

739 4557 1074 4615 EPISTOLA
1108 4557 1221 4613 XL.

662 4666 740 4708 AD
776 4664 1300 4706 IIPERA'I’IICII.

255 4741 598 4814 Cognoscere
625 4741 876 4812 dignetur
900 4742 1144 4814 piissima
1168 4740 1386 4796 domina
1416 4749 1604 4798 nostra
1627 4744 1772 4813 quod

175 4849 291 4906 ego
324 4848 516 4889 servus
542 4840 744 4900 vester,
777 4842 1064 4903 postquam
1091 4832 1158 4888 de
1182 4832 1354 4904 Aquis
1387 4833 1563 4900 exivi,
1607 4835 1772 4891 tantis

174 4926 435 4997 corporis
457 4925 812 4980 incommodis
833 4923 1057 4980 aﬁ‘cctus
1077 4940 1217 4991 sum,
1242 4932 1302 4978 ut
1321 4923 1389 4980 de
1411 4924 1660 4996 Traiecto
1683 4927 1772 4981 vix

175 5019 402 5075 decimo
432 5019 520 5075 die
543 5017 830 5090 pervenire
851 5033 1067 5088 possem
1095 5017 1164 5074 ad
1186 5018 1550 5077 Valentianas.
1583 5021 1659 5077 lbi
1687 5039 1773 5079 me

177 5119 300 5165 tam
342 5125 569 5182 magnus
595 5109 807 5166 renium
837 5108 998 5165 simul
1025 5124 1090 5164 ac
1127 5109 1329 5180 splenis
1359 5110 1513 5166 dolor
1553 5111 1768 5176 invasit,

172 5209 247 5256 ut
274 5214 348 5254 ne
371 5215 538 5255 unum
563 5200 780 5271 quidem
802 5199 1092 5256 miliarium
1115 5201 1169 5256 in
1197 5201 1407 5274 integro
1426 5203 1514 5258 die
1536 5203 1772 5260 valerem

173 5290 486 5361 equitando
509 5289 795 5347 conficere.
837 5290 1177 5363 Quapropter
1197 5293 1439 5364 supplico
1465 5295 1651 5367 pietati
1683 5312 1775 5353 ve-

173 5389 318 5438 strae
360 5390 420 5437 ut
465 5383 599 5439 mihi
641 5382 818 5450 liceat,
861 5399 987 5438 cum
1029 5385 1201 5456 gratia
1228 5395 1430 5452 vestra,
1471 5387 1774 5460 navigando

168 5474 269 5534 ine
310 5475 380 5530 ad
427 5485 676 5533 sanctum
719 5475 785 5532 Ν.
821 5487 842 5516 ε
878 5476 1062 5547 ibique
1099 5476 1286 5548 jacere
1325 5494 1606 5551 quousque
1641 5479 1773 5536 mihi

170 5567 337 5626 Deus
377 5569 723 5642 omnipotens
752 5571 897 5628 vires
935 5571 1004 5629 ad
1046 5571 1153 5627 iter
1191 5569 1498 5629 faciendum
1535 5572 1668 5629 dare
1695 5573 1776 5630 di-

260 5739 288 5768 ι
331 5725 824 5793 τειιῐθι,ἠοειναιη.

262 5799 290 5838 ιι
335 5799 523 5854 Melius
545 5799 752 5864 Teulet,
785 5803 1054 5856 exercitui.

261 5881 286 5910 ο
329 5868 390 5924 ld
422 5880 505 5927 est
537 5872 604 5928 ad
642 5880 888 5929 sanctum
927 5873 1222 5943 Bavoncm,
1264 5888 1358 5930 seu
1383 5872 1450 5931 ad
1474 5874 1648 5931 sancti
1671 5873 1776 5930 Ba-

1869 3357 2066 3413 solutio
2096 3366 2152 3413 et
2185 3359 2394 3414 renium
2443 3358 2600 3414 dolor
2633 3360 2713 3415 sic
2751 3361 2807 3415 in
2856 3378 2941 3417 me
2988 3363 3306 3421 alternando
3350 3369 3458 3425 sibi

1868 3451 2195 3517 succedunt,
2227 3459 2287 3506 ut
2315 3451 2460 3506 nulla
2490 3452 2606 3508 dies
2637 3451 2831 3520 fuerit,
2868 3461 3156 3526 postquam
3184 3458 3250 3512 de
3286 3458 3457 3530 Aquis

1869 3542 2134 3612 promovi,
2183 3542 2316 3612 quin
2355 3542 2456 3598 hac
2500 3543 2585 3599 vel
2629 3543 2716 3598 illa
2765 3544 3080 3602 inﬁrmitate
3126 3547 3453 3606 laborarem.

1871 3633 2010 3689 Sunt
2039 3636 2243 3706 pariter
2268 3635 2383 3691 haec
2417 3644 2472 3691 et
2500 3635 2603 3691 alia
2631 3653 2751 3707 qua:
2778 3638 2914 3692 mihi
2947 3653 3013 3694 ex
3040 3639 3132 3695 illo
3157 3643 3365 3707 morbo,
3399 3644 3456 3699 in

1870 3743 1978 3800 quo
2015 3743 2156 3784 anno
2194 3729 2473 3799 praeterito
2500 3730 2671 3801 iacui,
2701 3731 3070 3802 contigerant,
3107 3733 3280 3790 dextri
3311 3736 3456 3792 vide-

1871 3820 1998 3876 licet
2033 3819 2256 3875 mmoris
2287 3821 2576 3876 continuus
2603 3830 2788 3891 torpor
2817 3836 2882 3876 ac
2925 3822 3125 3892 splenis
3151 3839 3288 3892 pene
3313 3825 3456 3881 into-

1871 3911 2110 3967 lerabilis
2128 3911 2299 3967 dolor.
2325 3912 2420 3967 His
2440 3913 2784 3982 passionibus
2805 3911 3048 3977 affectus,
3067 3912 3221 3968 valde
3243 3915 3454 3971 tristem

1874 4017 1936 4057 ac
1964 4017 2099 4072 pene
2127 4001 2274 4056 omni
2308 4000 2649 4070 iucunditate
2685 4012 2963 4056 carentem
2993 4002 3132 4059 duco
3159 4008 3358 4072 vitam;
3397 4006 3456 4064 in

1872 4110 1938 4150 eo
1977 4096 2208 4150 maxime
2245 4095 2390 4165 quod
2433 4095 2597 4150 timeo
2631 4108 2720 4150 me
2765 4093 2929 4149 aliubi
2976 4110 3136 4167 quam
3177 4097 3362 4166 velim,
3403 4106 3456 4156 et

1874 4186 2020 4242 aliud
2049 4197 2298 4259 agentem
2331 4202 2492 4257 quam
2524 4189 2730 4243 sanctis
2757 4187 2959 4243 Christi
2988 4191 3316 4263 martyribus
3343 4205 3458 4248 ser-

1871 4278 2130 4345 vientem,
2167 4293 2290 4335 esse
2320 4279 2662 4335 moriturum.
2692 4279 3032 4352 Quapropter
3059 4281 3248 4351 adiuro
3277 4298 3375 4340 vos
3402 4291 3458 4340 et

1871 4371 2114 4426 obtestor
2141 4385 2239 4440 per
2263 4373 2453 4427 beatos
2481 4371 2685 4426 Christi
2714 4381 2982 4445 martyres
3009 4373 3377 4430 Marcellinum
3400 4385 3457 4432 et

1874 4461 2114 4528 Petrum,
2141 4471 2198 4517 ut
2223 4478 2322 4534 pro
2350 4478 2470 4518 mea
2498 4465 2764 4535 parvitate
2795 4467 2934 4534 apud
2957 4466 3260 4537 piissimum
3285 4466 3457 4538 impe-

1873 4562 2108 4610 ratorem
2134 4555 2469 4611 intercedere
2492 4555 2808 4627 dignemini,
2841 4565 2901 4613 ut
2935 4573 3040 4612 non
3072 4557 3202 4612 mihi
3232 4571 3457 4612 succen-

1795 4629 1850 4690 Ῑ)
1876 4663 1995 4704 sere
2017 4649 2148 4702 velit
2170 4663 2269 4719 pro
2292 4663 2358 4704 eo
2385 4647 2526 4718 quod
2556 4649 2652 4713 illi,
2685 4650 2824 4705 sicut
2848 4651 2900 4704 hi
2929 4650 3019 4720 qui
3050 4657 3359 4720 potuerunt,
3399 4651 3455 4707 in

1872 4755 2157 4798 occursum
2189 4757 2294 4797 non
2325 4743 2612 4798 venissem.
2641 4754 2664 4783 ο
2687 4743 2964 4798 Vertissem
2991 4743 3036 4797 si
3059 4743 3374 4814 potuissem,
3399 4753 3457 4800 et

1873 4832 2086 4887 veniam
2119 4845 2243 4886 cum
2279 4831 2510 4901 primum
2547 4840 2804 4902 potuero;
2845 4839 2901 4885 et
2937 4831 3050 4885 sive
3091 4831 3304 4897 absens,
3340 4832 3456 4888 sive

1873 4938 2132 4996 praesens,
2159 4923 2330 4978 fidelis
2350 4924 2400 4978 ei
2423 4925 2767 4994 permanebo.
2798 4922 2999 4978 Precor
3026 4923 3191 4994 igitur
3210 4925 3452 4980 charita-

1873 5031 1983 5079 tem
2009 5030 2246 5079 vestram
2269 5029 2350 5087 ut,
2375 5029 2484 5076 tam
2508 5022 2575 5076 de
2596 5021 2730 5076 actis
2753 5034 2916 5090 quam
2943 5020 3166 5091 agendis
3193 5022 3333 5092 apud
3356 5035 3452 5078 vos

1873 5118 2056 5183 rebus,
2099 5131 2196 5186 per
2225 5115 2434 5172 litteras
2464 5123 2674 5170 vestras
2711 5129 2817 5180 me,
2859 5120 3064 5185 quanto
3093 5114 3321 5172 celerius
3351 5121 3452 5188 po-

1875 5208 2108 5272 tueritis,
2147 5213 2357 5262 certum
2393 5204 2570 5261 facere
2609 5204 2921 5278 dignemini.
2966 5202 3107 5278 Opto
3146 5213 3207 5260 ut
3241 5219 3454 5278 semper

1870 5298 2010 5353 bene
2037 5297 2264 5352 valeatis
2287 5298 2342 5351 in
2370 5296 2615 5350 Domino.

1943 5387 2134 5444 Omnia
2166 5403 2286 5458 quae
2314 5399 2456 5442 nunc
2484 5385 2538 5440 in
2573 5386 2678 5442 hoc
2702 5399 2868 5459 regno
2892 5397 3174 5460 geruntur,
3209 5388 3455 5445 revelan-

1874 5481 2020 5536 tibus
2039 5479 2242 5536 Christi
2274 5477 2600 5549 martyribus
2623 5487 2750 5535 ante
2776 5480 3076 5549 biennium,
3104 5481 3285 5538 futura
3308 5496 3453 5554 pra!-

1874 5577 2020 5635 dicta
2047 5587 2191 5634 sunt.

1875 5731 2030 5787 vonis
2056 5732 2463 5787 monasterium.

1945 5801 1971 5841 ἀ
2008 5803 2186 5858 Codex
2215 5814 2270 5858 et
2295 5803 2506 5868 Teulet,
2533 5805 2640 5868 qui.

1951 5822 1971 5841 ιι
2008 5822 2186 5858 υοαετ(
2215 5822 2270 5858 et
2307 5822 2506 5868 leUIet,
2568 5822 2640 5858 ut.

1951 5885 1974 5914 ε
2013 5875 2152 5931 Ante
2178 5875 2423 5931 venissem
2452 5822 2573 5932 adg.
2604 5875 2810 5945 Teulet,
2841 5876 3015 5945 utique
3038 5873 3203 5932 certe}
