3960 6346
127 391 244 447 5‘29

1612 377 1997 437 EPISTOLE.

3313 385 3421 444 530

125 507 394 566 mortalis
418 505 712 564 terminum
731 519 945 576 semper
967 504 1181 562 videtur
1201 516 1319 560 esse
1339 501 1722 567 festinandum,
1750 499 1805 560 Α
1827 498 1973 554 rioso
2009 496 2278 569 optimati,
2324 496 2668 571 Eginhardus
2699 504 2958 556 aeternam
2993 497 3050 556 in
3072 500 3303 560 Domino
3327 520 3419 562 sa-

127 610 194 657 ut
220 603 451 668 bonum,
482 603 626 671 quod
657 601 733 674 [τι]
762 601 920 657 nobis
945 599 1258 655 inchoatum
1303 595 1450 668 [est],
1501 595 1730 652 Domino

124 695 440 750 auxiliante
463 691 796 764 perﬁciatur.
845 691 1078 747 Proinde
1119 704 1311 761 precor
1338 686 1729 758 benignitatem

126 801 289 847 tuam
330 799 392 845 ut
420 805 506 845 me
532 790 600 845 de
626 790 815 845 eodem
855 789 1076 859 plumbo
1116 788 1344 842 emendo
1396 801 1492 857 per
1519 785 1728 840 litteras

127 893 258 938 tuas
296 882 539 952 digneris
591 880 770 937 facere
799 881 1090 936 certiorem
1121 897 1137 947 ;
1189 887 1248 934 ut
1277 879 1418 933 scire
1447 877 1656 931 valeam
1681 875 1726 930 si

127 973 346 1043 aliquid
378 973 702 1028 inde-adhuc
722 973 1034 1034 inchoatum
1073 973 1164 1038 sit,
1191 980 1266 1036 et,
1309 971 1354 1026 si
1378 970 1618 1026 nondum
1645 969 1728 1025 in-

126 1066 396 1119 choatum
422 1071 527 1130 est,
553 1064 770 1135 quando
785 1063 1028 1120 inchoari
1055 1073 1129 1131 et,
1163 1063 1391 1120 Domino
1415 1060 1723 1131 adjuvante,

126 1154 326 1226 perfici
348 1154 406 1209 id
429 1155 604 1224 ipsum
630 1156 905 1226 negotium
929 1157 1144 1213 debeat.
1201 1156 1409 1212 Idcirco
1446 1171 1545 1212 oro
1575 1163 1726 1211 tuam

124 1262 489 1319 permagnam
512 1247 838 1303 cbaritatem
859 1258 918 1304 ut
939 1264 1044 1315 me,
1070 1249 1136 1304 de
1166 1249 1271 1304 hac
1286 1265 1364 1314 re,
1388 1263 1486 1318 per
1514 1248 1725 1304 litteras

127 1347 275 1404 tuas,
303 1341 596 1396 certiorem
615 1338 799 1396 facere
845 1356 955 1396 non
985 1341 1245 1412 graveris.
1304 1339 1444 1411 Opto
1485 1346 1564 1407 ut,
1616 1339 1724 1395 mei

123 1445 368 1498 memor,
385 1446 604 1504 semper
637 1432 778 1487 bene
799 1431 984 1488 valeas
1010 1431 1066 1486 in
1097 1432 1345 1487 Domino.

630 1543 966 1601 EPISTOLA
1013 1544 1216 1600 XLVII.

760 1633 828 1672 AD
865 1632 1088 1673 AllCUIl.

199 1709 285 1766 De
307 1719 450 1766 statu
472 1725 650 1768 rerum
696 1711 1079 1783 palatinarum,
1128 1712 1262 1768 nihil
1311 1711 1446 1768 mihi
1483 1712 1724 1770 scribere

115 1810 276 1872 peto,
334 1803 458 1873 quia
499 1803 721 1858 nihilex
745 1804 847 1868 his,
902 1820 1022 1874 quae
1051 1803 1206 1877 [illic]
1235 1812 1487 1875 aguntur,
1533 1804 1723 1862 audire

117 1891 385 1949 delectat.
443 1895 520 1950 De
544 1895 757 1952 caeteris
785 1897 975 1953 amicis
1013 1897 1168 1962 meis,
1219 1897 1263 1951 si
1296 1905 1348 1951 te
1375 1905 1604 1968 excepto
1629 1897 1721 1953 ali-
1748 1878 1796 1938 B

117 1986 247 2053 quis
270 1985 559 2052 remansit,
606 2001 801 2058 magna
828 1995 912 2042 est
940 1988 1071 2042 mihi
1098 2004 1230 2043 cura
1266 2004 1595 2060 cognoscere
1624 1990 1718 2044 ubi

117 2077 243 2132 sitis
293 2085 350 2133 et
375 2078 506 2148 quid
543 2079 734 2150 agatis.
780 2079 904 2135 Ideo
944 2081 1323 2137 charitatituae
1366 2082 1467 2137 has
1508 2081 1719 2137 litteras

118 2171 344 2226 mittere
369 2171 576 2236 curavi,
599 2179 658 2225 ut
686 2179 737 2226 te
763 2174 1288 2229 commonefacerem
1317 2175 1556 2230 scribere
1584 2175 1718 2230 mihi

117 2266 187 2320 de
212 2266 304 2321 his
328 2280 449 2336 quae
469 2273 703 2336 aguntur
724 2281 855 2338 erga
880 2274 954 2333 te,
985 2268 1036 2322 id
1065 2277 1168 2334 est,
1203 2269 1349 2338 quali
1387 2269 1558 2324 uteris
1586 2267 1719 2322 vali-

116 2357 332 2422 tudine,
363 2365 420 2411 et
443 2357 531 2411 vel
561 2358 775 2426 quando
798 2360 1016 2414 evenire
1042 2361 1211 2430 possit
1240 2369 1317 2423 ut,
1357 2361 1467 2415 vita
1495 2361 1714 2428 comite,

116 2448 185 2502 ad
227 2449 466 2504 invicem
491 2463 591 2503 nos
617 2448 915 2506 videamus.
973 2451 1127 2522 Saepe
1154 2451 1298 2506 enim
1335 2459 1386 2506 te
1421 2451 1603 2507 videre
1648 2468 1713 2508 ac

117 2548 308 2594 tecum
355 2539 504 2609 loqui
557 2539 902 2596 desideravi:
961 2542 1055 2597 sed
1111 2559 1386 2614 nunquam
1436 2545 1716 2601 ardentius

114 2648 282 2704 quam
307 2634 492 2699 modo,
530 2634 656 2704 quia
678 2651 956 2705 nunquam
986 2635 1117 2690 mihi
1148 2635 1322 2705 major
1353 2638 1598 2694 incubuit
1624 2651 1717 2694 ne-

113 2726 351 2780 cessitas
366 2733 426 2779 ut
441 2725 511 2780 de
532 2727 741 2796 agenda
761 2727 870 2782 vita
901 2743 1024 2782 cum
1042 2729 1217 2784 amico
1233 2729 1538 2784 conferrem
1551 2737 1724 2799 atque

117 2824 436 2881 tractarem,
469 2821 614 2886 quod
643 2832 768 2872 cum
807 2818 1022 2874 nemine
1069 2819 1326 2876 libentius
1355 2820 1499 2877 facio
1546 2836 1712 2892 quam

117 2921 321 2974 tecum,
345 2910 488 2982 quod
516 2911 572 2966 in
594 2911 793 2967 nullius
824 2913 928 2968 fide
950 2913 1208 2984 majorem
1239 2917 1413 2972 habeo
1435 2917 1709 2973 fiduciam.

116 3002 240 3057 Misi
278 3018 378 3072 per
404 3003 548 3058 hunc
571 3019 800 3074 puerum
829 3004 1038 3060 litteras
1068 3008 1132 3061 ad
1160 3007 1226 3062 N.
1250 3009 1526 3075 abbatem,
1549 3025 1714 3080 quem

117 3109 268 3165 rogo,
299 3094 346 3148 si
381 3094 462 3149 ire
485 3097 746 3165 potuerit,
778 3112 873 3166 per
903 3097 1136 3167 aliquem
1191 3107 1403 3154 tuorum
1441 3117 1612 3171 usque
1646 3103 1714 3158 ad

115 3186 272 3240 illum
324 3186 517 3241 deduci
547 3186 736 3253 facias,
771 3195 883 3254 aut,
921 3190 967 3242 si
996 3190 1154 3255 forte,
1187 3200 1410 3262 propter
1435 3192 1714 3247 Iassitudi~

113 3293 250 3331 nem
270 3275 658 3344 jumentorum,
686 3288 746 3333 ut
794 3280 979 3334 venire
1007 3281 1163 3346 solet,
1218 3282 1432 3353 longius
1478 3283 1560 3338 ire
1603 3300 1714 3339 non

111 3367 348 3439 poterit,
388 3383 575 3438 precor
611 3377 672 3422 ut
714 3369 922 3424 litteras
950 3411 964 3436 ,
1005 3385 1140 3440 quas
1179 3371 1598 3439 Folconimitto,
1645 3375 1714 3430 ab

111 3476 181 3516 eo
215 3460 478 3530 accipias,
509 3469 562 3515 et
608 3462 659 3516 ei
687 3476 785 3531 per
808 3461 1040 3532 aliquem
1068 3463 1292 3534 dirigas,
1340 3480 1571 3535 eumque
1593 3481 1717 3536 pre-

112 3554 260 3608 ceris
285 3561 343 3606 ut
374 3553 506 3608 mihi
541 3554 886 3626 respondeat,
921 3563 1082 3625 atque
1116 3572 1454 3627 responsum,
1489 3559 1632 3628 quod
1662 3560 1714 3615 ei

114 3650 250 3704 dare
274 3649 567 3718 placuerit,
595 3651 692 3705 tibi
727 3651 1000 3718 remittat;
1055 3662 1108 3707 et
1135 3662 1190 3708 tu
1208 3655 1276 3708 ad
1301 3671 1408 3720 me,
1450 3672 1575 3711 cum
1604 3657 1718 3727 pri-

112 3757 264 3796 mum
305 3741 559 3797 idoneum
584 3742 914 3813 perlatorem
952 3745 1246 3811 inveneris,
1279 3745 1456 3815 ipsum
1485 3762 1716 3816 respon-

108 3848 239 3889 sum
267 3831 435 3888 facias
462 3834 769 3904 pervenire.
832 3834 971 3906 Opto
1013 3844 1084 3899 te,
1119 3837 1418 3892 amicorum
1456 3839 1716 3894 amantis-

107 3927 276 3991 sime,
301 3942 516 3998 semper
544 3929 599 3983 in
645 3927 862 3984 Christo
887 3930 1026 3985 bene
1051 3930 1231 3986 valere
1268 3939 1322 3984 et
1361 3931 1466 3986 mei
1500 3947 1706 3987 memo-

108 4039 241 4079 rem
282 4037 400 4076 esse
409 4062 420 4075 .

623 4094 961 4152 EPISTOLA
986 4093 1213 4150 XLVIII.

659 4207 726 4245 AD
766 4207 818 4245 Ν.
861 4205 1170 4246 εριεεορυιι.

193 4280 424 4336 Domino
454 4291 643 4338 sancto
665 4291 720 4337 et
733 4284 928 4338 merito
952 4281 1246 4338 venerabili
1267 4279 1357 4348 N.,
1387 4283 1728 4354 reverentis-_

113 4375 259 4430 Simo
287 4374 629 4446 Eginhardus
654 4385 931 4449 peccator.

186 4465 297 4521 Iste
327 4467 613 4539 presbyter
637 4470 854 4524 nomine
884 4467 949 4522 N.
976 4470 1186 4539 rogavit
1225 4485 1312 4524 me
1333 4469 1624 4540 plurimum
1653 4479 1714 4524 ut

109 4575 214 4630 pro
245 4559 511 4629 illo'apud
547 4576 642 4615 vos
665 4561 1080 4627 intercederem,
1113 4570 1174 4616 ut
1200 4577 1328 4630 erga
1361 4561 1511 4616 illum
1551 4562 1711 4618 mise-

111 4632 410 4706 ricorditer
436 4667 595 4722 agere
617 4652 1008 4723 dignaremini;
1049 4654 1140 4724 qui
1183 4653 1323 4708 sicut
1352 4654 1465 4724 ipse
1493 4654 1708 4719 asserit,

108 4743 164 4796 in
196 4758 398 4813 magna
414 4751 732 4813 paupertate
765 4745 1210 4810 constitutusest,
1241 4753 1295 4800 et
1317 4761 1459 4800 nunc
1477 4745 1711 4801 maxime

105 4835 337 4904 quando
365 4835 543 4904 ipsum
572 4852 800 4908 parvum
827 4837 1226 4904 beneﬁciolum,
1278 4837 1420 4908 quod
1444 4839 1633 4894 habuit
1656 4839 1710 4894 in

106 4925 390 4994 Bajoaria,
411 4925 650 4980 ablatum
664 4935 749 4982 est
771 4928 966 4994 abillo,
993 4937 1047 4983 ct
1069 4927 1224 4984 alteri
1242 4930 1447 4984 datum.
1482 4929 1548 4984 Et
1564 4945 1710 4985 nunc

105 5019 291 5074 nescit
330 5018 462 5088 quid
489 5034 670 5088 agere,
713 5021 799 5076 vel
849 5021 1083 5092 qualiter
1121 5023 1320 5078 seniori
1369 5038 1468 5078 suo
1506 5025 1710 5080 servire

103 5113 336 5175 debeat,
362 5112 488 5176 nisi,
512 5127 609 5181 per
628 5121 869 5170 vestram
893 5115 1357 5181 intercessionem,
1376 5116 1606 5171 domnus
1619 5115 1704 5170 Ill.

103 5203 157 5256 ei
192 5201 421 5270 aliquod
445 5201 697 5257 solatium
734 5203 801 5258 ad
825 5203 996 5258 vitam
1035 5213 1357 5274 prmseutem
1407 5214 1710 5261 sustentan-

101 5293 237 5348 dam
263 5293 399 5348 dare
425 5294 754 5364 dignabitur.
796 5294 937 5366 Opto
965 5304 1044 5362 ut,
1080 5296 1186 5352 mei
1218 5311 1446 5363 memor,
1494 5313 1711 5368 semper

100 5386 254 5441 bene
281 5385 468 5440 valeas
490 5385 543 5440 in
557 5385 804 5454 Domino,
833 5395 886 5442 et
907 5388 1231 5459 parvitatem
1258 5403 1434 5444 meam
1462 5390 1709 5461 piissimo

102 5477 439 5550 imperatori
462 5480 848 5536 commendare
878 5480 1136 5554 digneris.

641 5593 976 5650 EPISTOLA
1012 5595 1198 5651 XLIX.

430 5683 499 5722 AD
537 5684 590 5723 Ν.
635 5681 969 5732 ορτηιλτειι,
1009 5683 1211 5724 ωιεωι
1251 5683 1409 5724 SUUI.

184 5761 562 5818 Dilectissimo
613 5760 770 5817 fratri
828 5774 892 5816 ac
927 5761 1188 5818 fidissimo
1232 5760 1410 5816 amico
1455 5758 1551 5828 N.,
1594 5760 1710 5834 glo-

1827 590 2014 646 lutem.

1898 683 2034 752 Quia
2066 686 2227 741 fidem
2251 695 2491 743 vestram
2510 695 2623 743 tam
2651 689 2789 744 bene
2813 688 3098 759 probatam
3128 688 3324 757 habeo,
3354 696 3422 746 ut

1828 775 2134 833 nullatenus
2161 779 2407 836 dubitare
2457 783 2661 852 possim
2688 781 2841 852 quin,
2891 781 2946 835 in
2990 782 3244 839 omnibus
3277 782 3440 842 meis

1829 883 2182 941 meorumque
2207 873 2620 929 necessitatibus
2649 874 2717 929 ad
2738 881 2938 930 vestrae
2961 873 3244 930 charitatis
3261 875 3418 930 auxi-

1826 959 1960 1016 lium
1991 961 2317 1034 confugiam.
2373 965 2582 1021 Idcirco
2611 974 2668 1022 et
2695 980 2840 1020 nunc.
2863 974 3162 1036 praesentes
3206 981 3415 1039 pagen-

1826 1069 1915 1111 ses
1936 1063 1991 1110 et
2014 1055 2310 1113 familiares
2334 1074 2505 1126 meos,
2533 1059 2754 1114 Am.....
2794 1067 2851 1114 et
2874 1059 3241 1127 Thcothoum,
3288 1077 3416 1118 cum

1825 1150 1912 1206 bis
1937 1150 2155 1217 litteris,
2186 1153 2253 1206 ad
2276 1168 2373 1208 vos
2399 1153 2592 1220 direxi,
2620 1141 2851 1224 precans
2881 1162 2941 1209 ut
2961 1169 3055 1209 eos
3076 1168 3227 1209 more
3253 1154 3416 1211 solito

1825 1257 2072 1304 amanter
2091 1249 2388 1319 suscipere,
2415 1257 2470 1304 et
2499 1249 2554 1305 in
2590 1249 3008 1305 necessitatibus
3036 1265 3247 1315 eorum,
3273 1241 3415 1320 quas

1823 1340 1978 1397 vobis
2006 1341 2425 1409 insinuaverint,
2463 1342 2604 1414 apud
2632 1342 2890 1398 domuum
2907 1342 2990 1397 Ill.
3024 1350 3330 1414 augustum,
3359 1349 3418 1398 et

1823 1434 2127 1504 piissimum
2155 1443 2366 1506 patrem
2388 1433 2506 1505 ejus
2533 1433 2793 1503 adjuvare
2823 1433 3140 1506 dignemini,
3165 1433 3243 1489 sic
3263 1432 3414 1488 utilli

1824 1524 2074 1582 similiter
2097 1526 2150 1580 in
2175 1527 2351 1592 vobis,
2369 1526 2508 1583 sicut
2534 1535 2988 1598 etego,magnam
3011 1525 3248 1580 habeant
3277 1523 3414 1578 fidu-

1823 1615 1985 1671 ciam.
2009 1615 2149 1686 Opto
2173 1623 2232 1671 ut
2243 1630 2456 1688 semper
2470 1617 2612 1673 bene
2626 1617 2877 1686 valeatis,
2897 1616 3196 1674 amicorum
3209 1615 3413 1688 optime

1824 1715 1985 1781 atque
2001 1709 2341 1766 charissime.

2402 1803 2736 1860 EPISTOLA
2776 1805 2840 1860 L.

2393 1917 2462 1956 AD
2503 1916 2838 1957 HLOTARIUM.

1893 1988 2155 2046 Dominus
2177 1988 2356 2057 meus,
2387 1992 2668 2063 piissimus
2688 1993 2900 2061 genitor
2926 2004 3127 2059 vester,
3153 1991 3318 2064 jussit
3345 1992 3413 2048 de

1821 2083 2152 2139 monasterio
2177 2082 2265 2150 N.,
2328 2091 2388 2139 ut
2429 2086 2586 2141 nobis
2630 2083 2906 2155 adjutores
2931 2093 2986 2140 et
3031 2097 3414 2156 cooperatores

1821 2182 2003 2230 essent
2050 2176 2104 2230 in
2137 2177 2546 2232 constructione
2575 2177 2813 2233 basilicae
2834 2190 2860 2218 α
2889 2179 3173 2233 beatorum
3207 2175 3413 2232 Christi

1821 2273 2142 2337 martyrum,
2182 2267 2477 2324 Marcelliani
2517 2277 2572 2324 et
2614 2268 2778 2335 Petri,
2812 2278 3168 2339 patronorum
3202 2275 3414 2324 vestro-

1821 2371 1962 2409 rum.
2028 2355 2136 2412 Sed
2164 2357 2258 2422 illi,
2317 2367 2378 2413 ut
2418 2359 2550 2414 mihi
2576 2360 2807 2426 videtur,
2847 2359 2982 2414 nihil
3009 2359 3076 2414 de
3120 2357 3215 2413 illo
3245 2371 3415 2428 opere

1819 2446 2014 2502 facturi
2063 2459 2209 2515 sunt,
2256 2450 2361 2506 nisi
2400 2451 2575 2520 jussio
2626 2453 2926 2508 clementia:
2965 2460 3163 2508 vestra:
3221 2452 3289 2505 ad
3316 2464 3415 2504 cos

1818 2542 2021 2609 veniat,
2053 2553 2112 2596 ut
2140 2543 2220 2598 eis
2257 2543 2436 2599 denuo
2458 2546 2830 2616 praecipiatut,
2859 2547 3158 2601 secundum
3181 2542 3414 2613 disposi-

1819 2633 2022 2688 tionem
2061 2635 2263 2690 domini
2309 2644 2364 2689 et
2401 2636 2662 2706 genitoris
2704 2635 2892 2700 vestri,
2936 2651 3037 2690 nos
3068 2633 3322 2702 adiuvent
3353 2632 3413 2686 in

1818 2741 1982 2796 opere
2009 2728 2288 2796 prtedicto.
2338 2728 2679 2800 Quapropter
2705 2737 2765 2784 ut
2782 2727 2935 2784 vobis
2953 2741 3173 2783 causam
3202 2739 3412 2780 memo-

1819 2818 1922 2872 rati
1951 2818 2133 2888 operis
2161 2828 2344 2874 notam
2373 2818 2636 2885 facerem,
2665 2819 2766 2874 has
2803 2833 2939 2874 mea
2967 2815 3255 2888 parvitatis
3283 2831 3411 2886 sup-

1818 2911 2129 2980 plicatorias
2151 2911 2359 2969 litteras
2372 2922 2566 2968 vestra:
2589 2911 2946 2984 magnitudini
2973 2911 3189 2966 mittere
3199 2908 3409 2971 curavi,

1818 3019 1915 3073 per
1936 3019 2072 3073 quas
2102 3020 2231 3077 rogo
2257 3015 2312 3061 et
2333 3005 2609 3061 humiliter
2628 3014 2753 3076 peto
2777 3014 2856 3070 ut,
2900 3011 3121 3075 propter
3167 3016 3412 3058 amorem

1819 3101 1876 3148 et
1903 3095 2166 3151 honorem
2195 3095 2398 3151 Christi
2443 3105 2761 3168 martyrum,
2818 3104 3172 3167 patronorum
3200 3102 3411 3148 vestro-

1823 3206 1959 3253 rum,
1986 3205 2174 3244 curam
2206 3191 2407 3246 habere
2461 3190 2754 3259 dignemini
2785 3191 2852 3245 dc
2872 3188 3276 3245 constructione
3309 3187 3410 3240 ba—

1821 3284 1986 3339 silica:
2015 3283 2252 3348 illorum,
2279 3291 2356 3347 ut,
2385 3298 2482 3353 per
2514 3291 2754 3337 vestrum
2779 3282 3128 3354 adjutorium,
3153 3281 3257 3335 hoc
3285 3294 3412 3350 per-

1821 3376 2055 3441 ﬁciatur,
2113 3385 2167 3430 et
2197 3375 2336 3430 detis
2366 3375 2523 3430 nobis
2549 3375 2617 3428 ad
2653 3382 2984 3430 memoratos
3012 3373 3294 3444 episcopos
3323 3387 3413 3428 sa-

1819 3483 1970 3525 cram
2007 3467 2308 3536 jussionem
2347 3475 2584 3522 vestram
2613 3482 2710 3538 per
2752 3466 2960 3522 litteras
3008 3464 3413 3537 gloriosissima:

1820 3560 2162 3617 auctoritatis
2195 3567 2411 3625 vestrm,
2447 3574 2585 3630 quas
2607 3565 2954 3612 contemnere
2983 3572 3091 3611 non
3130 3555 3408 3610 audeant:

1817 3663 1874 3710 et
1902 3654 2026 3710 inde
2059 3653 2214 3708 vobis
2241 3668 2425 3708 coram
2454 3653 2565 3708 Deo
2611 3667 2824 3707 merces
2861 3657 3158 3714 accrescat,
3183 3657 3238 3704 et
3261 3648 3412 3704 beati

1819 3743 2087 3816 Martyres
2108 3758 2206 3813 pro
2229 3742 2382 3798 vobis
2416 3742 2774 3807 intercedant,
2832 3749 2892 3794 ut
2919 3755 3143 3811 regnum
3165 3748 3412 3795 vestrum

1819 3850 2034 3906 semper
2058 3841 2320 3906 augeatur
2361 3841 2525 3903 atque
2563 3831 2826 3894 firmetur,
2846 3839 2901 3885 et
2927 3837 3100 3883 tutum
3133 3843 3198 3882 ac
3224 3827 3410 3882 defen-

1817 3942 1936 3980 sum
1961 3934 2180 3980 maneat
2210 3926 2279 3980 ab
2305 3924 2516 3980 insidiis
2546 3932 2707 3992 atque
2760 3921 3107 3976 infestatione
3143 3915 3412 3986 maligno-

1817 4032 1938 4072 rum
1967 4016 2254 4087 spirituum
2283 4022 2338 4070 et
2365 4012 2756 4067 malevolorum
2799 4010 3101 4065 hominum.
3159 4006 3300 4079 Opto
3349 4015 3408 4061 et

1815 4125 1914 4166 oro
1958 4115 2019 4163 ut
2049 4107 2186 4163 bene
2226 4106 2404 4163 valeat
2447 4104 2700 4161 dominus
2725 4117 2879 4158 meus
2923 4117 3046 4170 rex,
3081 4107 3138 4156 et
3177 4098 3325 4155 vivat
3348 4097 3408 4154 in

1814 4209 2097 4261 mternum.

2373 4267 2712 4326 EPISTOLA
2758 4265 2843 4322 LI.

2450 4377 2518 4416 AD
2542 4374 2782 4416 EUIIDEII.

1884 4456 1992 4512 Pro
2012 4455 2247 4527 quodam
2282 4453 2460 4508 amico
2489 4462 2544 4507 et
2582 4451 2854 4506 familiare
2883 4465 3005 4506 meo
3033 4447 3099 4503 N.
3128 4445 3407 4512 videlicet,

1819 4550 1977 4606 fidele
2001 4559 2208 4616 vestro,
2236 4548 2427 4620 pietati
2465 4556 2663 4603 vestrae
2710 4545 3016 4617 supplicare
3041 4543 3164 4598 volo
3191 4550 3252 4596 ut
3279 4554 3408 4596 cum

1819 4644 2096 4714 suscipere
2157 4641 2489 4712 dignemini,
2546 4649 2638 4708 et,
2679 4638 2894 4710 quando
2939 4638 2994 4692 in
3032 4643 3243 4690 vestras
3290 4648 3409 4687 ma-

1820 4753 1924 4792 nus
1963 4751 2022 4791 se
2053 4734 2547 4798 commendaverit,
2611 4733 2849 4804 aliquam
2897 4728 3317 4784 consolationem
3352 4725 3406 4781 ei

1819 4830 2036 4886 faciatis
2076 4829 2141 4882 de
2187 4826 2466 4883 beneficiis
2496 4843 2615 4897 quae
2649 4826 2769 4889 hic,
2819 4825 2870 4878 in
2921 4832 3109 4877 nostra
3162 4820 3356 4874 vicinia
3386 4860 3404 4885 ,

1819 4922 2065 4978 absoluta
2107 4929 2160 4974 et
2192 4926 2380 4990 aperta
2431 4933 2553 4974 esse
2601 4925 2920 4972 noscuntur.
2950 4914 3046 4968 Est
3067 4913 3210 4967 enim
3243 4914 3406 4967 homo

1819 5015 2018 5070 nobilis
2043 5021 2098 5068 et
2124 5013 2280 5067 boum
2310 5011 2476 5078 fidei,
2524 5011 2664 5065 bene
2695 5024 2910 5079 quoque
2943 5008 3132 5063 doctus
3183 5007 3250 5062 ad
3286 5023 3406 5063 ser-

1814 5108 2069 5163 viendum
2113 5105 2296 5160 utilius
2358 5105 2413 5160 in
2470 5103 2830 5173 qualicunque
2887 5100 3102 5171 negotio
3149 5100 3291 5170 quod
3351 5100 3404 5155 ei

1816 5198 1980 5254 fuerit
2032 5195 2358 5266 iniunctum.
2416 5194 2654 5250 Servivit
2689 5193 2833 5249 enim
2886 5208 2986 5248 avo
3037 5202 3093 5248 et
3122 5195 3264 5265 patri
3308 5209 3401 5250 ve-

1816 5301 1932 5348 stro
1975 5289 2208 5346 ﬁdeliter
2256 5299 2310 5345 et
2357 5297 2577 5343 strenue
2615 5304 2628 5340 :
2675 5286 2756 5342 sic
2802 5294 2857 5342 et
2905 5287 3058 5342 vobis
3094 5286 3277 5344 facere
3305 5303 3402 5358 pa-

1815 5391 1969 5438 ratus
2015 5390 2145 5449 est,
2189 5382 2236 5437 si
2281 5381 2425 5436 Deus
2477 5380 2552 5435 illi
2607 5380 2779 5435 vitam
2825 5388 2880 5437 et
2933 5382 3221 5438 sanitatem
3275 5398 3404 5438 con-

1817 5479 2013 5534 cedere
2063 5475 2313 5531 voluerit.
2368 5473 2502 5528 Nam
2544 5473 2721 5528 adhuc
2771 5473 2930 5530 valde
2973 5474 3222 5529 infirmus
3277 5481 3399 5540 est,

1816 5579 1870 5627 et
1910 5570 2032 5624 ideo
2065 5584 2172 5624 non
2193 5573 2377 5638 potest
2421 5563 2490 5620 ad
2516 5573 2756 5622 vestram
2785 5565 3132 5636 praesentiam
3166 5565 3352 5620 venire
3381 5582 3399 5620 :

1815 5663 2000 5720 veniet
2041 5678 2163 5719 cum
2194 5661 2429 5732 primum
2474 5661 2726 5731 potuerit.
2773 5659 3010 5716 Proinde
3052 5674 3248 5731 precor
3286 5659 3402 5729 pie-

1817 5765 1985 5814 tatem
2033 5762 2273 5812 vestram
2322 5761 2382 5811 ut
2435 5768 2523 5810 me
2572 5753 2714 5811 scire
2756 5753 3087 5826 permittatis
3140 5751 3268 5825 quid
3306 5748 3404 5812 .ilIi

189 5890 218 5920 ι
258 5876 505 5934 Verbum
542 5877 794 5944 basilicon
829 5877 976 5934 nullo
1003 5892 1174 5933 vacuo
1203 5876 1400 5948 spatio,
1441 5876 1496 5932 in
1526 5875 1713 5934 codice
1750 5867 2108 5933 desideratur.

3364 5977 3395 6015 ἆ.

3373 6033 3394 6046 ’1
