3960 6346
567 365 671 426 531

1856 353 2229 414 EGINHARDI
2266 351 2558 410 ABBATIS
3674 355 3740 415 531

573 488 640 543 de
685 437 883 541 vestra:
926 477 1189 537 bonitatis
1233 484 1390 550 parte
1443 476 1761 547 promittere
1807 472 2044 545 possim;
2096 477 2157 525 ut
2182 472 2236 536 Α
2259 467 2354 525 sed
2380 465 2741 538 quodcunque
2767 463 3019 532 Operare.
3053 475 3071 506 ι
3117 455 3214 512 His
3245 439 3620 528 itam-amissis,
3640 480 3740 540 roga.

571 577 631 635 in
662 578 806 634 bona
855 589 952 646 spe
989 574 1170 639 vivat,
1229 572 1404 628 donec
1451 569 1519 625 ad
1563 577 1804 628 vestram
1848 562 2162 637 pervenerit

568 665 944 742 praesentiam.

1115 755 1455 817 EPISTOLA
1491 755 1601 814 LII.

785 872 854 914 AD
883 871 938 913 lo
967 866 1351 912 PBESBYTERUI
1388 865 1458 907 ET
1482 865 1537 905 Ν.
1563 859 1946 904 VICEDOIINUI.

641 948 705 1006 In
728 947 934 1006 Christi
963 947 1206 1013 nomine,
1249 943 1595 1017 Eginhardus
1630 941 1819 1003 abbas,
1841 933 1907 992 N.
1939 935 2166 1009 presby-

575 1052 696 1100 tero
733 1050 788 1099 et
814 1040 881 1097 N.
915 1039 1275 1106 vicedomino,
1309 1036 1561 1094 ﬁdelibus
1589 1032 1812 1099 nostris,
1842 1031 1898 1088 in
1935 1029 2167 1087 Domino

572 1141 828 1197 salutem.

646 1230 846 1289 Notum
873 1230 947 1287 sit
967 1229 1122 1286 vobis
1149 1227 1277 1299 quia
1323 1225 1573 1282 volumus
1601 1232 1665 1280 nt
1685 1223 1930 1298 eulogias
1954 1239 2168 1296 prmpa—

574 1327 689 1381 rari
738 1323 950 1380 faciatis
995 1321 1287 1378 secundum
1325 1317 1806 1384 consuetudinem,
1848 1318 1993 1374 sicut
2032 1318 2172 1373 solet

575 1418 741 1474 homo
770 1415 836 1471 ad
863 1429 998 1486 opus
1040 1411 1244 1469 domini
1287 1412 1369 1467 sui
1418 1409 1622 1476 facere,
1671 1417 1782 1465 tam
1814 1411 1882 1466 ad
1913 1425 2049 1482 opus
2075 1411 2170 1466 do-

575 1513 710 1569 mini
738 1513 823 1568 III.
875 1528 1037 1583 quam
1083 1519 1137 1568 et
1162 1509 1227 1566 N.
1269 1507 1513 1582 conjugis
1545 1507 1681 1578 ejus.
1733 1509 1801 1565 Et
1841 1511 2057 1580 quando
2082 1509 2172 1566 ille

579 1606 648 1662 de
683 1605 949 1660 Audriaca
983 1605 1111 1659 villa
1153 1605 1220 1659 ad
1251 1603 1642 1674 Compendium
1687 1617 1940 1658 reversus
1985 1597 2172 1669 fuerit,

579 1708 709 1756 tunc
733 1700 983 1756 volumus
1024 1708 1083 1754 ut
1105 1698 1178 1753 ibi
1211 1698 1344 1753 ﬁant
1371 1704 1711 1768 przesentata:
1738 1714 1752 1750 :
1789 1702 1844 1751 et
1864 1702 2052 1765 postea
2081 1709 2176 1750 vo-

577 1791 758 1848 lumus
779 1800 836 1847 ut
861 1808 962 1863 per
986 1791 1206 1846 brevem
1236 1789 1390 1844 nobis
1421 1787 1690 1854 indicetis,
1721 1787 1955 1857 qualiter
1981 1787 2170 1844 illas...

577 1883 666 1940 vel
693 1884 761 1941 ab
788 1882 880 1940 illa
909 1883 1140 1938 fuissent
1168 1888 1420 1952 receptae.
1452 1879 1602 1936 Bene
1628 1880 1822 1936 valete.

1134 1993 1471 2050 EPISTOLA
1511 1993 1644 2048 LIII.

991 2083 1060 2122 Αι)
1085 2079 1339 2131 ουιςιιυιιί
1365 2080 1593 2120 nomen
1619 2080 1776 2121 SUUI.

649 2159 710 2217 In
747 2159 950 2217 Christi
987 2159 1228 2226 nomine,
1265 2157 1632 2232 Eginhardus,
1677 2156 1879 2224 abbas,
1918 2154 1995 2212 illi
2031 2149 2175 2211 ﬁdeli

579 2259 773 2309 nostro
808 2250 1055 2306 salutem.

653 2343 736 2399 Tu
782 2344 928 2399 nosti
976 2341 1120 2414 quod
1152 2341 1307 2413 juxta
1330 2344 1474 2414 quod
1501 2341 1795 2412 potuimus,
1845 2342 2176 2397 voluntatem

583 2445 732 2494 tuam
758 2435 1054 2509 adimplere
1081 2437 1393 2494 curavimus
1412 2478 1426 2501 ,
1474 2436 1528 2490 in
1567 2451 1633 2491 eo
1659 2435 1802 2505 quod
1831 2433 1997 2488 ﬁliam
2027 2441 2177 2488 tuam

581 2530 683 2587 tibi
713 2530 940 2588 reddere
987 2530 1236 2588 facimus.
1284 2530 1354 2586 Et
1387 2530 1510 2586 ideo
1543 2544 1798 2600 rogamus
1841 2535 1896 2584 te
1921 2536 1999 2592 ut,
2052 2541 2178 2599 pro-

579 2631 706 2695 pter
730 2624 994 2680 honorem
1033 2631 1089 2680 et
1109 2640 1352 2681 amorem
1381 2623 1557 2680 sancti
1592 2622 1660 2678 Ν.
1686 2630 1741 2678 et
1773 2631 2041 2689 nostrum,
2083 2639 2181 2678 no-

580 2715 666 2772 bis
704 2715 1018 2772 consentias
1057 2716 1124 2771 ad
1156 2716 1261 2771 hoc
1293 2722 1383 2783 ut,
1427 2713 1472 2771 si
1507 2713 1659 2769 illum
1702 2713 1977 2768 hominem
2023 2713 2091 2768 ad
2119 2712 2180 2766 li-

581 2811 850 2866 bertatem
872 2812 1059 2866 venire
1089 2811 1373 2876 faciamus,
1421 2811 1668 2867 eamdem
1695 2809 1862 2864 filiam
1883 2818 2030 2864 tuam
2057 2825 2181 2880 per-

583 2901 774 2956 mittas
817 2901 874 2955 in
924 2900 1234 2973 conjugium
1282 2899 1560 2971 accipere,
1607 2899 1732 2970 quia
1775 2900 1969 2956 melius
2026 2899 2182 2956 nobis

583 2995 800 3050 videtur
821 3011 962 3060 esse,
1010 3003 1071 3049 ut
1116 2996 1312 3051 iterum
1356 2995 1432 3050 illi
1463 2994 1711 3062 homini,
1745 2995 1792 3050 si
1835 2991 1973 3049 iiber
2007 2991 2181 3050 factus

585 3083 771 3149 fuerit,
805 3083 1142 3157 conjugetur,
1178 3099 1342 3157 quam
1375 3093 1437 3140 ut
1477 3086 1546 3140 ab
1566 3083 1818 3141 omnibus
1847 3083 2178 3155 repudietur.

581 3175 735 3235 Bene
766 3176 961 3234 valete.

1137 3267 1475 3326 EPISTOLA
1515 3267 1650 3325 LIV.

1159 3379 1227 3418 AD
1256 3379 1311 3416 Ν.
1345 3377 1608 3417 ΑΒΒΑΤΕΜ.

661 3452 720 3506 In
743 3451 944 3509 Christi
971 3451 1212 3518 nomine,
1251 3451 1621 3523 Eginhardus,
1653 3450 1820 3505 abbas
1840 3447 1904 3505 N.
1943 3449 2181 3519 humilis,

589 3544 799 3612 abbati,
832 3541 977 3600 ﬁdeli
999 3551 1164 3615 atque
1189 3543 1407 3610 dilecto,
1433 3551 1695 3599 aeternam
1723 3543 1779 3598 in
1797 3542 2014 3600 Christo
2043 3544 2187 3600 salu-

588 3640 725 3690 tem.
1837 3698 1839 3701 ι

665 3727 961 3786 Memorem
1000 3737 1056 3786 te
1098 3745 1219 3787 esse
1262 3746 1371 3786 non
1417 3730 1603 3786 dubito
1649 3730 1885 3802 qualiter
1912 3738 2024 3786 tam
2053 3737 2108 3786 te
2133 3737 2189 3787 et

589 3834 716 3880 tuos
759 3824 894 3880 mihi
939 3824 1280 3881 commisisti.
1333 3825 1401 3880 Et
1439 3825 1694 3896 quoniam
1741 3825 1817 3880 ita
1856 3841 1916 3881 se
1939 3824 2106 3881 habet
2130 3833 2190 3881 ut

592 3926 686 3974 tua
714 3914 935 3991 propria
982 3918 1224 3975 decrevit
1252 3918 1525 3986 voluntas,
1575 3936 1757 3976 meum
1804 3919 1993 3990 utique
2037 3919 2190 3975 dein-

590 4025 722 4079 ceps
754 4019 842 4066 est
868 4018 945 4076 ut,
976 4011 1288 4082 ubicunque
1315 4021 1675 4082 opportunum
1702 4011 1904 4078 fuerit,
1937 4011 2033 4068 tibi
2057 4011 2191 4068 tuis-

590 4116 702 4172 que
747 4102 1076 4172 condignum
1116 4102 1466 4173 suffragium,
1516 4104 1569 4158 in
1623 4112 1885 4172 quantum
1928 4118 2090 4159 nosse
2136 4111 2191 4159 et

587 4206 757 4266 posse
797 4192 1111 4256 accesserit,
1162 4194 1416 4261 omnibus
1457 4193 1632 4248 modis
1675 4193 2003 4263 impendam.
2052 4193 2191 4264 Ergo

589 4291 785 4341 notum
827 4282 900 4338 sit
929 4281 1202 4338 dilectioni
1248 4290 1444 4338 vestrae
1486 4284 1742 4354 quoniam
1796 4282 1884 4338 ille
1927 4283 2192 4340 vassallus

588 4383 806 4442 noster,
831 4388 1047 4430 necnon
1072 4381 1128 4430 et
1153 4371 1264 4429 filia
1289 4382 1405 4439 tua,
1441 4389 1627 4430 amore
1657 4373 1916 4446 conjugii,
1954 4374 2092 4429 alter
2113 4373 2192 4430 al-

590 4474 778 4524 terum
802 4465 1051 4538 adipisci,
1093 4463 1324 4522 Domino
1362 4465 1576 4522 favente
1603 4473 1661 4522 et
1681 4475 1864 4523 vestra
1890 4465 2191 4532 voluntate,

594 4559 840 4630 cupiunt.
883 4555 1251 4626 Quamobrem
1288 4558 1356 4614 ad
1381 4573 1480 4614 vos
1503 4558 1720 4613 mittere
1748 4558 1982 4625 decrevi,
2033 4557 2190 4614 inno-

595 4657 872 4708 tescentes
891 4649 1039 4723 quod
1083 4658 1196 4706 tam
1227 4650 1390 4706 matri
1418 4659 1486 4724 et.
1511 4649 1690 4717 fratri,
1737 4666 1900 4722 quam
1927 4659 1985 4706 et
2008 4651 2185 4706 omni-

594 4743 702 4802 bus
726 4745 1078 4818 propinquis,
1125 4745 1174 4800 si
1199 4745 1355 4802 vobis
1401 4743 1580 4814 placet
1622 4753 1684 4800 ut
1722 4743 1835 4809 ﬁat,
1887 4759 2187 4815 congruum

595 4848 721 4892 esse
745 4836 982 4892 videtur.
1030 4834 1259 4906 Insuper
1284 4836 1448 4890 etiam
1489 4849 1589 4907 ego
1618 4850 1726 4891 non
1770 4834 1942 4890 solum
1973 4845 2033 4888 ut
2061 4847 2190 4888 con-

598 4926 848 4982 ﬁrmetur
871 4927 1019 4994 volo,
1071 4926 1168 4983 sed
1198 4934 1259 4980 ut
1305 4925 1623 4992 honorifice,
1651 4934 1814 4997 prout
1855 4927 2015 4982 citius
2065 4939 2188 4980 esse

595 5018 819 5092 poterit,
866 5019 914 5074 si
949 5019 1083 5074 mihi
1119 5019 1187 5074 ad
1212 5017 1601 5090 perﬁciendum
1633 5026 1956 5091 potestatem
1983 5017 2191 5074 dederi-

595 5109 693 5175 tis,
726 5118 838 5165 tam
864 5109 923 5164 in
957 5108 1261 5174 beneﬁciis,
1293 5124 1458 5181 quam
1483 5109 1538 5164 in
1561 5109 1681 5165 aliis
1706 5109 1886 5172 rebus,
1919 5108 2186 5178 condigne

597 5202 853 5274 supplere
877 5200 1058 5271 cupio.
1099 5199 1326 5270 Insuper
1373 5201 1518 5258 idem
1546 5201 1663 5272 ipse
1701 5199 1957 5270 praefatus
1986 5196 2189 5254 vassal-

593 5294 687 5352 lus
711 5295 892 5350 dotem
923 5293 1111 5350 dabit:
1158 5301 1320 5366 auget
1350 5308 1574 5349 munera
1605 5310 1617 5346 :
1665 5290 2042 5347 tantummodo
2062 5292 2189 5348 huic

596 5391 681 5448 rei
709 5397 956 5462 superest
979 5397 1042 5445 ut
1062 5397 1155 5445 aut
1179 5405 1279 5448 vos
1301 5390 1404 5462 ipsi
1424 5388 1492 5444 ad
1516 5389 1622 5445 hoc
1642 5401 1779 5457 opus
1801 5386 2188 5457 perﬁciendum

537 5551 540 5554 ί
599 5500 701 5555 per
744 5498 983 5554 praesens
1027 5483 1217 5541 venire
1269 5498 1381 5539 non
1410 5479 1695 5546 diﬁ‘eratis,
1726 5489 1842 5546 aut,
1877 5488 1939 5535 ut
1971 5495 2003 5535 a
2034 5480 2191 5536 nobis

541 5585 556 5590 "
599 5578 945 5651 perﬁciatur,
986 5579 1261 5637 licentiam
1284 5577 1614 5635 concedatis.
1650 5576 1865 5633 Scimus
1885 5576 2034 5633 enim
2061 5574 2190 5646 quid

600 5685 701 5744 per
734 5685 996 5742 praesens,
1047 5672 1276 5727 Domino
1319 5668 1535 5724 favente
1556 5709 1571 5734 ,
1610 5667 1830 5740 explere
1860 5682 2187 5739 possumus;

603 5765 702 5820 sed
727 5765 856 5834 quid
878 5763 1061 5819 futura
1085 5765 1266 5834 pariat
1283 5761 1400 5818 dies
1425 5762 1756 5833 ignoramus.
1787 5761 1912 5816 Ideo
1929 5761 2190 5832 scriptum

571 5863 729 5927 ~est:
787 5874 806 5907 ι
836 5855 958 5911 Non
984 5865 1163 5912 cesset
1200 5871 1393 5911 manus
1426 5865 1537 5922 tua,
1581 5869 1686 5910 non
1713 5861 1891 5910 cesset
1918 5867 2016 5924 pes
2042 5861 2185 5919 tuus,

2261 574 2385 616 mus
2429 564 2510 624 ut,
2560 564 2670 612 tam
2713 568 2812 627 per
2859 553 3006 608 hunc
3033 551 3263 606 missum
3300 564 3455 620 quam
3495 567 3578 622 per
3603 555 3741 617 littera

2259 661 2495 718 vestras,
2531 665 2631 708 nos
2655 649 2722 706 de
2747 649 2856 705 hac
2889 660 2952 702 re
2977 655 3162 702 certos
3189 644 3412 702 reddere
3435 647 3634 706 studeat.
3652 651 3743 712 Bm

2260 746 2460 802 valete.

2827 832 3168 892 EPISTOLA
3204 819 3328 889 LV.

2811 942 2881 982 AD
2910 943 2964 981 Ν.
2991 939 3307 981 EPISCOPUI.

2336 1023 2530 1080 Merito
2554 1021 2853 1080 venerabili
2877 1021 3098 1078 domino
3116 1018 3183 1074 N.
3203 1017 3265 1075 E.
3283 1017 3497 1091 Propter
3513 1023 3745 1093 paucitatem

2266 1119 2644 1176 ministrorum
2673 1116 2882 1181 altaris,
2927 1115 3076 1186 cogit
3110 1127 3202 1168 me
3241 1113 3524 1170 necessitas
3541 1117 3747 1188 supplicare

2268 1211 2547 1268 sanctitati
2575 1215 2776 1266 vestrae
2803 1216 2864 1264 ut
2908 1209 3056 1262 hunc
3080 1205 3360 1268 clericum,
3407 1206 3598 1264 nomine
3625 1207 3688 1274 IL,
3708 1212 3749 1264 ad

2271 1306 2498 1377 gradum
2547 1304 2863 1359 diaconatus
2909 1301 3172 1358 ordinare
3219 1301 3514 1373 dignemini.
3555 1303 3630 1359 Est
3660 1306 3747 1360 enin

2270 1413 2378 1454 non
2407 1399 2584 1454 solum
2626 1405 2820 1464 aetate,
2851 1395 2946 1452 sed
2981 1397 3151 1451 etiam
3178 1397 3476 1453 eruditione
3515 1398 3571 1453 ad
3592 1397 3748 1455 barido-

2275 1505 2429 1547 neus.
2476 1490 2546 1544 Et
2569 1489 2690 1544 ideo
2717 1488 2965 1544 misimus
3004 1487 3161 1543 illum
3203 1489 3270 1544 ad
3295 1497 3479 1545 vestrm,
3501 1489 3748 1561 benignitatis

2272 1581 2641 1654 praasentiam,
2680 1591 2742 1636 ut
2767 1597 2915 1647 eum,
2963 1595 2997 1636 ι
3026 1581 3186 1637 vobis
3217 1581 3408 1637 iterum
3445 1584 3506 1637 ad
3534 1584 3747 1654 praedictum

2277 1674 2504 1747 gradum
2533 1679 2935 1738 consecratum,
2963 1673 3219 1744 recipere
3252 1683 3554 1729 mereamur.
3579 1670 3748 1744 Optovos

2279 1767 2337 1823 in
2359 1765 2576 1823 Christo
2600 1779 2817 1836 semper
2840 1765 2981 1820 bene
3006 1763 3216 1819 valere.

2844 1893 3192 1953 EPISTOLA
3231 1893 3364 1952 LVI.

2813 2007 2881 2047 AD
2932 2005 3342 2046 IIIPEBA'I‘OREI.

2347 2109 2501 2167 Novo
2527 2115 2583 2165 et
2619 2107 2840 2166 insolito
2869 2107 3114 2163 siderum
3138 2113 3266 2160 ortu
3293 2102 3512 2160 infausta
3532 2101 3750 2174 quaedam

2277 2205 2478 2270 tristia,
2505 2202 2691 2275 potius
2726 2216 2889 2272 quam
2915 2199 3038 2254 lzeta
3063 2199 3154 2255 vel
3197 2212 3474 2270 prospera,
3500 2195 3663 2250 miseris
3675 2208 3750 2247 ven-

2277 2304 2400 2351 tura
2423 2293 2716 2365 signiﬁcari
2757 2291 3104 2357 mortalibus,
3149 2306 3290 2362 pene
3342 2289 3567 2345 omnibus
3597 2294 3750 2341 retenta

2279 2381 2572 2440 aestimavit
2599 2381 2919 2436 auctoritas.
2957 2377 3086 2434 Sola
3112 2378 3259 2435 sacri
3289 2376 3543 2448 Evangelii
3569 2375 3748 2444 Scriptura

2279 2477 2576 2532 salutarem
2604 2489 2758 2529 novae.
2784 2472 2951 2530 stellae
2989 2471 3388 2544 apparitionem
3426 2469 3570 2525 fuisse
3591 2475 3749 2526 testati,

2279 2582 2445 2638 quam
2473 2565 2849 2623 Chaldaeorum
2895 2564 3104 2620 vidisse
3145 2564 3446 2634 sapientes,
3491 2567 3541 2616 et
3571 2568 3748 2614 recentem

2281 2661 2471 2719 mterni
2508 2661 2653 2733 regis
2677 2668 2855 2716 ortum
2881 2659 2948 2714 de
2983 2658 3131 2714 illius
3161 2657 3456 2714 clarissimo
3480 2646 3747 2724 fulgomconji

2281 2757 2514 2819 cientes,
2546 2769 2795 2820 munera,
2838 2760 3001 2807 tanta:
3038 2750 3318 2823 majestati
3347 2743 3672 2807 convenientia,
3702 2753 3748 2793 te

2283 2849 2599 2906 nerabiliter
2623 2846 2886 2903 obtulisse
2912 2853 3235 2900 narrantur.
3281 2840 3384 2898 Sed
3402 2839 3506 2908 ejus
3529 2834 3668 2896 stelle,
3683 2843 3748 2900 qur

2284 2957 2457 3012 nuper
2482 2941 2733 3012 apparuit
2761 2938 2980 2994 horrida
3005 2947 3060 2993 et
3089 2951 3287 3008 parum
3319 2935 3435 2989 laeta
3463 2929 3602 2986 facies
3619 2925 3750 2980 abom-

2283 3037 2466 3100 nibus,
2493 3035 2586 3106 qui
2620 3048 2742 3090 eam
2765 3047 2827 3088 se
2865 3031 3074 3087 vidisse
3102 3030 3290 3087 testati
3313 3035 3452 3092 sunt,
3479 3022 3614 3078 fuisse
3629 3033 3673 3072 ac
3693 3013 3750 3069 ni-

2285 3128 2494 3184 naciter
2519 3125 2778 3197 flagrasse
2821 3123 3126 3178 nuntiatur.
3171 3122 3327 3190 Quae,
3359 3128 3416 3175 ut
3441 3131 3567 3179 reor,
3602 3119 3750 3197 mm

2211 3237 2257 3302 ρ
2287 3218 2500 3274 meritis
2535 3196 2739 3272 nostris
2765 3215 3030 3285 praesagia
3064 3213 3222 3279 fecit,
3255 3221 3310 3269 et
3341 3209 3549 3302 cladem,
3571 3217 3647 3273 qua

2287 3324 2494 3374 sumus,
2509 3316 2796 3364 venturam
2808 3306 3085 3362 indicavit.
3119 3304 3260 3373 Quid
3280 3302 3418 3358 enim
3443 3299 3628 3353 interest
3642 3297 3751 3344 utrum

2286 3403 2530 3467 homine,
2581 3400 2668 3456 vel
2697 3399 2852 3456 stella
2896 3398 3208 3464 nuntiante,
3258 3394 3524 3452 imminens
3559 3387 3622 3441 ira
3641 3388 3750 3478 geli":

2285 3494 2611 3566 praedicetur
2653 3491 2939 3548 humano?
2991 3489 3107 3545 Hoc
3153 3497 3361 3544 tantum
3401 3491 3479 3540 est
3500 3478 3751 3566 neces-tam”

2285 3564 2350 3640 ut
2373 3585 2705 3657 intelligatur
2752 3597 3152 3654 supervacuam
3196 3596 3302 3636 non
3330 3577 3485 3632 fuisse
3526 3564 3673 3626 sideris
3697 3571 3750 3657 ll"

2286 3651 2632 3748 paritionem,
2657 3677 2753 3732 sed
2779 3651 3131 3731 admonuisse
3162 3671 3412 3729 mortales
3435 3677 3508 3731 ut,
3527 3651 3751 3734 pwniltﬂdoi

2287 3747 2345 3829 et
2374 3771 2587 3827 Domini
2617 3770 3047 3826 misericordiam
3077 3767 3364 3831 flectendo,
3405 3761 3606 3818 futurum
3626 3747 3751 3840 cerlf-f'

2290 3864 2562 3920 declinare
2587 3861 2905 3933 periculum.
2954 3859 3047 3916 Sic
3076 3860 3133 3915 in
3166 3854 3527 3931 pradicatione
3547 3844 3671 3900 Ione.
3703 3832 3740 3885 Nl

2289 3957 2430 4012 nivze
2454 3956 2735 4012 subversio
2762 3953 3018 4018 civitatis,
3065 3968 3191 4024 qua:
3233 3966 3329 4023 per
3354 3947 3488 4003 illum
3522 3939 3657 3994 fuerat
3675 3937 3743 4024 pr?

2291 4049 2539 4104 nuntiata
2592 4047 2933 4113 hominibus,
2977 4045 3161 4101 divina
3201 4039 3527 4100 miseratione
3558 4027 3679 4084 dilata
3695 4023 3752 4070 est

2291 4139 2550 4210 Fecitque
2593 4139 2736 4195 Deus
2863 4146 3044 4192 turum
3086 4153 3188 4207 per
3233 4131 3506 4192 Jeremiam
3538 4115 3753 4195 prophetam

2291 4232 2556 4305 permisit,
2583 4247 2706 4288 cum
2743 4246 2868 4287 eum
2892 4231 2946 4286 in
2971 4231 3196 4286 domum
3220 4226 3470 4301 figuli.....

2847 4365 3188 4425 EPISTOLA
3236 4357 3386 4420 LVII.

2853 4479 2922 4518 AD
2957 4478 3012 4517 Ν.
3044 4473 3306 4517 COII’I'EI.

2366 4577 2646 4651 Magniﬁca
2662 4584 2737 4632 et
2764 4575 3064 4631 honorabili
3094 4581 3255 4644 atque
3277 4555 3599 4651 illustriviro,

2289 4673 2436 4729 rioso
2451 4626 2680 4733 1ἷῑοιιιίῑὶ,
2718 4665 3062 4739 Eginhardus
3089 4672 3348 4721 aeternam
3381 4654 3432 4711 in
3465 4641 3649 4705 Domino
3673 4626 3756 4687 εὖθ’

2293 4771 2422 4818 tem.

2366 4855 2607 4909 Domnus
2632 4850 2928 4920 imperator
2956 4846 3235 4901 mandavit
3271 4856 3366 4913 per
3404 4823 3640 4903 Dagolfum
3657 4819 3758 4920 ναξ*

2294 4957 2468 5005 torem
2505 4943 2607 5018 [ut]
2647 4899 2926 4999 N.rcomes
2960 4938 3166 4996 faceret
3195 4931 3473 4994 convenire
3493 4921 3551 5018 ad

2295 5057 2417 5098 cum
2445 4999 2564 5096 illos
2589 4999 2821 5094 comites
2848 5035 2941 5106 qui
2968 5041 3094 5090 sunt
3113 5035 3168 5089 in
3196 5026 3441 5088 Austria,
3481 5015 3526 5073 id
3547 5016 3614 5067 est
3638 4999 3757 5106 Half:

2290 5095 2417 5189 nem
2439 5140 2494 5189 et
2522 5130 2831 5202 Popponem
2861 5095 2918 5183 et
2937 5123 3332 5185 Gebehardum,
3363 5124 3416 5172 et
3439 5115 3626 5202 anwa

2289 5240 2500 5292 eorum,
2546 5190 2616 5279 ut.
2637 5223 2781 5277 inter
2805 5235 2866 5276 se
2898 5219 3303 5276 considerarent
3327 5207 3457 5296 quid,
3477 5190 3755 5296 aS‘fnd'ﬂ:

2291 5272 2504 5386 ἐξὲξζῖ
2551 5272 2772 5386 signa
2807 5272 3071 5368 iter;
3099 5272 3602 5382 imminuiBaioariala
3632 5272 3756 5386 (“E‘ff

2291 5365 2407 5386 -..η
2457 5365 2504 5374 --
2558 5365 2760 5386 -Ἵη-
2899 5365 2937 5367 γρ
2999 5365 3046 5366 η
3101 5365 3153 5382 ,κ
3445 5365 3453 5367 ἡ

2291 5419 2562 5467 exortum.
2594 5407 2747 5464 Tunc
2774 5408 2952 5462 visum
2979 5414 3064 5462 est
3093 5406 3201 5461 illis
3226 5403 3361 5457 bene
3387 5403 3499 5451 esse
3520 5375 3708 5494 “3.9::

2291 5501 2438 5566 Atto,
2472 5501 2528 5555 in
2565 5498 2755 5555 eodem
2783 5497 2985 5586 placito
3011 5493 3268 5586 fuissetis.
3289 5486 3430 5586 ideo

2291 5552 2673 5656 consideretis,
2719 5552 2880 5658 att-que
2922 5585 3027 5643 illis
3070 5574 3412 5680 mandetisin

2293 5633 2673 5656 νυ..υ...ν.ν...,,
2719 5633 2880 5658 -..ιη
2922 5633 3026 5643 .,-,-
3071 5633 3326 5642 ..-νμη
3459 5633 3475 5638 ,

2293 5686 2485 5741 deatur
2503 5681 2843 5753 aptissimum
2866 5694 2986 5735 esse
3015 5679 3120 5734 illis
3143 5667 3466 5742 colloquium.
3505 5651 3616 5710 Nam
3635 5633 3682 5694 θ’
3705 5639 3751 5680 π’
3843 5719 3845 5753 Τ

2293 5775 2452 5832 detur
2478 5780 2540 5828 ut
2560 5772 2663 5828 hoc
2681 5771 2820 5827 bene
2845 5785 2967 5827 esse
2993 5770 3183 5842 possit.
