3960 6346
725 489 1060 550 EPISTOLA
1093 486 1270 548 LVIII.

726 601 796 640 AD
820 600 874 639 1|.
904 599 1216 640 ενιεοονωι.
1387 627 1390 630 .

242 677 540 738 Obtntibus
557 676 992 749 prastantissimi
1019 675 1277 732 antistitis
1294 670 1581 730 humillimi
1606 671 1771 730 clien-

161 774 274 832 tuli
308 773 474 830 vestri
505 773 692 844 apices
713 771 1014 844 (praecipua:
1043 770 1324 826 servitutis
1347 768 1582 838 dirigere
1625 777 1770 822 sata-

161 877 355 941 gunt;
391 866 708 921 intimantes
738 864 1102 929 devotionem,
1141 861 1295 932 juxta
1333 863 1552 919 modum
1580 873 1769 916 eorum

161 961 586 1034 possibilitatis,
633 973 864 1030 pronam
892 957 1028 1021 ﬁeri,
1077 958 1124 1013 si
1153 956 1368 1013 almitas
1395 963 1590 1011 vestrae
1615 953 1773 1011 celsi-

163 1055 383 1110 tudinis
407 1052 668 1111 mandare
688 1067 798 1106 non
828 1049 1221 1118 dedignaverit.
1256 1048 1316 1105 ln
1337 1049 1486 1104 omni
1509 1045 1772 1116 obsequio

161 1154 363 1202 vestro
374 1153 813 1214 vestrorumque,
843 1151 900 1196 et
914 1143 1188 1213 deinceps,
1220 1142 1336 1198 sive
1359 1141 1518 1212 juxta
1541 1141 1774 1196 clemen-

161 1239 313 1295 tiam
346 1238 654 1310 pmentiae
701 1243 897 1292 vestrae
923 1237 1126 1307 positi,
1179 1251 1276 1292 seu
1310 1235 1620 1306 ubicunque
1647 1249 1774 1290 ver-

164 1333 291 1388 sari
315 1333 590 1397 videntur,
623 1331 858 1386 libenter
876 1329 1105 1400 professi
1128 1339 1253 1386 sunt
1274 1331 1472 1386 vestris
1502 1327 1774 1386 melliﬁuis

162 1429 560 1498 obtemperare
601 1427 894 1482 mandatis.
931 1424 1086 1480 Nunc
1113 1441 1264 1491 vero,
1313 1425 1565 1496 quamvis
1608 1423 1772 1478 nullis

162 1520 522 1592 exigentibus
547 1519 782 1584 meritis,
833 1527 1016 1574 tamen
1043 1518 1279 1588 alloquio
1321 1526 1517 1576 vestrae
1545 1517 1777 1588 promis-

163 1616 354 1671 sionis
379 1615 590 1680 conﬁsi,
625 1628 847 1670 monere
889 1629 998 1668 non
1031 1613 1266 1669 titubant
1295 1611 1554 1683 pietatem
1576 1618 1773 1666 vestrae

177 1708 500 1764 charitatis.
538 1707 728 1763 Valeat
756 1706 1037 1762 beatitudo
1063 1714 1264 1762 vestra.

718 1818 1054 1876 EPISTOLA
1102 1817 1236 1874 LIX.

350 1905 418 1948 AD
457 1907 774 1948 PRECIPUUI
815 1906 1198 1947 IIIPERATIUCIS
1232 1901 1599 1944 οΑΡΕιιΑΝυΙΙ.

246 1984 577 2041 Honorando
621 1993 788 2056 atque
826 1984 1116 2040 sublimato
1164 1990 1218 2037 et
1266 1980 1460 2051 spiritu
1492 1976 1774 2048 sapientiae

165 2075 601 2148 repleto.........
652 2077 912 2146 magistro
961 2083 1126 2145 atque
1173 2073 1446 2143 praecipuo
1494 2068 1775 2140 capellauo

162 2168 392 2224 domnae
419 2167 801 2239 imperatricis,
821 2167 988 2222 vestri
1016 2165 1203 2221 ﬁdeles
1227 2163 1492 2230 clientuli,
1517 2178 1616 2233 per
1634 2162 1773 2217 hanc

163 2261 438 2317 schedam
463 2259 751 2329 parvitatis
777 2267 1002 2323 nosti-re,
1037 2255 1363 2313 beatitudini
1392 2261 1589 2310 vestrae
1617 2262 1773 2324 opta-

165 2368 302 2408 mus
330 2353 562 2408 salutem
587 2366 906 2423 perennem.

245 2443 588 2499 Recordetur
617 2441 834 2497 bonitas
861 2449 1045 2498 vestra
1084 2439 1152 2496 de
1191 2454 1356 2496 causa
1398 2454 1561 2510 quam
1600 2453 1774 2508 quon-

165 2536 304 2592 dam
341 2536 502 2592 locuti
532 2535 754 2602 fuimus,
785 2543 866 2600 ut,
901 2536 1044 2591 sicut
1070 2549 1171 2590 nos
1196 2534 1531 2590 exhortastis
1571 2543 1627 2588 et
1667 2533 1774 2588 lar-

167 2629 325 2702 giter
367 2628 734 2700 promisistis,
789 2628 865 2682 ita
914 2627 1148 2684 feliciter
1193 2625 1420 2697 implere
1467 2627 1774 2697 procuretis

168 2723 324 2796 apud
351 2723 504 2778 illum
537 2737 699 2793 quem
727 2736 827 2778 vos
856 2721 1008 2777 scitis
1034 2739 1048 2775 :
1088 2729 1144 2776 et
1171 2718 1432 2790 inquirite
1459 2726 1638 2773 utrum
1671 2735 1770 2774 nos

167 2816 248 2872 ad
275 2815 446 2882 illum,
476 2830 545 2870 an
573 2823 729 2886 parte
756 2816 812 2870 in
847 2815 953 2870 alia
983 2815 1207 2870 tendere
1231 2813 1548 2878 debeamus,
1584 2821 1642 2868 et
1674 2829 1773 2868 no-

171 2911 265 2968 bis
291 2949 308 2977 ,
353 2925 453 2982 per
479 2910 696 2967 ﬁdelem
731 2909 977 2982 gerulum
1004 2948 1019 2975 ,
1071 2915 1166 2962 aut
1194 2921 1293 2978 per
1320 2914 1532 2962 vestros
1563 2905 1768 2976 apices,

169 3003 292 3061 cito
339 3004 662 3060 remandare
709 3001 1021 3073 dignemini.
1093 2999 1200 3056 Pro
1247 2998 1571 3054 conﬁdentia
1623 2999 1770 3052 enim

171 3109 398 3167 magna,
423 3109 586 3167 quam
617 3095 671 3149 in
699 3095 853 3149 vobis
878 3093 1162 3157 habemus,
1190 3100 1300 3147 tam
1329 3091 1589 3146 audacter
1613 3090 1770 3145 vobis

170 3193 501 3262 scripsimus
546 3189 927 3245 necessitatem
971 3194 1234 3242 nostram.
1293 3185 1369 3240 De
1409 3193 1592 3239 vestra
1637 3199 1767 3238 vero

173 3284 453 3355 sospitate
479 3282 632 3338 nobis
658 3282 911 3336 intimare
937 3277 1267 3350 dignemini,
1301 3275 1429 3346 quia
1456 3285 1636 3330 vestra
1677 3290 1769 3329 sa-

173 3375 337 3432 nitas
382 3382 564 3430 nostra
609 3382 694 3429 est
741 3373 966 3436 laetitia,
1017 3378 1073 3425 et
1097 3378 1280 3424 vestra
1310 3367 1496 3423 laetitia
1527 3377 1772 3424 nostrum

171 3475 270 3522 est
300 3466 572 3537 gaudium.
621 3465 738 3520 Hoc
765 3472 1044 3534 optamus,
1088 3461 1192 3516 hoc
1221 3459 1623 3527 desideramus,
1670 3460 1773 3516 hoc

175 3559 439 3630 cupimus
466 3559 673 3626 audire,
698 3566 758 3612 ut
787 3557 881 3612 ﬁat
909 3555 1094 3611 multis
1121 3554 1356 3610 feliciter
1381 3555 1560 3609 annis.
1588 3554 1774 3609 Valete

174 3665 331 3708 nunc
355 3659 410 3708 et
439 3666 670 3723 semper,
697 3650 783 3706 vir
807 3648 1213 3722 gloriosissime,
1238 3647 1293 3702 in
1317 3647 1536 3704 Christo
1560 3646 1688 3704 Iesu
1719 3656 1775 3703 et

175 3745 239 3803 in
267 3745 521 3802 omnibus
549 3744 754 3800 sanctis
779 3741 918 3811 ejus.
947 3739 1142 3798 Amen.

741 3862 1071 3920 EPISTOLA
1110 3865 1223 3920 LX.

576 3969 644 4008 AD
684 3971 741 4010 Π.
780 3970 1082 4010 ILLUSTREM
1124 3971 1386 4011 DONINUM.

253 4043 487 4100 Illustris
519 4045 800 4119 dignitatis
824 4048 1003 4102 virum
1037 4057 1199 4118 atque
1230 4047 1581 4102 nobilissimae
1611 4049 1777 4102 sub-1-

176 4137 398 4194 mitatis
439 4139 717 4196 dominum
759 4139 852 4207 M.,
886 4142 951 4197 V.
999 4151 1053 4198 et
1081 4143 1376 4214 gloriosum
1402 4185 1416 4210 ,
1471 4143 1776 4199 ﬁdelissimi

173 4245 250 4287 ac
277 4231 651 4300 devotissimi,
700 4242 1003 4306 vestrmque
1048 4235 1102 4290 in
1149 4236 1400 4293 omnibus
1444 4237 1777 4295 excellentiae

171 4326 521 4398 paratissimi
573 4327 797 4396 famuli,
852 4329 996 4386 ﬁdeli
1047 4341 1102 4388 et
1153 4331 1375 4405 optabili
1432 4334 1779 4406 aggredimur

171 4421 434 4477 Servitio.

253 4511 524 4570 Maximas
553 4522 608 4571 et
630 4557 645 4581 ,
693 4516 740 4572 si
779 4516 894 4572 ﬁeri
924 4527 1151 4590 posset,
1203 4519 1555 4576 sublimitatis
1582 4528 1778 4576 vestrae

1628 373 1988 432 EPISTOLZE

1791 490 1846 554 Α
1868 497 2094 561 excepta
2129 489 2460 548 dominicata
2500 491 2711 550 decima
2727 531 2743 558 ,
2783 507 2948 564 quam
2976 509 3044 550 ex
3071 502 3257 555 vestro
3284 497 3454 556 verbo

1797 3232 1844 3296 C

3345 382 3452 440 554

1868 582 2067 639 salvari
2111 585 2392 656 praecepit,
2451 584 2646 644 debeat
2673 601 2742 640 an
2771 600 2879 642 non
2902 626 2918 651 ,
2964 602 2996 642 a
3036 587 3193 644 nobis
3232 591 3453 660 penitus

1869 677 2168 750 ignoratur.
2203 679 2330 736 Haec
2357 680 2479 736 ideo
2503 688 2702 737 vestra:
2727 680 3050 738 sublimitati
3079 686 3454 755 exposuimus,

1869 779 1930 827 ut
1954 778 2136 828 vestra
2163 772 2429 829 celsitudo
2464 773 2665 843 cogitet
2701 781 2756 831 et
2794 781 3030 840 statuat,
3060 777 3331 845 quomodo
3365 792 3456 833 re-

1871 868 2108 923 staurari
2153 869 2374 938 possit:
2419 876 2474 924 et
2523 885 2592 924 ne
2635 869 2940 940 periculum
2987 868 3216 939 alicujus
3263 885 3460 941 prove-

1870 963 2018 1026 niat,
2061 961 2107 1016 si
2133 961 2328 1017 domus
2354 960 2466 1017 Deo
2495 962 2676 1017 dicata
2702 962 3008 1035 negligatur
3041 970 3096 1020 et
3126 963 3453 1020 adnulletur.

1873 1053 2143 1123 Quidquid
2187 1068 2318 1122 ergo
2361 1063 2556 1110 vestrm
2595 1056 2932 1112 excellentia:
2965 1054 3161 1113 exinde
3195 1056 3456 1124 libuerit,

1870 1162 1969 1219 per
2013 1155 2256 1202 vestrum
2303 1147 2531 1202 missum
2579 1159 2781 1204 nostra:
2828 1149 3132 1204 modicitati
3181 1149 3461 1206 insinuare

1873 1239 2146 1310 dignetur.
2206 1237 2457 1294 Vestram
2505 1239 2896 1296 sublimitatem
2950 1241 3165 1296 diutino
3217 1249 3459 1312 tempore

1873 1333 2124 1390 Christus
2147 1342 2418 1406 protegat,
2441 1334 2757 1405 pariterque
2779 1335 2846 1390 ad
2869 1335 3037 1390 vitam
3059 1343 3319 1393 aeternam
3342 1350 3463 1408 per.

1873 1428 2056 1484 ducat.
2083 1427 2280 1484 Amen.

2405 1517 2738 1575 EPISTOLA
2787 1519 2922 1575 LXI.

2492 1629 2560 1666 AD
2596 1626 2837 1667 EUIDBI.

1944 1702 2178 1769 Prmvio,
2213 1702 2414 1772 insigni
2445 1711 2610 1772 atque
2636 1705 2868 1776 egregiae
2897 1704 3198 1762 nobilitatis
3221 1704 3344 1761 viro
3369 1703 3460 1775 N.,

1879 1793 1965 1851 W.
2005 1805 2058 1851 et
2094 1795 2183 1861 G.,
2227 1804 2427 1850 vestra:
2469 1795 2785 1850 sublimitati
2830 1810 2928 1866 per
2963 1797 3144 1852 omnia
3187 1797 3367 1854 devoti
3409 1805 3466 1854 et

1799 1863 1848 1923 Β
1876 1886 2062 1952 dediti,
2090 1886 2249 1947 ﬁdele.
2279 1887 2334 1942 in
2357 1887 2610 1942 omnibus
2649 1863 2972 1957 obsequium
2994 1897 3159 1960 atque
3180 1891 3464 1946 servitium

1871 1987 2142 2050 optamus.

1944 2069 2210 2138 Quoniam
2269 2069 2575 2125 sublimitas
2630 2077 2832 2126 nostrae
2885 2071 3186 2128 modicitati
3242 2072 3463 2141 aliquod

1872 2164 2156 2219 servitium
2184 2163 2464 2234 injungere
2492 2163 2692 2229 voluit,
2735 2164 2862 2233 quia
2905 2164 3047 2220 idem
3095 2165 3160 2220 ad
3209 2165 3464 2222 effectum

1871 2259 2109 2313 nondum
2153 2258 2344 2322 venit,
2393 2273 2616 2313 causam
2659 2271 2855 2314 vestra:
2894 2258 3202 2313 celsitudini
3250 2261 3465 2316 innote-

1872 2352 2094 2406 scimus.
2129 2350 2372 2406 Clericus
2396 2351 2581 2407 fratris
2605 2353 2775 2408 vestri
2798 2351 2889 2417 A.,
2913 2368 3074 2423 quem
3103 2362 3284 2408 vestro
3305 2351 3465 2421 jussu

1873 2443 2204 2499 conservitio
2237 2443 2405 2512 ipsius
2431 2442 2496 2496 Α.
2531 2443 2890 2512 suscepimus,
2921 2442 3250 2507 indiculum,
3295 2459 3458 2513 quem

1872 2544 2073 2590 nostra:
2099 2534 2355 2605 parvitati
2387 2535 2646 2597 misistis,
2686 2549 2871 2589 secum
2903 2535 3157 2599 abstulit,
3198 2542 3256 2588 ut
3297 2550 3462 2588 excu-

1873 2631 2138 2687 sationem
2168 2638 2352 2684 vestro
2379 2627 2537 2684 fratri
2566 2643 2632 2682 ex
2663 2636 2850 2682 nostra
2881 2635 3036 2696 parte
3061 2626 3264 2681 faceret
3291 2627 3458 2695 quod,

1871 2737 1971 2792 pro
1999 2729 2182 2776 vestro
2211 2721 2454 2785 servitio,
2497 2734 2636 2791 opus
2674 2719 2918 2790 ejusdem
2959 2719 3334 2789 imperfectum
3374 2733 3463 2772 re-

1874 2823 2119 2870 maneret
2150 2832 2163 2868 :
2207 2821 2262 2868 et
2304 2813 2357 2867 iu
2400 2813 2518 2883 ipso
2549 2811 2786 2867 indiculo
2817 2826 3109 2876 mensuras,
3139 2825 3274 2881 quas
3304 2808 3464 2866 nobis

1874 2904 2288 2968 trausmisistis,
2339 2903 2546 2974 pariter
2595 2902 2791 2957 ablata:
2839 2909 3008 2967 sunt,
3059 2915 3179 2970 qua:
3229 2916 3260 2955 a
3306 2900 3466 2956 nobis

1874 2998 2139 3054 hactenus
2180 2997 2328 3052 nullo
2370 2997 2529 3052 modo
2567 2997 2792 3066 reperiri
2829 3003 3074 3067 possunt.
3126 2994 3466 3065 Quapropter

1875 3090 2021 3161 ipsas
2067 3104 2350 3145 mensuras
2399 3089 2556 3144 nobis
2596 3088 2992 3153 transmittite,
3054 3094 3149 3153 et,
3199 3092 3461 3156 quantum

1874 3185 2148 3250 valemus,
2198 3184 2264 3239 de
2307 3191 2488 3238 vestro
2534 3182 2757 3238 servitio
2802 3181 3082 3238 elaborare
3124 3178 3459 3235 curabimus.

1883 3280 2075 3335 Valere
2132 3280 2186 3334 in
2243 3279 2474 3334 Domino
2521 3287 2758 3334 vestram
2817 3278 3211 3334 sublimitatem
3256 3274 3466 3347 jugiter

1875 3378 2211 3441 exoptamus.

2344 3461 2752 3519 EPISTOLA
2797 3460 2988 3516 LXII.

2429 3592 2497 3632 AD
2535 3591 2906 3632 BLOTHABIUII.

1948 3674 2206 3743 Quamvis
2243 3674 2545 3730 certissime
2584 3672 2800 3728 credam
2844 3671 3147 3742 piissimum
3178 3667 3462 3723 Dominum

1877 3787 2058 3828 meum
2095 3785 2309 3839 semper
2347 3784 2642 3823 memorem
2675 3782 2796 3822 esse
2821 3772 3176 3835 patronorum
3215 3775 3461 3823 suorum,

1876 3866 2314 3919 beatissimorum
2343 3861 2545 3916 Christi
2577 3868 2874 3930 martyrum
2897 3897 2912 3922 ,
2946 3855 3240 3910 Marcellini
3281 3863 3334 3906 et
3367 3850 3467 3906 Pe-

1879 3959 1974 4021 tri,
2006 3957 2117 4026 qui,
2147 3954 2361 4011 occulto
2394 3953 2488 4006 Dei
2513 3951 2737 4021 judicio,
2772 3950 2942 4002 Roma
2973 3946 3182 4009 relicta,
3219 3944 3285 3997 ad
3320 3942 3466 3997 exal-

1881 4049 2140 4104 tationem
2168 4056 2223 4100 et
2253 4043 2645 4116 protectionem
2675 4041 2826 4111 regni
2853 4037 3054 4102 vestri,
3095 4037 3150 4090 in
3177 4033 3467 4089 Franciam

1879 4146 2177 4203 venerunt,
2218 4143 2302 4200 et,
2338 4149 2436 4205 pro
2462 4147 2568 4203 qua
2599 4131 2784 4187 nescio
2813 4144 3008 4195 causa,
3047 4127 3189 4199 apud
3223 4141 3310 4182 me
3338 4139 3468 4196 pec-

1879 4242 2121 4290 catorem
2150 4229 2411 4300 hOSpitari
2443 4225 2650 4298 dignati
2677 4231 2837 4290 sunt,
2880 4222 3014 4278 mihi
3056 4229 3238 4276 tamen
3267 4229 3467 4287 magna

1881 4322 2145 4380 Incumbit
2180 4319 2479 4375 necessitas
2508 4325 2568 4371 ut
2592 4331 2690 4372 vos
2718 4315 2784 4371 de
2815 4314 2996 4370 causis
3035 4311 3104 4367 ad
3145 4324 3333 4367 eorum
3369 4308 3469 4362 ho-

1881 4429 2069 4470 norem
2106 4410 2503 4483 pertinentibus
2540 4409 2736 4463 crebro
2770 4419 3178 4470 commoneam,
3221 4417 3288 4456 ne
3327 4398 3470 4454 forte

1879 4507 2182 4580 periculum
2232 4521 2294 4560 ac
2341 4503 2724 4560 detrimentum
2753 4502 2950 4556 animm
2983 4513 3120 4553 mea:
3150 4496 3427 4551 incurram
3448 4533 3465 4560 ,

171 4605 498 4665 celsitudini
528 4610 815 4670 referimus
851 4623 1052 4688 grates,
1091 4616 1260 4687 quod,
1293 4625 1495 4672 nostra:
1522 4616 1772 4687 petitioni
1801 4593 1855 4656 D
1881 4603 1928 4658 Si
1955 4603 2022 4658 de
2050 4599 2140 4655 illa
2171 4597 2541 4654 adnlonmone
2568 4594 2925 4667 ηθειίεθηιίοτ
2946 4607 3109 4663 quam
3137 4595 3472 4688 opofw‘fx‘

173 4717 471 4757 assensum
519 4705 868 4775 praebentes,
919 4709 987 4763 ad
1039 4705 1290 4764 effectum
1335 4707 1666 4780 perduxistis
1709 4709 1775 4763 de

170 4791 392 4862 capella
420 4793 475 4848 in
505 4793 630 4850 villa
661 4795 820 4853 Lensi
850 4799 1164 4855 constituta.
1199 4800 1403 4855 Tamen
1433 4800 1773 4856 misistis.....

174 4883 276 4953 qui
323 4899 425 4939 nos
450 4886 646 4941 exinde
683 4889 882 4944 vestire
909 4890 1090 4956 venit,
1137 4891 1188 4946 id
1230 4891 1438 4962 ipsum,
1483 4891 1626 4947 sicut
1660 4890 1777 4960 jus-

172 4975 359 5040 sistis,
388 4974 636 5045 fecisset,
666 4978 770 5035 nisi
797 4981 1048 5037 homines
1073 4981 1213 5048 VV.,
1243 4982 1427 5036 fratris
1457 4983 1644 5047 vestri,
1673 4984 1776 5038 hoc

171 5066 666 5126 contradixissent.
717 5071 972 5128 Attamen
1009 5073 1124 5144 ipse
1160 5073 1310 5129 locus
1345 5073 1503 5129 valde
1530 5083 1778 5129 vastatus

172 5168 302 5224 est,
355 5159 430 5214 ita
472 5169 533 5216 ut
574 5159 777 5218 nullum
808 5165 1032 5219 omnino
1060 5171 1312 5235 tegumen
1343 5172 1609 5218 tectorum
1646 5165 1778 5219 inibi

174 5253 546 5320 remanserit,
576 5256 718 5325 quod
755 5271 860 5312 non
889 5255 1196 5322 venditum,
1227 5255 1522 5310 alienatum
1542 5295 1557 5320 ,
1592 5263 1777 5309 vasta-

176 5354 413 5414 tumque
445 5344 545 5409 sit,
583 5354 807 5418 escepta
847 5345 1108 5412 basilica,
1156 5359 1275 5418 quae
1311 5347 1478 5402 etiam
1522 5359 1589 5401 ex
1627 5353 1782 5416 parte

174 5437 419 5493 corruit.
476 5435 588 5493 Nos
633 5447 852 5503 autem,
898 5451 1063 5494 causa
1106 5446 1305 5494 vestrae
1348 5436 1635 5501 mercedis,
1679 5436 1782 5492 hoc

176 5527 358 5583 ﬁxum
392 5526 448 5582 in
485 5529 669 5584 animo
705 5528 1028 5595 habuimus,
1076 5536 1137 5584 ut
1181 5544 1299 5598 quae
1340 5528 1595 5598 przescnti
1641 5544 1784 5583 anno

179 5617 484 5688 adquirere
508 5631 816 5691 possemus,
862 5617 930 5674 ad
965 5620 1421 5676 restaurationem
1449 5618 1554 5674 loci
1584 5632 1784 5688 expen-

180 5713 450 5768 deremus
465 5725 481 5766 :
499 5709 642 5782 quod
663 5719 717 5767 et
731 5709 913 5770 facere
941 5711 1208 5784 cupimus,
1225 5712 1272 5768 si
1295 5711 1371 5767 ita
1394 5725 1492 5784 per
1513 5726 1772 5767 manse...

180 5801 389 5858 statuit
431 5812 594 5875 atque
638 5803 900 5860 decrevit.
949 5803 1146 5862 Vester
1189 5804 1376 5875 itaque
1419 5803 1780 5859 missus.......

177 5889 462 5953 laboratis
490 5894 626 5953 nihil
652 5895 727 5955 ibi
753 5895 986 5965 invenit,
1019 5896 1149 5970 quia
1177 5895 1360 5953 omnia
1385 5903 1599 5952 vastata
1625 5901 1782 5952 erant
1825 5969 1845 5975 _

1881 4693 2094 4757 stitero,
2126 4700 2182 4746 et
2211 4691 2336 4745 licet
2365 4687 2439 4743 illi
2471 4689 2581 4743 sint
2615 4682 3107 4742 misericordissimi
3127 4721 3143 4746 ,
3176 4679 3267 4750 qui
3299 4677 3471 4734 etiam

1880 4785 2190 4859 percussori
2237 4798 2336 4839 suo
2375 4788 2765 4853 pepercerunt,
2812 4791 2995 4848 regem
3028 4784 3205 4830 tamen
3241 4785 3430 4827 eorum
3451 4810 3468 4836 ,

1883 4876 2172 4932 Dominum
2195 4882 2442 4929 nostrum
2465 4871 2648 4927 Iesum
2668 4869 2966 4932 Christum,
2984 4881 3085 4935 pro
3105 4863 3259 4932 cujus
3280 4876 3472 4917 amore

1884 4969 2025 5024 mori
2057 4982 2163 5022 non
2192 4966 2602 5028 dubitaverunt,
2637 4961 2910 5016 offendere
2934 4959 3122 5021 timeo,
3149 4956 3196 5010 si
3227 4954 3283 5009 in
3309 4953 3467 5008 exhi-

1882 5061 2076 5116 bendis
2108 5073 2296 5113 eorum
2338 5057 2504 5112 cultui
2549 5051 2805 5124 congruis
2848 5047 3142 5105 honoribus
3171 5061 3258 5101 me
3287 5043 3469 5115 segni-

1885 5163 1970 5209 ter
2007 5161 2255 5224 agentem
2295 5149 2581 5205 invenerit.
2635 5143 2892 5207 Proinde,
2940 5139 3184 5211 piissime
3226 5137 3467 5200 domine,

1885 5244 2260 5301 excellentiam
2306 5251 2543 5297 vestram
2591 5236 2867 5293 humiliter
2932 5233 3198 5288 admoneo
3243 5238 3298 5284 et
3343 5236 3472 5298 peto

1883 5345 1944 5393 ut
1989 5335 2265 5392 recordari
2295 5330 2591 5404 dignemini
2621 5328 2687 5382 de
2717 5326 2820 5381 illa.
2849 5331 3272 5381 commutatione
3321 5319 3423 5374 loci
3452 5357 3468 5384 ,

1884 5431 1942 5486 in
1981 5445 2090 5501 quo
2127 5428 2433 5486 veneranda
2466 5425 2762 5496 Martyrum
2803 5436 3033 5493 corpora
3079 5419 3465 5490 requiescunt,

1884 5537 2006 5593 quae
2047 5536 2171 5577 cum
2208 5518 2430 5589 Otgario
2466 5515 2722 5588 episcopo
2749 5511 2895 5569 facta
2924 5519 3045 5577 est,
3093 5518 3149 5566 et
3189 5524 3316 5565 enm
3361 5505 3470 5562 illis

1883 5615 2164 5688 proprium
2212 5609 2460 5666 efﬁciatis
2481 5649 2498 5675 ,
2557 5622 2656 5680 pro
2707 5621 2815 5678 quo
2857 5605 3140 5663 Iiberando
3187 5599 3470 5673 proprium

1884 5717 2127 5764 vestrum
2153 5713 2344 5762 sancto
2372 5702 2604 5758 Martino
2628 5699 2948 5756 tradidistis.
2998 5697 3134 5753 Item
3174 5695 3466 5751 admonere

1884 5811 2154 5870 praesumo
2193 5795 2622 5852 misericordiam
2647 5801 2887 5848 vestram
2913 5791 2980 5846 de
3007 5788 3112 5844 illis
3152 5785 3287 5841 meis
3327 5781 3466 5853 peti-

1884 5890 2124 5949 tionibus
2155 5888 2381 5959 quibus,
2423 5894 2555 5944 tunc
2593 5882 2808 5955 quando
2848 5877 3182 5938 imminentis
3206 5872 3465 5930 viciniam
