3960 6346
466 365 573 429 535

1751 349 2132 410 EGINHABDI
2167 347 2461 407 ABBATIS

3631 346 3755 408 536

460 485 659 548 mortis
688 479 968 547 exhorrui,
991 477 1148 534 vobis
1175 472 1420 547 suggessi
1446 478 1509 527 ut
1535 467 1738 541 aliquid
1761 467 1830 524 de
1852 463 2053 522 nostris
2077 466 2134 528 Α
2155 461 2426 521 infelicem
2446 477 2512 520 ac
2533 459 2899 521 miserrimum
2925 473 3036 517 non
3075 457 3286 531 iudicet
3303 499 3322 527 ,
3361 474 3484 515 uim
3532 459 3588 516 in
3613 461 3762 522 alni-

461 574 744 636 beneﬁciis
772 573 843 628 ad
871 568 1323 627 sustentationem
1347 578 1555 629 eorum,
1579 559 1672 631 qui
1695 559 1852 631 juxta
1875 570 2054 612 sacra-

464 670 677 729 tissima
695 674 1014 723 sanctorum
1035 661 1335 732 Martyrum
1356 669 1582 728 corpora
1598 653 1709 708 Deo
1725 647 2055 706 deservituri

463 769 615 828 sunt,
636 759 844 816 eisdem
872 752 1179 812 mitissimis
1205 749 1453 822 patronis
1477 745 1677 802 vestris
1704 743 1836 799 dare
1864 741 2054 813 digna-

464 851 662 910 remini
681 891 697 917 ,
741 847 976 920 qualiter
1000 851 1132 899 tunc
1155 840 1353 897 vestris
1379 835 1786 910 benignissimis
1821 829 2055 903 promis-

465 944 712 1002 sionibus
761 955 912 1013 spem
967 935 1102 992 mihi
1153 933 1361 990 fecistis
1410 929 1557 1003 quod
1613 926 1884 984 desiderio
1930 939 2055 981 meo

463 1034 710 1092 fraudari
737 1048 847 1089 non
874 1030 1154 1094 deberem,
1186 1035 1272 1093 et,
1303 1040 1412 1081 non
1439 1022 1612 1078 solum
1641 1020 1695 1075 in
1724 1019 1829 1074 hac
1853 1032 2050 1084 causa,

466 1132 566 1190 sed
593 1131 760 1186 etiam
790 1128 848 1183 in
875 1117 954 1183 eo'
977 1133 1040 1180 ut
1075 1123 1181 1188 his,
1221 1136 1360 1193 quos
1397 1119 1465 1174 ad
1501 1115 1782 1173 servitium
1812 1120 2054 1168 vestrum

467 1223 740 1288 enutrivi,
769 1216 1197 1277 misericordiam
1226 1220 1468 1270 vestram
1496 1207 1810 1279 impendere
1828 1245 1843 1272 ,
1878 1212 1934 1259 et
1958 1217 2054 1259 eos

467 1315 540 1372 de
581 1314 718 1385 ipsis
760 1307 1040 1368 beneﬁciis
1085 1306 1342 1377 adjuvare
1389 1299 1680 1357 deberetis.
1737 1294 2055 1352 Certissime

465 1405 685 1464 conﬁdo
711 1402 855 1476 quod
884 1402 940 1457 in
964 1401 1069 1456 hoc
1093 1406 1150 1455 et
1172 1397 1344 1453 Deum
1373 1401 1428 1450 et
1453 1399 1670 1449 sanctos
1697 1389 1814 1462 ejus
1839 1402 2056 1460 prome-

465 1496 579 1554 reri
600 1494 864 1560 debeatis,
893 1493 939 1548 si
965 1505 1054 1548 me
1077 1489 1191 1546 voti
1215 1487 1324 1544 mei
1347 1494 1653 1558 compotem
1683 1484 1737 1538 in
1763 1483 1866 1538 hac
1891 1495 2057 1537 causa

465 1587 683 1645 eﬁicere
707 1584 1024 1658 dignamini.
1054 1581 1191 1638 Item
1220 1594 1352 1651 rogo
1380 1587 1441 1633 ut
1466 1577 1708 1649 cogitare
1735 1582 1898 1644 atque
1925 1586 2057 1643 pen-

466 1697 594 1739 sare
619 1678 912 1753 dignemini
941 1691 1062 1748 quae
1087 1688 1302 1730 merces
1324 1688 1423 1728 vos
1449 1671 1591 1743 apud
1617 1671 1791 1725 Deum
1817 1672 2052 1730 maneat,

466 1780 524 1830 et
549 1771 669 1827 laus
697 1785 882 1826 coram
910 1765 1108 1824 saeculo
1133 1763 1290 1820 vobis
1321 1761 1605 1818 adcrescat
1631 1760 1714 1826 si,
1748 1773 1848 1829 per
1871 1771 1970 1813 vos
2004 1762 2060 1812 et

2153 558 2334 613 ctione
2352 557 2581 629 positus,
2612 571 2760 622 eum,
2788 569 2950 626 quem
2977 552 3119 609 votis
3143 553 3256 608 suis
3306 549 3581 607 fauturum
3628 552 3760 612 fore

2154 649 2478 717 crediderat,
2515 663 2766 705 aversum
2805 655 2968 718 atque
2999 645 3391 701 inexorabilem
3431 645 3761 716 experitur!

2154 741 2404 799 Haecine
2424 741 2555 797 talia
2590 741 2689 796 tibi
2718 740 2989 806 videntur,
3019 749 3082 794 ut
3117 739 3373 810 suspiria,
3397 747 3459 794 ut
3481 738 3762 811 lacrymas

2152 834 2500 892 bomuncioni
2532 832 2743 890 tantillo
2770 848 3133 898 commovere,
3163 840 3224 888 ut
3249 834 3430 905 ipsum
3469 835 3540 889 ad
3575 836 3760 907 gemi-

2155 935 2270 983 tum
2294 936 2350 983 et
2367 926 2642 997 planctum
2666 925 2962 992 concitare,
2985 932 3046 979 ut
3073 925 3240 980 etiam
3270 925 3327 979 in
3355 925 3762 996 desperationis

2153 1020 2435 1075 baratrum
2457 1018 2691 1090 dejicere
2720 1018 3060 1088 potuissent?
3085 1017 3152 1072 Et
3179 1017 3368 1088 utique
3397 1017 3759 1087 deiecissem,

2154 1109 2258 1166 nisi
2295 1108 2490 1165 divinae
2517 1108 2883 1165 miserationis
2927 1122 3028 1179 ope
3070 1106 3342 1174 suﬁ'ultus,
3375 1107 3505 1178 quid
3547 1108 3607 1164 in
3661 1110 3763 1165 hu-

2151 1199 2390 1274 jusmodi
2415 1199 2596 1256 causis
2625 1207 2720 1254 aut
2744 1199 2960 1255 casibus
2999 1196 3235 1267 majores
3259 1213 3328 1254 ac
3351 1198 3616 1255 meliores
3660 1215 3764 1256 no-

2157 1292 2258 1348 stri
2287 1291 2578 1347 tenendum
2607 1289 3042 1360 servandumque
3085 1290 3420 1355 sanxissent,
3451 1290 3523 1346 ad
3578 1292 3764 1362 inqui-

2157 1385 2389 1442 rendum
2417 1384 2598 1440 subito
2625 1398 2714 1439 me
2736 1381 3150 1438 convertissem.
3209 1381 3380 1436 Erant
3401 1382 3475 1437 ad
3533 1399 3765 1440 manum

2158 1481 2408 1535 doctores
2430 1476 2655 1549 egregii,
2680 1476 2879 1531 nedum
2899 1491 3009 1531 non
3033 1474 3345 1546 spernendi,
3360 1490 3562 1531 verum
3588 1478 3767 1532 omni—

2157 1576 2259 1632 bus
2280 1575 2534 1633 audiendi
2554 1583 2717 1646 atque
2737 1575 2996 1646 sequendi
3017 1593 3029 1628 :
3053 1574 3318 1647 gloriosus
3338 1572 3606 1628 videlicet
3627 1586 3768 1626 mar-

2161 1675 2248 1739 tyr
2276 1667 2597 1740 Cyprianus,
2626 1674 2681 1722 et
2716 1665 3073 1722 illustrissimi
3115 1680 3395 1721 sacrarum
3423 1663 3766 1718 divinarum-

2160 1773 2267 1829 que
2289 1756 2592 1812 litterarum
2620 1755 2988 1826 expositores,
3033 1755 3371 1828 Augustinus
3424 1763 3601 1823 atque
3638 1752 3764 1808 Hie-

465 1865 525 1922 in
553 1863 741 1920 diebus
762 1861 984 1929 vestris,
1006 1859 1162 1916 locus
1186 1853 1546 1928 requietionis
1575 1858 1890 1908 sanctorum
1915 1863 2056 1904 mar—
2082 1857 2130 1918 B
2159 1867 2438 1925 ronymus.
2466 1851 2707 1920 Quorum
2734 1852 3022 1908 sententiis
3043 1867 3108 1907 ac
3131 1851 3512 1908 saluberrimis
3538 1866 3766 1921 persna-

467 1967 679 2033 tyrum,
729 1966 844 2013 tam
890 1956 948 2010 in
993 1951 1237 2009 aediﬁciis
1278 1964 1442 2020 quam
1480 1947 1537 2002 in
1574 1945 1696 2000 aliis
1734 1943 2058 2000 necessariis

465 2052 649 2118 rebus,
687 2048 855 2104 fuerit
882 2052 1095 2111 auctus,
1127 2049 1352 2099 ornatus
1385 2047 1442 2096 et
1473 2037 1756 2104 excultus,
1797 2043 1861 2091 ut
1893 2035 2058 2091 etiam

465 2139 768 2196 exstructio
793 2137 912 2208 ejus
948 2134 1156 2200 nomini
1185 2139 1368 2189 vestro
1395 2128 1759 2192 adscribatur,
1790 2123 2060 2194 simulque

467 2241 524 2288 et
542 2240 725 2288 vestra
755 2239 811 2286 et
838 2236 1143 2301 martyrum
1164 2223 1427 2281 memoria
1453 2238 1550 2278 ore
1571 2219 1815 2277 omnium
1838 2217 2060 2289 populo-

469 2340 626 2388 rum,
662 2327 929 2392 perpetua
954 2317 1254 2383 mentione,
1284 2313 1612 2371 celebretur.
1641 2310 1726 2367 Ad
1753 2317 2061 2366 extremum

468 2433 604 2490 rogo
649 2425 706 2473 et
751 2415 950 2471 obnixe
990 2413 1256 2484 deprecor
1297 2422 1550 2480 magnam
1585 2402 2060 2461 mansuetudinem

468 2520 711 2570 vestram
739 2517 803 2565 ut
839 2523 1002 2579 super
1029 2521 1118 2562 me
1145 2505 1407 2561 miserum
1443 2509 1500 2557 et
1525 2506 1870 2572 peccatorem
1889 2537 1905 2561 ,
1946 2495 2060 2568 jam

470 2619 658 2662 senem
686 2609 740 2657 et
762 2599 919 2655 valde
945 2597 1244 2662 inﬁrmum,
1275 2591 1708 2649 misericorditer
1739 2603 1805 2643 ac
1830 2587 1919 2659 pie
1947 2601 2062 2641 res-

471 2696 658 2768 picere
689 2687 1024 2764 dignemini,
1053 2695 1110 2742 et
1137 2703 1169 2742 a
1197 2685 1344 2741 curis
1369 2681 1723 2740 saecularibus
1753 2677 2062 2734 absolutum

468 2803 536 2843 ac
565 2787 796 2841 liberum
823 2779 944 2837 ﬁeri
972 2777 1211 2844 faciatis,
1241 2789 1438 2846 meque
1460 2770 1814 2844 permittatis,
1844 2769 1898 2824 in
1925 2783 2062 2838 pace

469 2885 526 2934 et
554 2874 948 2945 tranquillitate
972 2913 989 2939 ,
1037 2870 1193 2942 juxta
1227 2865 1480 2938 sepulcra
1526 2862 1814 2918 beatorum
1859 2859 2060 2945 Christi

470 2977 774 3040 martyrum
796 3007 812 3032 ,
858 2972 1214 3038 patronorum
1260 2957 1516 3014 videlicet
1559 2962 1870 3010 vestrorum
1892 2993 1908 3018 ,
1960 2935 2062 3008 sub

473 3061 794 3118 defensione
837 3064 1059 3122 vestra,
1106 3054 1165 3110 in
1212 3050 1527 3110 eorumdem
1562 3055 1874 3104 sanctorum
1905 3045 2064 3100 obse-

471 3153 619 3225 quio,
664 3159 719 3208 et
757 3149 855 3206 Dei
889 3164 955 3204 ac
995 3145 1210 3202 Domini
1245 3143 1420 3200 nostri
1446 3140 1574 3198 Jesu
1603 3138 1809 3196 Christi
1839 3136 2061 3194 servitio

2158 1945 2402 2001 sionibus
2431 1945 2726 2010 animatus,
2748 1945 3062 2015 depressum
3086 1943 3237 2015 gravi
3259 1957 3500 1998 mterore
3519 1958 3632 1998 cor
3649 1957 3767 1997 sur—

2159 2052 2280 2093 sum
2306 2036 2490 2092 levare
2537 2044 2764 2092 conatus
2819 2050 2961 2102 sum,
3015 2035 3264 2106 coepique
3295 2049 3512 2090 mecum
3575 2032 3772 2090 sedulo

2159 2135 2414 2200 reputare
2442 2127 2574 2199 quid
2605 2143 2768 2199 super
2810 2141 3043 2184 excessu
3083 2126 3418 2182 charissima:
3466 2125 3767 2182 contuber-

2159 2220 2299 2278 nalis
2333 2220 2538 2277 sentire
2590 2218 2868 2285 deberem,
2899 2216 3055 2288 cujus
3097 2219 3487 2275 mortalitatem
3512 2259 3528 2282 ,
3589 2219 3768 2290 magis

2159 2327 2324 2384 quam
2347 2311 2541 2378 vitam,
2577 2310 2830 2367 videbam
2858 2324 2980 2366 esse
3034 2309 3264 2364 ﬁnitam.
3293 2307 3523 2364 Tentavi
3555 2309 3765 2375 etiam,

2160 2407 2208 2464 si
2239 2421 2456 2477 possem
2481 2421 2513 2460 a
2539 2403 2859 2474 memetipso
2885 2402 3101 2475 exigere
3131 2441 3148 2468 ,
3196 2411 3258 2457 ut
3276 2402 3331 2457 id
3363 2401 3585 2457 ratione
3627 2401 3768 2472 apud

2159 2513 2249 2555 me
2278 2498 2455 2564 ﬁeret,
2485 2496 2632 2566 quod
2657 2494 2820 2567 longa
2859 2494 2976 2551 dies
3007 2492 3145 2550 solet
3165 2493 3413 2560 efﬁcere;
3459 2493 3688 2549 scilicet
3713 2499 3768 2547 ut

2159 2589 2372 2654 vulnus,
2403 2588 2549 2660 quod
2602 2587 2785 2643 animo
2821 2595 3009 2643 nostro
3045 2586 3286 2642 nondum
3311 2593 3530 2658 sperata
3587 2593 3769 2641 morte

2160 2683 2477 2756 repentinus
2509 2696 2670 2737 casus
2690 2678 2908 2746 inflixit,
2937 2679 3249 2736 cicatricem
3280 2679 3477 2734 ducere
3500 2693 3569 2733 ac
3611 2691 3770 2748 spon-

2161 2785 2334 2833 taneaa
2363 2772 2752 2832 consolationis
2796 2772 3196 2828 medicamento
3225 2785 3512 2827 sanescere
3549 2769 3769 2839 incipe-

2160 2878 2263 2927 ret.
2294 2867 2402 2924 Sed
2427 2868 2671 2924 vulneris
2707 2865 3024 2938 magnitudo
3047 2864 3298 2922 facilitati
3322 2865 3567 2931 resistit;
3621 2873 3683 2920 et
3709 2863 3768 2919 li-

2161 2969 2251 3018 cet
2287 2960 2644 3018 saluberrima
2684 2958 2816 3022 sint,
2841 2973 2963 3029 qua:
2992 2973 3024 3014 a
3052 2957 3365 3013 memoratis
3391 2957 3726 3014 doctoribus
3747 2995 3765 3023 ,

2162 3054 2230 3109 ad
2263 3050 2622 3124 mitigandum
2646 3066 2869 3124 gravem
2892 3049 3160 3116 dolorem,
3184 3048 3331 3104 velut
3358 3064 3389 3104 a
3407 3048 3770 3119 peritissimis

2164 3144 2413 3214 idemque
2450 3143 2753 3199 mitissimis
2793 3140 3038 3207 medicis,
3069 3139 3390 3206 offeruntur,
3419 3139 3612 3211 plaga,
3648 3153 3769 3211 qua

471 3245 796 3308 consistere,
830 3250 888 3298 ut
919 3255 1007 3296 me
1036 3239 1126 3294 illa
1157 3235 1487 3293 inevitabilis
1513 3241 1676 3303 atque
1701 3232 1892 3286 ultima
1919 3231 2055 3296 dies,
2088 3227 2132 3290 C
2164 3236 2342 3293 adhuc
2371 3236 2692 3308 sanguinem
2739 3233 2930 3300 trahit,
2954 3233 3180 3289 sanandi
3216 3232 3592 3288 maturitatem
3633 3248 3770 3288 non-

468 3354 592 3412 qua:
620 3337 748 3392 huic
775 3334 957 3401 aetati,
989 3333 1046 3388 in
1076 3347 1187 3402 qua
1214 3329 1373 3384 modo
1400 3326 1730 3383 constitutus
1761 3339 1901 3388 sum,
1933 3337 2060 3378 suc-

469 3434 665 3490 cedere
693 3430 830 3486 solet
852 3470 866 3493 ,
916 3445 1023 3484 non
1058 3422 1389 3481 transitoriis
1427 3435 1492 3475 ac
1531 3416 1882 3489 supervacuis
1917 3414 2065 3470 curis

469 3531 818 3593 occupatum,
843 3520 937 3575 sed
959 3519 1142 3590 potius
1162 3513 1400 3572 orationi
1426 3527 1492 3568 ac
1512 3509 1732 3566 lectioni
1752 3514 2058 3593 vacantem,

473 3625 635 3686 atque
663 3616 719 3669 in
745 3613 942 3668 divinae
974 3611 1110 3684 legis
1139 3607 1489 3666 meditatione
1517 3583 1876 3678 cogitationes~
1909 3614 2063 3656 meas

471 3713 842 3773 exercentem,
873 3704 1136 3761 inveniat.

989 3812 1327 3871 EPISTOLA
1359 3809 1542 3868 LXIII.

903 3927 972 3966 AD
1009 3923 1186 3965 LUPUII
1225 3919 1433 3962 Αιιουιί
1472 3916 1633 3959 SUUM.

541 4003 886 4076 Eginhardus
912 3999 1065 4071 Lupo
1090 4014 1190 4055 suo
1223 3997 1474 4054 salutem.

542 4095 738 4153 Omnia
760 4094 893 4149 mihi
919 4093 1119 4160 studia,
1146 4105 1445 4160 omnesque
1469 4103 1648 4153 curas,
1682 4093 1792 4142 tam
1817 4085 1886 4142 ad
1914 4097 2066 4141 meas

471 4202 634 4259 quam
660 4186 956 4240 amicorum
987 4197 1180 4239 causas
1198 4182 1533 4252 pertinentes
1559 4220 1575 4246 ,
1627 4178 1830 4234 exemit
1860 4184 1915 4232 et
1964 4191 2064 4232 ex-

478 4280 651 4337 cussit
698 4278 872 4343 dolor,
899 4291 1059 4346 quem
1097 4288 1164 4329 ex
1201 4281 1375 4329 morte
1418 4271 1548 4326 olim
1584 4269 1860 4325 ﬁdissima:
1886 4266 2067 4337 conju-

472 4375 575 4445 gis,
597 4371 712 4442 jam
738 4385 883 4426 nunc
905 4367 1244 4424 charissima;
1265 4363 1470 4421 sororis
1511 4379 1577 4419 ac
1608 4362 1790 4428 sociae,
1815 4360 2065 4432 gravissi-

473 4482 620 4521 mum
643 4465 781 4535 cepi.
818 4463 930 4519 Nec
966 4461 1110 4517 ﬁniri
1135 4475 1294 4532 posse
1314 4459 1559 4523 videtur;
1591 4455 1845 4526 quoniam
1867 4454 2068 4511 exstin-

472 4557 669 4615 ctionis
693 4556 841 4612 illius
884 4554 1200 4626 qualitatem
1229 4552 1365 4607 adeo
1398 4550 1663 4606 tenaciter
1684 4547 1944 4604 memoria
1983 4563 2067 4602 re-

474 4649 629 4715 tinet,
661 4659 720 4704 ut
741 4649 866 4705 inde
885 4647 1098 4719 penitus
1127 4663 1234 4701 non
1258 4644 1430 4716 possit
1455 4642 1633 4698 avelli.
1663 4641 1779 4697 Huc
1818 4641 2062 4708 accedit,

473 4744 616 4814 quod
653 4745 830 4815 ipsum
852 4743 1092 4798 dolorem
1115 4740 1411 4796 identidem
1437 4736 1764 4803 accumulat,
1794 4743 1848 4790 et
1871 4736 2065 4792 vulnus

473 4836 638 4891 semel
668 4843 950 4905 acceptum
981 4832 1282 4898 exulcerat,
1305 4831 1450 4901 quod
1473 4840 1600 4886 vota
1638 4829 1849 4886 scilicet
1878 4837 2063 4884 nostra

471 4928 606 4984 nihil
628 4928 808 4982 valere
845 4926 1109 4996 permissa
1157 4933 1302 4990 sunt,
1336 4939 1402 4980 ac
1434 4939 1578 4995 spes,
1605 4937 1766 4992 quam
1809 4922 1865 4976 in
1919 4936 2065 4975 mar-

471 5026 654 5091 tyrum
689 5018 895 5072 meritis
916 5025 1081 5087 atque
1109 5015 1505 5071 intcrventione
1540 5012 1945 5078 collocavimus,
1975 5025 2067 5066 ex-

471 5110 865 5182 Spectationem
884 5117 1126 5163 nostram
1151 5123 1219 5163 ex
1242 5123 1364 5163 asse
1387 5106 1650 5162 frustrata
1671 5111 1772 5160 est.
1799 5102 1926 5158 inde
1945 5118 2066 5159 eve-

473 5205 557 5261 nit
577 5211 638 5259 ttt
653 5202 941 5258 solantium
962 5203 1146 5268 verba,
1162 5217 1282 5273 qua:
1310 5202 1540 5258 aliorum
1563 5198 1837 5256 maestitia:
1860 5197 2064 5254 mederi

472 5299 672 5364 solent,
703 5297 914 5368 plagam
942 5296 1122 5353 cordis
1149 5296 1323 5353 nostri
1349 5293 1734 5351 recrudescere
1781 5291 1960 5362 potius
1985 5289 2064 5346 fa-

471 5390 623 5447 ciant
648 5396 812 5460 atque
843 5387 1175 5456 rescindant,
1214 5402 1339 5445 cum
1383 5399 1471 5441 me
1497 5372 1876 5456 aequanimiter
1918 5381 2062 5438 ferre

467 5479 664 5553 jubent
685 5479 966 5538 infortunii
1007 5481 1301 5546 molestias,
1325 5493 1461 5548 quas
1497 5477 1601 5549 ipsi
1628 5492 1736 5533 non
1778 5476 2061 5544 sentiunt,

473 5586 638 5648 atque
659 5577 714 5632 in
734 5592 800 5632 eo
828 5585 1051 5634 censent
1070 5575 1204 5631 mihi
1227 5572 1628 5647 gratulandum,
1646 5572 1700 5628 in
1720 5588 1829 5643 quo
1853 5571 2065 5627 nullum

473 5670 654 5741 gaudii
682 5670 768 5727 vel
793 5671 994 5727 laetitiae
1013 5668 1584 5726 valentdemonstrare
1606 5666 1914 5738 vestigium.
1933 5665 2067 5734 Quis

473 5773 558 5820 est
575 5765 722 5820 enim
748 5767 1093 5831 mortalium,
1135 5764 1223 5821 cui
1270 5778 1426 5819 mens
1469 5770 1700 5829 constet,
1734 5762 1936 5834 quique
1980 5777 2068 5818 sa-

473 5870 603 5911 num
631 5856 828 5926 sapiat,
853 5855 948 5925 qui
970 5863 1172 5913 sortem
1201 5871 1356 5916 suam
1384 5869 1492 5913 non
1542 5852 1758 5920 defleat,
1783 5860 1839 5909 et
1867 5851 1963 5923 qui
2009 5867 2067 5908 se

2166 3330 2293 3386 dum
2314 3329 2571 3385 admittit.

2237 3422 2338 3478 Hic
2378 3422 2611 3478 fortasse
2639 3420 2859 3476 miraris
2889 3435 2955 3476 ac
2977 3419 3115 3476 dicis
3154 3434 3219 3475 ex
3264 3417 3568 3489 liujusmodi
3605 3433 3769 3475 occa-

2166 3517 2320 3572 sione
2340 3523 2526 3571 natum
2558 3513 2820 3581 dolorem,
2845 3523 2956 3568 tam
2978 3513 3198 3585 longum
3221 3528 3286 3568 ac
3307 3513 3628 3567 diuturnum
3655 3525 3773 3566 esse

2166 3626 2274 3668 non
2304 3608 2572 3666 debuisse.
2599 3606 2766 3675 Quasi
2805 3607 2861 3662 in
2884 3605 3118 3662 dolentis
3149 3605 3222 3660 sit
3247 3610 3515 3674 potestate
3541 3604 3770 3672 quando

2167 3703 2222 3760 id
2255 3701 2474 3756 ﬁniatur
2503 3699 2649 3771 quod
2673 3698 2782 3765 ille,
2808 3697 3025 3769 quando
3053 3697 3340 3767 inciperet,
3363 3709 3539 3764 neque
3581 3694 3653 3748 in
3683 3708 3772 3765 po-

2167 3801 2362 3850 testate
2383 3793 2595 3857 habuit,
2624 3806 2799 3862 neque
2843 3789 3135 3861 praescivit.
3164 3788 3340 3844 Metiri
3370 3797 3546 3842 tamen
3606 3801 3772 3857 posse

2167 3887 2382 3943 videtur
2407 3884 2606 3942 doloris
2636 3898 2702 3940 ac
2725 3883 2980 3941 maeroris
3013 3882 3331 3954 magnitudo
3355 3881 3466 3937 sive
3485 3879 3770 3934 diuturni-

2165 3989 2250 4036 tas
2280 3979 2347 4036 de
2388 3993 2601 4044 eorum,
2631 3992 2754 4049 quae
2803 3975 3138 4042 acciderunt,
3161 3975 3480 4030 damnorum
3531 3971 3770 4042 quanti-

2166 4080 2317 4129 tate:
2343 4087 2465 4143 quae
2501 4085 2602 4143 ego
2639 4084 2766 4126 cum
2816 4068 3060 4140 quotidie
3116 4069 3172 4124 in
3203 4067 3354 4123 omni
3394 4065 3617 4120 actione
3644 4107 3664 4132 ,
3717 4065 3770 4124 in

2165 4167 2314 4223 omni
2344 4165 2578 4237 negotio,
2610 4163 2668 4219 in
2706 4171 2818 4219 tota
2849 4163 3041 4221 domus
3075 4178 3139 4218 ac
3170 4159 3388 4216 familiae
3410 4159 3769 4216 administra-

2165 4259 2334 4324 tione,
2367 4257 2424 4312 in
2455 4256 2684 4323 cunctis,
2715 4270 2836 4326 quae
2860 4254 2948 4310 vel
2981 4254 3049 4308 ad
3075 4253 3314 4310 divinum
3345 4251 3429 4309 vel
3456 4253 3768 4307 humanum

2165 4349 2400 4409 ofﬁcium
2453 4349 2766 4420 pertinent,
2803 4347 3154 4419 disponendis
3191 4356 3354 4417 atque
3395 4345 3726 4408 ordinandis
3750 4386 3766 4411 ,

2165 4446 2475 4503 immaniter
2495 4444 2759 4510 sentiam;
2791 4442 2882 4512 qui
2911 4441 3030 4497 ﬁeri
3063 4449 3263 4513 potest,
3293 4446 3356 4494 ut
3380 4437 3595 4502 vulnus,
3618 4438 3768 4509 quod

2166 4547 2248 4596 tot
2272 4555 2336 4595 ac
2354 4545 2508 4593 tanta
2529 4533 2872 4592 incommoda
2893 4533 3092 4599 intulit,
3117 4547 3240 4587 cum
3265 4531 3456 4586 crebro
3483 4531 3765 4600 tangitur,

2167 4648 2276 4689 non
2314 4630 2660 4687 recrudescat
2685 4627 2866 4699 potius
2902 4635 2957 4682 et
2987 4633 3294 4687 renovetur,
3315 4637 3476 4692 quam
3507 4629 3768 4677 sanescat

2169 4733 2262 4780 aut
2288 4723 2581 4780 solidetur?
2606 4720 2860 4776 Arbitror
2900 4718 3044 4774 enim
3086 4717 3210 4789 (nec
3233 4729 3425 4770 vereor
3463 4713 3610 4783 quod
3654 4714 3768 4767 haec

2167 4817 2350 4888 opinio
2385 4814 2582 4870 falsum
2603 4828 2692 4868 me
2714 4809 2931 4884 habeat)
2956 4811 3101 4865 hunc
3119 4807 3363 4863 dolorem
3389 4814 3554 4876 atque
3575 4821 3645 4858 an
3656 4806 3766 4859 xie—

2173 4919 2361 4977 tatem,
2384 4925 2505 4981 quae
2539 4903 2673 4964 mihi
2708 4906 2776 4962 de
2807 4904 3143 4960 charissima:
3168 4900 3580 4957 contubernalis
3604 4915 3769 4955 oeca-

2168 5005 2321 5062 sione
2350 5010 2540 5060 exorta
2567 4997 3000 5072 est,perenniter
3032 5011 3246 5051 mecum
3267 5000 3764 5065 perseveratumm,

2170 5101 2341 5158 donec
2366 5099 2424 5156 id
2446 5097 2622 5169 ipsum
2651 5094 2915 5166 temporis
2950 5091 3186 5162 spatium
3215 5131 3230 5157 ,
3272 5087 3417 5159 quod
3446 5087 3592 5142 Deus
3629 5085 3764 5141 mihi

2171 5193 2240 5250 ad
2281 5193 2424 5247 hanc
2465 5188 2720 5243 miseram
2757 5201 2821 5240 ac
2851 5181 3204 5255 temporalem
3244 5181 3414 5235 vitam
3462 5178 3766 5234 concedere

2167 5283 2421 5348 voluerit,
2451 5280 2635 5336 debito
2655 5277 2762 5334 sibi
2803 5276 3039 5332 termino
3090 5272 3328 5328 ﬁniatur.
3369 5270 3546 5339 Quam
3582 5279 3765 5325 tamen

2167 5374 2465 5447 proﬁcuam
2485 5371 2666 5442 potius
2694 5367 2828 5424 mihi
2855 5382 3020 5438 quam
3064 5364 3282 5421 noxiam
3310 5363 3576 5418 hactenus
3607 5376 3766 5432 expe-

2169 5472 2301 5537 rior,
2331 5483 2454 5526 cum
2477 5467 2741 5532 animum,
2773 5465 2843 5520 ad
2884 5463 3006 5519 laeta
3029 5470 3085 5519 et
3104 5477 3366 5534 prospera
3389 5460 3764 5526 festinantem,

2163 5563 2314 5620 velut
2337 5559 2659 5634 quibusdam
2683 5556 2854 5614 frenis
2885 5565 3050 5628 atque
3089 5555 3315 5612 habenis
3360 5565 3668 5610 remoratur
3696 5564 3764 5609 ac

2165 5657 2385 5723 retinet,
2417 5661 2766 5723 mentemque
2786 5651 2854 5706 ad
2877 5650 3279 5707 revocationem
3298 5649 3496 5705 mortis
3521 5651 3763 5711 revocet,

2167 5764 2331 5822 quam
2357 5747 2424 5804 ad
2446 5761 2598 5818 spem
2625 5752 2681 5801 et
2705 5759 2950 5800 amorem
2989 5741 3352 5815 longaevitatis
3384 5741 3570 5796 odium
3598 5746 3764 5808 atque

2169 5842 2368 5906 oblivio
2392 5839 2688 5903 senectutis
2730 5837 2994 5900 illexerat.
3035 5836 3204 5906 Video
3231 5835 3365 5893 mihi
3397 5850 3505 5892 non
3527 5832 3762 5890 multum
