3960 6346
133 384 244 443 557

959 376 1139 433 HIST.
1183 375 1574 434 TRANSLAT.
1616 375 1721 432 BB.
1765 375 2188 433 MARCELLINI
2223 377 2311 434 ET
2349 376 2583 434 PETRI.

3313 391 3422 448 558

131 514 428 576 superesse
455 494 714 569 temporis
757 493 826 550 ad
847 492 1171 560 vivendum;
1220 492 1346 548 licet
1372 500 1632 563 quantum
1673 491 1728 547 id
1754 495 1808 556 Α
1901 493 2119 550 Gratias
2145 509 2246 565 ago
2288 501 2450 566 atque
2487 495 2660 550 habeo
2686 495 2941 553 charitati
2972 504 3114 567 tuae,
3156 503 3297 573 quod
3332 521 3423 562 me

130 611 262 658 esse
290 594 503 658 debeat,
534 590 664 648 mihi
695 589 910 660 penitus
935 587 1236 660 ignoretur.
1276 584 1384 642 Sed
1417 587 1520 641 hoc
1546 585 1734 641 certis-

132 694 343 751 simum
369 696 550 751 teneo,
577 693 634 738 et
654 698 846 740 recens
870 688 1057 737 natum
1093 682 1202 737 cito
1221 695 1380 752 posse
1399 681 1538 736 mori
1565 688 1619 735 et
1648 695 1734 736 se~

132 800 267 843 nem
295 781 387 838 diu
418 794 527 835 non
541 793 701 850 posse
712 775 1013 832 vivere.Ac
1025 776 1254 847 proinde
1275 776 1433 846 longe
1457 774 1646 830 utilius
1669 789 1734 830 ac

132 875 356 932 beatius
372 870 488 927 fore
500 885 698 926 censeo
727 869 899 939 ipsam
917 867 1175 938 temporis
1195 867 1390 923 incerti
1412 865 1734 921 brevitatem

133 984 268 1026 cum
295 966 444 1020 luctu
467 978 628 1035 quam
658 961 844 1017 laetitia
871 961 1089 1016 ducere.
1145 957 1281 1026 Quia
1335 958 1403 1024 si,
1439 957 1735 1012 secundum

136 1061 484 1117 Dominicam
512 1071 719 1123 vocem,
744 1055 891 1111 beati
913 1071 979 1110 ac
1012 1053 1196 1111 felices
1226 1063 1386 1107 erunt
1412 1052 1505 1124 qui
1532 1052 1738 1107 lamen-

139 1163 335 1208 tantur
363 1159 419 1208 et
444 1151 631 1222 lugent
667 1147 884 1221 (Matth.
913 1163 970 1214 v,
999 1147 1053 1220 5)
1077 1164 1091 1214 ;
1137 1162 1167 1202 e
1196 1146 1472 1202 contrario
1499 1145 1742 1200 infelices

138 1261 202 1300 ac
225 1243 420 1298 miseri
452 1237 602 1308 ﬁent,
630 1241 722 1312 qui
746 1240 862 1296 dies
891 1255 1018 1297 suos
1051 1239 1107 1297 in
1142 1237 1262 1314 jugi
1285 1246 1340 1295 et
1371 1239 1626 1295 continua
1651 1237 1742 1295 lae-

71 1359 74 1363 -
137 1334 263 1388 titia
301 1332 460 1388 ﬁnire
483 1349 589 1388 non
618 1338 885 1387 metuunt.

1838 597 1938 655 per
1955 584 2163 640 litteras
2185 593 2304 641 tuas
2333 585 2597 641 consolari
2640 586 2890 658 dignatus
2928 603 3004 643 es.
3045 587 3231 662 Neque
3276 595 3423 651 enim

1840 674 2016 745 majus
2050 684 2142 730 aut
2168 677 2369 732 certius
2393 685 2499 732 tum
2528 693 2656 746 erga
2701 694 2788 733 me
2812 678 3118 735 dilectionis
3162 683 3422 741 indicium

1843 770 1973 824 dare
1997 769 2266 838 potuistis,
2291 785 2453 841 quam
2479 785 2623 842 aegro
2655 780 2819 842 atque
2836 770 3040 840 jacenti
3069 789 3288 828 manum
3331 793 3426 832 ex-

1842 861 2164 916 hortationis
2210 861 2556 933 porrigendo,
2593 865 2967 934 monendoque
3005 874 3067 919 ut
3103 883 3379 940 surgerem
3410 912 3424 936 ,

1843 967 2003 1023 quem
2025 958 2207 1006 mente
2231 960 2562 1021 prostratum
2590 969 2654 1008 ac
2679 969 2916 1012 mmrorc
2945 956 3262 1027 depressum
3284 960 3429 1030 igno-

1843 1064 1968 1104 rare
2004 1064 2111 1103 non
2156 1057 2392 1119 poteras.
2426 1048 2572 1106 Bene
2596 1049 2738 1118 vale,
2765 1051 3089 1110 charissimc
3112 1069 3178 1110 ac
3215 1052 3428 1112 deside-

1842 1148 2154 1209 rantissime
2181 1147 2276 1207 ﬁli.

447 1460 3400 1487 Μ

1263 1569 2324 1685 EGINHABDI

391 1805 888 1938 HISTORIA
969 1801 1786 1934 TRANSLATloNlS
1868 1804 2038 1930 BB.
2135 1763 2543 1931 011111er
2578 1912 2590 1927 .
2624 1799 3195 1931 MARTYRUM

804 2037 1768 2150 MARCELLINI
1895 2039 2106 2146 ET
2237 2038 2780 2148 PETRI.

1243 2240 1387 2305 (Acta
1412 2242 1705 2296 Sanctorum
1729 2239 1956 2294 Bollandl
1977 2249 2109 2294 temo
2132 2241 2154 2293 Ι
2177 2241 2349 2306 Junii.)

746 2485 1136 2545 PROLOGUS.

218 2591 274 2647 1.
315 2586 478 2645 Veris
503 2582 621 2641 veri
646 2582 743 2640 Dei
764 2580 1066 2638 cultoribus
1090 2621 1105 2647 ,
1150 2585 1205 2634 et
1233 2576 1360 2634 Jesu
1392 2577 1594 2635 Christi
1641 2579 1746 2635 Do-

139 2681 283 2739 mini
317 2678 493 2735 nostri
524 2675 961 2744 Sanctorumque
990 2669 1125 2743 ,ejus
1173 2687 1281 2726 non
1322 2669 1462 2725 ﬁctis
1489 2671 1749 2726 amatori¢

138 2775 251 2832 bus
284 2770 635 2845 Eginhardus
663 2774 936 2839 peccator.
965 2795 1037 2807 —
1066 2763 1169 2833 Qui
1214 2763 1356 2819 vitas
1377 2771 1434 2820 et
1479 2762 1622 2818 facta
1652 2761 1745 2832 ju-

139 2876 389 2929 storum,
447 2879 514 2918 ac
567 2861 865 2917 secundum
915 2857 1098 2914 divina
1125 2857 1380 2912 mandata
1413 2871 1748 2912 conversan-

141 2961 287 3014 tium
321 2956 636 3020 hominum,
677 2951 876 3007 litteris
901 2967 965 3007 ac
989 2950 1267 3007 memoriae
1312 2950 1745 3016 mandaverunt,

139 3065 256 3105 non
295 3047 444 3102 aliud
474 3045 610 3100 mihi
639 3043 852 3100 eﬂicere
890 3042 1124 3098 voluisse
1152 3041 1428 3107 videntur,
1450 3041 1556 3097 nisi
1585 3049 1646 3096 ut
1679 3041 1750 3098 ad

138 3141 525 3198 emendandos
548 3153 748 3209 pravos
769 3152 971 3203 mores,
994 3145 1049 3192 et
1079 3133 1488 3190 collaudandam
1508 3133 1606 3190 Dei
1633 3151 1752 3191 om-

137 3233 535 3305 nipoteutiam,
568 3246 667 3302 per
698 3229 962 3300 ejusmodi
1005 3226 1274 3298 exempla,
1305 3241 1752 3297 quorumcunque

136 3328 374 3383 animos
408 3327 710 3380 incitarent.
733 3322 1111 3391 Feceruntque
1134 3321 1257 3387 hoc,
1284 3335 1396 3374 non
1425 3318 1599 3374 solum
1621 3319 1751 3389 quia

135 3421 334 3477 livore
369 3419 644 3484 carebant,
673 3416 768 3472 sed
807 3415 934 3485 quia
983 3413 1288 3477 charitate,
1343 3427 1464 3482 quae
1502 3409 1754 3466 omnibus

137 3513 306 3582 cupit
343 3525 465 3566 esse
508 3508 838 3573 consultum,
864 3505 1144 3579 granditer
1186 3503 1552 3559 abundabant.
1610 3501 1754 3569 Quo-

141 3621 275 3660 rum
299 3602 574 3658 laudabile
601 3601 964 3672 propositum,
992 3599 1120 3668 quia
1149 3606 1260 3652 tam
1293 3597 1345 3652 in
1367 3596 1654 3668 propatulo
1667 3605 1753 3652 est

138 3706 230 3762 ut,
255 3703 459 3766 przeter
477 3709 542 3748 ea
565 3709 686 3764 qua:
709 3692 842 3759 dixi,
871 3691 1006 3746 nihil
1033 3691 1177 3745 aliud
1201 3706 1294 3746 eos
1314 3689 1493 3744 moliri
1517 3689 1752 3744 voluisse

137 3786 486 3844 lucidissime
516 3785 760 3850 clareat,
819 3799 916 3839 cur
948 3799 980 3838 a
1028 3782 1214 3838 multis
1263 3781 1464 3836 imitari
1515 3797 1624 3836 non
1654 3782 1750 3837 de-

137 3879 300 3944 beat,
333 3878 557 3933 omnino
588 3893 696 3932 non
724 3875 902 3932 video.
934 3875 1013 3931 Ac
1042 3875 1268 3946 proinde
1300 3875 1427 3946 quia
1457 3873 1591 3928 mihi
1618 3888 1750 3928 con-
1780 3856 1825 3920 C

138 3973 302 4029 scius
333 3988 477 4037 sum,
503 3971 647 4041 quod
667 3970 810 4035 libri,
829 3985 965 4041 quos
989 3969 1055 4025 de
1078 3967 1433 4024 translatione
1456 3980 1753 4036 corporum

136 4065 440 4120 beatorum
464 4061 668 4118 Christi
693 4069 992 4133 martyrum
1023 4058 1321 4115 Marcellini
1356 4065 1410 4112 et
1449 4056 1632 4122 Petri,
1676 4056 1754 4112 si-

136 4161 387 4234 gnisque
414 4177 478 4216 ac
506 4161 800 4216 virtutibus
821 4202 836 4227 ,
885 4175 1008 4232 quae
1033 4175 1134 4231 per
1163 4173 1256 4215 eos
1289 4159 1550 4214 Dominus
1577 4158 1646 4214 ad
1669 4174 1756 4214 sa-

137 4256 324 4310 lutem
355 4254 695 4311 credentium
725 4254 846 4310 ﬁeri
898 4253 1105 4316 voluit,
1148 4268 1252 4322 qua
1307 4251 1457 4324 potui
1499 4249 1758 4306 facultate

138 4347 480 4416 conscripsi,
509 4347 699 4403 eadem
733 4353 862 4401 sunt
893 4344 1172 4400 voluntate
1223 4352 1387 4414 atque
1453 4342 1755 4398 intentione

140 4440 465 4510 compositi,
483 4440 704 4495 eosdem
724 4439 907 4506 edere,
925 4455 989 4494 ac
1015 4437 1110 4493 Dei
1125 4436 1463 4492 amatoribus
1486 4438 1554 4491 ad
1575 4436 1757 4508 legen-

140 4533 280 4588 dum
303 4529 507 4587 offerre
535 4532 770 4587 decrevi.
815 4530 1067 4586 Arbitror
1105 4532 1252 4586 enim
1279 4529 1423 4601 quod
1465 4529 1570 4585 hoc
1624 4543 1758 4598 opus

140 4641 260 4681 non
290 4624 472 4681 solum
500 4626 658 4681 inane
680 4640 744 4680 ac
793 4624 1190 4695 supervacuum
1239 4625 1464 4680 cuilibet
1514 4622 1757 4678 ﬁdelium

137 4719 329 4776 videri
357 4733 465 4773 non
495 4719 709 4786 debeat,
739 4718 834 4774 sed
855 4718 1020 4774 etiam
1046 4719 1326 4773 fructuose
1365 4725 1530 4787 atque
1552 4715 1760 4770 utiliter

137 4824 240 4867 me
275 4810 563 4866 laborasse
593 4826 897 4880 prmsumo,
961 4811 1006 4866 si
1053 4810 1267 4866 efﬁcere
1318 4818 1568 4879 potuero,
1599 4815 1660 4862 ut
1702 4807 1757 4862 in

137 4901 374 4961 laudem
411 4904 496 4959 sui
519 4902 830 4961 Conditoris
863 4905 1078 4962 animus
1115 4905 1208 4960 illa
1239 4903 1468 4974 legentis
1489 4911 1757 4971 assurgat.

691 5017 919 5075 CAPUT
954 5017 1249 5074 PRIMUM.

138 5111 314 5170 Missi
342 5113 410 5183 al:
425 5111 736 5183 Eginhardo
753 5111 1066 5183 Romaniut!
1093 5110 1459 5183 procm°and_us
1488 5106 1759 5183 reliquias.

343 5179 584 5239 Obtehtte
622 5194 926 5238 sanctorum
960 5179 1258 5237 Marcellini
1291 5193 1339 5236 et
1369 5179 1534 5234 Petri.

220 5277 281 5334 2.
323 5275 468 5332 Cum
505 5276 681 5331 adimo
716 5277 768 5330 in
821 5275 1022 5346 palatio
1057 5275 1288 5346 positus,
1317 5289 1382 5329 ac
1413 5273 1641 5344 negotiis
1668 5289 1769 5327 sae-

138 5371 439 5430 cularibus
499 5380 814 5442 occupatus,
845 5371 1036 5435 otium,
1069 5385 1177 5440 quo
1227 5369 1515 5440 aliquando
1561 5365 1766 5438 perfrui

138 5464 473 5534 cupiebam,
506 5462 827 5518 multimoda
881 5463 1208 5534 cogitatione
1242 5461 1554 5526 meditarer,
1579 5476 1766 5530 quem-

136 5557 287 5612 dam
331 5556 513 5613 locum
562 5567 832 5613 secretum
866 5566 1030 5628 atque
1078 5573 1110 5612 a
1161 5556 1407 5628 populari
1458 5554 1765 5627 frequentia

137 5649 321 5707 valde
349 5658 620 5704 remotum
650 5658 866 5717 nactus,
897 5658 1061 5721 atque
1088 5649 1252 5716 illius,
1280 5650 1367 5704 cui
1399 5657 1529 5704 tunc
1564 5649 1764 5704 milita-

135 5756 375 5810 veram,
419 5743 680 5815 principis
729 5742 1028 5802 Hludowici
1071 5741 1399 5800 liberalitate
1440 5752 1766 5800 consecutus

230 5896 266 5927 ι
304 5880 409 5941 M3.
465 5882 705 5955 Regium,
745 5880 1180 5949 Hodanuhuald;
1229 5881 1356 5940 alibi
1409 5881 1754 5938 Odonowald.

1792 5224 1846 5284 D

1771 2491 1819 2551 B
1848 2502 1987 2543 sum.
2018 2487 2069 2543 Is
2106 2488 2256 2545 locus
2279 2497 2363 2545 est
2388 2490 2445 2546 in
2473 2491 2613 2546 saltu
2640 2491 2968 2560 Germaniae,
2990 2495 3081 2565 qui
3108 2495 3254 2552 inter
3300 2497 3450 2556 Nec'

1850 2598 2038 2637 carum
2073 2591 2128 2638 et
2162 2583 2392 2638 anum
2420 2583 2611 2640 ﬂuvios
2649 2586 2859 2641 medius
2898 2587 3206 2658 interjacet,
3237 2604 3300 2646 ac
3329 2606 3448 2647 mo-

1851 2674 2020 2729 derno
2083 2683 2326 2746 tempore
2394 2677 2461 2731 ab
2519 2677 2711 2733 incolis
2770 2687 2827 2734 et
2889 2680 3442 2740 circummanentibus

1851 2767 2146 2824 Odanwald
2173 2783 2200 2811 ει
2237 2770 2559 2842 appellatur.
2591 2771 2651 2826 In
2705 2787 2812 2842 quo
2861 2789 3007 2840 cum,
3037 2789 3137 2844 pro
3175 2773 3335 2830 modo
3366 2775 3449 2831 fa-

1850 2861 2113 2916 cultatum
2141 2876 2206 2917 ac
2230 2870 2567 2933 sumptuum,
2602 2878 2709 2918 non
2739 2864 2914 2919 solum
2938 2864 3130 2920 domos
3155 2874 3210 2920 et
3235 2866 3448 2921 habita-

1851 2955 1972 3011 cula
1996 2956 2064 3010 ad
2086 2957 2437 3023 manendum,
2461 2972 2652 3012 verum
2677 2958 2842 3014 etiam
2870 2959 3151 3016 basilicam
3177 3001 3192 3026 ,
3247 2961 3448 3016 divinis

1849 3045 2040 3102 ofﬁciis
2068 3045 2331 3103 faciendis
2375 3056 2784 3120 congruentem,
2814 3065 2921 3105 non
2961 3051 3201 3106 indecori
3257 3052 3443 3121 operis

1852 3137 2230 3205 aediﬁcassem,
2268 3139 2515 3195 dubitare
2580 3142 2721 3211 coepi
2748 3182 2763 3207 ,
2804 3142 2859 3195 in
2910 3141 3065 3211 cujus
3103 3142 3447 3212 potissimum

1853 3230 2029 3284 sancti
2053 3229 2136 3285 vel
2176 3231 2434 3302 martyris
2461 3232 2680 3286 nomine
2727 3241 2891 3302 atque
2948 3233 3152 3288 honore
3202 3233 3442 3288 dedicari

1853 3312 2092 3378 deberet.
2133 3322 2377 3393 Cumque
2428 3325 2483 3379 in
2519 3326 2620 3380 hac
2672 3325 2839 3380 animi
2889 3324 3240 3381 fluctuatione
3281 3325 3452 3396 pluri-

1855 3429 2004 3469 mum
2044 3414 2303 3483 temporis
2329 3423 2475 3470 esset
2511 3415 2786 3471 evolutum
2815 3457 2829 3483 ,
2875 3417 3098 3488 contigit
3133 3424 3192 3470 ut
3227 3416 3450 3486 quidam

1855 3506 2114 3562 diaconus
2140 3506 2398 3562 Romanae
2443 3508 2721 3575 Ecclesia,
2747 3510 2965 3564 nomine
3012 3508 3319 3574 Deusdona,
3350 3523 3454 3582 pro

1854 3598 1969 3653 suis
1993 3598 2406 3655 necessitatibus
2443 3601 2584 3670 regis
2611 3616 2769 3670 opem
2814 3601 3221 3671 imploraturus,
3251 3602 3320 3656 ad
3348 3616 3446 3672 pa-

1854 3689 2042 3744 latium
2063 3690 2291 3746 veniret.
2322 3691 2508 3762 lbique
2527 3692 2837 3762 aliquandiu
2866 3701 3110 3749 moratus
3127 3733 3142 3759 ,
3189 3709 3333 3758 cum,
3359 3708 3457 3763 pe-

1855 3792 2008 3839 racto
2041 3792 2263 3854 propter
2287 3784 2431 3854 quod
2463 3794 2688 3840 venerat
2727 3787 2963 3856 negotio.
3004 3786 3236 3841 Romam
3275 3786 3456 3841 redire

1857 3885 2101 3948 pararet,
2125 3879 2358 3947 quadam
2379 3879 2487 3944 die,
2511 3879 2866 3934 humanitatis
2913 3895 3100 3945 causa,
3128 3879 3272 3934 velut
3298 3894 3456 3949 pere-

1858 3969 2066 4041 grinus,
2097 3971 2163 4024 ad
2187 3971 2474 4040 prandium
2503 3979 2702 4025 nostrae
2722 3971 3008 4040 parvitatis
3038 3987 3070 4025 a
3089 3972 3247 4026 nobis
3263 3980 3348 4027 est
3369 3972 3454 4026 in-

1857 4061 2097 4116 vitatus:
2130 4061 2310 4130 ibique
2335 4061 2476 4116 inter
2506 4063 2878 4132 prandendum
2913 4064 3068 4135 plura
3095 4063 3458 4130 locuti,eous-

1859 4172 1964 4228 que
1994 4158 2409 4214 sermocinando
2453 4161 2820 4229 pervenimus,
2854 4168 2916 4216 ut
2944 4161 3011 4217 de
3041 4162 3397 4218 translatione
3425 4160 3453 4200 δ

1859 4251 2104 4320 corporis
2129 4250 2273 4305 beati
2304 4250 2613 4307 Sebastiani
2643 4268 2707 4307 ac
2735 4253 2996 4326 neglectis
3025 4263 3324 4326 martyrum
3373 4268 3460 4309 se-

1857 4343 2083 4415 pulcris,
2114 4359 2345 4413 quorum
2372 4343 2558 4399 Roma:
2594 4344 2783 4417 ingens
2807 4348 2964 4418 copia
2992 4357 3097 4414 est,
3127 4347 3330 4402 mentio
3359 4347 3459 4401 ﬁe-

1861 4446 1964 4494 ret.
1991 4437 2119 4492 Inde
2147 4436 2214 4490 ad
2241 4438 2632 4493 dedicationem
2668 4456 2822 4496 nova:
2850 4442 3090 4497 basilica:
3119 4449 3318 4495 nostrae
3343 4455 3461 4494 ser-

1863 4546 2025 4586 mone
2062 4545 2348 4597 converso,
2384 4532 2695 4600 percontari
2726 4534 2890 4603 coepi,
2915 4548 3151 4603 quonam
3183 4532 3343 4586 modo
3390 4532 3459 4586 ad

1863 4622 1918 4676 id
1944 4622 2227 4693 pervenire
2259 4636 2498 4691 possem,
2521 4631 2582 4676 ut
2608 4623 2812 4694 aliquid
2842 4624 2907 4678 de
2952 4625 3094 4678 veris
3147 4629 3459 4677 sanctorum

1865 4715 2130 4786 reliquiis,
2161 4714 2255 4784 qui
2293 4714 2479 4771 Roma:
2507 4717 2877 4786 requiescunt,
2905 4716 3038 4771 mihi
3065 4714 3287 4784 adipisci
3325 4729 3459 4769 con-

1865 4807 2132 4878 tingeret?
2157 4805 2256 4862 Hic
2282 4807 2370 4860 ille
2411 4807 2590 4877 primo
2618 4808 2835 4878 quidem
2865 4807 3157 4870 haesitavit,
3191 4813 3246 4859 et
3276 4805 3454 4874 quali-

1867 4907 1950 4954 ter
1985 4900 2036 4953 id
2067 4898 2182 4954 ﬁeri
2220 4908 2422 4970 posset,
2447 4915 2506 4955 se
2534 4900 2746 4955 nescire
2770 4897 3066 4968 respondit.
3099 4897 3304 4953 Deinde
3336 4913 3459 4953 cum

1867 5005 1955 5045 me
1981 4992 2046 5046 de
2068 4991 2171 5045 hac
2195 5007 2253 5046 rc
2275 4991 2572 5048 sollicitum
2601 4990 2760 5045 simul
2787 4997 2842 5043 et
2869 4988 3142 5043 curiosum
3189 5004 3310 5044 esse
3346 4987 3462 5043 ani-

1868 5084 2252 5151 madverteret,
2283 5086 2450 5140 altera
2467 5085 2554 5140 die
2577 5101 2633 5140 se
2661 5083 3055 5155 percontationi
3080 5098 3215 5139 mea:
3235 5098 3461 5154 respon-

1872 5193 2058 5233 surum
2087 5193 2208 5234 esse
2234 5178 2502 5250 promisit.

1944 5271 1997 5324 5.
2039 5269 2167 5325 Post
2195 5271 2333 5336 haec,
2365 5287 2487 5326 cum
2520 5271 2716 5325 iterum
2759 5285 2792 5324 a
2823 5284 2909 5325 mc
2936 5269 3126 5327 fuisset
3153 5272 3412 5327 invitatus
3440 5311 3458 5339 ,

1869 5367 2171 5438 protinuse
2224 5367 2346 5422 sinu
2395 5365 2632 5419 libellum
2687 5364 2821 5419 mihi
2860 5365 3120 5435 porrexit,
3152 5382 3350 5436 rogans
3398 5372 3461 5421 ut

1867 5477 1989 5516 eum
2045 5460 2190 5515 solus
2235 5458 2604 5529 perlegerent;
2649 5457 2860 5526 sibique
2913 5456 3114 5519 dehis,
3144 5473 3264 5527 quae
3308 5457 3362 5512 in
3381 5456 3465 5512 'eo

1867 5555 2067 5624 scripta
2087 5560 2266 5616 erant,
2289 5551 2418 5621 quid
2448 5549 2585 5604 mihi
2616 5550 2876 5620 placeret,
2901 5549 3145 5606 indicare
3166 5566 3274 5624 non
3307 5547 3460 5604 dedi-

1865 5661 2081 5718 gnarer.
2104 5643 2302 5714 Accepi
2338 5641 2596 5708 libellum,
2626 5650 2682 5698 et
2713 5650 2774 5698 ut
2825 5642 2915 5697 ille
2962 5643 3148 5713 petiit,
3196 5641 3344 5697 solus
3376 5654 3463 5695 se-

1870 5747 2017 5798 crete
2044 5736 2266 5809 perlegi.
2321 5734 2711 5792 Contiuebatur
2749 5735 2804 5791 in
2831 5751 2897 5791 eo
2939 5750 3103 5791 :esse
3156 5733 3259 5788 sibi
3314 5729 3462 5788 domi

1936 5880 1963 5922 ι)
2003 5877 2250 5936 Nondum
2281 5877 2501 5950 quidem
2532 5878 2698 5944 facta,
2736 5876 2830 5933 sed
2845 5860 3197 5946 postulanda.
