3960 6346
409 1359 438 1568 l

493 407 600 471 559

1697 377 1701 381 ’
1777 401 2159 464 EGINHARDI
2193 403 2491 463 ABBATIS

3660 408 3770 475 5-50

483 527 750 607 plurimas
790 533 1104 583 sanctorum
1142 521 1419 596 reliquias,
1451 536 1650 594 easque
1701 536 1759 577 se
1788 521 1922 576 mihi
1951 520 2080 574 dare
2108 517 2161 580 Α
2185 526 2348 584 esset,
2377 534 2435 575 se
2450 519 2662 578 nescire
2678 517 2974 592 respondit.
2991 519 3133 578 Tum
3158 519 3278 579 ille:
3301 539 3320 575 r
3347 518 3523 581 Roma
3549 534 3657 596 est,
3679 529 3766 586 in-

484 621 646 689 velle,
673 621 718 678 si
747 636 870 676 meo
898 619 1064 677 fultus
1089 617 1358 688 adiutorio
1391 617 1616 673 Romam
1643 614 1834 671 reverti
1867 614 2073 684 potuis-

486 723 601 783 set;
628 721 965 786 compertum
1002 703 1110 767 sibi
1135 709 1251 765 fore
1274 751 1288 776 ,
1345 709 1488 780 quod
1525 707 1659 764 duos
1695 706 1870 761 mulos
1907 705 2073 760 habe-

486 823 625 875 rem,
657 823 886 878 quorum
915 805 959 861 si
983 805 1213 860 alterum
1261 803 1362 859 sibi
1410 804 1616 870 darem,
1651 818 1715 857 ac
1746 815 1927 856 secum
1979 800 2073 855 ho-

486 900 690 956 minem
719 914 900 953 meum
938 897 1150 953 ﬁdelem
1175 897 1469 962 mitterem,
1497 895 1589 966 qui
1647 895 1767 950 illas
1815 895 2073 964 reliquias

486 991 556 1046 ab
579 989 673 1044 illo
697 989 976 1060 reciperet,
996 987 1236 1056 mihique
1266 984 1723 1050 deferret,statim
1745 1001 1838 1040 eas
1860 984 1991 1039 mihi
2013 1000 2072 1040 se

488 1080 616 1156 [Ms.
631 1122 644 1147 ,
660 1080 802 1154 esse]
820 1081 1129 1135 missurum.
1147 1078 1484 1149 Complacuit
1505 1077 1636 1132 mihi
1655 1077 1932 1132 suadentis
1948 1093 2074 1132 con-

485 1177 690 1242 silium,
703 1176 972 1246 statuique
995 1174 1151 1229 ﬁdem
1169 1172 1473 1243 sponsionis
1489 1172 1709 1226 incerte
1721 1169 1969 1224 celeriter
1985 1186 2072 1224 ex-

487 1267 687 1338 periri;
715 1282 779 1321 ac
805 1265 1046 1335 proinde,
1065 1265 1188 1319 dato
1210 1264 1352 1332 quod
1376 1262 1864 1333 petebatjumento,
1889 1261 2069 1315 addita

483 1371 708 1434 propter
732 1360 991 1415 viaticum
1039 1358 1287 1428 pecunia,
1321 1356 1594 1410 notarium
1622 1371 1818 1419 meum,
1852 1354 2072 1409 nomine

440 1449 458 1545 ί
486 1454 815 1519 Ratleicum,
838 1450 963 1522 quia
989 1458 1042 1505 et
1068 1450 1183 1520 ipse
1215 1449 1404 1504 orandi
1445 1463 1610 1545 causa
1636 1446 1862 1545 Romam
1908 1446 2071 1545 eundi

481 1555 667 1601 votum
719 1544 968 1608 habebat,
1001 1557 1126 1596 cum
1191 1555 1255 1594 eo
1315 1554 1539 1610 pergere
1579 1536 1740 1606 jussi.
1791 1535 1957 1606 Igitur
2006 1537 2072 1592 de

481 1635 804 1706 Aquisgrani
827 1635 1028 1705 palatio
1059 1631 1287 1704 profecti
1338 1661 1408 1671 —
1437 1646 1564 1684 nam
1615 1629 1685 1684 ibi
1715 1643 1778 1684 co
1832 1636 2072 1698 tempore

483 1730 778 1800 imperator
801 1745 922 1794 cum
953 1744 1051 1783 suo
1080 1727 1338 1782 comitatu
1363 1725 1882 1796 erat—Augustam
1910 1723 2072 1777 Sues-

484 1823 697 1877 sionum
741 1834 769 1862 ι
808 1828 1105 1886 venerunt;
1153 1820 1335 1889 ibique
1369 1834 1491 1873 cum
1538 1817 1790 1873 llildoino
1820 1817 1846 1856 ι)
1875 1817 2070 1871 abbate

2174 614 2314 683 quit,
2339 630 2499 685 quam
2519 613 2688 671 vides.
2712 635 2730 667 ‹
2755 615 3060 688 Statimque
3083 616 3290 673 addidit
3315 636 3328 672 :
3352 618 3564 692 «Dirige
3583 620 3769 681 oeulos

2173 705 2228 760 in
2245 707 2500 763 interiora
2519 706 2645 782 [Ms.
2657 751 2672 776 ,
2688 706 2974 782 ulteriora]
2988 708 3246 777 civitatis,
3261 717 3315 765 et
3330 713 3700 784 contemplare
3722 714 3768 772 si

2175 800 2353 872 aliqua
2381 801 2474 856 tibi
2508 802 2560 856 in
2598 802 2682 857 his
2723 800 2856 858 locis
2896 809 3156 873 appareat
3184 801 3437 858 ecclesia.
3473 822 3493 856 ι
3522 802 3770 876 Cumque

2173 890 2276 946 sibi
2306 892 2597 963 quamdam
2616 892 2902 949 ecclesiam
2927 904 2949 931 ε
2978 907 3240 964 apparere
3262 893 3510 950 dixisset.
3541 912 3563 947 ‹
3593 895 3764 965 Vade,

2174 983 2270 1049 ait,
2301 991 2356 1038 et
2377 983 2619 1040 Ratleico
2669 984 2880 1052 nuntia,
2917 983 3173 1056 quoniam
3215 983 3270 1040 in
3301 985 3556 1049 ecclesia,
3607 1003 3767 1058 quam

2172 1076 2334 1131 modo
2363 1076 2568 1142 vidisti,
2610 1076 2700 1130 illa
2729 1092 2819 1132 res
2867 1085 2954 1132 est
2988 1076 3292 1143 recondita,
3342 1092 3508 1149 quam
3540 1077 3639 1133 ille
3674 1079 3767 1134 do-

2173 1168 2320 1224 mino
2349 1185 2446 1224 suo
2475 1170 2633 1227 debet
2649 1169 2844 1226 afferre
2876 1188 2890 1225 :
2917 1179 2970 1226 et
2995 1171 3116 1225 ideo
3138 1171 3226 1227 det
3251 1187 3475 1242 operam
3500 1213 3515 1239 ,
3561 1179 3627 1226 ut
3651 1189 3766 1230 eam

2173 1268 2376 1330 quanto
2421 1261 2652 1316 celerius
2681 1262 2797 1317 ﬁeri
2821 1270 3005 1332 potest
3029 1262 3278 1334 accipiat,
3305 1270 3361 1318 et
3391 1263 3460 1318 ad
3484 1263 3767 1319 dominum

2173 1370 2331 1409 suum
2353 1364 2677 1410 revertatur.
2713 1377 2732 1408 ι
2763 1356 3008 1427 Cumque
3041 1357 3130 1412 ille
3156 1356 3382 1421 diceret,
3426 1357 3578 1427 quod
3612 1370 3768 1411 nemo

2173 1450 2240 1506 de
2272 1451 2380 1515 his,
2421 1450 2513 1520 qui
2554 1465 2738 1506 secum
2772 1457 3058 1517 venerant,
3097 1451 3150 1504 in
3180 1449 3493 1520 hujusmodi
3517 1460 3586 1504 re
3611 1449 3766 1504 ﬁdem

2174 1545 2334 1602 dictis
2367 1545 2480 1600 suis
2514 1553 2659 1601 esset
2679 1545 2986 1611 habiturus,
3017 1546 3296 1616 respondit
3323 1553 3381 1601 et
3405 1545 3550 1600 dixit
3583 1563 3601 1602 :
3639 1563 3660 1597 ι
3696 1544 3769 1600 Tu

2171 1635 2314 1704 nosti
2367 1634 2508 1705 quod
2559 1649 2770 1702 omnes,
2808 1637 2900 1705 qui
2955 1645 3133 1691 tecum
3167 1637 3271 1692 hoc
3302 1637 3410 1691 iter
3446 1646 3646 1708 agunt,
3681 1636 3770 1692 tibi

2173 1729 2377 1784 conscii
2409 1737 2536 1783 sunt
2577 1729 2702 1798 quia
2742 1729 3050 1800 complures
3102 1729 3220 1784 dies
3251 1731 3306 1784 in
3338 1728 3493 1784 febre
3531 1730 3770 1785 tertiana

2173 1820 2454 1887 laborasti,
2485 1831 2540 1877 et
2584 1823 2820 1877 nondum
2860 1831 2914 1877 te
2944 1823 3012 1878 ab
3043 1821 3133 1877 illa
3183 1820 3347 1878 ullam
3377 1822 3650 1879 habuisse
3693 1836 3771 1876 re-

480 1913 536 1968 in
569 1914 898 1968 monasterio
938 1912 995 1967 S.
1027 1911 1266 1967 Medardi
1294 1910 1455 1965 locuti
1484 1916 1630 1975 sunt,
1653 1908 1778 1977 quia
1801 1922 2070 1961 memora-
2096 1883 2145 1945 B
2174 1915 2507 1970 missionem,
2536 1947 2607 1955 _
2638 1915 2706 1970 Ει
2743 1915 2831 1970 ille
2855 1920 2886 1970 ἐ
2947 1915 3025 1971 ua
3055 1927 3158 1981 est,
3194 1916 3388 1987 inquit,
3417 1923 3478 1970 ut
3510 1913 3678 1970 dicis,
3709 1945 3772 1955 —

479 2013 566 2061 tus
597 2006 856 2060 (iaconus
882 2005 932 2059 ei
967 2003 1239 2074 pollicitus
1285 2010 1388 2067 est,
1417 2017 1474 2056 se
1513 1998 1726 2055 allicere
1773 2014 1964 2068 posse,
2013 2004 2072 2052 ut

479 2115 677 2170 corpus
704 2099 851 2153 beati
876 2097 1130 2162 Tiburlii,
1163 2095 1443 2166 martyris,
1475 2091 1530 2148 in
1577 2091 1693 2162 ejus
1735 2091 1945 2144 veniret
1968 2104 2068 2160 po-

478 2196 752 2246 testatem.
781 2189 987 2256 Quibus
1019 2187 1107 2242 ille
1141 2186 1593 2257 promissionibus
1628 2183 1867 2250 illectus,
1922 2182 2071 2236 misit

477 2296 602 2337 cum
622 2283 702 2336 eis
740 2281 1026 2351 quemdam
1045 2279 1442 2350 presbyterum,
1473 2277 1748 2332 hominem
1779 2275 2030 2332 callidum
2050 2315 2066 2340 ,

478 2375 698 2429 nomine
736 2373 970 2438 Hunum,
987 2370 1183 2440 jubens
1214 2378 1572 2440 utacceptum
1603 2369 1671 2422 ab
1699 2385 1763 2424 eo
1785 2365 2068 2422 memorati

478 2467 734 2539 martyris
755 2481 954 2536 corpus
991 2466 1093 2520 sibi
1117 2464 1369 2520 deferret.
1394 2464 1521 2518 Inde
1543 2462 1648 2516 iter
1685 2461 1937 2532 ingressi,
1962 2460 2071 2515 Ro-

476 2574 643 2624 mam,
676 2566 878 2628 quanta
908 2564 1195 2627 potuerunt
1217 2556 1512 2618 celeritate,
1547 2561 1922 2624 perrexerunt.

547 2651 604 2704 4.
647 2648 884 2720 Contigit
924 2657 1434 2718 autem,postquam
1460 2645 1667 2701 Italiam
1699 2645 2062 2709 intraverunt,

473 2752 532 2800 ut
580 2759 713 2813 puer
762 2743 961 2798 notarii
996 2742 1128 2807 mei,
1163 2740 1382 2796 nomine
1416 2736 1804 2809 Reginbaldus,
1835 2737 2066 2792 tertiana

472 2833 625 2888 febre
659 2843 939 2901 correptus
965 2874 978 2898 ,
1030 2849 1139 2887 non
1192 2831 1464 2885 modicum
1498 2828 1819 2898 profectioni
1875 2843 2066 2882 eorum

474 2926 588 2982 suis
615 2925 890 2980 laboribus
917 2923 1121 2980 faceret
1145 2923 1616 2992 impedimentum;
1680 2920 1935 2990 quoniam
1982 2919 2067 2974 his

475 3021 646 3084 horis,
672 3020 868 3090 quibus
917 3018 1005 3074 ille
1055 3017 1288 3073 febrium
1337 3016 1557 3072 aestibus
1594 3015 1920 3078 tenebatur,
1963 3014 2067 3068 iter

475 3131 633 3185 agere
662 3131 767 3169 non
795 3121 1107 3184 potuerunt.
1160 3112 1330 3166 Erant
1355 3111 1500 3166 enim
1544 3110 1727 3181 pauci,
1758 3125 1821 3164 ac
1842 3123 1939 3179 per
1963 3109 2068 3163 hoc

475 3207 543 3262 ab
579 3207 809 3262 invicem
843 3206 1085 3276 separari
1118 3204 1392 3260 nolebant.
1451 3203 1695 3275 Cumque
1727 3205 1832 3258 hoc
1861 3203 2066 3258 incom-

473 3300 635 3354 modo
667 3299 769 3353 iter
795 3299 1010 3352 illorum
1051 3313 1158 3352 non
1199 3296 1546 3350 mediocriter
1589 3294 1780 3350 fuisset
1833 3296 2068 3350 retarda-

475 3399 610 3455 tum,
644 3391 719 3446 illi
752 3403 931 3446 tamen
954 3398 1113 3461 prout
1135 3397 1387 3459 poterant
1423 3389 1554 3443 illud
1579 3389 1885 3443 accelerare
1932 3404 2064 3444 con-

474 3485 779 3543 tenderent,
816 3482 994 3536 tribus
1023 3481 1212 3535 diebus
1236 3481 1551 3550 priusquam
1581 3480 1648 3535 ad
1689 3479 1890 3534 Urbem
1911 3479 2064 3532 veni-

473 3581 618 3639 rent,
650 3573 901 3642 apparuit
927 3571 980 3626 in
1010 3571 1128 3626 visu
1158 3570 1234 3624 illi
1288 3568 1618 3625 febricitanti
1646 3569 1864 3639 quidam
1904 3569 2066 3623 homo

484 3669 541 3723 in
581 3666 765 3722 habitu
804 3664 1049 3729 diaconi,
1082 3662 1405 3734 perquirens
1440 3663 1508 3717 ab
1541 3677 1608 3718 eo
1651 3676 1814 3732 quam
1857 3661 1924 3715 ob
1951 3676 2066 3715 rem

474 3759 726 3815 dominus
753 3772 884 3811 suus
914 3754 1144 3811 Romam
1171 3755 1249 3810 ire
1279 3754 1598 3810 festinaret?
1618 3753 1715 3809 Cui
1739 3769 1863 3810 cum
1902 3753 1990 3808 ille
2010 3762 2064 3809 et

474 3851 744 3923 promissa
776 3849 987 3906 diaconi
1037 3849 1102 3904 de
1143 3848 1387 3918 reliquiis
1417 3857 1728 3904 sanctorum
1783 3847 1915 3904 mihi
1946 3849 2066 3902 mit-

472 3943 669 4007 tendis,
702 3952 756 3997 et
785 3942 850 3997 de
879 3942 964 3996 his
991 3956 1111 4010 qua:
1138 3939 1388 3995 Hildoino
1433 3940 1615 3995 abbati
1641 3939 1914 4009 pollicitus
1940 3947 2022 3996 est
2044 3980 2059 4006 ,

472 4042 633 4104 prout
660 4033 735 4087 illi
755 4040 1032 4102 comperta
1062 4039 1238 4096 erant,
1266 4039 1580 4100 exponeret.
1616 4048 1635 4080 ι
1671 4030 1787 4085 Νοη
1818 4031 1892 4085 ita
1921 4030 2025 4085 erit
2045 4071 2061 4096 ,

475 4127 672 4197 inquit,
699 4127 792 4181 sed
821 4126 977 4194 longe
1007 4126 1183 4192 aliter,
1216 4142 1378 4196 quam
1414 4141 1511 4181 vos
1555 4126 1897 4189 existimatis,
1932 4143 2064 4180 cau-

474 4233 674 4279 sarum,
708 4225 930 4288 propter
952 4232 1087 4286 quas
1134 4216 1359 4271 venistis
1385 4257 1401 4281 ,
1447 4215 1624 4270 exitus
1662 4215 2060 4284 adimplebitur.

472 4308 610 4364 Nam
632 4307 894 4364 diaconus
917 4310 1041 4374 iste,
1065 4310 1157 4379 qui
1179 4324 1276 4364 vos
1305 4307 1534 4362 Romam
1587 4307 1773 4362 venire
1817 4307 2062 4377 rogavit,

473 4408 570 4456 aut
596 4416 811 4470 parum,
837 4409 933 4455 aut
956 4400 1088 4454 nihil
1118 4401 1311 4467 dehis,
1335 4416 1456 4470 qua:
1494 4399 1647 4455 vobis
1686 4399 1955 4469 promisit,
1980 4399 2064 4454 fa-

473 4499 664 4548 cturus
683 4499 796 4556 est;
839 4506 904 4546 ac
926 4491 1154 4562 proinde
1181 4491 1300 4546 volo
1342 4491 1589 4560 sequaris
1634 4506 1739 4556 me,
1787 4499 1949 4561 atque
2002 4506 2064 4546 ea

2175 2007 2533 2078 Quapmpter,
2565 2009 2660 2074 ait,
2691 2007 2813 2064 volo
2842 2017 2902 2062 ut
2929 2023 3028 2078 pro
3064 2007 3218 2079 signo
3249 2008 3347 2063 tibi
3370 2007 3462 2070 sit,
3490 2015 3667 2076 atque
3693 2007 3770 2061 his

2173 2091 2370 2169 quibus
2389 2097 2556 2154 verba
2582 2109 2702 2168 qua:
2727 2097 2836 2152 dixi
2879 2096 3151 2152 relaturus
3180 2113 3258 2160 es,
3285 2097 3551 2167 quoniam
3580 2112 3654 2151 ex
3677 2098 3772 2151 hac

2171 2189 2327 2255 hora,
2386 2188 2554 2254 febre,
2593 2205 2700 2260 qua
2728 2205 2898 2259 usque
2941 2190 3102 2243 modo
3143 2189 3500 2254 (letinebaris,
3551 2189 3644 2245 sic
3681 2206 3769 2259 per

2172 2279 2265 2334 Dei
2293 2280 2724 2335 misericordiam
2747 2281 3020 2335 cariturus
3049 2295 3127 2346 es,
3158 2289 3218 2333 ut
3241 2289 3292 2334 te
3322 2280 3556 2336 ulterius
3588 2281 3649 2335 in
3681 2282 3774 2336 hoc

2172 2372 2367 2427 itinere
2417 2389 2526 2428 non
2576 2375 2869 2444 contingat.
2921 2394 2939 2426 ι
2983 2373 3077 2428 His
3123 2373 3282 2428 dictis
3326 2374 3769 2446 expergefactus,

2169 2466 2350 2521 omnia
2375 2483 2496 2536 quae
2521 2467 2624 2521 sibi
2641 2468 2840 2522 vidisse
2861 2467 2946 2522 vel
2968 2467 3185 2522 audisse
3200 2465 3507 2531 videbatur,
3527 2467 3771 2521 Ratleicu

2171 2557 2374 2614 referre
2394 2559 2622 2614 curavit.
2642 2558 2772 2625 Quze
2792 2574 2914 2612 cum
2938 2557 3214 2613 ltatleicus
3231 2559 3556 2630 presbytero
3588 2573 3772 2613 secum

2167 2651 2412 2721 pergenti
2456 2651 2816 2721 exposuisset,
2843 2649 3020 2704 visum
3042 2657 3128 2706 est
3148 2649 3411 2706 ambobus
3447 2658 3509 2705 ut
3545 2650 3774 2720 experi-

2167 2748 2411 2795 mentum
2437 2740 2610 2794 somni
2637 2739 2764 2811 [Ms.
2777 2780 2792 2806 ,
2809 2739 3029 2813 somnii]
3046 2755 3114 2796 ex
3126 2741 3353 2797 veritate
3381 2742 3685 2812 promissa
3703 2757 3777 2796 sa-

2167 2832 2356 2888 nitatis
2379 2833 2744 2903 approbarent
2774 2849 2786 2885 :
2822 2847 2948 2888 nam
2989 2833 3180 2888 eadem
3219 2833 3327 2899 die,
3347 2831 3500 2903 juxta
3527 2833 3776 2903 qualita-

2168 2931 2275 2980 tem
2296 2923 2547 2988 febrium,
2563 2924 2759 2994 quibus
2779 2923 3031 2981 laborare
3051 2933 3428 2990 consueverat,
3446 2924 3774 2982 febricitare

2168 3013 2401 3071 debebat
2419 3015 2466 3071 is
2491 3017 2582 3086 qui
2604 3030 2876 3071 sommum
2907 3016 3132 3072 viderat.
3160 3016 3226 3071 Et
3250 3023 3433 3071 utnon
3461 3031 3617 3071 vana
3656 3017 3772 3072 illu-

2169 3106 2273 3172 sio,
2317 3108 2410 3162 sed
2452 3107 2636 3178 potius
2676 3121 2808 3161 vera
2838 3107 3097 3163 revelatio
3146 3105 3313 3163 fuisse
3358 3107 3776 3173 ostenderetur,

2171 3213 2347 3267 neque
2370 3197 2461 3252 illa
2483 3198 2587 3262 die,
2626 3213 2801 3267 neque
2836 3197 3050 3254 caeteris
3069 3213 3188 3269 quae
3218 3198 3362 3253 illam
3386 3205 3592 3253 secuta:
3627 3208 3775 3263 sunt,

2171 3289 2339 3345 ullum
2384 3290 2438 3344 in
2475 3305 2704 3359 corpore
2733 3304 2832 3344 suo
2876 3299 3263 3346 consuetarum
3311 3289 3536 3345 febrium
3596 3292 3775 3347 sensit

2170 3384 2449 3440 indicium.
2487 3384 2686 3454 Sicque
2711 3383 2915 3439 factum
2946 3393 3050 3450 est,
3082 3392 3216 3439 utet
3238 3382 3427 3439 visioni
3449 3383 3776 3448 crederent,

2169 3485 2226 3532 et
2247 3477 2405 3532 ﬁdem
2438 3477 2648 3533 diaconi
2673 3477 2959 3546 promissis
2990 3491 3100 3531 non
3125 3477 3406 3532 baberent.

2239 3568 2292 3622 6.
2330 3567 2499 3638 Igitur
2529 3566 2756 3622 Romam
2790 3567 3091 3631 venientes,
3117 3565 3274 3635 juxta
3299 3563 3587 3620 basilicam
3635 3565 3777 3622 beati

2165 3659 2315 3715 Petri
2364 3659 2614 3728 apostoli,
2661 3674 2781 3728 quae
2810 3659 3012 3713 dicitur
3037 3658 3104 3712 ad
3134 3656 3381 3722 Vincula,
3413 3655 3466 3710 in
3487 3655 3675 3712 domo
3708 3659 3774 3727 ip-

2167 3752 2303 3818 sius,
2334 3767 2456 3806 cum
2481 3767 2587 3822 quo
2623 3758 2910 3816 venerunt,
2945 3750 3181 3814 diaconi,
3213 3749 3503 3819 hospitium
3530 3763 3776 3820 accepe—

2167 3853 2295 3899 runt
2319 3861 2332 3909 ;
2359 3852 2784 3912 manseruntque
2819 3858 2943 3898 cum
2969 3857 3034 3897 eo
3060 3857 3158 3912 per
3187 3841 3391 3910 aliquot
3414 3840 3560 3902 dies,
3607 3856 3776 3913 oppe-

2165 3938 2369 3992 rientes
2397 3937 2786 4007 promissorum
2828 3935 2946 4006 ejus
2993 3933 3450 4004 adimpletionem.
3491 3932 3610 3986 Sed
3666 3933 3773 3997 ille,

2167 4031 2259 4100 qui
2277 4045 2403 4084 suas
2433 4029 2850 4099 pollicitationes
2876 4025 3142 4097 perﬁcere
3170 4041 3278 4080 non
3297 4023 3529 4088 valebat,
3551 4023 3769 4095 ipsum,

2165 4123 2309 4190 quod
2362 4137 2470 4176 non
2523 4129 2753 4192 poterat,
2805 4117 3126 4190 quibusdam
3176 4114 3773 4187 procrastinatiouibus

2164 4216 2440 4289 palliabat.
2479 4214 2722 4269 Tandem
2745 4211 2908 4268 locuti
2939 4227 3062 4268 cum
3090 4209 3205 4276 illo,
3233 4225 3332 4266 cur
3358 4209 3439 4266 eis
3468 4208 3559 4264 illo
3605 4211 3773 4268 modo

2164 4311 2327 4367 vellet
2375 4310 2600 4364 illudere
2646 4308 2950 4379 percontati
2979 4316 3137 4372 sunt;
3168 4315 3425 4378 rogantes
3459 4306 3660 4376 simul,
3706 4324 3772 4364 ne

2166 4420 2225 4461 se
2253 4404 2454 4459 diutius
2501 4401 2734 4457 fallendo
2764 4401 3036 4457 detineret
3062 4441 3078 4465 ,
3127 4408 3184 4455 et
3209 4400 3574 4456 reversionem
3607 4417 3770 4457 suam

2166 4500 2321 4555 vanis
2358 4500 2556 4570 spebus
2588 4497 2895 4568 impediret.
2958 4497 3057 4552 His
3083 4496 3173 4551 ille
3209 4497 3432 4562 auditis,
3477 4512 3609 4553 cum
3655 4514 3773 4554 cer-

472 4602 595 4657 qum
619 4587 714 4642 tibi
743 4595 1065 4642 ostensurus
1100 4594 1261 4656 atque
1288 4584 1545 4674 dicturus
1580 4602 1720 4654 sum,
1752 4597 1932 4644 mente
1957 4587 2064 4643 sol-
2088 4605 2142 4665 D
2168 4601 2323 4648 neret
2343 4608 2400 4648 se
2425 4592 2729 4662 hujusmodi
2773 4591 3068 4646 calliditate
3090 4591 3172 4645 eis
3211 4589 3324 4658 jam
3367 4590 3605 4660 amplius
3659 4609 3768 4648 non

473 4677 619 4732 licita
649 4693 808 4734 cures
833 4679 1134 4732 advertere.
1175 4696 1194 4729 ι

545 4770 600 4824 5.
635 4770 787 4826 Tunc
814 4785 976 4826 manu
1021 4771 1491 4839 comprehensum,
1529 4779 1588 4826 ut
1619 4773 1721 4828 sibi
1748 4774 2057 4841 videbatur,

473 4860 675 4915 montis
697 4860 940 4930 praecelsi
986 4873 1248 4915 cacumen
1278 4876 1459 4916 secum
1512 4865 1876 4919 conscendere
1906 4864 2076 4926 fecit..

473 4949 534 5004 ln
561 4966 668 5018 quo
693 4967 816 5005 cum
842 4951 1002 5006 simul
1030 4952 1191 5023 positi
1219 4952 1582 5008 consisterent
1607 4973 1620 5008 :
1654 4974 1673 5006 σ
1703 4954 2053 5025 Convertere,

475 5041 675 5112 inquit,
697 5043 761 5096 ad
787 5043 1076 5109 orientem,
1107 5052 1163 5097 et
1209 5041 1479 5112 subjectos
1513 5043 1683 5098 oculis
1710 5045 1815 5100 tuis
1840 5061 2060 5116 campos

475 5132 704 5188 intuere.
747 5152 765 5184 ι
798 5133 951 5199 Quod
988 5148 1109 5187 cum
1135 5131 1369 5198 fecisset,
1397 5141 1452 5187 et
1487 5149 1727 5204 campos,
1767 5136 1832 5191 de
1864 5138 2062 5207 quibus

477 5221 581 5278 sibi
605 5221 839 5287 dixerat,
889 5220 1079 5277 fuisset
1116 5223 1365 5290 intuitus,
1397 5223 1548 5279 videt
1575 5224 1629 5279 in
1665 5225 1744 5280 eis
1772 5227 1930 5283 molis
1955 5229 2058 5283 im-

476 5330 681 5370 mensae
705 5314 956 5381 fabricas,
985 5316 1038 5370 in
1065 5318 1282 5372 modum
1315 5332 1522 5387 magna:
1557 5317 1838 5387 cujusdam
1869 5322 2064 5377 civita-

477 5407 550 5461 tis
570 5414 864 5472 extructas,
889 5415 962 5473 et,
980 5408 1343 5479 interrogatus
1363 5408 1430 5463 ab
1461 5423 1545 5475 eo,
1563 5409 1608 5464 si
1627 5411 1792 5466 sciret
1807 5412 1932 5483 quid
1958 5415 2062 5470 hoc

549 5537 1135 5614 I__Suri_usAAugustam
1171 5539 1507 5614 Silanorum,
1543 5558 1651 5614 quo
1695 5545 1857 5600 etiam
1897 5549 2058 5603 modo

476 5609 536 5668 in
564 5611 688 5666 Vita
721 5609 781 5667 S.
806 5609 1086 5688 Medardi,
1125 5614 1158 5669 8
1203 5610 1369 5679 Junii,
1404 5628 1436 5667 a
1471 5609 1768 5672 Fortunato
1821 5620 2059 5688 appella-

477 5691 588 5748 tur,
628 5699 774 5737 num.
806 5683 893 5738 56.
1855 5683 1868 5687 “
1891 5683 1907 5688 ’

550 5755 576 5794 b
618 5754 900 5810 Hilduinus
950 5753 1128 5809 factus
1166 5754 1334 5808 abbas
1385 5768 1529 5808 anno
1582 5756 1707 5824 817,
1770 5759 1862 5814 sed
1915 5775 2057 5816 anno

477 5824 582 5880 850
606 5825 658 5880 in
677 5826 924 5880 exsilium
957 5825 1163 5895 pulsus,
1196 5832 1561 5895 et_revocatus
1590 5843 1732 5882 anno
1761 5830 1886 5895 855,
1915 5847 2061 5885 mor-

479 5905 608 5951 tuus
636 5903 692 5952 et
741 5895 798 5951 in
832 5893 1048 5954 abbatia
1100 5893 1159 5952 S.
1221 5893 1458 5950 Medardi
1491 5898 1730 5968 sepultus
1760 5893 1901 5956 anno
1929 5902 2054 5956 842.

2161 4699 2319 4756 posse
2349 4685 2644 4754 imponere,
2674 4683 2850 4752 primo
2877 4682 3153 4737 notarium
3177 4696 3357 4736 meum
3390 4690 3603 4737 certum
3631 4683 3768 4740 fecit

2165 4777 2232 4833 de
2273 4777 2517 4847 reliquiis
2570 4776 2706 4830 mihi
2753 4775 3059 4844 promissis,
3092 4775 3236 4846 quod
3281 4789 3378 4830 eas
3403 4774 3609 4831 habere
3655 4793 3766 4832 non

2166 4877 2372 4939 posset,
2400 4884 2464 4923 eo
2485 4869 2627 4938 quod
2649 4866 2820 4922 frater
2848 4882 3002 4933 suus,
3023 4867 3112 4922 cui
3130 4867 3441 4931 etdomum,
3473 4878 3532 4924 et
3559 4881 3768 4924 cuncta

2165 4973 2284 5027 quae
2338 4959 2587 5022 habebat,
2638 4957 2762 5013 inde
2809 4956 2996 5013 abiens
3042 4959 3543 5024 commendaverat,
3592 4977 3768 5032 nego:

2166 5048 2333 5102 tiandi
2361 5049 2535 5120 gratia
2561 5047 2928 5104 Beneventum
2960 5055 3107 5103 esset
3143 5047 3438 5120 profectus,
3475 5066 3541 5106 ac
3570 5067 3632 5106 se
3670 5067 3767 5122 pe-

2167 5141 2314 5196 nitus
2357 5142 2609 5211 ignorare
2652 5139 2868 5209 quando
2899 5147 3044 5196 esset
3091 5122 3432 5206 reversurus,
3469 5150 3525 5197 et
3549 5143 3684 5214 quia
3714 5146 3765 5200 ei

2165 5234 2422 5305 reliquias
2467 5233 2609 5299 illas,
2653 5233 2792 5288 sicut
2845 5241 2902 5288 et
2943 5241 3195 5289 cacteram
3241 5234 3658 5305 supellectilem,
3691 5236 3760 5289 ad

2166 5326 2488 5381 servandum
2517 5324 2884 5391 commiserat,
2924 5337 3025 5380 nec
3061 5325 3286 5381 omnino
3311 5341 3370 5382 se
3398 5327 3543 5383 scire
3569 5342 3759 5398 posse,

2163 5417 2291 5488 quid
2328 5417 2394 5472 de
2441 5417 2527 5471 his
2557 5415 2796 5481 fecisset,
2837 5416 3094 5485 quoniam
3134 5433 3226 5474 eas
3256 5418 3312 5473 in
3355 5418 3550 5474 eadem
3591 5419 3763 5475 domo

2165 5551 2306 5635 Fuit_
2339 5551 2479 5635 idem
2503 5552 2671 5635 etiam
2729 5551 2899 5609 abbas
2933 5551 2993 5608 S.
3020 5552 3260 5626 Dionysii
3289 5563 3345 5611 et
3379 5555 3438 5611 S.
3488 5555 3762 5614 Germani

2167 5623 2308 5694 apud
2345 5622 2694 5679 Parisienses.
3163 5622 3176 5626 '

2237 5706 2272 5776 ξ
2306 5693 2456 5776 Hauc
2480 5709 2610 5776 esse
2638 5693 2956 5776 _ecclesiam
3010 5693 3111 5776 SS.
3149 5695 3554 5776 Marcellini_et
3571 5697 3758 5776 fetri,

2166 5781 2197 5820 a
2233 5763 2591 5836 Constantino
2636 5763 2829 5836 Magno
2881 5775 3270 5836 constructam,
3324 5768 3521 5824 asserit
3569 5767 3755 5821 Baro-

2167 5837 2288 5910 nius
2322 5851 2464 5889 anno
2495 5835 2619 5910 826‘,
2652 5835 2799 5910 num.
2832 5835 2917 5910 l6,
2967 5838 3108 5910 quod
3137 5847 3304 5910 esset
3334 5841 3404 5894 ob
3432 5839 3512 5896 sui
3551 5840 3758 5910 ampii~

2169 5907 2409 5963 tudinem
2437 5913 2492 5961 et
2516 5905 2857 5966 altitudinem
2894 5905 3104 5983 longius
3130 5909 3432 5984 perspicua.
