3960 6346
215 408 329 474 5-H

1041 412 1221 472 msr.
1264 414 1665 476 TRANSLAT.
1706 398 1812 476 an.
1858 420 2277 485 nuncnum
2313 428 2404 486 nr
2437 428 2668 489 perm.

3353 447 3498 505 '543

214 538 495 633 nusquam
527 520 1132 633 invenisset-{proinde
1184 526 1390 633 videret
1414 529 1540 601 quid
1579 529 1803 624 faceret,
1833 537 1889 599 Α
1910 539 2164 608 positum,
2198 541 2540 616 tabulamque.
2567 560 2929 605 marmoream
2957 550 3024 608 ad
3051 537 3496 633 οεριίῐῖὀῖἷῐέηῇ

212 617 350 689 quia
378 617 446 673 de
470 625 627 691 parte
646 632 742 672 sua
768 616 901 673 nihil
925 626 1176 686 restaret,
1199 621 1342 691 quod
1364 635 1584 692 sperare
1602 616 1804 694 posset.

209 706 517 784 Postquam
546 710 663 767 haec
704 712 917 767 notario
961 727 1084 768 meo
1127 713 1282 782 dixit,
1315 724 1370 769 et
1421 714 1512 771 ille
1542 731 1600 772 se
1650 718 1718 773 ab
1742 732 1807 773 eo

207 802 439 867 illusum
478 819 543 859 ac
579 801 723 859 male
763 804 866 859 sibi
901 803 1209 875 impositum
1239 816 1581 877 quereretur,
1622 809 1804 865 nescio

205 894 415 967 quibus
457 893 611 949 vanis
644 894 746 950 hac
769 892 978 951 frivolis
1004 895 1168 951 etiam
1198 896 1574 969 presbyterum
1598 898 1805 956 Hildoi-

205 990 269 1046 ni
299 989 587 1055 allocutus,
619 1004 715 1060 spe
752 988 915 1047 simili
956 989 1273 1057 animatum,
1308 1006 1338 1046 a
1364 1006 1421 1047 se
1447 990 1577 1048 fecit
1618 993 1805 1050 absce-

203 1084 362 1138 dere.
392 1078 663 1138 Postridie
703 1096 834 1137 vero
858 1098 982 1138 cum
1012 1083 1167 1139 valde
1186 1083 1373 1139 tristes
1397 1083 1631 1152 videret,
1668 1087 1800 1141 hor-

201 1181 360 1230 tatus
384 1182 468 1230 est
496 1181 557 1229 ut
597 1172 759 1229 simul
782 1189 906 1230 cum
936 1173 1028 1230 illo
1052 1175 1121 1230 ad
1141 1176 1458 1231 coemeteria
1488 1184 1800 1232 sanctorum

200 1271 526 1336 pergerent;
560 1262 731 1319 videri
777 1262 880 1319 sibi
920 1264 1064 1335 quod
1092 1263 1146 1320 in
1175 1265 1256 1321 eis
1286 1265 1489 1336 aliquid
1522 1265 1627 1322 tale
1651 1267 1801 1323 inve-

201 1352 314 1408 niri
334 1363 541 1426 posset,
563 1369 670 1426 quo
696 1369 884 1411 eorum
912 1354 1195 1413 desideriis
1222 1356 1535 1423 satisfieret,
1564 1374 1665 1415 nec
1683 1358 1799 1417 fore

198 1441 356 1500 illam
386 1440 542 1520 [δίδη
580 1444 768 1520 ullam]
792 1448 1170 1504 necessitatem
1200 1458 1261 1503 ut
1289 1449 1343 1503 in
1379 1451 1615 1521 patriam
1641 1451 1797 1508 vacui

197 1543 627 1592 reverterentur.
656 1534 900 1608 Cumque
927 1537 1007 1595 eis
1036 1538 1141 1595 hoc
1162 1539 1448 1595 consilium
1480 1542 1794 1612 placuisset,

198 1624 510 1698 vellentque
545 1635 606 1682 ut
630 1628 957 1698 quantocius
994 1627 1070 1694 id,
1096 1629 1164 1684 ad
1198 1630 1343 1701 quod
1374 1628 1680 1686 faciendum
1701 1648 1795 1689 eos

196 1717 546 1785 hortabatur,
573 1718 917 1785 inchoarent,
960 1735 1110 1775 more
1145 1719 1324 1788 solito,
1374 1721 1649 1793 negotium
1677 1721 1791 1779 dis-

194 1807 494 1879 simulavit,
516 1818 573 1868 et
594 1827 709 1879 eos,
739 1827 971 1883 quorum
995 1811 1162 1867 animi
1184 1819 1315 1867 tunc
1339 1812 1616 1884 paululum
1636 1822 1792 1871 erant

1906 646 2026 701 qua:
2062 632 2236 699 titulo,
2274 651 2436 707 quem
2465 638 2807 707 continebat,
2842 642 3062 700 evidens
3096 647 3353 706 indicium
3393 651 3496 711 da-

1903 718 2030 790 bat,
2066 724 2219 795 cujus
2257 727 2313 782 in
2342 743 2407 785 eo
2449 729 2566 786 loco
2608 733 2863 805 martyris
2894 736 3136 793 membra
3168 740 3490 811 jacuissent.

1904 812 2058 881 Quod
2076 856 2092 882 ,
2134 824 2196 871 ut
2232 833 2331 888 par
2359 827 2512 888 erat,
2542 837 2666 877 cum
2703 837 2913 879 summa
2943 830 3292 887 veneratione
3321 835 3495 891 susci-

1901 905 2112 977 pientes
2141 908 2343 978 levant,
2368 920 2422 968 et
2450 916 2649 971 munda
2678 917 2906 974 sindone
2936 918 3237 977 involutum
3265 925 3492 987 diacono

1901 994 2180 1057 ferendum
2223 1012 2384 1076 atque
2418 1004 2743 1064 servandum
2786 1012 3025 1068 tradunt.
3066 1013 3145 1070 Ac
3173 1030 3241 1072 ne
3268 1016 3375 1073 ulla
3401 1034 3492 1074 su-

1900 1091 2033 1149 blati
2061 1096 2303 1167 corporis
2332 1097 2532 1154 indicia
2567 1112 2940 1170 remanerent,
2970 1103 3206 1176 lapidem
3242 1108 3362 1165 loco
3391 1125 3491 1168 suo

1902 1199 2245 1259 reponentes,
2286 1192 2341 1246 in
2376 1194 2567 1249 urbem
2605 1196 2673 1252 ad
2715 1197 2946 1269 hospitia
2988 1214 3086 1256 sua
3119 1212 3487 1265 revertuntur.

1900 1280 2169 1339 Diaconus
2214 1294 2396 1341 autem
2436 1302 2632 1359 corpus
2673 1290 2974 1349 beatissimi
3013 1297 3298 1367 martyris,
3345 1300 3488 1369 quod

1900 1382 2204 1444 acceperat,
2229 1374 2385 1446 juxta
2416 1377 2698 1435 basilicam
2727 1381 2875 1438 beati
2902 1383 3046 1440 Petri
3077 1389 3339 1458 apostoli,
3367 1408 3487 1462 quae

1896 1472 2122 1519 vocatur
2147 1465 2215 1520 ad
2242 1466 2499 1535 Vincula,
2537 1470 2629 1525 ubi
2660 1478 2716 1526 et
2740 1471 2855 1543 ipse
2881 1474 3100 1531 domum
3128 1476 3363 1536 habebat
3381 1522 3398 1548 ,
3427 1497 3487 1539 se

1896 1570 2113 1613 servare
2137 1559 2275 1615 velle
2292 1576 2357 1616 ac
2373 1577 2532 1632 posse
2548 1562 2846 1633 afﬁrmans,
2862 1566 3018 1624 fratri
3033 1586 3131 1626 suo
3149 1573 3367 1631 nomine
3376 1574 3486 1633 Lu-

1894 1650 2073 1706 nisoni
2087 1651 2155 1707 ad
2176 1654 2591 1711 custodiendum
2608 1661 2914 1727 commisit;
2949 1662 3354 1737 arbitratusque
3378 1683 3482 1725 no-

1893 1741 2036 1795 tario
2050 1757 2172 1799 meo
2186 1740 2289 1798 hoc
2305 1744 2645 1801 satisfactum
2662 1763 2804 1816 esse,
2817 1752 2981 1822 carpit
2995 1753 3145 1810 illum
3171 1755 3380 1813 hortari
3400 1766 3482 1827 ut,

1893 1846 2117 1908 accepto
2143 1853 2374 1910 corpore
2396 1840 2540 1896 beati
2568 1840 2882 1911 Marcellini,
2905 1848 3108 1905 rediret
3135 1850 3191 1906 in
3221 1852 3475 1923 patriam.

190 1900 389 2002 erecti.
412 1902 470 1957 in
498 1901 1193 2002 tantammdesperationelu
1235 1904 1347 2002 hac,
1389 1903 1650 2002 dilatione
1695 1907 1789 2002 δεῖ·
1815 1901 1864 1963 Β
1962 1900 2166 1986 9Ῐδεά
2188 1900 2277 1986 in}:
2301 1930 2459 2002 longe
2480 1931 2623 1988 aliud
2648 1900 3106 1994 menssana};
3135 1900 3480 1998 genii";

189 1990 348 2061 jecit,
376 1999 455 2058 ut,
481 1991 685 2047 omisso
708 1990 821 2059 illo,
847 2000 1149 2048 statuerent
1179 1992 1235 2047 in
1260 1994 1518 2064 patriam,
1541 1995 1789 2068 quamvis

189 2080 399 2137 infecto
434 2082 672 2155 negotio,
706 2083 930 2139 reverti.
1036 2088 1041 2089 '

263 2192 325 2250 Ἰ.
361 2191 472 2248 Sed
513 2193 758 2251 notarius
801 2209 987 2263 meus,
1038 2196 1284 2254 recolens
1328 2198 1598 2256 somnium
1641 2202 1787 2273 quod

185 2300 332 2357 puer
357 2301 491 2343 suus
515 2287 757 2355 viderat,
796 2289 963 2360 coepit
990 2290 1246 2345 comitem
1282 2306 1440 2346 suum
1469 2292 1675 2348 hortari
1704 2302 1785 2360 ut,

184 2376 313 2433 sine
352 2376 565 2449 hospite
607 2393 727 2445 suo,
769 2376 913 2433 irent
953 2378 1021 2434 ad
1061 2380 1397 2447 cmmeteria,
1441 2380 1507 2436 ad
1546 2397 1668 2452 qua:
1704 2382 1785 2438 vi-

182 2467 361 2523 senda
401 2466 491 2523 ille
528 2484 622 2524 eos
659 2483 718 2525 se
754 2468 952 2525 ducere
976 2468 1118 2526 velle
1155 2470 1423 2541 promisit.
1470 2470 1657 2542 itaque
1702 2471 1785 2526 in-

184 2568 355 2616 vento
380 2568 546 2632 atque
569 2560 835 2616 conducto
856 2560 992 2616 duce
1018 2559 1369 2631 locorumque
1393 2569 1779 2630 monstratore,

182 2651 367 2723 primo
392 2652 463 2708 ad
498 2651 778 2709 basilicam
816 2652 963 2708 beati
999 2650 1261 2719 Tiburtii,
1300 2653 1578 2725 martyris,
1611 2653 1664 2708 in
1692 2653 1781 2708 via

182 2732 479 2813 Lavicana,
521 2744 694 2801 tribus
727 2744 795 2799 ab
830 2745 967 2800 urbe
1008 2759 1266 2814 passuum
1308 2745 1545 2802 millibus
1576 2745 1780 2802 distan-

183 2842 299 2891 tem
316 2876 333 2901 ,
368 2836 629 2903 veniunt,
668 2836 1030 2908 martyrisque
1056 2837 1300 2891 tumbam
1326 2846 1527 2908 quanta
1552 2846 1779 2909 possunt

180 2928 466 3002 diligentia
494 2929 949 3001 contemplantur,
993 2937 1048 2985 et
1085 2937 1268 2985 utrum
1297 2928 1406 2997 sic,
1448 2938 1508 2984 ut
1539 2930 1632 2986 alii
1666 2948 1776 2988 non

178 3022 475 3090 sentirent,
501 3022 701 3093 aperiri
728 3031 934 3095 posset,
957 3032 1116 3079 cauta
1139 3023 1620 3094 circumspectione
1646 3041 1775 3081 con-

179 3114 448 3171 siderant.
479 3114 687 3170 Deinde
716 3114 771 3169 in
800 3124 1044 3187 cryptam
1071 3114 1313 3188 ejusdem
1340 3116 1575 3172 basilicae
1600 3118 1774 3174 conti-

178 3220 373 3280 guam,
396 3205 451 3260 in
478 3220 585 3275 qua
609 3205 889 3261 beatorum
917 3204 1120 3262 Christi
1146 3215 1445 3278 martyrum
1477 3206 1773 3266 Marcellini

176 3306 243 3355 et
269 3297 419 3353 Petri
445 3312 670 3369 corpora
701 3304 857 3352 erant
886 3296 1147 3360 tumulata
1166 3339 1180 3365 ,
1213 3298 1577 3365 descendunt;
1610 3308 1772 3371 atque

174 3386 469 3458 explorata
506 3387 668 3442 etiam
708 3385 855 3442 illius
891 3387 1228 3443 monumenti
1268 3388 1560 3458 qualitate,
1600 3387 1773 3446 disce-

176 3480 343 3546 dunt,
379 3481 712 3536 aestimantes
749 3481 854 3535 hoc
884 3477 1085 3534 factum
1125 3479 1391 3553 hOSpitem
1429 3497 1584 3536 suum
1611 3498 1772 3553 posse

172 3572 372 3630 latere.
402 3572 510 3630 Sed
545 3574 705 3629 aliter
734 3574 944 3639 evenit,
974 3589 1137 3645 quam
1167 3572 1416 3629 arbitrati
1447 3583 1590 3630 sunt.
1632 3574 1768 3631 Nam

173 3665 307 3723 licet
335 3667 437 3738 ipsi
467 3668 741 3722 nescirent
767 3668 965 3738 quibus
991 3666 1224 3733 indiciis,
1258 3666 1367 3723 cito
1395 3675 1574 3722 tamen
1610 3669 1675 3724 ad
1707 3668 1773 3723 il-

173 3758 291 3815 lum
320 3759 482 3831 hujus
511 3760 639 3816 facti
664 3760 854 3815 notitia
885 3760 1133 3832 pervenit
1164 3778 1176 3813 :
1208 3760 1524 3832 veritusque
1554 3777 1622 3816 ne
1651 3762 1770 3819 sine

170 3849 272 3908 illo
298 3850 560 3906 voluntati
586 3866 695 3906 suae
720 3848 1037 3907 satisfacere
1066 3851 1394 3916 debuissent,
1426 3853 1615 3907 statuit
1639 3868 1770 3908 con-

169 3943 304 4001 silio
334 3940 491 4016 [Δίκη
522 3941 832 4017 consilium]
873 3958 1059 3999 eorum
1100 3942 1404 4000 festinando
1444 3946 1762 4016 praevenire.

170 4031 248 4090 Et
290 4034 415 4103 quia
454 4030 545 4088 ille
591 4032 905 4088 eorumdem
951 4030 1193 4087 iocorum
1254 4031 1552 4103 plenariam
1603 4041 1765 4104 atque

165 4124 537 4183 ontnimodam
568 4126 815 4180 notitiam
842 4124 1095 4189 habebat,
1123 4122 1319 4179 blande
1368 4124 1489 4181 illos
1531 4125 1764 4196 alloqui-

166 4228 286 4287 tur,
316 4216 673 4291 hortaturque
706 4226 769 4273 ut
796 4218 922 4273 illuc
959 4216 1120 4274 simul
1141 4218 1394 4285 veniant;
1442 4227 1497 4274 et
1539 4220 1583 4275 si
1614 4218 1757 4275 Deus

166 4309 317 4366 votis
344 4325 534 4366 eorum
557 4308 740 4365 favere
768 4308 1099 4379 dignaretur,
1123 4309 1399 4364 communi
1429 4308 1657 4366 consilio
1680 4309 1761 4365 fa-

166 4411 362 4458 cerent
389 4401 650 4473 quidquid
675 4400 754 4457 eis
782 4399 1055 4456 videretur
1078 4398 1404 4456 faciendum.

244 4516 303 4573 8.
337 4514 561 4573 Assensi
591 4522 719 4571 sunt
744 4512 861 4583 eius
888 4512 1182 4578 voluntati,
1222 4520 1542 4583 tempusque
1572 4511 1628 4569 id
1661 4527 1755 4586 ag-

1886 2019 2067 2074 vebat.
2101 2018 2262 2087 Nam,
2294 2029 2358 2075 ut
2386 2022 2519 2077 mihi
2563 2032 2752 2093 postea
2806 2027 3016 2094 retulit,
3072 2022 3358 2087 videbatur
3399 2032 3478 2092 illi

1886 2127 2230 2184 nequaquam
2262 2113 2363 2170 sibi
2389 2114 2554 2171 licere
2584 2131 2709 2172 cum
2736 2118 2850 2174 solo
2867 2118 3014 2176 beati
3036 2120 3334 2179 Marcellini
3357 2139 3479 2181 cor-

1885 2220 2019 2275 pore
2046 2205 2099 2260 in
2124 2206 2358 2277 patriam
2390 2207 2637 2278 regredi;
2675 2209 2834 2279 quasi
2860 2210 3016 2267 nefas
3060 2222 3226 2281 esset,
3258 2220 3320 2270 ut
3355 2230 3475 2273 cor-

1884 2290 1987 2369 pus
2014 2297 2159 2354 beati
2190 2299 2334 2355 Petri
2366 2301 2641 2373 martyris,
2668 2302 2761 2372 qui
2805 2303 2857 2358 ei
2907 2304 3088 2362 socius
3126 2293 3203 2362 in'
3222 2309 3474 2379 passione

1884 2391 2082 2460 fuerat,
2113 2400 2170 2448 et
2205 2408 2305 2462 per
2350 2395 2672 2466 quingentos
2715 2403 2771 2451 et
2823 2411 2889 2452 eo
2928 2398 3162 2470 amplius
3197 2416 3370 2458 annos
3413 2401 3471 2457 in

1883 2483 2074 2538 eodem
2104 2482 2352 2554 sepulcro
2380 2500 2487 2538 una
2527 2500 2651 2540 cum
2692 2484 2785 2541 illo
2830 2488 3194 2558 requieverat,
3226 2489 3318 2546 illo
3346 2491 3472 2547 inde

1883 2580 2219 2640 transeunte,
2266 2574 2340 2629 ibi
2371 2584 2697 2632 remaneret.
2755 2575 2932 2648 Atque
2984 2581 3088 2635 hac
3140 2583 3471 2655 cogitatione

1880 2673 2063 2721 mente
2084 2674 2366 2736 concepta,
2395 2674 2543 2722 tanta
2586 2667 2753 2723 animi
2792 2669 2877 2724 sui
2908 2673 3272 2742 parturitione
3307 2674 3469 2731 simul

1880 2776 1945 2816 ac
1984 2761 2391 2832 perturbatione
2429 2761 2733 2829 laborabat,
2782 2772 2846 2818 ut
2884 2780 2985 2821 nec
3040 2766 3222 2822 cibum
3249 2783 3468 2839 capere,

1879 2867 1981 2908 nec
2011 2867 2204 2907 somno
2225 2853 2573 2924 acquiescere
2602 2852 2757 2910 dulce
2780 2857 2883 2912 sibi
2915 2857 3192 2913 videretur
3212 2859 3468 2929 atqueju-

1878 2942 2132 3007 cundum,
2157 2942 2265 2997 nisi
2286 2951 2589 3014 martyrum
2613 2959 2865 3017 corpora,
2894 2947 3037 3003 sicut
3054 2946 3108 3003 in
3122 2949 3377 3019 passione
3402 2965 3468 3007 ac

1876 3042 2227 3090 monumento
2279 3035 2567 3108 conjuncta
2617 3035 2859 3107 fuerant,
2903 3040 2982 3096 sic
3028 3040 3194 3096 etiam
3241 3056 3467 3114 peregre

1875 3126 2184 3199 profectura
2209 3124 2588 3198 iungerentur.
2638 3127 2746 3187 Sed
2797 3130 2864 3187 de
2920 3132 3026 3188 hoc
3068 3133 3303 3203 qualiter
3348 3134 3465 3191 fieri

1875 3230 2080 3294 posset,
2112 3222 2461 3276 vehementer
2507 3221 2816 3292 ambigebat
2861 3238 2876 3276 :
2923 3232 3151 3279 noverat
3184 3223 3328 3280 enim
3370 3237 3464 3281 ne-
3514 3262 3529 3273 κ

1878 3314 2084 3369 minem
2126 3329 2156 3368 a
2184 3329 2243 3369 se
2278 3312 2586 3369 Romanum
2612 3313 2847 3371 inveniri
2887 3331 3067 3387 posse,
3100 3315 3195 3387 qui
3238 3316 3343 3372 sibi
3397 3318 3466 3375 ad

1874 3406 1981 3462 hoc
1998 3405 2169 3462 ullum
2206 3406 2376 3463 ferret
2432 3406 2717 3474 auxilium,
2762 3408 2859 3463 sed
2910 3423 2980 3464 ne
3027 3409 3189 3465 talem
3219 3408 3463 3480 quidem,

1874 3502 1961 3557 cui
1988 3502 2106 3557 haec
2129 3501 2298 3557 animi
2324 3500 2406 3557 sui
2432 3508 2645 3557 secreta
2676 3502 2903 3558 auderet
2927 3503 3238 3559 ostendere.
3271 3501 3329 3558 in
3357 3502 3463 3561 hac

1872 3595 2052 3650 cordis
2077 3595 2351 3651 anxietate
2375 3595 2729 3663 constitutus,
2755 3597 2959 3667 reperit
3009 3597 3298 3667 quemdam
3346 3611 3464 3653 mo-

1870 3688 2105 3743 nachum
2154 3688 2537 3761 peregrinum,
2591 3689 2810 3745 nomine
2864 3689 3158 3755 Basilium,
3202 3690 3295 3761 qui
3335 3697 3465 3746 ante

1867 3778 2149 3834 biennium
2221 3779 2288 3834 de
2351 3777 2823 3850 Constantinopoli
2896 3779 3127 3835 Romam
3190 3790 3459 3849 venerat,

1870 3878 2036 3941 atque
2063 3869 2138 3925 ibi
2170 3869 2224 3924 in
2254 3878 2441 3925 monte
2461 3868 2708 3927 Palatino
2737 3869 2880 3940 apud
2909 3869 3046 3926 alios
3090 3869 3329 3936 Graecos,
3359 3871 3453 3941 qui

1868 3960 2111 4031 ejusdem
2134 3958 2491 4029 professionis
2527 3968 2706 4026 erant,
2732 3976 2857 4015 cum
2887 3969 3122 4031 quatuor
3170 3961 3455 4033 discipulis

1868 4049 1983 4107 suis
2008 4050 2301 4120 hospitium
2330 4050 2583 4106 habebat.
2630 4049 2788 4106 Hunc
2807 4052 2961 4118 adiit,
3015 4060 3178 4123 atque
3203 4053 3254 4109 ei
3284 4069 3448 4125 quam

1833 4114 1839 4127 ί
1867 4114 2175 4213 patiebatur
2197 4142 2619 4198 sollicitudinem
2644 4143 2879 4214 aperuit.
2912 4114 3049 4199 Tum
3081 4114 3324 4202 consiliis
3336 4144 3455 4216 ejus

1866 4234 2162 4299 animatus,
2195 4242 2252 4289 et
2276 4230 2620 4290 orationibus
2667 4231 2863 4299 fretus,
2892 4242 3099 4291 tantam
3137 4238 3350 4308 accepit
3396 4238 3452 4292 in

1865 4325 2031 4381 corde
2062 4341 2160 4381 suo
2208 4326 2595 4393 constantiam,
2623 4332 2685 4381 ut
2712 4332 2980 4384 statueret
3019 4343 3158 4393 rem,
3205 4328 3454 4399 quamvis

1863 4433 1989 4473 cum
2015 4417 2256 4488 periculo
2281 4418 2477 4488 capitis
2500 4419 2602 4482 sui,
2644 4418 2929 4475 celerrime
2977 4418 3236 4492 experiri.
3276 4420 3451 4477 Voca-

1863 4521 2032 4584 toque
2061 4513 2129 4568 ad
2165 4527 2222 4568 se
2244 4513 2443 4568 comite
2482 4529 2601 4579 suo,
2624 4513 2864 4570 Hildoini
2887 4514 3224 4586 presbytero,
3277 4514 3447 4585 coepit

164 4609 455 4686 grediendi
491 4609 609 4680 pari
640 4622 906 4664 consensu
941 4605 1297 4662 constituunt.
1346 4605 1499 4662 Tunc
1537 4615 1759 4679 peracto
1783 4625 1838 4690 Ι)
1864 4620 1988 4660 cum
2017 4620 2083 4660 eo
2105 4613 2340 4660 tractare
2370 4614 2429 4660 ut
2452 4606 2647 4661 iterum
2670 4607 2739 4663 ad
2759 4607 3043 4663 basilicam
3071 4606 3219 4662 beati
3248 4606 3446 4662 Tibur-

157 4700 375 4776 jejunio
403 4701 673 4765 triduano,
702 4706 865 4755 noctu
893 4695 961 4752 ad
987 4696 1185 4762 locum,
1214 4697 1360 4752 nullo
1390 4690 1757 4754 Romanorum

164 4795 372 4853 civium
405 4793 690 4858 sentiente,
722 4789 1075 4863 perveniunt;
1114 4788 1452 4861 ingressique
1477 4790 1758 4847 basilicam

164 4886 229 4942 S.
260 4882 520 4951 Tiburtii,
547 4885 724 4955 primo
751 4883 924 4938 altare
952 4881 1101 4945 illud,
1135 4884 1236 4937 sub
1263 4898 1372 4952 quo
1397 4899 1612 4939 sacrum
1638 4886 1760 4957 ejus

161 4994 370 5051 corpus
411 4977 573 5034 situm
604 4976 948 5040 credebatur,
989 4975 1202 5044 aperire
1237 4981 1600 5032 tentaverunt.
1649 4975 1758 5033 Sed

159 5087 363 5145 parum
400 5069 667 5126 successit
700 5082 891 5123 eorum
926 5065 1191 5122 voluntati
1220 5064 1430 5122 molitio
1458 5067 1640 5138 operis
1673 5067 1758 5122 in-

159 5163 352 5222 choati
383 5181 397 5217 :
423 5176 550 5217 nam
579 5166 1008 5224 monumentum,
1039 5159 1333 5214 durissimo
1360 5174 1631 5215 marmore
1659 5175 1756 5215 ex-

156 5263 433 5321 tructum,
455 5254 692 5310 inermes
713 5251 767 5308 id
789 5251 1000 5323 aperire
1043 5252 1353 5308 conantium
1373 5268 1568 5308 manus
1596 5252 1754 5309 facile

156 5348 485 5421 repellebat.
530 5345 720 5419 igitur,
759 5343 962 5399 omisso
997 5343 1139 5398 illius
1184 5344 1440 5416 martyris
1481 5343 1751 5415 sepulcro,

152 5444 232 5501 ad
248 5441 499 5498 tumbam
518 5428 798 5496 beatorum
820 5436 1118 5493 Marcellini
1143 5445 1199 5493 et
1218 5438 1362 5493 Petri
1385 5437 1749 5507 descendunt;

150 5543 329 5607 atque
367 5532 477 5600 ibi,
516 5532 769 5588 invocato
795 5528 1025 5586 Domino
1052 5538 1240 5586 nostro
1270 5528 1400 5585 Jesu
1434 5528 1669 5597 Christo,
1699 5538 1755 5587 et

151 5628 412 5687 adoratis
441 5623 646 5683 sanctis
669 5620 1018 5695 martyribus,
1045 5622 1440 5698 iapidcmhquo
1468 5623 1753 5681 summitas

151 5719 401 5791 sepulcri
445 5717 749 5788 tegebatur,
796 5716 862 5771 de
902 5714 1022 5772 loco
1065 5729 1166 5771 suo
1210 5714 1390 5772 levare
1433 5715 1749 5771 moliuntur.

150 5811 282 5881 Quo
312 5808 544 5873 sublato,
575 5807 763 5863 vident
787 5804 1217 5862 sacratissimum
1256 5805 1429 5861 sancti
1458 5805 1753 5862 Marcellini

1862 4694 1945 4760 tii,
1971 4694 2113 4751 sicut
2129 4695 2280 4766 prius
2304 4694 2568 4763 fecerant,
2609 4696 2857 4753 clanculo
2883 4705 3191 4768 pergerent,
3225 4712 3290 4752 ac
3304 4705 3448 4752 tum-

1860 4786 2010 4854 bam,
2034 4804 2140 4860 qua
2171 4787 2423 4861 Martyris
2472 4805 2669 4862 corpus
2711 4789 3054 4849 reconditum
3101 4788 3443 4858 credebatur,

1861 4880 2073 4949 aperire
2103 4881 2280 4936 denuo
2304 4881 2646 4938 molirentur.
3500 4946 3505 4951 ,

1934 4969 2023 5026 i0.
2052 4969 2266 5027 Placuit
2288 4973 2611 5037 consilium;
2643 4970 3069 5044 assumptisque,
3092 4987 3228 5045 quos
3256 4988 3442 5032 secum

1861 5065 2225 5132 adduxerant,
2250 5065 2457 5138 pueris,
2487 5064 2701 5137 hospite
2738 5080 2927 5121 eorum
2952 5066 3170 5136 penitus
3192 5067 3445 5139 ignoran-

1861 5166 1919 5214 te
1946 5173 2054 5227 quo
2078 5159 2245 5226 irent,
2276 5158 2415 5214 clam
2449 5167 2612 5214 noctu
2641 5156 2871 5228 profecti
2896 5167 3041 5215 sunt.
3084 5158 3327 5231 Cumque
3373 5162 3443 5217 ad

1859 5247 2039 5303 locum
2062 5257 2283 5304 ventum
2307 5257 2474 5314 esset,
2499 5248 2642 5304 votis
2666 5263 2765 5319 pro
2807 5264 2867 5305 re
2913 5252 3285 5321 prosperanda
3316 5260 3443 5307 ante

1858 5338 2228 5408 aedisianuam
2285 5339 2468 5406 factis,
2500 5340 2910 5410 ingrediuntur;
2958 5340 3252 5412 divisisque
3277 5342 3441 5399 sociis

1858 5429 2004 5486 inter
2027 5446 2107 5496 se,
2130 5432 2417 5502 presbyter
2436 5431 2506 5487 ad
2533 5446 2731 5501 corpus
2757 5432 2902 5489 beati
2924 5431 3154 5489 Tiburtii
3187 5449 3436 5504 quaeren-
3498 5471 3515 5485 α

1856 5522 1983 5578 dum
2011 5523 2067 5578 in
2098 5523 2268 5593 ipsius
2294 5522 2520 5579 basilica
2547 5537 2671 5579 cum
2698 5523 2969 5595 aliquibus
2994 5526 3287 5592 remansit;
3307 5525 3440 5580 Rat-

1855 5615 2026 5671 ieicus
2054 5626 2177 5671 cum
2210 5615 2434 5687 reliquis
2475 5616 2530 5671 in
2560 5614 2926 5674 adhmmntem
2980 5617 3153 5674 eidem
3193 5618 3435 5678 ecclesia

1854 5717 2123 5780 cryptam,
2158 5707 2226 5763 ad
2255 5708 2401 5763 beati
2430 5706 2578 5765 Petri
2602 5724 2800 5780 corpus
2818 5709 3053 5767 accessit
3088 5727 3102 5765 :
3135 5718 3432 5781 apertoque

1850 5804 1972 5861 sine
1994 5801 2101 5858 ulla
2130 5801 2442 5860 difﬁcultate
2478 5805 2747 5875 sepulcro,
2776 5819 2933 5862 sacra
2961 5806 3134 5862 sancti
3171 5804 3431 5879 martyris

148 5918 383 5976 corpus,
431 5902 487 5957 in
529 5899 896 5971 superioribus
938 5896 1180 5968 ejusdem
1224 5896 1458 5969 sepulcri
1506 5898 1758 5970 partione
1845 5897 2121 5967 membra,
2149 5895 2295 5953 nullo
2319 5896 2666 5968 prohibente,
2695 5895 2934 5963 sustulit,
2973 5904 3029 5953 et
3047 5897 3221 5953 serico
3256 5894 3427 5981 pulvi-
