3960 6346
470 353 577 411 545

1744 351 2122 417 EGINHARDI
2157 352 2449 412 ABBATIS

3627 358 3740 419 544

471 485 562 536 no,
599 485 759 541 quem
783 470 851 526 ad
871 470 974 527 hoc
993 479 1299 543 paraverat,
1321 480 1537 547 recepta
1568 473 1850 544 diligenter
1879 469 2050 525 inclu—
2075 469 2128 529 Λ
2152 470 2400 540 superius
2425 469 2652 527 fecimus
2673 472 3026 539 mentionem,
3048 487 3261 530 necnon
3280 479 3337 530 et
3357 474 3743 547 presbyterum

469 563 563 619 sit.
608 561 819 619 Interea
877 566 1182 637 presbyter,
1218 566 1308 637 qui
1355 582 1554 637 corpus
1607 566 1754 621 beati
1817 560 2051 618 Tiburtii

473 657 764 728 quaerebat,
781 672 976 728 magno
992 657 1178 713 labore
1192 657 1393 713 frustra
1412 666 1746 728 consumpto,
1763 664 2051 727 postquam

470 762 531 805 se
558 747 693 803 vidit
722 749 857 804 nihil
877 766 1036 820 posse
1054 751 1338 821 proﬁcere,
1363 751 1555 807 relicto
1582 765 1766 821 opere,
1800 750 1856 803 in
1888 763 2050 819 cryp-

475 851 585 899 tam
611 845 678 900 ad
703 845 1005 901 Ratleicum
1035 846 1334 912 descendit,
1362 854 1418 901 et
1443 845 1573 916 quid
1600 844 1701 899 sibi
1743 841 2052 898 faciendum

474 943 638 1001 esset,
675 935 744 990 ab
772 951 839 992 eo
866 952 1109 1007 quaerere
1159 937 1343 1008 coepit.
1376 935 1474 992 Cui
1502 952 1624 991 cum
1652 935 1741 989 ille
1795 931 2052 988 arbitrari

473 1041 533 1081 se
584 1026 787 1081 diceret
848 1027 992 1097 quod
1043 1028 1215 1083 sancti
1265 1026 1501 1083 Tiburtii
1570 1024 1812 1095 reliquit!)
1869 1028 2054 1076 essent

472 1118 725 1183 inventae,
754 1118 913 1189 eique
939 1119 992 1174 id
1014 1119 1078 1173 de
1109 1118 1441 1190 quo'dieebat
1470 1116 1871 1193 ostenderet—
1898 1128 2048 1180 nam,

470 1207 634 1280 paulo
660 1217 785 1264 ante
809 1224 971 1279 quam
993 1210 1134 1289 idem
1168 1209 1453 1282 presbyter
1470 1209 1538 1264 ad
1569 1223 1692 1263 eum
1716 1207 1772 1261 in
1807 1213 2052 1278 cryptam

469 1300 732 1367 venisset,
763 1302 965 1372 reperit
998 1302 1053 1357 in
1083 1303 1272 1357 eodem
1292 1302 1558 1372 sepulcro,
1602 1303 1657 1356 in
1684 1315 1791 1371 quo
1837 1306 2053 1355 sancto-

469 1404 593 1443 rum
640 1389 932 1446 Marcellini
975 1401 1030 1448 et
1072 1392 1220 1448 Petri
1268 1408 1424 1449 sacra
1469 1407 1696 1463 corpora
1739 1392 2051 1463 jacuerunt,

471 1478 719 1536 foramen
746 1482 1014 1552 quoddam
1053 1484 1271 1539 rotundi
1307 1483 1621 1550 schematis,
1672 1484 1838 1538 trium
1881 1482 2053 1538 ferme

469 1572 669 1643 pedum
696 1574 1028 1647 longitudine
1053 1578 1323 1634 introrsus
1354 1585 1696 1643 excavatum,
1724 1576 1900 1648 pedali
1932 1591 2049 1632 am-

469 1663 730 1734 plitudine
750 1676 963 1737 patens,
988 1677 1044 1724 et
1069 1670 1124 1724 in
1152 1685 1217 1725 eo
1246 1670 1437 1724 minuti
1471 1669 1707 1740 pulveris
1730 1684 1837 1723 non
1872 1667 2049 1723 modi-

2157 560 2411 629 Hildoini,
2428 564 2520 635 qui
2546 577 2997 638 secumgvenerat,
3025 563 3245 636 Papiam
3268 582 3440 637 usque
3460 568 3744 636 deportari

2156 652 2301 709 fecit.
2330 654 2449 725 Ipse
2485 671 2609 711 eum
2637 657 2828 712 eodem
2874 656 3088 729 hospite
3130 672 3228 713 suo
3255 657 3445 713 Romae
3473 657 3741 726 substitit,

2154 745 2439 814 opperiens
2483 754 2649 818 atque
2690 748 3003 804 auscultans
3045 764 3144 821 per
3195 751 3485 805 continuos
3532 759 3745 820 septem

2155 837 2288 903 dies,
2315 838 2360 893 si
2383 839 2450 894 de
2477 838 2706 895 sublatis
2741 849 3055 896 sanctorum
3085 842 3405 911 corporibus
3429 840 3645 912 aliquid
3679 841 3747 897 ad

2154 931 2400 987 notitiam
2428 932 2627 988 civium
2672 931 3027 1003 pervenisset.
3075 932 3318 1004 Cumque
3356 933 3595 989 vidisset
3633 932 3748 987 nul-

2152 1025 2261 1081 lam
2298 1041 2328 1080 a
2366 1024 2608 1097 quolibet
2633 1034 2895 1082 extraneo
2919 1026 2986 1083 de
3013 1028 3117 1083 hoc
3158 1026 3298 1083 facto
3345 1027 3469 1084 ﬁeri
3504 1028 3743 1083 mentio—

2153 1132 2308 1182 nem,
2349 1115 2517 1172 laterc
2569 1116 2702 1172 illud
2735 1117 3075 1185 existimans,
3119 1125 3244 1188 post
3277 1132 3392 1183 eos,
3425 1133 3570 1188 quos
3610 1130 3748 1187 prat-

2153 1208 2397 1275 miserat,
2436 1215 2649 1280 sumpto
2678 1224 2864 1265 secum
2904 1208 3118 1279 hOSpite
3145 1224 3276 1275 suo,
3320 1206 3613 1280 profectus
3642 1215 3744 1266 est.

2154 1298 2300 1367 Quos
2345 1315 2469 1355 cum
2523 1300 2738 1367 Ticini,
2784 1299 2927 1370 apud
2973 1299 3251 1356 basilicam
3305 1300 3455 1356 beati
3513 1298 3749 1359 Joannis

2152 1388 2426 1460 Baptista),
2450 1406 2570 1460 qua:
2594 1391 2754 1463 vulgo
2783 1402 2810 1433 α
2834 1389 3130 1445 Domnanae
3154 1398 3399 1456 vocatur,
3427 1406 3495 1446 ac
3514 1398 3660 1446 tunc
3684 1407 3747 1448 ex

2151 1480 2415 1536 beneﬁcio
2461 1496 2649 1553 regum
2706 1482 2774 1537 ad
2828 1496 3008 1538 meam
3057 1482 3320 1554 pertinuit
3369 1491 3746 1552 potestatem,

2153 1571 2440 1627 adventum
2482 1588 2670 1627 eorum
2706 1571 3084 1644 praestolantes
3128 1573 3461 1628 invenissent
3482 1615 3497 1639 ,
3530 1580 3746 1629 statue-

2154 1673 2281 1720 runt
2309 1666 2474 1721 etiam
2520 1673 2663 1721 utet
2700 1665 2803 1735 ipsi
2840 1665 3051 1736 aliquot
3101 1665 3292 1721 diebus
3329 1665 3403 1720 ibi
3458 1680 3750 1720 moraren-

469 1769 590 1810 cam
610 1758 914 1825 portionem
964 1760 1255 1831 repositam
1302 1761 1609 1826 -—,visum
1649 1767 1735 1815 est
1786 1758 2050 1813 ambobus
2077 1828 2109 1831 ᾏ
2154 1764 2275 1823 tur,
2306 1764 2362 1812 et
2404 1765 2628 1829 prOpter
2667 1755 3067 1826 jumentorum,
3120 1757 3177 1811 in
3225 1756 3420 1826 quibus
3454 1767 3748 1824 venerant,

470 1847 612 1914 quod
634 1846 722 1902 hic
761 1848 936 1918 pulvis
961 1828 1042 1903 de—
1070 1865 1297 1922 corpore
1349 1851 1494 1906 beati
1543 1849 1796 1916 Tiburtii,
1836 1849 2049 1905 ossibus
2077 1828 2126 1890 Β
2153 1828 2527 1915 refectionem,
2556 1856 2613 1903 et
2640 1855 2866 1920 propter
2911 1848 3118 1937 seipsos
3149 1848 3219 1906 ad
3257 1848 3561 1922 longiorem
3606 1851 3750 1907 viam

468 1936 595 1994 inde
615 1940 863 2007 sublatis,
886 1958 1170 2000 remanere
1191 1946 1456 2016 potuisset
1482 1963 1494 1998 :
1519 1951 1574 2000 et
1602 1946 1671 2001 ob
1701 1944 1822 2011 hoc,
1857 1952 1919 1999 ut
1948 1943 2051 1999 dif-

469 2028 664 2087 ficilius
701 2033 1056 2102 inveniretur,
1086 2038 1263 2093 medio
1284 2037 1402 2094 loco
1420 2039 1563 2094 inter
1583 2039 1773 2096 beatos
1826 2037 2051 2094 Marcel-

466 2120 639 2177 linum
669 2132 724 2179 et
743 2124 986 2192 Petrum,
1006 2128 1059 2182 in
1079 2130 1266 2185 eadem
1296 2129 1502 2196 tumba,
1526 2129 1724 2185 fuisset
1744 2130 2048 2201 repositus:

468 2218 831 2288 convenitque
861 2219 1005 2275 inter
1023 2236 1117 2277 eos
1162 2231 1224 2277 ut
1276 2240 1401 2279 eum
1458 2224 1743 2296 presbyter
1787 2232 2049 2291 sumeret,

468 2312 523 2360 et
558 2323 658 2377 pro
680 2310 923 2380 reliquiis
944 2313 1086 2368 beati
1120 2314 1353 2370 Tiburtii
1385 2332 1570 2373 secum
1611 2315 1868 2372 deferret.

540 2399 627 2453 ll.
659 2398 756 2456 His
789 2402 864 2458 ita
896 2407 1183 2463 transactis
1197 2420 1361 2479 atque
1382 2409 1676 2480 dispositis,
1707 2425 1831 2466 cum
1863 2411 2047 2478 rebus,

467 2508 602 2563 quas
634 2507 975 2567 repererunt,
1012 2501 1080 2556 ad
1104 2503 1342 2574 hospitia
1379 2519 1476 2559 sua
1509 2504 1711 2559 reversi
1742 2511 1888 2559 sunt.
1920 2504 2051 2560 Post

464 2585 582 2641 haec
611 2587 902 2658 Ratleicus,
933 2609 1055 2648 cum
1102 2595 1314 2667 hospite
1366 2611 1465 2652 suo
1520 2596 1752 2665 locutus,
1812 2604 1969 2670 rogat
1990 2605 2052 2652 ut

466 2679 567 2735 sibi
599 2696 786 2739 sacros
809 2685 954 2741 beati
989 2687 1287 2746 Marcellini
1314 2692 1547 2757 cineres,
1573 2708 1709 2763 quos
1735 2693 1785 2749 ei
1842 2694 1910 2749 ad
1936 2709 2051 2750 ser-

464 2772 703 2827 vandum
728 2778 1225 2846 commendaverat,
1251 2782 1461 2844 reddat,
1517 2797 1684 2852 seque
1712 2784 1768 2838 in
1816 2785 2051 2854 patriam

468 2862 647 2917 redire
676 2864 948 2921 volentem
976 2868 1124 2923 nulla
1150 2886 1258 2926 non
1286 2873 1594 2927 necessaria
1628 2873 1886 2931 dilatione
1916 2876 2052 2932 deti-

467 2960 613 3007 neat.
647 2954 745 3009 Cui
770 2955 859 3011 ille
888 2974 996 3014 non
1024 2962 1198 3016 solum
1223 2965 1367 3034 quod
1410 2967 1689 3037 repetebat
1737 2968 1855 3024 sine
1898 2985 2050 3025 mora

470 3045 724 3111 restituit,
752 3063 941 3104 verum
974 3050 1140 3107 etiam
1196 3054 1264 3109 de
1312 3064 1621 3113 sanctorum
1674 3058 1938 3130 reliquiis,
1992 3061 2049 3117 in

466 3152 572 3193 una
603 3140 836 3210 ligatura
867 3143 1125 3211 collectis,
1154 3146 1296 3203 haud
1328 3163 1555 3218 parvam
1581 3152 1884 3221 portionem
1912 3153 2047 3209 mihi

465 3229 807 3289 deferendam
826 3236 1019 3291 obtulit
1049 3256 1062 3292 :
1090 3246 1145 3294 et
1171 3240 1465 3309 requisitus
1496 3243 1562 3298 de
1584 3245 1893 3302 nominibus
1950 3263 2045 3303 co-

465 3334 605 3387 rum,
640 3324 771 3378 mihi
808 3341 868 3380 se
895 3326 984 3381 illa
1004 3328 1296 3396 dicturum,
1323 3332 1538 3401 quando
1567 3335 1636 3389 ad
1658 3351 1745 3390 me
1789 3337 2046 3405 venisset,

463 3416 756 3485 respondit.
787 3416 993 3473 Monuit
1021 3428 1197 3477 tamen
1225 3431 1288 3478 ut
1309 3425 1498 3480 eadem
1522 3428 1896 3495 veneratione,
1942 3445 2051 3501 qua

464 3514 679 3562 caeteras
719 3517 1029 3567 sanctorum
1079 3522 1384 3587 martyrum
1430 3517 1675 3587 reliquiae
1720 3519 2046 3586 colerentur,

461 3611 530 3687 eo
558 3598 701 3669 quod
728 3616 833 3655 non
851 3603 1073 3660 minoris
1098 3608 1240 3677 apud
1266 3608 1437 3663 Deum
1454 3621 1639 3664 essent
1664 3611 1867 3677 meriti,
1884 3627 2048 3683 quam

461 3689 606 3744 beati
633 3690 976 3753 Marcellinus
996 3707 1052 3753 et
1075 3699 1270 3756 Petrus
1303 3720 1315 3755 :
1342 3711 1397 3757 et
1432 3703 1537 3758 hoc
1567 3719 1653 3758 me
1702 3720 1821 3761 esse
1875 3707 2050 3764 credi-

463 3790 666 3851 turum,
698 3802 822 3843 cum
848 3792 1081 3860 primum
1112 3793 1179 3849 ad
1208 3810 1296 3851 me
1337 3797 1617 3853 nominum
1658 3798 1872 3856 illorum
1907 3804 2049 3858 noti-

464 3876 534 3931 tia
560 3880 916 3947 pervenisset.
948 3882 1197 3956 Suscepit
1238 3886 1327 3943 ille
1354 3903 1551 3944 munus
1601 3890 1862 3957 oblatum,
1885 3900 2047 3963 atque

463 3968 538 4034 id,
565 3980 624 4025 ut
653 3972 756 4028 sibi
781 3988 1099 4046 persuasum
1126 3986 1262 4046 erat,
1290 3994 1599 4040 sanetorum
1616 3983 1913 4057 Martyrum
1925 4002 2048 4043 cor-

461 4061 683 4130 poribus
706 4064 952 4121 sociavit.

1126 4163 1351 4221 CAPUT
1388 4166 1453 4221 ll.

463 4262 647 4348 Salone
698 4268 929 4348 reliquiae
967 4291 1060 4344 per
1090 4276 1296 4348 diversa
1343 4278 1459 4333 loca
1505 4278 1694 4336 delata;
1746 4283 1802 4337 in
1849 4283 2043 4341 Miclti-

531 4335 878 4425 lilzstadtl'et
932 4335 1268 4425 p'ost__va_rias
1313 4349 1532 4405 visiones
1586 4335 2041 4425 inﬂMttliI—zite—irn,

529 4418 710 4478 postea
747 4412 1098 4483 Seligeitstadt
1128 4416 1345 4472 dictam.

2148 1942 2548 2014 przeparandos.

2222 2036 2309 2091 l5.
2338 2035 2398 2090 In
2428 2036 2533 2092 hoc
2562 2050 2840 2091 morarum
2888 2051 3112 2093 suarum
3159 2036 3389 2093 articulo
3427 2037 3583 2091 fama
3618 2036 3754 2092 exiit

2151 2129 2358 2202 legatos
2383 2138 2586 2186 sanctae
2615 2129 2873 2186 Romanae
2901 2130 3159 2188 Ecclesiae
3190 2148 3222 2188 a
3254 2131 3507 2202 pontifice
3529 2132 3617 2186 ad
3650 2132 3751 2186 im-

2150 2231 2457 2295 peratorem
2482 2223 2511 2263 δ
2532 2223 2790 2288 directos,
2807 2223 2899 2280 illo
2919 2223 3071 2279 brevi
3098 2239 3221 2280 esse
3246 2232 3519 2279 venturos.
3549 2221 3752 2293 Itaque

2151 2316 2311 2372 veriti
2331 2317 2396 2372 de
2417 2314 2653 2372 adventu
2676 2315 2889 2372 illorum
2917 2316 3123 2387 aliquid
3144 2315 3247 2372 sibi
3269 2316 3639 2381 incommodi,
3672 2313 3753 2370 vel

2152 2407 2316 2462 etiam
2340 2407 2713 2479 impedimenti
2735 2408 2983 2464 accidere
2997 2423 3180 2479 posse,
3197 2408 3242 2463 si
3264 2424 3322 2464 se
3345 2408 3413 2463 ibi
3435 2406 3755 2477 deprehen-

2153 2496 2361 2565 derent,
2394 2497 2754 2555 decreverunt
2778 2507 2838 2554 ut
2880 2500 3101 2571 quidam
3126 2514 3194 2555 ex
3228 2499 3306 2555 eis
3336 2499 3623 2564 abeundo,
3657 2498 3754 2556 ad-

2153 2599 2372 2647 ventum
2392 2607 2580 2647 eorum
2597 2592 2903 2649 festinando
2926 2593 3288 2664 praevenirent
3318 2591 3467 2665 [Ms.,
3489 2606 3751 2663 praever-

2154 2684 2387 2758 terent];
2418 2685 2512 2741 alii
2533 2686 2589 2740 in
2614 2685 2735 2741 loco
2753 2693 3189 2753 remanerent,et
3215 2701 3276 2741 re
3299 2686 3364 2741 de
3385 2701 3490 2755 qua
3515 2684 3755 2744 solliciti

2152 2785 2310 2833 erant
2338 2777 2620 2849 diligenter
2648 2778 2997 2850 investigata,
3028 2785 3154 2850 post
3189 2777 3500 2834 eorumdem
3526 2775 3755 2849 legato-

2153 2887 2275 2927 rum
2303 2871 2614 2926 abseessum
2637 2871 2815 2927 socios
2837 2886 2984 2938 suos,
3001 2886 3139 2943 quos
3159 2871 3553 2943 prmmiserant,
3586 2870 3752 2941 sequi

2151 2970 2522 3034 properarent.
2551 2961 2685 3016 Cum
2716 2962 2789 3016 ita
2819 2962 2961 3017 inter
2987 2977 3078 3018 eos
3105 2962 3171 3018 de
3217 2962 3321 3017 hac
3362 2977 3421 3016 re
3459 2962 3755 3017 constitis-

2153 3061 2251 3118 set,
2278 3053 2565 3109 Deusdona
2596 3067 2719 3107 cum
2743 3053 3061 3124 presbytero
3087 3050 3320 3107 Hildoini
3343 3050 3547 3120 legatos
3562 3049 3752 3106 Roma

2151 3146 2430 3201 venientes
2462 3144 2761 3215 praecessit,
2794 3152 2849 3200 et
2897 3143 3195 3215 Augustam
3233 3142 3620 3209 Suessionum,
3660 3143 3753 3199 ubi

2152 3236 2462 3292 Hildoinnm
2488 3251 2609 3292 esse
2655 3236 2894 3300 rebatur,
2935 3242 3137 3305 quanta
3182 3234 3358 3305 potuit
3388 3232 3754 3291 festinatione

2151 3331 2457 3397 contendit;
2487 3329 2765 3386 Ratleicus
2808 3343 2942 3384 vero
2963 3344 3089 3384 cum
3118 3329 3374 3384 thesauro
3394 3368 3408 3394 ,
3457 3344 3637 3398 quem
3671 3344 3751 3385 se-

2150 3440 2274 3482 cum
2316 3423 2576 3489 habebat,
2627 3423 2808 3495 Papiae
2852 3423 3144 3489 remansit,
3189 3431 3505 3494 exspectans
3561 3424 3751 3479 donec

2149 3519 2313 3590 legati
2343 3517 2499 3573 Sedis
2537 3516 2862 3588 Apostolicte
2908 3515 3270 3588 praeterirent,
3302 3524 3391 3581 ut,
3419 3513 3523 3570 illis
3569 3515 3751 3587 Alpes

2150 3611 2525 3684 transgressis,
2555 3611 2699 3666 viam
2726 3627 2882 3667 suam
2927 3610 3171 3666 securius
3201 3623 3422 3679 carpere
3443 3608 3746 3679 potuisset.

2150 3703 2367 3760 Veritus
2393 3704 2576 3775 itaque
2599 3718 2669 3758 ne
2692 3703 2976 3775 presbyter
2999 3700 3257 3767 Hildoini,
3282 3699 3376 3771 qui
3409 3715 3533 3755 cum
3564 3699 3751 3757 Deus-

2149 3798 2287 3853 dona
2328 3804 2705 3869 przecesserat,
2732 3795 2934 3867 quique
2982 3792 3246 3859 omnium,
3279 3807 3400 3862 qua:
3447 3792 3597 3863 apud
3654 3808 3749 3849 eos

2149 3896 2297 3961 gesta
2324 3889 2410 3944 vel
2437 3895 2669 3944 tractata
2698 3886 2935 3953 fuerant,
2952 3885 3251 3957 plcnariam
3277 3892 3438 3954 atque
3465 3885 3746 3955 integram

2149 3984 2398 4041 notitiam
2428 3984 2680 4049 habebat,
2715 3983 2842 4054 quia
2876 3982 3029 4038 vafer
3056 3999 3121 4039 ac
3150 3981 3372 4038 lubrica:
3418 3980 3540 4036 fidei
3586 3984 3747 4040 vide-

2146 4066 2325 4142 batur,
2363 4076 2564 4147 aliquid
2586 4076 2956 4146 impedimenti
2977 4076 3078 4131 sibi
3106 4075 3160 4131 in
3186 4076 3294 4141 via,
3322 4091 3426 4146 qua
3450 4074 3535 4130 ire
3555 4075 3749 4150 dispo—

2148 4167 2313 4223 situm
2333 4166 2590 4233 habebat,
2616 4167 2917 4223 machinari
2939 4166 3235 4234 debuisset,
3268 4166 3443 4222 altera
3465 4165 3571 4221 sibi
3604 4183 3747 4223 eun-

2149 4259 2276 4314 dum
2299 4256 2591 4328 judicavit;
2622 4259 2896 4330 missoque
2924 4260 2993 4314 ad
3018 4275 3106 4315 me
3143 4259 3515 4331 procuratoris
3559 4260 3747 4316 nostri

2144 4353 2346 4410 Ascolti
2392 4348 2563 4424 puero
2594 4370 2717 4410 cum
2747 4354 2944 4410 litteris
2979 4354 3176 4424 quibus
3214 4369 3301 4409 me
3336 4352 3507 4424 etgde
3553 4369 3747 4410 rever-

2147 4448 2300 4505 sione
2326 4464 2443 4513 sua,
2474 4455 2529 4503 et
2566 4447 2635 4503 de
2677 4447 2930 4523 allationc
2961 4447 3225 4514 thesauri,
3273 4460 3434 4516 quem
3467 4445 3745 4504 divinitus

534 4525 617 4582 12.
647 4525 784 4582 Inito
813 4530 1036 4587 consilio
1071 4549 1195 4589 cum
1231 4535 1442 4608 hospite
1473 4555 1591 4605 suo,
1634 4556 1847 4598 sacrum
1885 4545 2036 4603 illum
2062 4553 2117 4613 Β
2141 4541 2356 4612 adjutus
2404 4540 2702 4605 invenerat,
2735 4547 2943 4593 certum
2986 4539 3242 4603 efﬁceret,
3274 4538 3408 4609 ipse,
3438 4547 3742 4609 postquam

461 4632 525 4674 ac
567 4621 974 4678 desiderabilem
1006 4625 1339 4697 thesaurum,
1371 4630 1425 4686 in
1458 4634 1674 4690 scriniis
1697 4638 2038 4696 reconditum

461 4718 622 4783 atque
647 4715 937 4786 signatum,
969 4732 1065 4788 per
1088 4718 1416 4778 Lunisonem
1460 4724 1685 4782 fratrem
1716 4726 1850 4797 ejus,
1883 4732 2038 4803 cujus

530 4857 557 4927 ξι
595 4845 860 4927 lmpress_a
927 4851 1271 4927 Donnarum,
1319 4871 1415 4927 seu
1465 4857 1811 4915 Dominarum
1854 4878 1873 4916 :
1920 4862 2041 4920 dua:

460 4921 604 4970 enim
630 4930 786 4975 erant
804 4921 990 5002 Papirc
1082 4921 1587 5002 Joannis_Baptist:n
1616 4932 1878 4997 ecclesiae,
1907 4948 2037 5002 qua-

460 5002 579 5068 rum
610 5004 714 5042 una
748 5007 775 5072 a
804 4992 1170 5072 Thcodelinda
1219 4992 1427 5072 regina'
1456 4999 1557 5072 fuit
1609 4992 2035 5072 magnificentis-

459 5067 919 5140 simeIneitstrueta
977 5074 1034 5120 et
1058 5067 1260 5140 dotata,
1288 5067 1358 5124 ile
1388 5085 1493 5140 qua
1528 5067 1835 5128 Bernartius
1869 5073 2034 5129 Seac-

458 5144 556 5214 cus
586 5127 1026 5214 Hist.n'l‘icinen.,
1066 5127 1277 5214 lib.__li,
1309 5127 1427 5210 cap'.
1457 5140 1513 5207 5,
1535 5127 1895 5214 eamdemque
1912 5127 2033 5201 Ste-

456 5199 1105 5287 phanusPreventanuns,
1146 5199 1399 5287 lib.'m,._
1417 5199 1536 5281 cap.
1592 5213 1644 5273 2,
1690 5214 1767 5268 ait
1794 5199 1827 5270 ἃ
1855 5199 2032 5287 Βωκάο

457 5276 846 5350 cognominari,
874 5277 1013 5350 quia
1048 5276 1290 5350 fitextra
1318 5276 1552 5350 primum
1608 5300 1887 5340 murorum
1917 5276 2031 5342 alii-

457 5340 662 5406 bitum;
694 5352 792 5426 aut
809 5340 976 5426 etiam
1014 5366 1046 5402 a
1086 5340 1513 5426 P_alut_te.'A_liud
1544 5362 1725 5410 tamen
1754 5340 2030 5413 vetuset);-

455 5426 686 5489 gnomen
721 5413 865 5489 fuit;
927 5435 1053 5474 nam
1118 5420 1318 5477 Paulus
1375 5422 1666 5489 Diaconus',
1718 5427 1785 5481 de
1847 5427 2029 5485 Gestis

456 5481 796 5571 Epngobard:
828 5487 1017 5571 lib:_1v,
1054 5500 1215 5562 caput
1236 5490 1325 5559 49,
1346 5494 1414 5571 _d_e
1442 5481 2024 5571 Gundiberga‘regina,

458 5552 837 5632 Ihebdelinda:
865 5552 1193 5632 tilia,'age'ns
1225 5581 1237 5617 :
1286 5552 1323 5615 ‹’
1346 5564 1490 5630 Haec,
1524 5552 1809 5632 inquit,uid
1840 5552 2029 5626 (ἐξρίῆίῇ

455 5625 609 5713 plum
652 5625 1103 5713 su:e_genitrici§,
1158 5635 1300 5713 sicut
1327 5636 1416 5690 illa
1445 5625 1500 5713 in
1562 5625 1809 5713 Medicis,
1867 5643 1946 5697 sic
1973 5625 2028 5697 et

456 5700 557 5752 ista
596 5700 738 5773 intra
767 5700 1111 5758 Ticinensem
1138 5705 1434 5773 civitatem,
1464 5708 1745 5764 basilicam
1774 5700 1829 5765 in
1856 5713 2025 5768 hono-

456 5768 667 5845 rem__B.
697 5771 921 5829 Joannis
944 5773 1198 5845 Baptistae
1250 5768 1572 5832 construxit.
1610 5800 1629 5832 ι
1665 5780 1900 5837 Seaccus
1931 5785 2026 5839 ad-

456 5840 533 5894 dit
561 5838 653 5896 lib.
722 5858 801 5912 ιχ,
855 5838 1101 5915 caput-9,
1148 5847 1291 5919 quod
1317 5863 1436 5903 eam
1482 5867 1500 5901 ι
1555 5849 1607 5904 in
1642 5850 1903 5908 honorem
1936 5838 2019 5910 sui

1543 5968 1563 5994 Ι

2143 4635 2419 4691 Romanos
2460 4648 2528 4687 ex
2577 4629 2886 4700 conjectura
2938 4631 3278 4686 mansionum
3304 4646 3425 4701 quae
3452 4631 3537 4686 eis
3573 4647 3743 4701 ρει-ει-

2143 4726 2362 4792 bantur,
2391 4723 2553 4794 Alpes
2582 4736 2867 4794 superasse
2896 4721 3311 4794 putavit,Papia
3339 4722 3553 4791 relicta,
3577 4734 3742 4780 sexta

2143 4876 2326 4927 sexus,
2359 4862 2670 4916 Donnarum
2726 4858 2803 4930 (id
2830 4865 2915 4915 est
2949 4858 3257 4931 mulierum)
3309 4862 3667 4931 nuncupavit.
3708 4879 3732 4913 ι

2144 4932 2423 5000 Quomodo
2448 4940 2629 4986 autem
2660 4929 2753 4984 aut
2776 4931 2993 5000 quando
3028 4931 3145 4986 haec
3180 4929 3304 4984 data
3331 4930 3402 4985 sit
3423 4929 3735 4996 menachis,

2144 4946 2423 5000 quomodo
2448 4946 2629 4986 autem
2660 4946 2753 4984 aut
2775 4946 2993 5054 guanuo
3029 4946 3145 4986 na’c
3180 4946 3304 4984 aata
3331 4946 3402 4985 sit
3423 4946 3735 4996 monaems,

2143 5013 2306 5074 atque
2334 5003 2408 5057 ita
2438 5002 2492 5074 in
2530 5002 2773 5074 Eginhar
2812 5001 2827 5055 i
2847 5000 3281 5074 jurisdictionem
3312 5001 3546 5074 venerit,
3585 5002 3736 5057 Tici-

2137 5071 2393 5130 nensibus
2440 5071 2803 5142 indagandum
2852 5072 3148 5141 relinquo:
3183 5071 3400 5142 interim
3457 5072 3736 5128 Platinam

2135 5153 2283 5200 recte
2312 5144 2538 5210 corrigit
2559 5141 2815 5209 Seaccus,
2848 5143 2941 5213 qui
2968 5142 3022 5197 in
3049 5143 3169 5197 Vita
3196 5141 3422 5199 Joannis
3447 5142 3544 5211 IV,
3572 5143 3733 5199 illam

2134 5216 2419 5273 ecclesiam
2449 5214 2759 5270 Terracinae
2787 5213 3074 5284 adscripsit
3120 5222 3175 5269 et
3206 5214 3261 5268 in
3289 5214 3542 5271 eumdem
3572 5231 3733 5271 erro-

2134 5302 2249 5414 gerit):
2278 5287 2487 5412 ll(cujus
2550 5285 2699 5341 nulla
2751 5284 2966 5356 uspiam
3017 5284 3234 5341 occasio
3272 5286 3521 5359 apparet)
3559 5286 3734 5342 traxit

2177 5374 2205 5412 8
2247 5374 2276 5413 e
2319 5375 2482 5414 tcum.

2177 5374 2482 5415 anemcum.

2203 5429 2517 5502 biscriptor
2542 5436 2817 5502 gestorum
2840 5426 3101 5502 Ludovici
3125 5427 3212 5502 Pii
3241 5428 3309 5502 ad
3338 5444 3431 5484 an.
3625 5430 3733 5502 hu-

2124 5500 2217 5571 jus
2243 5499 2839 5572 legationisg'meminit,
2893 5507 2949 5554 et
2993 5499 3316 5572 Ingelhemii
3368 5500 3612 5572 auditam
3638 5500 3725 5553 ait

2130 5569 2197 5627 ad
2229 5569 2497 5627 Kalendas
2522 5570 2738 5636 Junias;
2777 5584 2950 5640 eaque
3004 5570 3235 5632 functos,
3294 5569 3534 5625 Leonem
3575 5569 3757 5625 (Ζεῦ-ι’

2127 5643 2531 5699 tumcellensem
2594 5642 2943 5713 episcopum,
2984 5649 3043 5697 et
3099 5641 3581 5713 Theophylactumg
3619 5654 3729 5693 no-

2126 5714 2533 5842 menlcllatorem,
2583 5711 2681 5786 pro
2738 5711 2866 5770 tunc
2918 5712 3163 5773 Romano
3226 5711 3486 5784 pontiﬁce
3539 5711 3729 5787 Euge-

2127 5801 2218 5842 mo
2299 5824 2312 5838 .
