  <div class='ocr_page' id='page_1' title='image "/cluster/home/n/w/nwhite01/storage/ocr_20150623/104/hvd.32044015466824/288.png"; bbox 0 0 3960 6346; ppageno 0'>
   <div class='ocr_carea' id='block_1_1' title="bbox 152 376 258 447">
    <p class='ocr_par' dir='ltr' id='par_1_1' title="bbox 152 376 258 447">
     <span class='ocr_line' id='line_1_1' title="bbox 152 376 258 447; baseline 0 0"><span class='ocrx_word' id='word_1_1' title='bbox 152 376 258 447; x_wconf 69' lang='grc'><strong>645</strong></span> 
     </span>
    </p>
   </div>
   <div class='ocr_carea' id='block_1_2' title="bbox 964 375 2574 444">
    <p class='ocr_par' dir='ltr' id='par_1_2' title="bbox 964 375 2574 444">
     <span class='ocr_line' id='line_1_2' title="bbox 964 375 2574 444; baseline -0.002 -1"><span class='ocrx_word' id='word_1_2' title='bbox 964 381 1142 444; x_wconf 79' lang='lat' dir='ltr'><strong>HIST.</strong></span> <span class='ocrx_word' id='word_1_3' title='bbox 1185 378 1577 443; x_wconf 76' lang='lat' dir='ltr'><strong>TRANSLAT.</strong></span> <span class='ocrx_word' id='word_1_4' title='bbox 1616 382 1723 440; x_wconf 83' lang='lat' dir='ltr'><strong>BB.</strong></span> <span class='ocrx_word' id='word_1_5' title='bbox 1762 375 2185 442; x_wconf 81' lang='lat' dir='ltr'><strong>MARCELLINI</strong></span> <span class='ocrx_word' id='word_1_6' title='bbox 2220 381 2311 440; x_wconf 87' lang='grc' dir='ltr'><strong>ΕΤ</strong></span> <span class='ocrx_word' id='word_1_7' title='bbox 2347 378 2574 441; x_wconf 81' lang='lat' dir='ltr'><strong>PETRI.</strong></span> 
     </span>
    </p>
   </div>
   <div class='ocr_carea' id='block_1_3' title="bbox 3309 377 3414 444">
    <p class='ocr_par' dir='ltr' id='par_1_3' title="bbox 3309 377 3414 444">
     <span class='ocr_line' id='line_1_3' title="bbox 3309 377 3414 444; baseline 0 0"><span class='ocrx_word' id='word_1_8' title='bbox 3309 377 3414 444; x_wconf 76' lang='grc'><strong>546</strong></span> 
     </span>
    </p>
   </div>
   <div class='ocr_carea' id='block_1_4' title="bbox 154 498 3419 575">
    <p class='ocr_par' dir='ltr' id='par_1_4' title="bbox 154 498 3419 575">
     <span class='ocr_line' id='line_1_4' title="bbox 154 498 3419 575; baseline -0.002 -10"><span class='ocrx_word' id='word_1_9' title='bbox 154 508 241 565; x_wconf 89' lang='lat' dir='ltr'><strong>die</strong></span> <span class='ocrx_word' id='word_1_10' title='bbox 257 506 322 563; x_wconf 89' lang='lat' dir='ltr'><strong>ad</strong></span> <span class='ocrx_word' id='word_1_11' title='bbox 351 515 379 547; x_wconf 80' lang='grc' dir='ltr'>ι</span> <span class='ocrx_word' id='word_1_12' title='bbox 410 500 469 560; x_wconf 92' lang='lat' dir='ltr'><strong>S.</strong></span> <span class='ocrx_word' id='word_1_13' title='bbox 494 498 806 559; x_wconf 82' lang='lat' dir='ltr'><strong>Mauritium</strong></span> <span class='ocrx_word' id='word_1_14' title='bbox 824 503 992 560; x_wconf 87' lang='lat' dir='ltr'><strong>venit.</strong></span> <span class='ocrx_word' id='word_1_15' title='bbox 1025 504 1234 575; x_wconf 94' lang='lat' dir='ltr'><strong>lbique,</strong></span> <span class='ocrx_word' id='word_1_16' title='bbox 1262 503 1592 575; x_wconf 76' lang='lat' dir='ltr'><strong>comparatis</strong></span> <span class='ocrx_word' id='word_1_17' title='bbox 1616 515 1737 573; x_wconf 86' lang='lat' dir='ltr'><strong>quae</strong></span> <span class='ocrx_word' id='word_1_18' title='bbox 1761 502 1815 562; x_wconf 85' lang='grc' dir='ltr'><strong>Λ</strong></span> <span class='ocrx_word' id='word_1_19' title='bbox 1837 516 1975 571; x_wconf 89' lang='lat' dir='ltr'><strong>puer</strong></span> <span class='ocrx_word' id='word_1_20' title='bbox 2000 501 2252 569; x_wconf 85' lang='lat' dir='ltr'><strong>Ratleici,</strong></span> <span class='ocrx_word' id='word_1_21' title='bbox 2277 499 2504 571; x_wconf 78' lang='lat' dir='ltr'><strong>iubente</strong></span> <span class='ocrx_word' id='word_1_22' title='bbox 2549 515 2615 557; x_wconf 92' lang='lat' dir='ltr'><strong>eo</strong></span> <span class='ocrx_word' id='word_1_23' title='bbox 2634 539 2648 567; x_wconf 92' lang='lat'><strong>,</strong></span> <span class='ocrx_word' id='word_1_24' title='bbox 2676 499 2852 556; x_wconf 80' lang='lat' dir='ltr'><strong>ollicio</strong></span> <span class='ocrx_word' id='word_1_25' title='bbox 2878 514 3228 573; x_wconf 90' lang='lat' dir='ltr'><strong>vesperarum</strong></span> <span class='ocrx_word' id='word_1_26' title='bbox 3268 517 3419 558; x_wconf 91' lang='lat' dir='ltr'><strong>com-</strong></span> 
     </span>
    </p>
   </div>
   <div class='ocr_carea' id='block_1_5' title="bbox 153 594 1726 664">
    <p class='ocr_par' dir='ltr' id='par_1_5' title="bbox 153 594 1726 664">
     <span class='ocr_line' id='line_1_5' title="bbox 153 594 1726 664; baseline -0.006 -9"><span class='ocrx_word' id='word_1_27' title='bbox 153 598 223 655; x_wconf 87' lang='lat' dir='ltr'><strong>ad</strong></span> <span class='ocrx_word' id='word_1_28' title='bbox 262 597 365 654; x_wconf 91' lang='lat' dir='ltr'><strong>hoc</strong></span> <span class='ocrx_word' id='word_1_29' title='bbox 397 594 714 652; x_wconf 90' lang='lat' dir='ltr'><strong>necessaria</strong></span> <span class='ocrx_word' id='word_1_30' title='bbox 758 594 1104 662; x_wconf 78' lang='lat' dir='ltr'><strong>videbantur,</strong></span> <span class='ocrx_word' id='word_1_31' title='bbox 1132 610 1287 652; x_wconf 90' lang='lat' dir='ltr'><strong>sacra</strong></span> <span class='ocrx_word' id='word_1_32' title='bbox 1337 594 1428 649; x_wconf 90' lang='lat' dir='ltr'><strong>illa</strong></span> <span class='ocrx_word' id='word_1_33' title='bbox 1478 608 1726 664; x_wconf 86' lang='lat' dir='ltr'><strong>corpora,</strong></span> 
     </span>
    </p>
   </div>
   <div class='ocr_carea' id='block_1_6' title="bbox 151 687 1733 761">
    <p class='ocr_par' dir='ltr' id='par_1_6' title="bbox 151 687 1733 761">
     <span class='ocr_line' id='line_1_6' title="bbox 151 687 1733 761; baseline -0.003 -15"><span class='ocrx_word' id='word_1_34' title='bbox 151 688 327 746; x_wconf 89' lang='lat' dir='ltr'><strong>loculo</strong></span> <span class='ocrx_word' id='word_1_35' title='bbox 357 688 592 757; x_wconf 90' lang='lat' dir='ltr'><strong>inclusa,</strong></span> <span class='ocrx_word' id='word_1_36' title='bbox 627 687 829 745; x_wconf 89' lang='lat' dir='ltr'><strong>feretro</strong></span> <span class='ocrx_word' id='word_1_37' title='bbox 864 688 1152 761; x_wconf 88' lang='lat' dir='ltr'><strong>imposuit;</strong></span> <span class='ocrx_word' id='word_1_38' title='bbox 1181 697 1344 760; x_wconf 89' lang='lat' dir='ltr'><strong>atque</strong></span> <span class='ocrx_word' id='word_1_39' title='bbox 1366 688 1491 744; x_wconf 90' lang='lat' dir='ltr'><strong>inde</strong></span> <span class='ocrx_word' id='word_1_40' title='bbox 1510 702 1733 759; x_wconf 88' lang='lat' dir='ltr'><strong>promo-</strong></span> 
     </span>
    </p>
   </div>
   <div class='ocr_carea' id='block_1_7' title="bbox 155 776 1734 851">
    <p class='ocr_par' dir='ltr' id='par_1_7' title="bbox 155 776 1734 851">
     <span class='ocr_line' id='line_1_7' title="bbox 155 776 1734 851; baseline -0.003 -16"><span class='ocrx_word' id='word_1_41' title='bbox 155 795 301 847; x_wconf 89' lang='lat' dir='ltr'><strong>vens,</strong></span> <span class='ocrx_word' id='word_1_42' title='bbox 329 776 511 851; x_wconf 81' lang='lat' dir='ltr'><strong>palam</strong></span> <span class='ocrx_word' id='word_1_43' title='bbox 538 786 594 833; x_wconf 89' lang='lat' dir='ltr'><strong>et</strong></span> <span class='ocrx_word' id='word_1_44' title='bbox 621 786 828 850; x_wconf 76' lang='lat' dir='ltr'><strong>aperte,</strong></span> <span class='ocrx_word' id='word_1_45' title='bbox 872 794 995 834; x_wconf 89' lang='lat' dir='ltr'><strong>cum</strong></span> <span class='ocrx_word' id='word_1_46' title='bbox 1040 778 1309 850; x_wconf 88' lang='lat' dir='ltr'><strong>adjutorio</strong></span> <span class='ocrx_word' id='word_1_47' title='bbox 1334 776 1517 848; x_wconf 88' lang='lat' dir='ltr'><strong>populi</strong></span> <span class='ocrx_word' id='word_1_48' title='bbox 1545 792 1734 833; x_wconf 89' lang='lat' dir='ltr'><strong>occur-</strong></span> 
     </span>
    </p>
   </div>
   <div class='ocr_carea' id='block_1_8' title="bbox 152 870 810 942">
    <p class='ocr_par' dir='ltr' id='par_1_8' title="bbox 152 870 810 942">
     <span class='ocr_line' id='line_1_8' title="bbox 152 870 810 942; baseline -0.006 -14"><span class='ocrx_word' id='word_1_49' title='bbox 152 871 341 938; x_wconf 86' lang='lat' dir='ltr'><strong>rentis,</strong></span> <span class='ocrx_word' id='word_1_50' title='bbox 370 880 594 942; x_wconf 86' lang='lat' dir='ltr'><strong>portare</strong></span> <span class='ocrx_word' id='word_1_51' title='bbox 628 870 810 941; x_wconf 84' lang='lat' dir='ltr'><strong>coepit.</strong></span> 
     </span>
    </p>
   </div>
   <div class='ocr_carea' id='block_1_9' title="bbox 221 959 1732 1033">
    <p class='ocr_par' dir='ltr' id='par_1_9' title="bbox 221 959 1732 1033">
     <span class='ocr_line' id='line_1_9' title="bbox 221 959 1732 1033; baseline -0.002 -16"><span class='ocrx_word' id='word_1_52' title='bbox 221 962 307 1017; x_wconf 75' lang='grc'><strong>14.</strong></span> <span class='ocrx_word' id='word_1_53' title='bbox 339 961 444 1018; x_wconf 85' lang='lat' dir='ltr'><strong>Ubi</strong></span> <span class='ocrx_word' id='word_1_54' title='bbox 470 970 652 1017; x_wconf 88' lang='lat' dir='ltr'><strong>autem</strong></span> <span class='ocrx_word' id='word_1_55' title='bbox 679 960 890 1028; x_wconf 91' lang='lat' dir='ltr'><strong>locum,</strong></span> <span class='ocrx_word' id='word_1_56' title='bbox 928 960 1021 1032; x_wconf 87' lang='lat' dir='ltr'><strong>qui</strong></span> <span class='ocrx_word' id='word_1_57' title='bbox 1061 959 1397 1033; x_wconf 89' lang='lat' dir='ltr'><strong>Caput-Laci</strong></span> <span class='ocrx_word' id='word_1_58' title='bbox 1429 960 1459 1002; x_wconf 71' lang='grc' dir='ltr'><strong>ιι</strong></span> <span class='ocrx_word' id='word_1_59' title='bbox 1486 967 1732 1027; x_wconf 78' lang='lat' dir='ltr'><strong>vocatur,</strong></span> 
     </span>
    </p>
   </div>
   <div class='ocr_carea' id='block_1_10' title="bbox 151 1049 1737 1127">
    <p class='ocr_par' dir='ltr' id='par_1_10' title="bbox 151 1049 1737 1127">
     <span class='ocr_line' id='line_1_10' title="bbox 151 1049 1737 1127; baseline -0.004 -18"><span class='ocrx_word' id='word_1_60' title='bbox 151 1061 585 1127; x_wconf 76' lang='lat' dir='ltr'><strong>praetergressus,</strong></span> <span class='ocrx_word' id='word_1_61' title='bbox 632 1050 834 1107; x_wconf 82' lang='lat' dir='ltr'><strong>bivium</strong></span> <span class='ocrx_word' id='word_1_62' title='bbox 868 1062 918 1118; x_wconf 70' lang='grc' dir='ltr'><strong>α,</strong></span> <span class='ocrx_word' id='word_1_63' title='bbox 961 1066 1070 1121; x_wconf 89' lang='lat' dir='ltr'><strong>quo</strong></span> <span class='ocrx_word' id='word_1_64' title='bbox 1106 1051 1303 1106; x_wconf 84' lang='lat' dir='ltr'><strong>itinera</strong></span> <span class='ocrx_word' id='word_1_65' title='bbox 1348 1050 1403 1106; x_wconf 92' lang='lat' dir='ltr'><strong>in</strong></span> <span class='ocrx_word' id='word_1_66' title='bbox 1445 1049 1737 1104; x_wconf 89' lang='lat' dir='ltr'><strong>Franciam</strong></span> 
     </span>
    </p>
   </div>
   <div class='ocr_carea' id='block_1_11' title="bbox 154 1141 1738 1215">
    <p class='ocr_par' dir='ltr' id='par_1_11' title="bbox 154 1141 1738 1215">
     <span class='ocr_line' id='line_1_11' title="bbox 154 1141 1738 1215; baseline -0.005 -13"><span class='ocrx_word' id='word_1_67' title='bbox 154 1145 399 1202; x_wconf 91' lang='lat' dir='ltr'><strong>ducentia</strong></span> <span class='ocrx_word' id='word_1_68' title='bbox 427 1143 779 1210; x_wconf 89' lang='lat' dir='ltr'><strong>dirimuntur,</strong></span> <span class='ocrx_word' id='word_1_69' title='bbox 818 1143 1028 1215; x_wconf 87' lang='lat' dir='ltr'><strong>attigit;</strong></span> <span class='ocrx_word' id='word_1_70' title='bbox 1077 1143 1440 1198; x_wconf 78' lang='lat' dir='ltr'><strong>dexteriorem</strong></span> <span class='ocrx_word' id='word_1_71' title='bbox 1461 1141 1609 1196; x_wconf 89' lang='lat' dir='ltr'><strong>viam</strong></span> <span class='ocrx_word' id='word_1_72' title='bbox 1659 1141 1738 1195; x_wconf 88' lang='lat' dir='ltr'><strong>in-</strong></span> 
     </span>
    </p>
   </div>
   <div class='ocr_carea' id='block_1_12' title="bbox 154 1231 1733 1312">
    <p class='ocr_par' dir='ltr' id='par_1_12' title="bbox 154 1231 1733 1312">
     <span class='ocr_line' id='line_1_12' title="bbox 154 1231 1733 1312; baseline -0.006 -17"><span class='ocrx_word' id='word_1_73' title='bbox 154 1254 386 1312; x_wconf 87' lang='lat' dir='ltr'><strong>gressus,</strong></span> <span class='ocrx_word' id='word_1_74' title='bbox 410 1252 509 1307; x_wconf 87' lang='lat' dir='ltr'><strong>per</strong></span> <span class='ocrx_word' id='word_1_75' title='bbox 536 1236 963 1291; x_wconf 84' lang='lat' dir='ltr'><strong>Alamannorum</strong></span> <span class='ocrx_word' id='word_1_76' title='bbox 1010 1234 1147 1290; x_wconf 87' lang='lat' dir='ltr'><strong>ﬁnes</strong></span> <span class='ocrx_word' id='word_1_77' title='bbox 1197 1250 1370 1305; x_wconf 90' lang='lat' dir='ltr'><strong>usque</strong></span> <span class='ocrx_word' id='word_1_78' title='bbox 1395 1235 1464 1290; x_wconf 91' lang='lat' dir='ltr'><strong>ad</strong></span> <span class='ocrx_word' id='word_1_79' title='bbox 1501 1231 1733 1289; x_wconf 88' lang='lat' dir='ltr'><strong>Solodo-</strong></span> 
     </span>
    </p>
   </div>
   <div class='ocr_carea' id='block_1_13' title="bbox 151 1326 1737 1401">
    <p class='ocr_par' dir='ltr' id='par_1_13' title="bbox 151 1326 1737 1401">
     <span class='ocr_line' id='line_1_13' title="bbox 151 1326 1737 1401; baseline -0.004 -14"><span class='ocrx_word' id='word_1_80' title='bbox 151 1329 334 1397; x_wconf 71' lang='lat' dir='ltr'><strong>rum,d</strong></span> <span class='ocrx_word' id='word_1_81' title='bbox 361 1326 806 1401; x_wconf 85' lang='lat' dir='ltr'><strong>Burgundionum</strong></span> <span class='ocrx_word' id='word_1_82' title='bbox 823 1328 1099 1400; x_wconf 91' lang='lat' dir='ltr'><strong>oppidum,</strong></span> <span class='ocrx_word' id='word_1_83' title='bbox 1114 1329 1284 1383; x_wconf 88' lang='lat' dir='ltr'><strong>venit.</strong></span> <span class='ocrx_word' id='word_1_84' title='bbox 1315 1328 1395 1383; x_wconf 91' lang='lat' dir='ltr'><strong>Ibi</strong></span> <span class='ocrx_word' id='word_1_85' title='bbox 1425 1327 1615 1383; x_wconf 85' lang='lat' dir='ltr'><strong>obvios</strong></span> <span class='ocrx_word' id='word_1_86' title='bbox 1637 1326 1737 1382; x_wconf 90' lang='lat' dir='ltr'><strong>ha-</strong></span> 
     </span>
    </p>
   </div>
   <div class='ocr_carea' id='block_1_14' title="bbox 150 1418 1739 1495">
    <p class='ocr_par' dir='ltr' id='par_1_14' title="bbox 150 1418 1739 1495">
     <span class='ocr_line' id='line_1_14' title="bbox 150 1418 1739 1495; baseline -0.004 -16"><span class='ocrx_word' id='word_1_87' title='bbox 150 1422 289 1491; x_wconf 87' lang='lat' dir='ltr'><strong>buit,</strong></span> <span class='ocrx_word' id='word_1_88' title='bbox 316 1439 455 1495; x_wconf 90' lang='lat' dir='ltr'><strong>quos</strong></span> <span class='ocrx_word' id='word_1_89' title='bbox 488 1437 612 1495; x_wconf 88' lang='lat' dir='ltr'><strong>ego,</strong></span> <span class='ocrx_word' id='word_1_90' title='bbox 650 1430 775 1494; x_wconf 92' lang='lat' dir='ltr'><strong>post</strong></span> <span class='ocrx_word' id='word_1_91' title='bbox 806 1421 1070 1478; x_wconf 89' lang='lat' dir='ltr'><strong>indicium</strong></span> <span class='ocrx_word' id='word_1_92' title='bbox 1117 1421 1384 1477; x_wconf 87' lang='lat' dir='ltr'><strong>adventus</strong></span> <span class='ocrx_word' id='word_1_93' title='bbox 1424 1420 1566 1476; x_wconf 91' lang='lat' dir='ltr'><strong>illius</strong></span> <span class='ocrx_word' id='word_1_94' title='bbox 1604 1418 1739 1475; x_wconf 89' lang='lat' dir='ltr'><strong>mihi</strong></span> 
     </span>
    </p>
   </div>
   <div class='ocr_carea' id='block_1_15' title="bbox 152 1511 1742 1583">
    <p class='ocr_par' dir='ltr' id='par_1_15' title="bbox 152 1511 1742 1583">
     <span class='ocr_line' id='line_1_15' title="bbox 152 1511 1742 1583; baseline -0.004 -12"><span class='ocrx_word' id='word_1_95' title='bbox 152 1512 372 1582; x_wconf 79' lang='lat' dir='ltr'><strong>factum,</strong></span> <span class='ocrx_word' id='word_1_96' title='bbox 404 1514 471 1571; x_wconf 90' lang='lat' dir='ltr'><strong>de</strong></span> <span class='ocrx_word' id='word_1_97' title='bbox 505 1524 529 1553; x_wconf 76' lang='grc' dir='ltr'><strong>ο</strong></span> <span class='ocrx_word' id='word_1_98' title='bbox 559 1511 809 1582; x_wconf 90' lang='lat' dir='ltr'><strong>Trajecto</strong></span> <span class='ocrx_word' id='word_1_99' title='bbox 852 1512 902 1568; x_wconf 92' lang='lat' dir='ltr'><strong>ei</strong></span> <span class='ocrx_word' id='word_1_100' title='bbox 947 1527 1239 1568; x_wconf 87' lang='lat' dir='ltr'><strong>occurrere</strong></span> <span class='ocrx_word' id='word_1_101' title='bbox 1279 1511 1437 1583; x_wconf 89' lang='lat' dir='ltr'><strong>jussi.</strong></span> <span class='ocrx_word' id='word_1_102' title='bbox 1468 1511 1603 1567; x_wconf 88' lang='lat' dir='ltr'><strong>Nam</strong></span> <span class='ocrx_word' id='word_1_103' title='bbox 1641 1524 1742 1581; x_wconf 93' lang='lat' dir='ltr'><strong>ego</strong></span> 
     </span>
    </p>
   </div>
   <div class='ocr_carea' id='block_1_16' title="bbox 153 1602 1742 1678">
    <p class='ocr_par' dir='ltr' id='par_1_16' title="bbox 153 1602 1742 1678">
     <span class='ocr_line' id='line_1_16' title="bbox 153 1602 1742 1678; baseline -0.007 -12"><span class='ocrx_word' id='word_1_104' title='bbox 153 1615 285 1665; x_wconf 85' lang='lat' dir='ltr'><strong>tunc</strong></span> <span class='ocrx_word' id='word_1_105' title='bbox 324 1606 581 1678; x_wconf 87' lang='lat' dir='ltr'><strong>temporis</strong></span> <span class='ocrx_word' id='word_1_106' title='bbox 604 1604 763 1676; x_wconf 83' lang='lat' dir='ltr'><strong>juxta</strong></span> <span class='ocrx_word' id='word_1_107' title='bbox 809 1603 1050 1661; x_wconf 88' lang='lat' dir='ltr'><strong>Scaldim</strong></span> <span class='ocrx_word' id='word_1_108' title='bbox 1100 1602 1320 1659; x_wconf 85' lang='lat' dir='ltr'><strong>ﬂuvium</strong></span> <span class='ocrx_word' id='word_1_109' title='bbox 1367 1603 1423 1658; x_wconf 93' lang='lat' dir='ltr'><strong>in</strong></span> <span class='ocrx_word' id='word_1_110' title='bbox 1468 1608 1742 1658; x_wconf 55' lang='lat' dir='ltr'><strong>monastec</strong></span> 
     </span>
    </p>
   </div>
   <div class='ocr_carea' id='block_1_17' title="bbox 155 1693 1744 1770">
    <p class='ocr_par' dir='ltr' id='par_1_17' title="bbox 155 1693 1744 1770">
     <span class='ocr_line' id='line_1_17' title="bbox 155 1693 1744 1770; baseline -0.004 -17"><span class='ocrx_word' id='word_1_111' title='bbox 155 1696 247 1754; x_wconf 86' lang='lat' dir='ltr'><strong>rio</strong></span> <span class='ocrx_word' id='word_1_112' title='bbox 280 1697 301 1737; x_wconf 76' lang='grc' dir='ltr'>ί</span> <span class='ocrx_word' id='word_1_113' title='bbox 320 1695 379 1753; x_wconf 85' lang='lat' dir='ltr'><strong>S.</strong></span> <span class='ocrx_word' id='word_1_114' title='bbox 394 1696 625 1770; x_wconf 79' lang='lat' dir='ltr'><strong>Bavonis</strong></span> <span class='ocrx_word' id='word_1_115' title='bbox 645 1710 817 1763; x_wconf 86' lang='lat' dir='ltr'><strong>eram,</strong></span> <span class='ocrx_word' id='word_1_116' title='bbox 847 1694 1064 1765; x_wconf 84' lang='lat' dir='ltr'><strong>quando</strong></span> <span class='ocrx_word' id='word_1_117' title='bbox 1088 1693 1283 1750; x_wconf 78' lang='lat' dir='ltr'><strong>litterae</strong></span> <span class='ocrx_word' id='word_1_118' title='bbox 1302 1693 1503 1749; x_wconf 89' lang='lat' dir='ltr'><strong>notarii</strong></span> <span class='ocrx_word' id='word_1_119' title='bbox 1524 1693 1630 1747; x_wconf 91' lang='lat' dir='ltr'><strong>mei</strong></span> <span class='ocrx_word' id='word_1_120' title='bbox 1646 1706 1744 1764; x_wconf 87' lang='lat' dir='ltr'><strong>per</strong></span> 
     </span>
    </p>
   </div>
   <div class='ocr_carea' id='block_1_18' title="bbox 155 1782 1744 1861">
    <p class='ocr_par' dir='ltr' id='par_1_18' title="bbox 155 1782 1744 1861">
     <span class='ocr_line' id='line_1_18' title="bbox 155 1782 1744 1861; baseline -0.003 -18"><span class='ocrx_word' id='word_1_121' title='bbox 155 1803 387 1861; x_wconf 84' lang='lat' dir='ltr'><strong>puerum</strong></span> <span class='ocrx_word' id='word_1_122' title='bbox 415 1787 785 1859; x_wconf 87' lang='lat' dir='ltr'><strong>procuratoris</strong></span> <span class='ocrx_word' id='word_1_123' title='bbox 818 1785 1015 1852; x_wconf 85' lang='lat' dir='ltr'><strong>nostri,</strong></span> <span class='ocrx_word' id='word_1_124' title='bbox 1043 1785 1198 1856; x_wconf 87' lang='lat' dir='ltr'><strong>cujus</strong></span> <span class='ocrx_word' id='word_1_125' title='bbox 1223 1784 1472 1857; x_wconf 90' lang='lat' dir='ltr'><strong>superius</strong></span> <span class='ocrx_word' id='word_1_126' title='bbox 1511 1782 1744 1839; x_wconf 89' lang='lat' dir='ltr'><strong>mentio-</strong></span> 
     </span>
    </p>
   </div>
   <div class='ocr_carea' id='block_1_19' title="bbox 1829 594 3419 667">
    <p class='ocr_par' dir='ltr' id='par_1_19' title="bbox 1829 594 3419 667">
     <span class='ocr_line' id='line_1_19' title="bbox 1829 594 3419 667; baseline 0.002 -18"><span class='ocrx_word' id='word_1_127' title='bbox 1829 594 2000 667; x_wconf 90' lang='lat' dir='ltr'><strong>pleto,</strong></span> <span class='ocrx_word' id='word_1_128' title='bbox 2024 596 2235 652; x_wconf 61' lang='lat' dir='ltr'><strong>caeteris</strong></span> <span class='ocrx_word' id='word_1_129' title='bbox 2260 594 2602 660; x_wconf 80' lang='lat' dir='ltr'><strong>exeuntibus,</strong></span> <span class='ocrx_word' id='word_1_130' title='bbox 2625 594 2773 651; x_wconf 90' lang='lat' dir='ltr'><strong>solus</strong></span> <span class='ocrx_word' id='word_1_131' title='bbox 2802 595 2856 649; x_wconf 93' lang='lat' dir='ltr'><strong>in</strong></span> <span class='ocrx_word' id='word_1_132' title='bbox 2877 594 3107 651; x_wconf 89' lang='lat' dir='ltr'><strong>ecclesia</strong></span> <span class='ocrx_word' id='word_1_133' title='bbox 3129 596 3419 652; x_wconf 87' lang='lat' dir='ltr'><strong>remansis-</strong></span> 
     </span>
    </p>
   </div>
   <div class='ocr_carea' id='block_1_20' title="bbox 1832 685 3421 757">
    <p class='ocr_par' dir='ltr' id='par_1_20' title="bbox 1832 685 3421 757">
     <span class='ocr_line' id='line_1_20' title="bbox 1832 685 3421 757; baseline 0.001 -16"><span class='ocrx_word' id='word_1_134' title='bbox 1832 693 1935 752; x_wconf 88' lang='lat' dir='ltr'><strong>set,</strong></span> <span class='ocrx_word' id='word_1_135' title='bbox 1970 694 2047 752; x_wconf 88' lang='lat' dir='ltr'><strong>ct,</strong></span> <span class='ocrx_word' id='word_1_136' title='bbox 2075 686 2271 741; x_wconf 88' lang='lat' dir='ltr'><strong>clausis</strong></span> <span class='ocrx_word' id='word_1_137' title='bbox 2296 687 2508 757; x_wconf 81' lang='lat' dir='ltr'><strong>januis,</strong></span> <span class='ocrx_word' id='word_1_138' title='bbox 2550 686 2708 757; x_wconf 82' lang='lat' dir='ltr'><strong>juxta</strong></span> <span class='ocrx_word' id='word_1_139' title='bbox 2755 685 2840 739; x_wconf 87' lang='lat' dir='ltr'><strong>illa</strong></span> <span class='ocrx_word' id='word_1_140' title='bbox 2888 700 3046 741; x_wconf 85' lang='lat' dir='ltr'><strong>sacra</strong></span> <span class='ocrx_word' id='word_1_141' title='bbox 3096 702 3326 757; x_wconf 89' lang='lat' dir='ltr'><strong>corpora</strong></span> <span class='ocrx_word' id='word_1_142' title='bbox 3364 687 3421 742; x_wconf 89' lang='lat' dir='ltr'><strong>in</strong></span> 
     </span>
    </p>
   </div>
   <div class='ocr_carea' id='block_1_21' title="bbox 1831 777 3421 849">
    <p class='ocr_par' dir='ltr' id='par_1_21' title="bbox 1831 777 3421 849">
     <span class='ocr_line' id='line_1_21' title="bbox 1831 777 3421 849; baseline 0.002 -19"><span class='ocrx_word' id='word_1_143' title='bbox 1831 791 2001 848; x_wconf 87' lang='lat' dir='ltr'><strong>parva</strong></span> <span class='ocrx_word' id='word_1_144' title='bbox 2051 777 2243 832; x_wconf 91' lang='lat' dir='ltr'><strong>cellula</strong></span> <span class='ocrx_word' id='word_1_145' title='bbox 2285 777 2442 849; x_wconf 88' lang='lat' dir='ltr'><strong>quasi</strong></span> <span class='ocrx_word' id='word_1_146' title='bbox 2468 777 2791 848; x_wconf 89' lang='lat' dir='ltr'><strong>vigilaturus</strong></span> <span class='ocrx_word' id='word_1_147' title='bbox 2817 777 3173 843; x_wconf 87' lang='lat' dir='ltr'><strong>conccdisset,</strong></span> <span class='ocrx_word' id='word_1_148' title='bbox 3217 778 3421 833; x_wconf 90' lang='lat' dir='ltr'><strong>subita-</strong></span> 
     </span>
    </p>
   </div>
   <div class='ocr_carea' id='block_1_22' title="bbox 1833 867 3423 939">
    <p class='ocr_par' dir='ltr' id='par_1_22' title="bbox 1833 867 3423 939">
     <span class='ocr_line' id='line_1_22' title="bbox 1833 867 3423 939; baseline -0.001 -16"><span class='ocrx_word' id='word_1_149' title='bbox 1833 884 1938 924; x_wconf 90' lang='lat' dir='ltr'><strong>neo</strong></span> <span class='ocrx_word' id='word_1_150' title='bbox 1964 883 2154 925; x_wconf 90' lang='lat' dir='ltr'><strong>somno</strong></span> <span class='ocrx_word' id='word_1_151' title='bbox 2182 870 2491 939; x_wconf 89' lang='lat' dir='ltr'><strong>depressus,</strong></span> <span class='ocrx_word' id='word_1_152' title='bbox 2513 868 2649 923; x_wconf 84' lang='lat' dir='ltr'><strong>vidit</strong></span> <span class='ocrx_word' id='word_1_153' title='bbox 2672 868 2830 939; x_wconf 87' lang='lat' dir='ltr'><strong>quasi</strong></span> <span class='ocrx_word' id='word_1_154' title='bbox 2856 868 2991 924; x_wconf 89' lang='lat' dir='ltr'><strong>duas</strong></span> <span class='ocrx_word' id='word_1_155' title='bbox 3026 867 3304 923; x_wconf 88' lang='lat' dir='ltr'><strong>columbas</strong></span> <span class='ocrx_word' id='word_1_156' title='bbox 3324 883 3423 939; x_wconf 91' lang='lat' dir='ltr'><strong>per</strong></span> 
     </span>
    </p>
   </div>
   <div class='ocr_carea' id='block_1_23' title="bbox 1835 959 3426 1027">
    <p class='ocr_par' dir='ltr' id='par_1_23' title="bbox 1835 959 3426 1027">
     <span class='ocr_line' id='line_1_23' title="bbox 1835 959 3426 1027; baseline -0.001 -12"><span class='ocrx_word' id='word_1_157' title='bbox 1835 959 2201 1017; x_wconf 82' lang='lat' dir='ltr'><strong>dexteriorem</strong></span> <span class='ocrx_word' id='word_1_158' title='bbox 2222 962 2425 1017; x_wconf 80' lang='lat' dir='ltr'><strong>absidac</strong></span> <span class='ocrx_word' id='word_1_159' title='bbox 2452 960 2746 1017; x_wconf 85' lang='lat' dir='ltr'><strong>fenestram</strong></span> <span class='ocrx_word' id='word_1_160' title='bbox 2774 961 3005 1017; x_wconf 91' lang='lat' dir='ltr'><strong>volando</strong></span> <span class='ocrx_word' id='word_1_161' title='bbox 3037 960 3260 1027; x_wconf 87' lang='lat' dir='ltr'><strong>intrare,</strong></span> <span class='ocrx_word' id='word_1_162' title='bbox 3288 967 3343 1014; x_wconf 91' lang='lat' dir='ltr'><strong>et</strong></span> <span class='ocrx_word' id='word_1_163' title='bbox 3369 959 3426 1015; x_wconf 91' lang='lat' dir='ltr'><strong>in</strong></span> 
     </span>
    </p>
   </div>
   <div class='ocr_carea' id='block_1_24' title="bbox 1835 1048 3429 1122">
    <p class='ocr_par' dir='ltr' id='par_1_24' title="bbox 1835 1048 3429 1122">
     <span class='ocr_line' id='line_1_24' title="bbox 1835 1048 3429 1122; baseline -0.002 -13"><span class='ocrx_word' id='word_1_164' title='bbox 1835 1053 2068 1109; x_wconf 90' lang='lat' dir='ltr'><strong>culmine</strong></span> <span class='ocrx_word' id='word_1_165' title='bbox 2095 1051 2221 1108; x_wconf 86' lang='lat' dir='ltr'><strong>lecti</strong></span> <span class='ocrx_word' id='word_1_166' title='bbox 2265 1066 2428 1122; x_wconf 90' lang='lat' dir='ltr'><strong>super</strong></span> <span class='ocrx_word' id='word_1_167' title='bbox 2472 1052 2587 1122; x_wconf 90' lang='lat' dir='ltr'><strong>ipsa</strong></span> <span class='ocrx_word' id='word_1_168' title='bbox 2619 1051 2944 1107; x_wconf 89' lang='lat' dir='ltr'><strong>Sanctorum</strong></span> <span class='ocrx_word' id='word_1_169' title='bbox 2989 1066 3216 1122; x_wconf 89' lang='lat' dir='ltr'><strong>corpora</strong></span> <span class='ocrx_word' id='word_1_170' title='bbox 3249 1048 3429 1107; x_wconf 90' lang='lat' dir='ltr'><strong>consi-</strong></span> 
     </span>
    </p>
   </div>
   <div class='ocr_carea' id='block_1_25' title="bbox 1837 1141 3428 1216">
    <p class='ocr_par' dir='ltr' id='par_1_25' title="bbox 1837 1141 3428 1216">
     <span class='ocr_line' id='line_1_25' title="bbox 1837 1141 3428 1216; baseline -0.001 -16"><span class='ocrx_word' id='word_1_171' title='bbox 1837 1143 2005 1200; x_wconf 89' lang='lat' dir='ltr'><strong>dere:</strong></span> <span class='ocrx_word' id='word_1_172' title='bbox 2033 1159 2265 1216; x_wconf 91' lang='lat' dir='ltr'><strong>quarum</strong></span> <span class='ocrx_word' id='word_1_173' title='bbox 2307 1143 2479 1198; x_wconf 88' lang='lat' dir='ltr'><strong>altera</strong></span> <span class='ocrx_word' id='word_1_174' title='bbox 2514 1148 2623 1198; x_wconf 88' lang='lat' dir='ltr'><strong>tota</strong></span> <span class='ocrx_word' id='word_1_175' title='bbox 2658 1144 2798 1209; x_wconf 89' lang='lat' dir='ltr'><strong>alba,</strong></span> <span class='ocrx_word' id='word_1_176' title='bbox 2835 1143 3007 1198; x_wconf 88' lang='lat' dir='ltr'><strong>altera</strong></span> <span class='ocrx_word' id='word_1_177' title='bbox 3049 1143 3171 1198; x_wconf 92' lang='lat' dir='ltr'><strong>cani</strong></span> <span class='ocrx_word' id='word_1_178' title='bbox 3219 1151 3275 1198; x_wconf 92' lang='lat' dir='ltr'><strong>et</strong></span> <span class='ocrx_word' id='word_1_179' title='bbox 3321 1141 3428 1198; x_wconf 85' lang='lat' dir='ltr'><strong>albi</strong></span> 
     </span>
    </p>
   </div>
   <div class='ocr_carea' id='block_1_26' title="bbox 1838 1233 3427 1307">
    <p class='ocr_par' dir='ltr' id='par_1_26' title="bbox 1838 1233 3427 1307">
     <span class='ocr_line' id='line_1_26' title="bbox 1838 1233 3427 1307; baseline 0 -17"><span class='ocrx_word' id='word_1_180' title='bbox 1838 1234 2035 1290; x_wconf 89' lang='lat' dir='ltr'><strong>coloris</strong></span> <span class='ocrx_word' id='word_1_181' title='bbox 2057 1234 2307 1289; x_wconf 83' lang='lat' dir='ltr'><strong>mixturae</strong></span> <span class='ocrx_word' id='word_1_182' title='bbox 2333 1234 2496 1289; x_wconf 87' lang='lat' dir='ltr'><strong>variae</strong></span> <span class='ocrx_word' id='word_1_183' title='bbox 2532 1234 2839 1289; x_wconf 86' lang='lat' dir='ltr'><strong>videbatur.</strong></span> <span class='ocrx_word' id='word_1_184' title='bbox 2870 1233 3114 1307; x_wconf 87' lang='lat' dir='ltr'><strong>Cumque</strong></span> <span class='ocrx_word' id='word_1_185' title='bbox 3147 1234 3201 1290; x_wconf 92' lang='lat' dir='ltr'><strong>in</strong></span> <span class='ocrx_word' id='word_1_186' title='bbox 3235 1235 3427 1291; x_wconf 89' lang='lat' dir='ltr'><strong>eodem</strong></span> 
     </span>
    </p>
   </div>
   <div class='ocr_carea' id='block_1_27' title="bbox 1838 1324 3424 1383">
    <p class='ocr_par' dir='ltr' id='par_1_27' title="bbox 1838 1324 3424 1383">
     <span class='ocr_line' id='line_1_27' title="bbox 1838 1324 3424 1383; baseline 0.002 -3"><span class='ocrx_word' id='word_1_187' title='bbox 1838 1324 2073 1380; x_wconf 86' lang='lat' dir='ltr'><strong>culmine</strong></span> <span class='ocrx_word' id='word_1_188' title='bbox 2120 1325 2323 1380; x_wconf 88' lang='lat' dir='ltr'><strong>diutius</strong></span> <span class='ocrx_word' id='word_1_189' title='bbox 2374 1324 2817 1383; x_wconf 86' lang='lat' dir='ltr'><strong>deambularent.</strong></span> <span class='ocrx_word' id='word_1_190' title='bbox 2854 1333 2911 1381; x_wconf 88' lang='lat' dir='ltr'><strong>et</strong></span> <span class='ocrx_word' id='word_1_191' title='bbox 2962 1334 3279 1383; x_wconf 89' lang='lat' dir='ltr'><strong>consuetum</strong></span> <span class='ocrx_word' id='word_1_192' title='bbox 3329 1342 3424 1383; x_wconf 89' lang='lat' dir='ltr'><strong>co-</strong></span> 
     </span>
    </p>
   </div>
   <div class='ocr_carea' id='block_1_28' title="bbox 1836 1415 3424 1489">
    <p class='ocr_par' dir='ltr' id='par_1_28' title="bbox 1836 1415 3424 1489">
     <span class='ocr_line' id='line_1_28' title="bbox 1836 1415 3424 1489; baseline 0.003 -18"><span class='ocrx_word' id='word_1_193' title='bbox 1836 1415 2035 1472; x_wconf 88' lang='lat' dir='ltr'><strong>lumbis</strong></span> <span class='ocrx_word' id='word_1_194' title='bbox 2057 1418 2314 1488; x_wconf 82' lang='lat' dir='ltr'><strong>gemitum</strong></span> <span class='ocrx_word' id='word_1_195' title='bbox 2339 1416 2581 1472; x_wconf 90' lang='lat' dir='ltr'><strong>vicissim</strong></span> <span class='ocrx_word' id='word_1_196' title='bbox 2603 1417 2752 1472; x_wconf 90' lang='lat' dir='ltr'><strong>velut</strong></span> <span class='ocrx_word' id='word_1_197' title='bbox 2783 1416 3153 1489; x_wconf 84' lang='lat' dir='ltr'><strong>colloquentes</strong></span> <span class='ocrx_word' id='word_1_198' title='bbox 3176 1418 3424 1486; x_wconf 88' lang='lat' dir='ltr'><strong>ederent,</strong></span> 
     </span>
    </p>
   </div>
   <div class='ocr_carea' id='block_1_29' title="bbox 1839 1508 3433 1582">
    <p class='ocr_par' dir='ltr' id='par_1_29' title="bbox 1839 1508 3433 1582">
     <span class='ocr_line' id='line_1_29' title="bbox 1839 1508 3433 1582; baseline 0.001 -18"><span class='ocrx_word' id='word_1_199' title='bbox 1839 1524 2028 1565; x_wconf 88' lang='lat' dir='ltr'><strong>rursus</strong></span> <span class='ocrx_word' id='word_1_200' title='bbox 2050 1524 2151 1580; x_wconf 91' lang='lat' dir='ltr'><strong>per</strong></span> <span class='ocrx_word' id='word_1_201' title='bbox 2187 1508 2436 1564; x_wconf 87' lang='lat' dir='ltr'><strong>eamdem</strong></span> <span class='ocrx_word' id='word_1_202' title='bbox 2461 1508 2761 1565; x_wconf 79' lang='lat' dir='ltr'><strong>fenestram</strong></span> <span class='ocrx_word' id='word_1_203' title='bbox 2793 1524 3047 1581; x_wconf 70' lang='lat' dir='ltr'><strong>egressae,</strong></span> <span class='ocrx_word' id='word_1_204' title='bbox 3067 1525 3176 1566; x_wconf 91' lang='lat' dir='ltr'><strong>non</strong></span> <span class='ocrx_word' id='word_1_205' title='bbox 3212 1525 3433 1582; x_wconf 90' lang='lat' dir='ltr'><strong>compa-</strong></span> 
     </span>
    </p>
   </div>
   <div class='ocr_carea' id='block_1_30' title="bbox 1841 1601 3429 1674">
    <p class='ocr_par' dir='ltr' id='par_1_30' title="bbox 1841 1601 3429 1674">
     <span class='ocr_line' id='line_1_30' title="bbox 1841 1601 3429 1674; baseline 0 -15"><span class='ocrx_word' id='word_1_206' title='bbox 1841 1610 2088 1660; x_wconf 89' lang='lat' dir='ltr'><strong>ruerunt.</strong></span> <span class='ocrx_word' id='word_1_207' title='bbox 2131 1601 2439 1674; x_wconf 90' lang='lat' dir='ltr'><strong>Secutaque</strong></span> <span class='ocrx_word' id='word_1_208' title='bbox 2465 1618 2569 1657; x_wconf 85' lang='lat' dir='ltr'><strong>vox</strong></span> <span class='ocrx_word' id='word_1_209' title='bbox 2600 1618 2762 1673; x_wconf 88' lang='lat' dir='ltr'><strong>supra</strong></span> <span class='ocrx_word' id='word_1_210' title='bbox 2810 1611 2973 1673; x_wconf 88' lang='lat' dir='ltr'><strong>caput</strong></span> <span class='ocrx_word' id='word_1_211' title='bbox 3001 1604 3157 1674; x_wconf 85' lang='lat' dir='ltr'><strong>pueri</strong></span> <span class='ocrx_word' id='word_1_212' title='bbox 3204 1603 3429 1659; x_wconf 89' lang='lat' dir='ltr'><strong>sonuit:</strong></span> 
     </span>
    </p>
   </div>
   <div class='ocr_carea' id='block_1_31' title="bbox 1847 1693 3434 1764">
    <p class='ocr_par' dir='ltr' id='par_1_31' title="bbox 1847 1693 3434 1764">
     <span class='ocr_line' id='line_1_31' title="bbox 1847 1693 3434 1764; baseline 0.004 -18"><span class='ocrx_word' id='word_1_213' title='bbox 1847 1712 1867 1746; x_wconf 75' lang='grc' dir='ltr'>ι</span> <span class='ocrx_word' id='word_1_214' title='bbox 1909 1693 2088 1761; x_wconf 74' lang='lat' dir='ltr'><strong>Vade,</strong></span> <span class='ocrx_word' id='word_1_215' title='bbox 2123 1694 2318 1764; x_wconf 86' lang='lat' dir='ltr'><strong>inquit,</strong></span> <span class='ocrx_word' id='word_1_216' title='bbox 2365 1702 2422 1749; x_wconf 91' lang='lat' dir='ltr'><strong>et</strong></span> <span class='ocrx_word' id='word_1_217' title='bbox 2460 1695 2548 1749; x_wconf 90' lang='lat' dir='ltr'><strong>dic</strong></span> <span class='ocrx_word' id='word_1_218' title='bbox 2574 1693 2820 1751; x_wconf 77' lang='lat' dir='ltr'><strong>Ratleico</strong></span> <span class='ocrx_word' id='word_1_219' title='bbox 2868 1703 2930 1751; x_wconf 91' lang='lat' dir='ltr'><strong>ut</strong></span> <span class='ocrx_word' id='word_1_220' title='bbox 2976 1695 3181 1752; x_wconf 90' lang='lat' dir='ltr'><strong>indicet</strong></span> <span class='ocrx_word' id='word_1_221' title='bbox 3213 1694 3434 1752; x_wconf 88' lang='lat' dir='ltr'><strong>domino</strong></span> 
     </span>
    </p>
   </div>
   <div class='ocr_carea' id='block_1_32' title="bbox 1843 1785 3434 1859">
    <p class='ocr_par' dir='ltr' id='par_1_32' title="bbox 1843 1785 3434 1859">
     <span class='ocr_line' id='line_1_32' title="bbox 1843 1785 3434 1859; baseline 0 -15"><span class='ocrx_word' id='word_1_222' title='bbox 1843 1802 1964 1855; x_wconf 87' lang='lat' dir='ltr'><strong>suo,</strong></span> <span class='ocrx_word' id='word_1_223' title='bbox 1989 1787 2119 1859; x_wconf 85' lang='lat' dir='ltr'><strong>quia</strong></span> <span class='ocrx_word' id='word_1_224' title='bbox 2150 1786 2240 1842; x_wconf 90' lang='lat' dir='ltr'><strong>isti</strong></span> <span class='ocrx_word' id='word_1_225' title='bbox 2265 1786 2437 1842; x_wconf 85' lang='lat' dir='ltr'><strong>sancti</strong></span> <span class='ocrx_word' id='word_1_226' title='bbox 2468 1785 2734 1858; x_wconf 82' lang='lat' dir='ltr'><strong>Martyres</strong></span> <span class='ocrx_word' id='word_1_227' title='bbox 2765 1787 2954 1843; x_wconf 90' lang='lat' dir='ltr'><strong>nolunt</strong></span> <span class='ocrx_word' id='word_1_228' title='bbox 2997 1794 3059 1844; x_wconf 91' lang='lat' dir='ltr'><strong>ut</strong></span> <span class='ocrx_word' id='word_1_229' title='bbox 3085 1803 3275 1845; x_wconf 90' lang='lat' dir='ltr'><strong>eorum</strong></span> <span class='ocrx_word' id='word_1_230' title='bbox 3313 1805 3434 1846; x_wconf 82' lang='lat' dir='ltr'><strong>cor-</strong></span> 
     </span>
    </p>
   </div>
   <div class='ocr_carea' id='block_1_33' title="bbox 154 1866 3431 1953">
    <p class='ocr_par' dir='ltr' id='par_1_33' title="bbox 154 1866 3431 1953">
     <span class='ocr_line' id='line_1_33' title="bbox 154 1866 3431 1953; baseline -0.001 -14"><span class='ocrx_word' id='word_1_231' title='bbox 154 1899 281 1939; x_wconf 88' lang='lat' dir='ltr'><strong>nem</strong></span> <span class='ocrx_word' id='word_1_232' title='bbox 308 1881 553 1947; x_wconf 83' lang='lat' dir='ltr'><strong>fecimus,</strong></span> <span class='ocrx_word' id='word_1_233' title='bbox 577 1881 715 1937; x_wconf 91' lang='lat' dir='ltr'><strong>mihi</strong></span> <span class='ocrx_word' id='word_1_234' title='bbox 740 1881 965 1938; x_wconf 81' lang='lat' dir='ltr'><strong>redditae</strong></span> <span class='ocrx_word' id='word_1_235' title='bbox 993 1889 1139 1936; x_wconf 88' lang='lat' dir='ltr'><strong>sunt.</strong></span> <span class='ocrx_word' id='word_1_236' title='bbox 1160 1880 1240 1936; x_wconf 81' lang='lat' dir='ltr'><strong>Ex</strong></span> <span class='ocrx_word' id='word_1_237' title='bbox 1261 1895 1490 1953; x_wconf 91' lang='lat' dir='ltr'><strong>quarum</strong></span> <span class='ocrx_word' id='word_1_238' title='bbox 1510 1879 1743 1936; x_wconf 88' lang='lat' dir='ltr'><strong>lectione</strong></span> <span class='ocrx_word' id='word_1_239' title='bbox 1769 1866 1817 1926; x_wconf 90' lang='grc' dir='ltr'><strong>Β</strong></span> <span class='ocrx_word' id='word_1_240' title='bbox 1842 1891 1977 1949; x_wconf 90' lang='lat' dir='ltr'><strong>pora</strong></span> <span class='ocrx_word' id='word_1_241' title='bbox 2001 1877 2058 1931; x_wconf 93' lang='lat' dir='ltr'><strong>in</strong></span> <span class='ocrx_word' id='word_1_242' title='bbox 2081 1877 2184 1932; x_wconf 92' lang='lat' dir='ltr'><strong>hoc</strong></span> <span class='ocrx_word' id='word_1_243' title='bbox 2206 1876 2325 1931; x_wconf 93' lang='lat' dir='ltr'><strong>loco</strong></span> <span class='ocrx_word' id='word_1_244' title='bbox 2349 1877 2695 1947; x_wconf 87' lang='lat' dir='ltr'><strong>requiescant</strong></span> <span class='ocrx_word' id='word_1_245' title='bbox 2720 1896 2733 1932; x_wconf 89' lang='lat'><strong>:</strong></span> <span class='ocrx_word' id='word_1_246' title='bbox 2770 1878 2935 1934; x_wconf 89' lang='lat' dir='ltr'><strong>alium</strong></span> <span class='ocrx_word' id='word_1_247' title='bbox 2967 1880 3111 1935; x_wconf 90' lang='lat' dir='ltr'><strong>enim</strong></span> <span class='ocrx_word' id='word_1_248' title='bbox 3133 1880 3431 1953; x_wconf 88' lang='lat' dir='ltr'><strong>elegerunt,</strong></span> 
     </span>
    </p>
   </div>
   <div class='ocr_carea' id='block_1_34' title="bbox 157 1969 1741 2037">
    <p class='ocr_par' dir='ltr' id='par_1_34' title="bbox 157 1969 1741 2037">
     <span class='ocr_line' id='line_1_34' title="bbox 157 1969 1741 2037; baseline -0.003 -8"><span class='ocrx_word' id='word_1_249' title='bbox 157 1974 224 2029; x_wconf 90' lang='lat' dir='ltr'><strong>de</strong></span> <span class='ocrx_word' id='word_1_250' title='bbox 252 1973 486 2029; x_wconf 91' lang='lat' dir='ltr'><strong>adventu</strong></span> <span class='ocrx_word' id='word_1_251' title='bbox 537 1970 864 2029; x_wconf 88' lang='lat' dir='ltr'><strong>Sanctorum</strong></span> <span class='ocrx_word' id='word_1_252' title='bbox 896 1971 1097 2027; x_wconf 91' lang='lat' dir='ltr'><strong>certior</strong></span> <span class='ocrx_word' id='word_1_253' title='bbox 1138 1969 1316 2026; x_wconf 90' lang='lat' dir='ltr'><strong>factus</strong></span> <span class='ocrx_word' id='word_1_254' title='bbox 1337 2011 1352 2037; x_wconf 92' lang='lat'><strong>,</strong></span> <span class='ocrx_word' id='word_1_255' title='bbox 1398 1970 1542 2025; x_wconf 89' lang='lat' dir='ltr'><strong>illico</strong></span> <span class='ocrx_word' id='word_1_256' title='bbox 1574 1985 1741 2024; x_wconf 90' lang='lat' dir='ltr'><strong>unum</strong></span> 
     </span>
    </p>
   </div>
   <div class='ocr_carea' id='block_1_35' title="bbox 155 2061 1745 2135">
    <p class='ocr_par' dir='ltr' id='par_1_35' title="bbox 155 2061 1745 2135">
     <span class='ocr_line' id='line_1_35' title="bbox 155 2061 1745 2135; baseline -0.003 -14"><span class='ocrx_word' id='word_1_257' title='bbox 155 2081 223 2122; x_wconf 85' lang='lat' dir='ltr'><strong>ex</strong></span> <span class='ocrx_word' id='word_1_258' title='bbox 257 2064 613 2121; x_wconf 87' lang='lat' dir='ltr'><strong>familiaribus</strong></span> <span class='ocrx_word' id='word_1_259' title='bbox 638 2063 843 2120; x_wconf 90' lang='lat' dir='ltr'><strong>nostris</strong></span> <span class='ocrx_word' id='word_1_260' title='bbox 867 2061 1176 2133; x_wconf 89' lang='lat' dir='ltr'><strong>Trajectum</strong></span> <span class='ocrx_word' id='word_1_261' title='bbox 1197 2063 1297 2130; x_wconf 91' lang='lat' dir='ltr'><strong>ire,</strong></span> <span class='ocrx_word' id='word_1_262' title='bbox 1320 2062 1503 2134; x_wconf 89' lang='lat' dir='ltr'><strong>ibique</strong></span> <span class='ocrx_word' id='word_1_263' title='bbox 1520 2062 1745 2135; x_wconf 82' lang='lat' dir='ltr'><strong>presby-</strong></span> 
     </span>
    </p>
   </div>
   <div class='ocr_carea' id='block_1_36' title="bbox 154 2151 1743 2225">
    <p class='ocr_par' dir='ltr' id='par_1_36' title="bbox 154 2151 1743 2225">
     <span class='ocr_line' id='line_1_36' title="bbox 154 2151 1743 2225; baseline -0.004 -13"><span class='ocrx_word' id='word_1_264' title='bbox 154 2165 302 2213; x_wconf 84' lang='lat' dir='ltr'><strong>teros</strong></span> <span class='ocrx_word' id='word_1_265' title='bbox 329 2164 496 2225; x_wconf 89' lang='lat' dir='ltr'><strong>atque</strong></span> <span class='ocrx_word' id='word_1_266' title='bbox 526 2153 663 2210; x_wconf 91' lang='lat' dir='ltr'><strong>alios</strong></span> <span class='ocrx_word' id='word_1_267' title='bbox 693 2152 954 2220; x_wconf 90' lang='lat' dir='ltr'><strong>clericos,</strong></span> <span class='ocrx_word' id='word_1_268' title='bbox 997 2168 1208 2209; x_wconf 90' lang='lat' dir='ltr'><strong>necnon</strong></span> <span class='ocrx_word' id='word_1_269' title='bbox 1251 2159 1308 2208; x_wconf 89' lang='lat' dir='ltr'><strong>et</strong></span> <span class='ocrx_word' id='word_1_270' title='bbox 1346 2151 1516 2207; x_wconf 90' lang='lat' dir='ltr'><strong>laicos</strong></span> <span class='ocrx_word' id='word_1_271' title='bbox 1556 2166 1743 2207; x_wconf 91' lang='lat' dir='ltr'><strong>secum</strong></span> 
     </span>
    </p>
   </div>
   <div class='ocr_carea' id='block_1_37' title="bbox 153 2243 1745 2314">
    <p class='ocr_par' dir='ltr' id='par_1_37' title="bbox 153 2243 1745 2314">
     <span class='ocr_line' id='line_1_37' title="bbox 153 2243 1745 2314; baseline -0.006 -8"><span class='ocrx_word' id='word_1_272' title='bbox 153 2261 387 2313; x_wconf 72' lang='lat' dir='ltr'><strong>Sumere,</strong></span> <span class='ocrx_word' id='word_1_273' title='bbox 424 2262 490 2302; x_wconf 89' lang='lat' dir='ltr'><strong>ac</strong></span> <span class='ocrx_word' id='word_1_274' title='bbox 529 2245 748 2303; x_wconf 83' lang='lat' dir='ltr'><strong>Sanctis</strong></span> <span class='ocrx_word' id='word_1_275' title='bbox 775 2245 1136 2309; x_wconf 86' lang='lat' dir='ltr'><strong>venientibus,</strong></span> <span class='ocrx_word' id='word_1_276' title='bbox 1169 2244 1475 2314; x_wconf 90' lang='lat' dir='ltr'><strong>ubicunque</strong></span> <span class='ocrx_word' id='word_1_277' title='bbox 1508 2243 1745 2313; x_wconf 89' lang='lat' dir='ltr'><strong>primum</strong></span> 
     </span>
    </p>
   </div>
   <div class='ocr_carea' id='block_1_38' title="bbox 152 2334 1743 2412">
    <p class='ocr_par' dir='ltr' id='par_1_38' title="bbox 152 2334 1743 2412">
     <span class='ocr_line' id='line_1_38' title="bbox 152 2334 1743 2412; baseline -0.004 -16"><span class='ocrx_word' id='word_1_278' title='bbox 152 2339 444 2412; x_wconf 89' lang='lat' dir='ltr'><strong>potuisset,</strong></span> <span class='ocrx_word' id='word_1_279' title='bbox 475 2339 691 2395; x_wconf 85' lang='lat' dir='ltr'><strong>obviam</strong></span> <span class='ocrx_word' id='word_1_280' title='bbox 724 2336 986 2394; x_wconf 86' lang='lat' dir='ltr'><strong>festinare</strong></span> <span class='ocrx_word' id='word_1_281' title='bbox 1011 2334 1264 2409; x_wconf 69' lang='lat' dir='ltr'><strong>praecepi.</strong></span> <span class='ocrx_word' id='word_1_282' title='bbox 1297 2336 1365 2391; x_wconf 89' lang='lat' dir='ltr'><strong>Et</strong></span> <span class='ocrx_word' id='word_1_283' title='bbox 1386 2337 1433 2391; x_wconf 92' lang='lat' dir='ltr'><strong>is</strong></span> <span class='ocrx_word' id='word_1_284' title='bbox 1459 2335 1593 2391; x_wconf 87' lang='lat' dir='ltr'><strong>nihil</strong></span> <span class='ocrx_word' id='word_1_285' title='bbox 1624 2350 1743 2391; x_wconf 86' lang='lat' dir='ltr'><strong>mo-</strong></span> 
     </span>
    </p>
   </div>
   <div class='ocr_carea' id='block_1_39' title="bbox 154 2427 1747 2501">
    <p class='ocr_par' dir='ltr' id='par_1_39' title="bbox 154 2427 1747 2501">
     <span class='ocr_line' id='line_1_39' title="bbox 154 2427 1747 2501; baseline -0.004 -12"><span class='ocrx_word' id='word_1_286' title='bbox 154 2440 328 2497; x_wconf 82' lang='lat' dir='ltr'><strong>ratus,</strong></span> <span class='ocrx_word' id='word_1_287' title='bbox 360 2445 486 2485; x_wconf 90' lang='lat' dir='ltr'><strong>cum</strong></span> <span class='ocrx_word' id='word_1_288' title='bbox 509 2430 596 2486; x_wconf 90' lang='lat' dir='ltr'><strong>his</strong></span> <span class='ocrx_word' id='word_1_289' title='bbox 618 2444 755 2501; x_wconf 90' lang='lat' dir='ltr'><strong>quos</strong></span> <span class='ocrx_word' id='word_1_290' title='bbox 789 2443 974 2485; x_wconf 89' lang='lat' dir='ltr'><strong>secum</strong></span> <span class='ocrx_word' id='word_1_291' title='bbox 1017 2429 1248 2484; x_wconf 86' lang='lat' dir='ltr'><strong>duxerat</strong></span> <span class='ocrx_word' id='word_1_292' title='bbox 1284 2428 1342 2483; x_wconf 91' lang='lat' dir='ltr'><strong>in</strong></span> <span class='ocrx_word' id='word_1_293' title='bbox 1380 2427 1499 2483; x_wconf 89' lang='lat' dir='ltr'><strong>loco</strong></span> <span class='ocrx_word' id='word_1_294' title='bbox 1541 2441 1747 2483; x_wconf 86' lang='lat' dir='ltr'><strong>memo-</strong></span> 
     </span>
    </p>
   </div>
   <div class='ocr_carea' id='block_1_40' title="bbox 155 2519 1743 2595">
    <p class='ocr_par' dir='ltr' id='par_1_40' title="bbox 155 2519 1743 2595">
     <span class='ocr_line' id='line_1_40' title="bbox 155 2519 1743 2595; baseline -0.003 -14"><span class='ocrx_word' id='word_1_295' title='bbox 155 2533 301 2592; x_wconf 83' lang='lat' dir='ltr'><strong>rato,</strong></span> <span class='ocrx_word' id='word_1_296' title='bbox 336 2531 461 2595; x_wconf 90' lang='lat' dir='ltr'><strong>post</strong></span> <span class='ocrx_word' id='word_1_297' title='bbox 494 2536 699 2595; x_wconf 87' lang='lat' dir='ltr'><strong>paucos</strong></span> <span class='ocrx_word' id='word_1_298' title='bbox 722 2523 838 2579; x_wconf 91' lang='lat' dir='ltr'><strong>dies</strong></span> <span class='ocrx_word' id='word_1_299' title='bbox 862 2522 967 2590; x_wconf 91' lang='lat' dir='ltr'><strong>his,</strong></span> <span class='ocrx_word' id='word_1_300' title='bbox 1008 2522 1102 2593; x_wconf 90' lang='lat' dir='ltr'><strong>qui</strong></span> <span class='ocrx_word' id='word_1_301' title='bbox 1135 2520 1366 2576; x_wconf 91' lang='lat' dir='ltr'><strong>Sanctos</strong></span> <span class='ocrx_word' id='word_1_302' title='bbox 1403 2519 1743 2588; x_wconf 87' lang='lat' dir='ltr'><strong>adferebant,</strong></span> 
     </span>
    </p>
   </div>
   <div class='ocr_carea' id='block_1_41' title="bbox 154 2609 1747 2687">
    <p class='ocr_par' dir='ltr' id='par_1_41' title="bbox 154 2609 1747 2687">
     <span class='ocr_line' id='line_1_41' title="bbox 154 2609 1747 2687; baseline -0.006 -13"><span class='ocrx_word' id='word_1_303' title='bbox 154 2617 396 2675; x_wconf 84' lang='lat' dir='ltr'><strong>obviavit</strong></span> <span class='ocrx_word' id='word_1_304' title='bbox 424 2614 745 2687; x_wconf 88' lang='lat' dir='ltr'><strong>:junctique</strong></span> <span class='ocrx_word' id='word_1_305' title='bbox 795 2614 977 2681; x_wconf 87' lang='lat' dir='ltr'><strong>simul,</strong></span> <span class='ocrx_word' id='word_1_306' title='bbox 1024 2612 1410 2669; x_wconf 89' lang='lat' dir='ltr'><strong>comitantibus</strong></span> <span class='ocrx_word' id='word_1_307' title='bbox 1438 2609 1555 2680; x_wconf 88' lang='lat' dir='ltr'><strong>jam</strong></span> <span class='ocrx_word' id='word_1_308' title='bbox 1584 2618 1747 2682; x_wconf 90' lang='lat' dir='ltr'><strong>atque</strong></span> 
     </span>
    </p>
   </div>
   <div class='ocr_carea' id='block_1_42' title="bbox 156 2705 1749 2778">
    <p class='ocr_par' dir='ltr' id='par_1_42' title="bbox 156 2705 1749 2778">
     <span class='ocr_line' id='line_1_42' title="bbox 156 2705 1749 2778; baseline -0.007 -8"><span class='ocrx_word' id='word_1_309' title='bbox 156 2710 287 2770; x_wconf 87' lang='lat' dir='ltr'><strong>hinc</strong></span> <span class='ocrx_word' id='word_1_310' title='bbox 346 2709 475 2766; x_wconf 90' lang='lat' dir='ltr'><strong>inde</strong></span> <span class='ocrx_word' id='word_1_311' title='bbox 529 2708 980 2766; x_wconf 88' lang='lat' dir='ltr'><strong>concurrentibus</strong></span> <span class='ocrx_word' id='word_1_312' title='bbox 1038 2705 1364 2778; x_wconf 90' lang='lat' dir='ltr'><strong>hymnidicis</strong></span> <span class='ocrx_word' id='word_1_313' title='bbox 1425 2705 1749 2778; x_wconf 88' lang='lat' dir='ltr'><strong>populorum</strong></span> 
     </span>
    </p>
   </div>
   <div class='ocr_carea' id='block_1_43' title="bbox 157 2799 1749 2876">
    <p class='ocr_par' dir='ltr' id='par_1_43' title="bbox 157 2799 1749 2876">
     <span class='ocr_line' id='line_1_43' title="bbox 157 2799 1749 2876; baseline -0.004 -15"><span class='ocrx_word' id='word_1_314' title='bbox 157 2806 376 2872; x_wconf 86' lang='lat' dir='ltr'><strong>turmis,</strong></span> <span class='ocrx_word' id='word_1_315' title='bbox 410 2820 536 2860; x_wconf 90' lang='lat' dir='ltr'><strong>cum</strong></span> <span class='ocrx_word' id='word_1_316' title='bbox 584 2803 791 2876; x_wconf 80' lang='lat' dir='ltr'><strong>ingenti</strong></span> <span class='ocrx_word' id='word_1_317' title='bbox 825 2803 1067 2859; x_wconf 91' lang='lat' dir='ltr'><strong>omnium</strong></span> <span class='ocrx_word' id='word_1_318' title='bbox 1094 2800 1317 2868; x_wconf 71' lang='lat' dir='ltr'><strong>laetitia,</strong></span> <span class='ocrx_word' id='word_1_319' title='bbox 1354 2803 1380 2843; x_wconf 72' lang='grc' dir='ltr'><strong>δ</strong></span> <span class='ocrx_word' id='word_1_320' title='bbox 1419 2799 1749 2873; x_wconf 87' lang='lat' dir='ltr'><strong>Argentora-</strong></span> 
     </span>
    </p>
   </div>
   <div class='ocr_carea' id='block_1_44' title="bbox 159 2892 1751 2968">
    <p class='ocr_par' dir='ltr' id='par_1_44' title="bbox 159 2892 1751 2968">
     <span class='ocr_line' id='line_1_44' title="bbox 159 2892 1751 2968; baseline -0.002 -17"><span class='ocrx_word' id='word_1_321' title='bbox 159 2904 279 2951; x_wconf 89' lang='lat' dir='ltr'><strong>tum</strong></span> <span class='ocrx_word' id='word_1_322' title='bbox 305 2895 520 2965; x_wconf 90' lang='lat' dir='ltr'><strong>urbem,</strong></span> <span class='ocrx_word' id='word_1_323' title='bbox 551 2911 673 2968; x_wconf 77' lang='lat' dir='ltr'><strong>quae</strong></span> <span class='ocrx_word' id='word_1_324' title='bbox 712 2910 858 2952; x_wconf 91' lang='lat' dir='ltr'><strong>nunc</strong></span> <span class='ocrx_word' id='word_1_325' title='bbox 882 2893 1178 2966; x_wconf 85' lang='lat' dir='ltr'><strong>Strasburg</strong></span> <span class='ocrx_word' id='word_1_326' title='bbox 1205 2892 1524 2965; x_wconf 89' lang='lat' dir='ltr'><strong>appellatur,</strong></span> <span class='ocrx_word' id='word_1_327' title='bbox 1558 2892 1751 2949; x_wconf 87' lang='lat' dir='ltr'><strong>celeri-</strong></span> 
     </span>
    </p>
   </div>
   <div class='ocr_carea' id='block_1_45' title="bbox 156 2986 1746 3064">
    <p class='ocr_par' dir='ltr' id='par_1_45' title="bbox 156 2986 1746 3064">
     <span class='ocr_line' id='line_1_45' title="bbox 156 2986 1746 3064; baseline -0.005 -15"><span class='ocrx_word' id='word_1_328' title='bbox 156 2999 248 3049; x_wconf 92' lang='lat' dir='ltr'><strong>ter</strong></span> <span class='ocrx_word' id='word_1_329' title='bbox 270 2991 513 3048; x_wconf 86' lang='lat' dir='ltr'><strong>veniunt.</strong></span> <span class='ocrx_word' id='word_1_330' title='bbox 530 2988 660 3047; x_wconf 91' lang='lat' dir='ltr'><strong>Inde</strong></span> <span class='ocrx_word' id='word_1_331' title='bbox 678 3006 778 3064; x_wconf 91' lang='lat' dir='ltr'><strong>per</strong></span> <span class='ocrx_word' id='word_1_332' title='bbox 797 2990 1039 3047; x_wconf 83' lang='lat' dir='ltr'><strong>Hrenum</strong></span> <span class='ocrx_word' id='word_1_333' title='bbox 1062 2987 1297 3045; x_wconf 90' lang='lat' dir='ltr'><strong>secunda</strong></span> <span class='ocrx_word' id='word_1_334' title='bbox 1322 3003 1462 3060; x_wconf 90' lang='lat' dir='ltr'><strong>aqua</strong></span> <span class='ocrx_word' id='word_1_335' title='bbox 1484 2986 1746 3059; x_wconf 89' lang='lat' dir='ltr'><strong>navigan-</strong></span> 
     </span>
    </p>
   </div>
   <div class='ocr_carea' id='block_1_46' title="bbox 156 3079 1746 3154">
    <p class='ocr_par' dir='ltr' id='par_1_46' title="bbox 156 3079 1746 3154">
     <span class='ocr_line' id='line_1_46' title="bbox 156 3079 1746 3154; baseline -0.006 -12"><span class='ocrx_word' id='word_1_336' title='bbox 156 3093 267 3152; x_wconf 91' lang='lat' dir='ltr'><strong>tes,</strong></span> <span class='ocrx_word' id='word_1_337' title='bbox 296 3100 421 3140; x_wconf 88' lang='lat' dir='ltr'><strong>cum</strong></span> <span class='ocrx_word' id='word_1_338' title='bbox 457 3082 525 3140; x_wconf 89' lang='lat' dir='ltr'><strong>ad</strong></span> <span class='ocrx_word' id='word_1_339' title='bbox 542 3083 746 3151; x_wconf 93' lang='lat' dir='ltr'><strong>locum,</strong></span> <span class='ocrx_word' id='word_1_340' title='bbox 774 3083 866 3154; x_wconf 91' lang='lat' dir='ltr'><strong>qui</strong></span> <span class='ocrx_word' id='word_1_341' title='bbox 894 3084 924 3125; x_wconf 74' lang='grc' dir='ltr'><strong>ιι</strong></span> <span class='ocrx_word' id='word_1_342' title='bbox 951 3082 1151 3139; x_wconf 84' lang='lat' dir='ltr'><strong>Portus</strong></span> <span class='ocrx_word' id='word_1_343' title='bbox 1171 3088 1416 3146; x_wconf 84' lang='lat' dir='ltr'><strong>vocatur,</strong></span> <span class='ocrx_word' id='word_1_344' title='bbox 1449 3079 1746 3146; x_wconf 86' lang='lat' dir='ltr'><strong>venissent,</strong></span> 
     </span>
    </p>
   </div>
   <div class='ocr_carea' id='block_1_47' title="bbox 160 3169 1748 3252">
    <p class='ocr_par' dir='ltr' id='par_1_47' title="bbox 160 3169 1748 3252">
     <span class='ocr_line' id='line_1_47' title="bbox 160 3169 1748 3252; baseline -0.004 -21"><span class='ocrx_word' id='word_1_345' title='bbox 160 3176 298 3252; x_wconf 70' lang='grc' dir='ltr'><strong>[Μς.</strong></span> <span class='ocrx_word' id='word_1_346' title='bbox 315 3176 440 3231; x_wconf 82' lang='lat' dir='ltr'><strong>add.</strong></span> <span class='ocrx_word' id='word_1_347' title='bbox 458 3173 539 3248; x_wconf 85' lang='lat' dir='ltr'><strong>in]</strong></span> <span class='ocrx_word' id='word_1_348' title='bbox 557 3173 876 3232; x_wconf 90' lang='lat' dir='ltr'><strong>orientalem</strong></span> <span class='ocrx_word' id='word_1_349' title='bbox 897 3171 1133 3229; x_wconf 86' lang='lat' dir='ltr'><strong>ﬂuminis</strong></span> <span class='ocrx_word' id='word_1_350' title='bbox 1155 3172 1330 3244; x_wconf 90' lang='lat' dir='ltr'><strong>ripam</strong></span> <span class='ocrx_word' id='word_1_351' title='bbox 1358 3169 1582 3242; x_wconf 87' lang='lat' dir='ltr'><strong>egressi,</strong></span> <span class='ocrx_word' id='word_1_352' title='bbox 1596 3171 1748 3241; x_wconf 91' lang='lat' dir='ltr'><strong>quin-</strong></span> 
     </span>
    </p>
   </div>
   <div class='ocr_carea' id='block_1_48' title="bbox 162 3262 1751 3333">
    <p class='ocr_par' dir='ltr' id='par_1_48' title="bbox 162 3262 1751 3333">
     <span class='ocr_line' id='line_1_48' title="bbox 162 3262 1751 3333; baseline -0.004 -10"><span class='ocrx_word' id='word_1_353' title='bbox 162 3278 227 3324; x_wconf 87' lang='lat' dir='ltr'><strong>ta</strong></span> <span class='ocrx_word' id='word_1_354' title='bbox 266 3266 550 3323; x_wconf 89' lang='lat' dir='ltr'><strong>mansione</strong></span> <span class='ocrx_word' id='word_1_355' title='bbox 577 3266 646 3322; x_wconf 91' lang='lat' dir='ltr'><strong>ad</strong></span> <span class='ocrx_word' id='word_1_356' title='bbox 672 3266 851 3322; x_wconf 90' lang='lat' dir='ltr'><strong>locum</strong></span> <span class='ocrx_word' id='word_1_357' title='bbox 888 3266 906 3307; x_wconf 78' lang='grc' dir='ltr'><strong>ί</strong></span> <span class='ocrx_word' id='word_1_358' title='bbox 942 3262 1333 3321; x_wconf 88' lang='lat' dir='ltr'><strong>Michilinstadt</strong></span> <span class='ocrx_word' id='word_1_359' title='bbox 1362 3270 1751 3333; x_wconf 90' lang='lat' dir='ltr'><strong>nuncupatum,</strong></span> 
     </span>
    </p>
   </div>
   <div class='ocr_carea' id='block_1_49' title="bbox 162 3353 1760 3417">
    <p class='ocr_par' dir='ltr' id='par_1_49' title="bbox 162 3353 1760 3417">
     <span class='ocr_line' id='line_1_49' title="bbox 162 3353 1760 3417; baseline -0.006 0"><span class='ocrx_word' id='word_1_360' title='bbox 162 3374 302 3417; x_wconf 84' lang='lat' dir='ltr'><strong>cum</strong></span> <span class='ocrx_word' id='word_1_361' title='bbox 322 3358 602 3415; x_wconf 86' lang='lat' dir='ltr'><strong>immodica</strong></span> <span class='ocrx_word' id='word_1_362' title='bbox 614 3358 895 3415; x_wconf 89' lang='lat' dir='ltr'><strong>hominum</strong></span> <span class='ocrx_word' id='word_1_363' title='bbox 918 3357 973 3413; x_wconf 91' lang='lat' dir='ltr'><strong>in</strong></span> <span class='ocrx_word' id='word_1_364' title='bbox 994 3355 1091 3411; x_wconf 88' lang='lat' dir='ltr'><strong>Dei</strong></span> <span class='ocrx_word' id='word_1_365' title='bbox 1106 3355 1354 3411; x_wconf 91' lang='lat' dir='ltr'><strong>laudibus</strong></span> <span class='ocrx_word' id='word_1_366' title='bbox 1372 3353 1760 3410; x_wconf 84' lang='lat' dir='ltr'><strong>exsultantium</strong></span> 
     </span>
    </p>
   </div>
   <div class='ocr_carea' id='block_1_50' title="bbox 160 3431 1762 3522">
    <p class='ocr_par' dir='ltr' id='par_1_50' title="bbox 160 3431 1762 3522">
     <span class='ocr_line' id='line_1_50' title="bbox 160 3431 1762 3522; baseline -0.007 -12"><span class='ocrx_word' id='word_1_367' title='bbox 160 3431 536 3517; x_wconf 78' lang='lat' dir='ltr'><strong>multitudine,</strong></span> <span class='ocrx_word' id='word_1_368' title='bbox 560 3450 905 3522; x_wconf 85' lang='lat' dir='ltr'><strong>perveniunt.</strong></span> <span class='ocrx_word' id='word_1_369' title='bbox 920 3447 973 3505; x_wconf 90' lang='lat' dir='ltr'><strong>Is</strong></span> <span class='ocrx_word' id='word_1_370' title='bbox 999 3447 1151 3504; x_wconf 92' lang='lat' dir='ltr'><strong>locus</strong></span> <span class='ocrx_word' id='word_1_371' title='bbox 1181 3454 1265 3503; x_wconf 91' lang='lat' dir='ltr'><strong>est</strong></span> <span class='ocrx_word' id='word_1_372' title='bbox 1293 3445 1350 3501; x_wconf 93' lang='lat' dir='ltr'><strong>in</strong></span> <span class='ocrx_word' id='word_1_373' title='bbox 1378 3460 1443 3501; x_wconf 91' lang='lat' dir='ltr'><strong>eo</strong></span> <span class='ocrx_word' id='word_1_374' title='bbox 1467 3445 1607 3501; x_wconf 91' lang='lat' dir='ltr'><strong>saltu</strong></span> <span class='ocrx_word' id='word_1_375' title='bbox 1628 3443 1762 3501; x_wconf 88' lang='lat' dir='ltr'><strong>Ger-</strong></span> 
     </span>
    </p>
   </div>
   <div class='ocr_carea' id='block_1_51' title="bbox 162 3538 1763 3619">
    <p class='ocr_par' dir='ltr' id='par_1_51' title="bbox 162 3538 1763 3619">
     <span class='ocr_line' id='line_1_51' title="bbox 162 3538 1763 3619; baseline -0.003 -19"><span class='ocrx_word' id='word_1_376' title='bbox 162 3544 387 3619; x_wconf 78' lang='lat' dir='ltr'><strong>maniae,</strong></span> <span class='ocrx_word' id='word_1_377' title='bbox 419 3542 511 3615; x_wconf 91' lang='lat' dir='ltr'><strong>qui</strong></span> <span class='ocrx_word' id='word_1_378' title='bbox 542 3552 785 3614; x_wconf 87' lang='lat' dir='ltr'><strong>tempore</strong></span> <span class='ocrx_word' id='word_1_379' title='bbox 813 3540 1076 3597; x_wconf 89' lang='lat' dir='ltr'><strong>moderno</strong></span> <span class='ocrx_word' id='word_1_380' title='bbox 1118 3538 1132 3590; x_wconf 87' lang='lat' dir='ltr'><strong>i</strong></span> <span class='ocrx_word' id='word_1_381' title='bbox 1186 3538 1483 3596; x_wconf 84' lang='lat' dir='ltr'><strong>Odanwald</strong></span> <span class='ocrx_word' id='word_1_382' title='bbox 1528 3538 1763 3611; x_wconf 89' lang='lat' dir='ltr'><strong>appella-</strong></span> 
     </span>
    </p>
   </div>
   <div class='ocr_carea' id='block_1_52' title="bbox 161 3632 1760 3709">
    <p class='ocr_par' dir='ltr' id='par_1_52' title="bbox 161 3632 1760 3709">
     <span class='ocr_line' id='line_1_52' title="bbox 161 3632 1760 3709; baseline -0.006 -11"><span class='ocrx_word' id='word_1_383' title='bbox 161 3650 279 3709; x_wconf 89' lang='lat' dir='ltr'><strong>tur,</strong></span> <span class='ocrx_word' id='word_1_384' title='bbox 310 3648 366 3696; x_wconf 90' lang='lat' dir='ltr'><strong>et</strong></span> <span class='ocrx_word' id='word_1_385' title='bbox 399 3640 567 3696; x_wconf 88' lang='lat' dir='ltr'><strong>distat</strong></span> <span class='ocrx_word' id='word_1_386' title='bbox 595 3654 628 3695; x_wconf 90' lang='lat' dir='ltr'><strong>a</strong></span> <span class='ocrx_word' id='word_1_387' title='bbox 666 3637 840 3695; x_wconf 72' lang='lat' dir='ltr'><strong>Manno</strong></span> <span class='ocrx_word' id='word_1_388' title='bbox 885 3632 1107 3692; x_wconf 82' lang='lat' dir='ltr'><strong>flumine</strong></span> <span class='ocrx_word' id='word_1_389' title='bbox 1154 3636 1374 3692; x_wconf 87' lang='lat' dir='ltr'><strong>circiter</strong></span> <span class='ocrx_word' id='word_1_390' title='bbox 1418 3634 1607 3691; x_wconf 89' lang='lat' dir='ltr'><strong>leucas</strong></span> <span class='ocrx_word' id='word_1_391' title='bbox 1643 3649 1760 3691; x_wconf 84' lang='lat' dir='ltr'><strong>sex.</strong></span> 
     </span>
    </p>
   </div>
   <div class='ocr_carea' id='block_1_53' title="bbox 159 3725 1765 3805">
    <p class='ocr_par' dir='ltr' id='par_1_53' title="bbox 159 3725 1765 3805">
     <span class='ocr_line' id='line_1_53' title="bbox 159 3725 1765 3805; baseline -0.007 -12"><span class='ocrx_word' id='word_1_392' title='bbox 159 3732 229 3793; x_wconf 86' lang='lat' dir='ltr'><strong>In</strong></span> <span class='ocrx_word' id='word_1_393' title='bbox 254 3747 367 3805; x_wconf 86' lang='lat' dir='ltr'><strong>quo</strong></span> <span class='ocrx_word' id='word_1_394' title='bbox 393 3747 521 3788; x_wconf 91' lang='lat' dir='ltr'><strong>cum</strong></span> <span class='ocrx_word' id='word_1_395' title='bbox 536 3728 823 3788; x_wconf 87' lang='lat' dir='ltr'><strong>basilicam</strong></span> <span class='ocrx_word' id='word_1_396' title='bbox 853 3728 1072 3784; x_wconf 88' lang='lat' dir='ltr'><strong>noviter</strong></span> <span class='ocrx_word' id='word_1_397' title='bbox 1089 3743 1121 3784; x_wconf 93' lang='lat' dir='ltr'><strong>a</strong></span> <span class='ocrx_word' id='word_1_398' title='bbox 1146 3742 1235 3783; x_wconf 89' lang='lat' dir='ltr'><strong>me</strong></span> <span class='ocrx_word' id='word_1_399' title='bbox 1257 3733 1646 3791; x_wconf 85' lang='lat' dir='ltr'><strong>constructam,</strong></span> <span class='ocrx_word' id='word_1_400' title='bbox 1670 3725 1765 3782; x_wconf 91' lang='lat' dir='ltr'><strong>sed</strong></span> 
     </span>
    </p>
   </div>
   <div class='ocr_carea' id='block_1_54' title="bbox 161 3817 1767 3888">
    <p class='ocr_par' dir='ltr' id='par_1_54' title="bbox 161 3817 1767 3888">
     <span class='ocr_line' id='line_1_54' title="bbox 161 3817 1767 3888; baseline -0.006 -4"><span class='ocrx_word' id='word_1_401' title='bbox 161 3825 411 3884; x_wconf 84' lang='lat' dir='ltr'><strong>nondum</strong></span> <span class='ocrx_word' id='word_1_402' title='bbox 440 3823 747 3879; x_wconf 88' lang='lat' dir='ltr'><strong>dedicatam</strong></span> <span class='ocrx_word' id='word_1_403' title='bbox 773 3821 1130 3888; x_wconf 88' lang='lat' dir='ltr'><strong>invenissent,</strong></span> <span class='ocrx_word' id='word_1_404' title='bbox 1164 3819 1220 3875; x_wconf 90' lang='lat' dir='ltr'><strong>in</strong></span> <span class='ocrx_word' id='word_1_405' title='bbox 1256 3820 1397 3875; x_wconf 89' lang='lat' dir='ltr'><strong>hanc</strong></span> <span class='ocrx_word' id='word_1_406' title='bbox 1433 3817 1554 3874; x_wconf 91' lang='lat' dir='ltr'><strong>illos</strong></span> <span class='ocrx_word' id='word_1_407' title='bbox 1584 3832 1767 3875; x_wconf 88' lang='lat' dir='ltr'><strong>sacros</strong></span> 
     </span>
    </p>
   </div>
   <div class='ocr_carea' id='block_1_55' title="bbox 160 3913 1770 3984">
    <p class='ocr_par' dir='ltr' id='par_1_55' title="bbox 160 3913 1770 3984">
     <span class='ocr_line' id='line_1_55' title="bbox 160 3913 1770 3984; baseline -0.006 -9"><span class='ocrx_word' id='word_1_408' title='bbox 160 3917 386 3975; x_wconf 82' lang='lat' dir='ltr'><strong>cineres</strong></span> <span class='ocrx_word' id='word_1_409' title='bbox 414 3915 736 3984; x_wconf 90' lang='lat' dir='ltr'><strong>intulerunt,</strong></span> <span class='ocrx_word' id='word_1_410' title='bbox 763 3922 821 3972; x_wconf 89' lang='lat' dir='ltr'><strong>et</strong></span> <span class='ocrx_word' id='word_1_411' title='bbox 842 3913 991 3972; x_wconf 88' lang='lat' dir='ltr'><strong>velut</strong></span> <span class='ocrx_word' id='word_1_412' title='bbox 1032 3913 1105 3970; x_wconf 91' lang='lat' dir='ltr'><strong>ibi</strong></span> <span class='ocrx_word' id='word_1_413' title='bbox 1146 3920 1412 3984; x_wconf 79' lang='lat' dir='ltr'><strong>perpetuo</strong></span> <span class='ocrx_word' id='word_1_414' title='bbox 1454 3925 1770 3982; x_wconf 89' lang='lat' dir='ltr'><strong>permansu-</strong></span> 
     </span>
    </p>
   </div>
   <div class='ocr_carea' id='block_1_56' title="bbox 161 4008 680 4079">
    <p class='ocr_par' dir='ltr' id='par_1_56' title="bbox 161 4008 680 4079">
     <span class='ocr_line' id='line_1_56' title="bbox 161 4008 680 4079; baseline -0.01 -12"><span class='ocrx_word' id='word_1_415' title='bbox 161 4017 265 4067; x_wconf 81' lang='lat' dir='ltr'><strong>ros</strong></span> <span class='ocrx_word' id='word_1_416' title='bbox 289 4008 680 4079; x_wconf 87' lang='lat' dir='ltr'><strong>deposuerunt.</strong></span> 
     </span>
    </p>
   </div>
   <div class='ocr_carea' id='block_1_57' title="bbox 245 4093 1770 4175">
    <p class='ocr_par' dir='ltr' id='par_1_57' title="bbox 245 4093 1770 4175">
     <span class='ocr_line' id='line_1_57' title="bbox 245 4093 1770 4175; baseline -0.004 -18"><span class='ocrx_word' id='word_1_417' title='bbox 245 4100 337 4157; x_wconf 76' lang='lat' dir='ltr'><strong>l5.</strong></span> <span class='ocrx_word' id='word_1_418' title='bbox 363 4100 605 4175; x_wconf 89' lang='lat' dir='ltr'><strong>Cumque</strong></span> <span class='ocrx_word' id='word_1_419' title='bbox 635 4100 690 4156; x_wconf 89' lang='lat' dir='ltr'><strong>id</strong></span> <span class='ocrx_word' id='word_1_420' title='bbox 716 4100 851 4157; x_wconf 89' lang='lat' dir='ltr'><strong>mihi</strong></span> <span class='ocrx_word' id='word_1_421' title='bbox 878 4098 1073 4157; x_wconf 87' lang='lat' dir='ltr'><strong>fuisset</strong></span> <span class='ocrx_word' id='word_1_422' title='bbox 1114 4094 1360 4167; x_wconf 91' lang='lat' dir='ltr'><strong>allatum,</strong></span> <span class='ocrx_word' id='word_1_423' title='bbox 1395 4093 1680 4154; x_wconf 89' lang='lat' dir='ltr'><strong>confestim</strong></span> <span class='ocrx_word' id='word_1_424' title='bbox 1706 4096 1770 4153; x_wconf 92' lang='lat' dir='ltr'><strong>il-</strong></span> 
     </span>
    </p>
   </div>
   <div class='ocr_carea' id='block_1_58' title="bbox 158 4190 1766 4266">
    <p class='ocr_par' dir='ltr' id='par_1_58' title="bbox 158 4190 1766 4266">
     <span class='ocr_line' id='line_1_58' title="bbox 158 4190 1766 4266; baseline -0.002 -16"><span class='ocrx_word' id='word_1_425' title='bbox 158 4194 280 4261; x_wconf 89' lang='lat' dir='ltr'><strong>luc,</strong></span> <span class='ocrx_word' id='word_1_426' title='bbox 315 4201 516 4266; x_wconf 88' lang='lat' dir='ltr'><strong>quanta</strong></span> <span class='ocrx_word' id='word_1_427' title='bbox 544 4192 697 4265; x_wconf 89' lang='lat' dir='ltr'><strong>potui</strong></span> <span class='ocrx_word' id='word_1_428' title='bbox 719 4192 998 4249; x_wconf 90' lang='lat' dir='ltr'><strong>celeritate</strong></span> <span class='ocrx_word' id='word_1_429' title='bbox 1034 4192 1064 4233; x_wconf 75' lang='grc' dir='ltr'><strong>ιι</strong></span> <span class='ocrx_word' id='word_1_430' title='bbox 1102 4191 1292 4247; x_wconf 89' lang='lat' dir='ltr'><strong>venire</strong></span> <span class='ocrx_word' id='word_1_431' title='bbox 1337 4190 1607 4247; x_wconf 90' lang='lat' dir='ltr'><strong>festinavi.</strong></span> <span class='ocrx_word' id='word_1_432' title='bbox 1642 4190 1766 4259; x_wconf 89' lang='lat' dir='ltr'><strong>Ubi,</strong></span> 
     </span>
    </p>
   </div>
   <div class='ocr_carea' id='block_1_59' title="bbox 162 4280 1770 4358">
    <p class='ocr_par' dir='ltr' id='par_1_59' title="bbox 162 4280 1770 4358">
     <span class='ocr_line' id='line_1_59' title="bbox 162 4280 1770 4358; baseline -0.002 -15"><span class='ocrx_word' id='word_1_433' title='bbox 162 4300 325 4353; x_wconf 87' lang='lat' dir='ltr'><strong>cum,</strong></span> <span class='ocrx_word' id='word_1_434' title='bbox 354 4285 537 4342; x_wconf 91' lang='lat' dir='ltr'><strong>triduo</strong></span> <span class='ocrx_word' id='word_1_435' title='bbox 554 4290 680 4358; x_wconf 91' lang='lat' dir='ltr'><strong>post</strong></span> <span class='ocrx_word' id='word_1_436' title='bbox 711 4285 1006 4343; x_wconf 89' lang='lat' dir='ltr'><strong>adventum</strong></span> <span class='ocrx_word' id='word_1_437' title='bbox 1034 4291 1285 4342; x_wconf 89' lang='lat' dir='ltr'><strong>nostrum</strong></span> <span class='ocrx_word' id='word_1_438' title='bbox 1308 4293 1522 4352; x_wconf 84' lang='lat' dir='ltr'><strong>exacto,</strong></span> <span class='ocrx_word' id='word_1_439' title='bbox 1548 4280 1770 4354; x_wconf 88' lang='lat' dir='ltr'><strong>quidam</strong></span> 
     </span>
    </p>
   </div>
   <div class='ocr_carea' id='block_1_60' title="bbox 245 4458 1770 4537">
    <p class='ocr_par' dir='ltr' id='par_1_60' title="bbox 245 4458 1770 4537">
     <span class='ocr_line' id='line_1_60' title="bbox 245 4458 1770 4537; baseline -0.002 -17"><span class='ocrx_word' id='word_1_440' title='bbox 245 4476 273 4507; x_wconf 78' lang='grc' dir='ltr'>ι</span> <span class='ocrx_word' id='word_1_441' title='bbox 314 4463 605 4537; x_wconf 80' lang='lat' dir='ltr'><strong>Agaunum</strong></span> <span class='ocrx_word' id='word_1_442' title='bbox 690 4463 973 4537; x_wconf 86' lang='lat' dir='ltr'><strong>intelligit,</strong></span> <span class='ocrx_word' id='word_1_443' title='bbox 1040 4463 1136 4520; x_wconf 89' lang='lat' dir='ltr'><strong>ubi</strong></span> <span class='ocrx_word' id='word_1_444' title='bbox 1182 4461 1242 4518; x_wconf 92' lang='lat' dir='ltr'><strong>S.</strong></span> <span class='ocrx_word' id='word_1_445' title='bbox 1300 4458 1584 4537; x_wconf 73' lang='lat' dir='ltr'><strong>Mauritius</strong></span> <span class='ocrx_word' id='word_1_446' title='bbox 1612 4476 1770 4537; x_wconf 80' lang='lat' dir='ltr'><strong>_cu_m</strong></span> 
     </span>
    </p>
   </div>
   <div class='ocr_carea' id='block_1_61' title="bbox 163 4531 1767 4608">
    <p class='ocr_par' dir='ltr' id='par_1_61' title="bbox 163 4531 1767 4608">
     <span class='ocr_line' id='line_1_61' title="bbox 163 4531 1767 4608; baseline -0.004 -14"><span class='ocrx_word' id='word_1_447' title='bbox 163 4531 431 4594; x_wconf 55' lang='lat' dir='ltr'><strong>Thebaeis</strong></span> <span class='ocrx_word' id='word_1_448' title='bbox 482 4537 745 4608; x_wconf 76' lang='lat' dir='ltr'><strong>martyrio</strong></span> <span class='ocrx_word' id='word_1_449' title='bbox 808 4531 1123 4608; x_wconf 71' lang='lat' dir='ltr'><strong>coronatus,</strong></span> <span class='ocrx_word' id='word_1_450' title='bbox 1180 4547 1396 4608; x_wconf 88' lang='lat' dir='ltr'><strong>nomen_</strong></span> <span class='ocrx_word' id='word_1_451' title='bbox 1442 4531 1767 4608; x_wconf 81' lang='lat' dir='ltr'><strong>loco_dedit,</strong></span> 
     </span>
    </p>
   </div>
   <div class='ocr_carea' id='block_1_62' title="bbox 1848 1967 3435 2040">
    <p class='ocr_par' dir='ltr' id='par_1_62' title="bbox 1848 1967 3435 2040">
     <span class='ocr_line' id='line_1_62' title="bbox 1848 1967 3435 2040; baseline 0.002 -17"><span class='ocrx_word' id='word_1_452' title='bbox 1848 1968 1916 2024; x_wconf 91' lang='lat' dir='ltr'><strong>ad</strong></span> <span class='ocrx_word' id='word_1_453' title='bbox 1944 1983 2103 2040; x_wconf 90' lang='lat' dir='ltr'><strong>quem</strong></span> <span class='ocrx_word' id='word_1_454' title='bbox 2123 1967 2372 2023; x_wconf 89' lang='lat' dir='ltr'><strong>celeriter</strong></span> <span class='ocrx_word' id='word_1_455' title='bbox 2402 1967 2641 2039; x_wconf 85' lang='lat' dir='ltr'><strong>migrare</strong></span> <span class='ocrx_word' id='word_1_456' title='bbox 2665 1968 2985 2039; x_wconf 89' lang='lat' dir='ltr'><strong>dispositum</strong></span> <span class='ocrx_word' id='word_1_457' title='bbox 3015 1969 3235 2026; x_wconf 89' lang='lat' dir='ltr'><strong>habent.</strong></span> <span class='ocrx_word' id='word_1_458' title='bbox 3276 1991 3296 2025; x_wconf 72' lang='grc' dir='ltr'><strong><em>ι</em></strong></span> <span class='ocrx_word' id='word_1_459' title='bbox 3324 1971 3435 2027; x_wconf 87' lang='lat' dir='ltr'><strong>Hu-</strong></span> 
     </span>
    </p>
   </div>
   <div class='ocr_carea' id='block_1_63' title="bbox 1836 2057 3435 2133">
    <p class='ocr_par' dir='ltr' id='par_1_63' title="bbox 1836 2057 3435 2133">
     <span class='ocr_line' id='line_1_63' title="bbox 1836 2057 3435 2133; baseline 0.002 -18"><span class='ocrx_word' id='word_1_460' title='bbox 1836 2057 1930 2129; x_wconf 84' lang='lat' dir='ltr'><strong>jus</strong></span> <span class='ocrx_word' id='word_1_461' title='bbox 1960 2059 2111 2116; x_wconf 91' lang='lat' dir='ltr'><strong>vocis</strong></span> <span class='ocrx_word' id='word_1_462' title='bbox 2139 2067 2329 2114; x_wconf 90' lang='lat' dir='ltr'><strong>auctor</strong></span> <span class='ocrx_word' id='word_1_463' title='bbox 2348 2058 2418 2113; x_wconf 88' lang='lat' dir='ltr'><strong>ab</strong></span> <span class='ocrx_word' id='word_1_464' title='bbox 2446 2074 2512 2115; x_wconf 91' lang='lat' dir='ltr'><strong>eo</strong></span> <span class='ocrx_word' id='word_1_465' title='bbox 2544 2059 2719 2115; x_wconf 87' lang='lat' dir='ltr'><strong>videri</strong></span> <span class='ocrx_word' id='word_1_466' title='bbox 2740 2074 2848 2116; x_wconf 91' lang='lat' dir='ltr'><strong>non</strong></span> <span class='ocrx_word' id='word_1_467' title='bbox 2874 2061 3080 2131; x_wconf 90' lang='lat' dir='ltr'><strong>potuit;</strong></span> <span class='ocrx_word' id='word_1_468' title='bbox 3110 2077 3218 2133; x_wconf 91' lang='lat' dir='ltr'><strong>qua</strong></span> <span class='ocrx_word' id='word_1_469' title='bbox 3251 2071 3435 2119; x_wconf 87' lang='lat' dir='ltr'><strong>tamen</strong></span> 
     </span>
    </p>
   </div>
   <div class='ocr_carea' id='block_1_64' title="bbox 1844 2151 3435 2224">
    <p class='ocr_par' dir='ltr' id='par_1_64' title="bbox 1844 2151 3435 2224">
     <span class='ocr_line' id='line_1_64' title="bbox 1844 2151 3435 2224; baseline 0.001 -16"><span class='ocrx_word' id='word_1_470' title='bbox 1844 2151 2016 2220; x_wconf 81' lang='lat' dir='ltr'><strong>finita,</strong></span> <span class='ocrx_word' id='word_1_471' title='bbox 2047 2151 2345 2224; x_wconf 86' lang='lat' dir='ltr'><strong>evigilavit,</strong></span> <span class='ocrx_word' id='word_1_472' title='bbox 2373 2166 2670 2223; x_wconf 90' lang='lat' dir='ltr'><strong>somnoque</strong></span> <span class='ocrx_word' id='word_1_473' title='bbox 2707 2152 2939 2220; x_wconf 85' lang='lat' dir='ltr'><strong>excitus,</strong></span> <span class='ocrx_word' id='word_1_474' title='bbox 2978 2168 3201 2210; x_wconf 86' lang='lat' dir='ltr'><strong>reverso</strong></span> <span class='ocrx_word' id='word_1_475' title='bbox 3243 2155 3312 2210; x_wconf 90' lang='lat' dir='ltr'><strong>ad</strong></span> <span class='ocrx_word' id='word_1_476' title='bbox 3338 2154 3435 2209; x_wconf 90' lang='lat' dir='ltr'><strong>ba-</strong></span> 
     </span>
    </p>
   </div>
   <div class='ocr_carea' id='block_1_65' title="bbox 1844 2241 3437 2313">
    <p class='ocr_par' dir='ltr' id='par_1_65' title="bbox 1844 2241 3437 2313">
     <span class='ocr_line' id='line_1_65' title="bbox 1844 2241 3437 2313; baseline 0.001 -12"><span class='ocrx_word' id='word_1_477' title='bbox 1844 2243 2055 2301; x_wconf 88' lang='lat' dir='ltr'><strong>silicam</strong></span> <span class='ocrx_word' id='word_1_478' title='bbox 2085 2242 2354 2310; x_wconf 82' lang='lat' dir='ltr'><strong>Ratleico,</strong></span> <span class='ocrx_word' id='word_1_479' title='bbox 2386 2241 2514 2313; x_wconf 90' lang='lat' dir='ltr'><strong>quid</strong></span> <span class='ocrx_word' id='word_1_480' title='bbox 2552 2242 3085 2300; x_wconf 72' lang='lat' dir='ltr'><strong>vidissetindicavit.</strong></span> <span class='ocrx_word' id='word_1_481' title='bbox 3130 2244 3203 2300; x_wconf 89' lang='lat' dir='ltr'><strong>At</strong></span> <span class='ocrx_word' id='word_1_482' title='bbox 3249 2245 3340 2302; x_wconf 89' lang='lat' dir='ltr'><strong>ille</strong></span> <span class='ocrx_word' id='word_1_483' title='bbox 3378 2247 3437 2303; x_wconf 89' lang='lat' dir='ltr'><strong>in</strong></span> 
     </span>
    </p>
   </div>
   <div class='ocr_carea' id='block_1_66' title="bbox 1846 2335 3473 2410">
    <p class='ocr_par' dir='ltr' id='par_1_66' title="bbox 1846 2335 3473 2410">
     <span class='ocr_line' id='line_1_66' title="bbox 1846 2335 3473 2410; baseline 0.002 -19"><span class='ocrx_word' id='word_1_484' title='bbox 1846 2336 2165 2401; x_wconf 90' lang='lat' dir='ltr'><strong>crastinum,</strong></span> <span class='ocrx_word' id='word_1_485' title='bbox 2196 2335 2293 2391; x_wconf 89' lang='lat' dir='ltr'><strong>ubi</strong></span> <span class='ocrx_word' id='word_1_486' title='bbox 2334 2350 2421 2391; x_wconf 92' lang='lat' dir='ltr'><strong>me</strong></span> <span class='ocrx_word' id='word_1_487' title='bbox 2457 2335 2696 2406; x_wconf 90' lang='lat' dir='ltr'><strong>primum</strong></span> <span class='ocrx_word' id='word_1_488' title='bbox 2732 2336 3028 2393; x_wconf 87' lang='lat' dir='ltr'><strong>convenire</strong></span> <span class='ocrx_word' id='word_1_489' title='bbox 3073 2338 3269 2409; x_wconf 90' lang='lat' dir='ltr'><strong>potuit,</strong></span> <span class='ocrx_word' id='word_1_490' title='bbox 3299 2338 3435 2410; x_wconf 89' lang='lat' dir='ltr'><strong>quid</strong></span> <span class='ocrx_word' id='word_1_491' title='bbox 3467 2340 3473 2351; x_wconf 85' lang='grc'><strong>“</strong></span> 
     </span>
    </p>
   </div>
   <div class='ocr_carea' id='block_1_67' title="bbox 1846 2429 3438 2504">
    <p class='ocr_par' dir='ltr' id='par_1_67' title="bbox 1846 2429 3438 2504">
     <span class='ocr_line' id='line_1_67' title="bbox 1846 2429 3438 2504; baseline 0.001 -16"><span class='ocrx_word' id='word_1_492' title='bbox 1846 2431 1948 2488; x_wconf 92' lang='lat' dir='ltr'><strong>sibi</strong></span> <span class='ocrx_word' id='word_1_493' title='bbox 1976 2446 2113 2502; x_wconf 89' lang='lat' dir='ltr'><strong>puer</strong></span> <span class='ocrx_word' id='word_1_494' title='bbox 2134 2447 2265 2487; x_wconf 90' lang='lat' dir='ltr'><strong>suus</strong></span> <span class='ocrx_word' id='word_1_495' title='bbox 2297 2429 2595 2498; x_wconf 89' lang='lat' dir='ltr'><strong>retulisset,</strong></span> <span class='ocrx_word' id='word_1_496' title='bbox 2619 2430 2754 2486; x_wconf 91' lang='lat' dir='ltr'><strong>mihi</strong></span> <span class='ocrx_word' id='word_1_497' title='bbox 2784 2431 3037 2487; x_wconf 89' lang='lat' dir='ltr'><strong>nuntiare</strong></span> <span class='ocrx_word' id='word_1_498' title='bbox 3059 2432 3291 2488; x_wconf 90' lang='lat' dir='ltr'><strong>curavit.</strong></span> <span class='ocrx_word' id='word_1_499' title='bbox 3324 2432 3438 2504; x_wconf 81' lang='lat' dir='ltr'><strong>Ego</strong></span> 
     </span>
    </p>
   </div>
   <div class='ocr_carea' id='block_1_68' title="bbox 1846 2523 3437 2594">
    <p class='ocr_par' dir='ltr' id='par_1_68' title="bbox 1846 2523 3437 2594">
     <span class='ocr_line' id='line_1_68' title="bbox 1846 2523 3437 2594; baseline 0.001 -16"><span class='ocrx_word' id='word_1_500' title='bbox 1846 2531 2049 2590; x_wconf 88' lang='lat' dir='ltr'><strong>autem,</strong></span> <span class='ocrx_word' id='word_1_501' title='bbox 2087 2523 2214 2579; x_wconf 88' lang='lat' dir='ltr'><strong>licet</strong></span> <span class='ocrx_word' id='word_1_502' title='bbox 2243 2523 2468 2594; x_wconf 89' lang='lat' dir='ltr'><strong>hujusce</strong></span> <span class='ocrx_word' id='word_1_503' title='bbox 2492 2523 2719 2579; x_wconf 90' lang='lat' dir='ltr'><strong>visionis</strong></span> <span class='ocrx_word' id='word_1_504' title='bbox 2751 2538 3016 2579; x_wconf 90' lang='lat' dir='ltr'><strong>arcanum</strong></span> <span class='ocrx_word' id='word_1_505' title='bbox 3043 2538 3301 2594; x_wconf 90' lang='lat' dir='ltr'><strong>spernere</strong></span> <span class='ocrx_word' id='word_1_506' title='bbox 3326 2537 3437 2580; x_wconf 90' lang='lat' dir='ltr'><strong>non</strong></span> 
     </span>
    </p>
   </div>
   <div class='ocr_carea' id='block_1_69' title="bbox 1848 2612 3439 2689">
    <p class='ocr_par' dir='ltr' id='par_1_69' title="bbox 1848 2612 3439 2689">
     <span class='ocr_line' id='line_1_69' title="bbox 1848 2612 3439 2689; baseline 0.001 -19"><span class='ocrx_word' id='word_1_507' title='bbox 1848 2617 2122 2684; x_wconf 89' lang='lat' dir='ltr'><strong>auderem,</strong></span> <span class='ocrx_word' id='word_1_508' title='bbox 2171 2615 2335 2672; x_wconf 88' lang='lat' dir='ltr'><strong>statui</strong></span> <span class='ocrx_word' id='word_1_509' title='bbox 2387 2624 2570 2671; x_wconf 90' lang='lat' dir='ltr'><strong>tamen</strong></span> <span class='ocrx_word' id='word_1_510' title='bbox 2613 2615 2963 2688; x_wconf 86' lang='lat' dir='ltr'><strong>operiendum</strong></span> <span class='ocrx_word' id='word_1_511' title='bbox 3017 2612 3243 2684; x_wconf 91' lang='lat' dir='ltr'><strong>alicujus</strong></span> <span class='ocrx_word' id='word_1_512' title='bbox 3298 2616 3439 2689; x_wconf 87' lang='lat' dir='ltr'><strong>signi</strong></span> 
     </span>
    </p>
   </div>
   <div class='ocr_carea' id='block_1_70' title="bbox 1847 2707 3442 2780">
    <p class='ocr_par' dir='ltr' id='par_1_70' title="bbox 1847 2707 3442 2780">
     <span class='ocr_line' id='line_1_70' title="bbox 1847 2707 3442 2780; baseline -0.001 -14"><span class='ocrx_word' id='word_1_513' title='bbox 1847 2709 2096 2766; x_wconf 90' lang='lat' dir='ltr'><strong>certioris</strong></span> <span class='ocrx_word' id='word_1_514' title='bbox 2140 2709 2434 2777; x_wconf 91' lang='lat' dir='ltr'><strong>indicium;</strong></span> <span class='ocrx_word' id='word_1_515' title='bbox 2460 2718 2622 2780; x_wconf 90' lang='lat' dir='ltr'><strong>atque</strong></span> <span class='ocrx_word' id='word_1_516' title='bbox 2651 2708 2873 2765; x_wconf 89' lang='lat' dir='ltr'><strong>interim</strong></span> <span class='ocrx_word' id='word_1_517' title='bbox 2918 2707 3040 2764; x_wconf 84' lang='lat' dir='ltr'><strong>illos</strong></span> <span class='ocrx_word' id='word_1_518' title='bbox 3083 2721 3271 2765; x_wconf 89' lang='lat' dir='ltr'><strong>sacros</strong></span> <span class='ocrx_word' id='word_1_519' title='bbox 3299 2709 3442 2765; x_wconf 85' lang='lat' dir='ltr'><strong>cine-</strong></span> 
     </span>
    </p>
   </div>
   <div class='ocr_carea' id='block_1_71' title="bbox 1848 2803 3439 2877">
    <p class='ocr_par' dir='ltr' id='par_1_71' title="bbox 1848 2803 3439 2877">
     <span class='ocr_line' id='line_1_71' title="bbox 1848 2803 3439 2877; baseline 0.001 -17"><span class='ocrx_word' id='word_1_520' title='bbox 1848 2820 1957 2872; x_wconf 91' lang='lat' dir='ltr'><strong>res,</strong></span> <span class='ocrx_word' id='word_1_521' title='bbox 1995 2806 2061 2861; x_wconf 93' lang='lat' dir='ltr'><strong>de</strong></span> <span class='ocrx_word' id='word_1_522' title='bbox 2100 2805 2284 2862; x_wconf 91' lang='lat' dir='ltr'><strong>linteis</strong></span> <span class='ocrx_word' id='word_1_523' title='bbox 2326 2806 2382 2861; x_wconf 92' lang='lat' dir='ltr'><strong>in</strong></span> <span class='ocrx_word' id='word_1_524' title='bbox 2430 2805 2625 2877; x_wconf 91' lang='lat' dir='ltr'><strong>quibus</strong></span> <span class='ocrx_word' id='word_1_525' title='bbox 2660 2803 2813 2877; x_wconf 87' lang='lat' dir='ltr'><strong>ligati</strong></span> <span class='ocrx_word' id='word_1_526' title='bbox 2855 2814 3117 2862; x_wconf 89' lang='lat' dir='ltr'><strong>venerant</strong></span> <span class='ocrx_word' id='word_1_527' title='bbox 3170 2805 3439 2872; x_wconf 90' lang='lat' dir='ltr'><strong>sublatos,</strong></span> 
     </span>
    </p>
   </div>
   <div class='ocr_carea' id='block_1_72' title="bbox 1850 2896 3437 2971">
    <p class='ocr_par' dir='ltr' id='par_1_72' title="bbox 1850 2896 3437 2971">
     <span class='ocr_line' id='line_1_72' title="bbox 1850 2896 3437 2971; baseline 0 -17"><span class='ocrx_word' id='word_1_528' title='bbox 1850 2898 2039 2954; x_wconf 89' lang='lat' dir='ltr'><strong>sericis</strong></span> <span class='ocrx_word' id='word_1_529' title='bbox 2066 2913 2130 2954; x_wconf 89' lang='lat' dir='ltr'><strong>ac</strong></span> <span class='ocrx_word' id='word_1_530' title='bbox 2172 2898 2326 2954; x_wconf 89' lang='lat' dir='ltr'><strong>novis</strong></span> <span class='ocrx_word' id='word_1_531' title='bbox 2381 2897 2618 2969; x_wconf 90' lang='lat' dir='ltr'><strong>pulvinis</strong></span> <span class='ocrx_word' id='word_1_532' title='bbox 2665 2901 2884 2955; x_wconf 87' lang='lat' dir='ltr'><strong>insuere</strong></span> <span class='ocrx_word' id='word_1_533' title='bbox 2929 2896 3052 2953; x_wconf 90' lang='lat' dir='ltr'><strong>feci.</strong></span> <span class='ocrx_word' id='word_1_534' title='bbox 3104 2898 3348 2971; x_wconf 90' lang='lat' dir='ltr'><strong>Cumque</strong></span> <span class='ocrx_word' id='word_1_535' title='bbox 3380 2899 3437 2954; x_wconf 92' lang='lat' dir='ltr'><strong>in</strong></span> 
     </span>
    </p>
   </div>
   <div class='ocr_carea' id='block_1_73' title="bbox 1850 2988 3441 3062">
    <p class='ocr_par' dir='ltr' id='par_1_73' title="bbox 1850 2988 3441 3062">
     <span class='ocr_line' id='line_1_73' title="bbox 1850 2988 3441 3062; baseline 0 -16"><span class='ocrx_word' id='word_1_536' title='bbox 1850 3003 2041 3047; x_wconf 89' lang='lat' dir='ltr'><strong>eorum</strong></span> <span class='ocrx_word' id='word_1_537' title='bbox 2084 2989 2418 3062; x_wconf 89' lang='lat' dir='ltr'><strong>inspectione</strong></span> <span class='ocrx_word' id='word_1_538' title='bbox 2449 2990 2708 3060; x_wconf 89' lang='lat' dir='ltr'><strong>reliquias</strong></span> <span class='ocrx_word' id='word_1_539' title='bbox 2740 2990 2888 3046; x_wconf 86' lang='lat' dir='ltr'><strong>beati</strong></span> <span class='ocrx_word' id='word_1_540' title='bbox 2935 2988 3237 3046; x_wconf 87' lang='lat' dir='ltr'><strong>Marcellini</strong></span> <span class='ocrx_word' id='word_1_541' title='bbox 3264 2989 3441 3046; x_wconf 92' lang='lat' dir='ltr'><strong>mino-</strong></span> 
     </span>
    </p>
   </div>
   <div class='ocr_carea' id='block_1_74' title="bbox 1851 3082 3447 3155">
    <p class='ocr_par' dir='ltr' id='par_1_74' title="bbox 1851 3082 3447 3155">
     <span class='ocr_line' id='line_1_74' title="bbox 1851 3082 3447 3155; baseline 0.001 -16"><span class='ocrx_word' id='word_1_542' title='bbox 1851 3083 1931 3139; x_wconf 90' lang='lat' dir='ltr'><strong>ris</strong></span> <span class='ocrx_word' id='word_1_543' title='bbox 1959 3085 2279 3154; x_wconf 83' lang='lat' dir='ltr'><strong>quantitatis</strong></span> <span class='ocrx_word' id='word_1_544' title='bbox 2306 3099 2470 3155; x_wconf 91' lang='lat' dir='ltr'><strong>quam</strong></span> <span class='ocrx_word' id='word_1_545' title='bbox 2494 3084 2667 3140; x_wconf 90' lang='lat' dir='ltr'><strong>sancti</strong></span> <span class='ocrx_word' id='word_1_546' title='bbox 2696 3082 2844 3140; x_wconf 90' lang='lat' dir='ltr'><strong>Petri</strong></span> <span class='ocrx_word' id='word_1_547' title='bbox 2870 3098 2992 3140; x_wconf 91' lang='lat' dir='ltr'><strong>esse</strong></span> <span class='ocrx_word' id='word_1_548' title='bbox 3015 3100 3322 3153; x_wconf 87' lang='lat' dir='ltr'><strong>cernerem,</strong></span> <span class='ocrx_word' id='word_1_549' title='bbox 3358 3101 3447 3141; x_wconf 86' lang='lat' dir='ltr'><strong>ar-</strong></span> 
     </span>
    </p>
   </div>
   <div class='ocr_carea' id='block_1_75' title="bbox 1854 3175 3449 3248">
    <p class='ocr_par' dir='ltr' id='par_1_75' title="bbox 1854 3175 3449 3248">
     <span class='ocr_line' id='line_1_75' title="bbox 1854 3175 3449 3248; baseline 0.001 -16"><span class='ocrx_word' id='word_1_550' title='bbox 1854 3175 2087 3232; x_wconf 87' lang='lat' dir='ltr'><strong>bitratus</strong></span> <span class='ocrx_word' id='word_1_551' title='bbox 2129 3190 2249 3233; x_wconf 88' lang='lat' dir='ltr'><strong>sum</strong></span> <span class='ocrx_word' id='word_1_552' title='bbox 2285 3191 2410 3232; x_wconf 91' lang='lat' dir='ltr'><strong>eum</strong></span> <span class='ocrx_word' id='word_1_553' title='bbox 2452 3177 2509 3232; x_wconf 91' lang='lat' dir='ltr'><strong>in</strong></span> <span class='ocrx_word' id='word_1_554' title='bbox 2559 3182 2769 3233; x_wconf 79' lang='lat' dir='ltr'><strong>Statura</strong></span> <span class='ocrx_word' id='word_1_555' title='bbox 2810 3176 3055 3248; x_wconf 91' lang='lat' dir='ltr'><strong>corporis</strong></span> <span class='ocrx_word' id='word_1_556' title='bbox 3095 3177 3180 3233; x_wconf 90' lang='lat' dir='ltr'><strong>sui</strong></span> <span class='ocrx_word' id='word_1_557' title='bbox 3223 3176 3449 3233; x_wconf 88' lang='lat' dir='ltr'><strong>minoris</strong></span> 
     </span>
    </p>
   </div>
   <div class='ocr_carea' id='block_1_76' title="bbox 1860 3266 3451 3339">
    <p class='ocr_par' dir='ltr' id='par_1_76' title="bbox 1860 3266 3451 3339">
     <span class='ocr_line' id='line_1_76' title="bbox 1860 3266 3451 3339; baseline 0 -18"><span class='ocrx_word' id='word_1_558' title='bbox 1860 3266 2028 3322; x_wconf 87' lang='lat' dir='ltr'><strong>fuisse</strong></span> <span class='ocrx_word' id='word_1_559' title='bbox 2048 3282 2318 3323; x_wconf 82' lang='lat' dir='ltr'><strong>mensurae</strong></span> <span class='ocrx_word' id='word_1_560' title='bbox 2339 3283 2501 3339; x_wconf 91' lang='lat' dir='ltr'><strong>quam</strong></span> <span class='ocrx_word' id='word_1_561' title='bbox 2530 3278 2780 3324; x_wconf 90' lang='lat' dir='ltr'><strong>sanctum</strong></span> <span class='ocrx_word' id='word_1_562' title='bbox 2804 3267 3048 3324; x_wconf 90' lang='lat' dir='ltr'><strong>Petrum.</strong></span> <span class='ocrx_word' id='word_1_563' title='bbox 3081 3266 3191 3324; x_wconf 91' lang='lat' dir='ltr'><strong>Sed</strong></span> <span class='ocrx_word' id='word_1_564' title='bbox 3223 3268 3328 3324; x_wconf 92' lang='lat' dir='ltr'><strong>hoc</strong></span> <span class='ocrx_word' id='word_1_565' title='bbox 3353 3266 3451 3322; x_wconf 88' lang='lat' dir='ltr'><strong>ali-</strong></span> 
     </span>
    </p>
   </div>
   <div class='ocr_carea' id='block_1_77' title="bbox 1860 3359 3446 3432">
    <p class='ocr_par' dir='ltr' id='par_1_77' title="bbox 1860 3359 3446 3432">
     <span class='ocr_line' id='line_1_77' title="bbox 1860 3359 3446 3432; baseline 0 -17"><span class='ocrx_word' id='word_1_566' title='bbox 1860 3367 1948 3415; x_wconf 90' lang='lat' dir='ltr'><strong>ter</strong></span> <span class='ocrx_word' id='word_1_567' title='bbox 1972 3375 2031 3416; x_wconf 91' lang='lat' dir='ltr'><strong>se</strong></span> <span class='ocrx_word' id='word_1_568' title='bbox 2054 3359 2255 3416; x_wconf 89' lang='lat' dir='ltr'><strong>habere</strong></span> <span class='ocrx_word' id='word_1_569' title='bbox 2277 3359 2477 3415; x_wconf 90' lang='lat' dir='ltr'><strong>furtum</strong></span> <span class='ocrx_word' id='word_1_570' title='bbox 2506 3369 2694 3432; x_wconf 89' lang='lat' dir='ltr'><strong>postea</strong></span> <span class='ocrx_word' id='word_1_571' title='bbox 2722 3360 3053 3432; x_wconf 88' lang='lat' dir='ltr'><strong>patefactum</strong></span> <span class='ocrx_word' id='word_1_572' title='bbox 3083 3359 3446 3431; x_wconf 89' lang='lat' dir='ltr'><strong>approbavit:</strong></span> 
     </span>
    </p>
   </div>
   <div class='ocr_carea' id='block_1_78' title="bbox 1861 3450 3452 3524">
    <p class='ocr_par' dir='ltr' id='par_1_78' title="bbox 1861 3450 3452 3524">
     <span class='ocr_line' id='line_1_78' title="bbox 1861 3450 3452 3524; baseline -0.001 -18"><span class='ocrx_word' id='word_1_573' title='bbox 1861 3451 2004 3522; x_wconf 81' lang='lat' dir='ltr'><strong>quod</strong></span> <span class='ocrx_word' id='word_1_574' title='bbox 2033 3452 2146 3518; x_wconf 90' lang='lat' dir='ltr'><strong>ubi,</strong></span> <span class='ocrx_word' id='word_1_575' title='bbox 2179 3451 2265 3508; x_wconf 88' lang='lat' dir='ltr'><strong>vel</strong></span> <span class='ocrx_word' id='word_1_576' title='bbox 2289 3453 2520 3523; x_wconf 90' lang='lat' dir='ltr'><strong>quando,</strong></span> <span class='ocrx_word' id='word_1_577' title='bbox 2549 3451 2689 3508; x_wconf 90' lang='lat' dir='ltr'><strong>vela</strong></span> <span class='ocrx_word' id='word_1_578' title='bbox 2715 3467 2845 3523; x_wconf 91' lang='lat' dir='ltr'><strong>quo,</strong></span> <span class='ocrx_word' id='word_1_579' title='bbox 2877 3451 2963 3508; x_wconf 88' lang='lat' dir='ltr'><strong>vel</strong></span> <span class='ocrx_word' id='word_1_580' title='bbox 2990 3450 3225 3524; x_wconf 89' lang='lat' dir='ltr'><strong>qualiter</strong></span> <span class='ocrx_word' id='word_1_581' title='bbox 3249 3450 3452 3507; x_wconf 89' lang='lat' dir='ltr'><strong>admis-</strong></span> 
     </span>
    </p>
   </div>
   <div class='ocr_carea' id='block_1_79' title="bbox 1863 3542 3453 3615">
    <p class='ocr_par' dir='ltr' id='par_1_79' title="bbox 1863 3542 3453 3615">
     <span class='ocr_line' id='line_1_79' title="bbox 1863 3542 3453 3615; baseline 0 -16"><span class='ocrx_word' id='word_1_582' title='bbox 1863 3558 1984 3599; x_wconf 90' lang='lat' dir='ltr'><strong>sum</strong></span> <span class='ocrx_word' id='word_1_583' title='bbox 2020 3558 2086 3599; x_wconf 85' lang='lat' dir='ltr'><strong>ac</strong></span> <span class='ocrx_word' id='word_1_584' title='bbox 2130 3543 2404 3615; x_wconf 90' lang='lat' dir='ltr'><strong>proditum</strong></span> <span class='ocrx_word' id='word_1_585' title='bbox 2432 3542 2525 3610; x_wconf 88' lang='lat' dir='ltr'><strong>sit,</strong></span> <span class='ocrx_word' id='word_1_586' title='bbox 2559 3558 2658 3599; x_wconf 91' lang='lat' dir='ltr'><strong>suo</strong></span> <span class='ocrx_word' id='word_1_587' title='bbox 2695 3542 2816 3599; x_wconf 94' lang='lat' dir='ltr'><strong>loco</strong></span> <span class='ocrx_word' id='word_1_588' title='bbox 2843 3542 3086 3600; x_wconf 90' lang='lat' dir='ltr'><strong>dicturus</strong></span> <span class='ocrx_word' id='word_1_589' title='bbox 3118 3558 3238 3600; x_wconf 91' lang='lat' dir='ltr'><strong>sum</strong></span> <span class='ocrx_word' id='word_1_590' title='bbox 3270 3560 3283 3597; x_wconf 92' lang='lat'><strong>:</strong></span> <span class='ocrx_word' id='word_1_591' title='bbox 3309 3557 3453 3599; x_wconf 89' lang='lat' dir='ltr'><strong>nunc</strong></span> 
     </span>
    </p>
   </div>
   <div class='ocr_carea' id='block_1_80' title="bbox 1864 3634 3454 3704">
    <p class='ocr_par' dir='ltr' id='par_1_80' title="bbox 1864 3634 3454 3704">
     <span class='ocr_line' id='line_1_80' title="bbox 1864 3634 3454 3704; baseline -0.002 -13"><span class='ocrx_word' id='word_1_592' title='bbox 1864 3635 1998 3692; x_wconf 88' lang='lat' dir='ltr'><strong>ordo</strong></span> <span class='ocrx_word' id='word_1_593' title='bbox 2048 3634 2383 3691; x_wconf 88' lang='lat' dir='ltr'><strong>narrationis</strong></span> <span class='ocrx_word' id='word_1_594' title='bbox 2422 3634 2691 3691; x_wconf 74' lang='lat' dir='ltr'><strong>inchoatae</strong></span> <span class='ocrx_word' id='word_1_595' title='bbox 2726 3634 2992 3691; x_wconf 85' lang='lat' dir='ltr'><strong>texendus</strong></span> <span class='ocrx_word' id='word_1_596' title='bbox 3053 3639 3220 3704; x_wconf 90' lang='lat' dir='ltr'><strong>atque</strong></span> <span class='ocrx_word' id='word_1_597' title='bbox 3267 3640 3454 3689; x_wconf 87' lang='lat' dir='ltr'><strong>tenen-</strong></span> 
     </span>
    </p>
   </div>
   <div class='ocr_carea' id='block_1_81' title="bbox 1866 3726 2105 3783">
    <p class='ocr_par' dir='ltr' id='par_1_81' title="bbox 1866 3726 2105 3783">
     <span class='ocr_line' id='line_1_81' title="bbox 1866 3726 2105 3783; baseline -0.008 0"><span class='ocrx_word' id='word_1_598' title='bbox 1866 3726 1966 3783; x_wconf 92' lang='lat' dir='ltr'><strong>dus</strong></span> <span class='ocrx_word' id='word_1_599' title='bbox 2003 3734 2105 3783; x_wconf 89' lang='lat' dir='ltr'><strong>est.</strong></span> 
     </span>
    </p>
   </div>
   <div class='ocr_carea' id='block_1_82' title="bbox 1939 3812 3453 3890">
    <p class='ocr_par' dir='ltr' id='par_1_82' title="bbox 1939 3812 3453 3890">
     <span class='ocr_line' id='line_1_82' title="bbox 1939 3812 3453 3890; baseline -0.003 -17"><span class='ocrx_word' id='word_1_600' title='bbox 1939 3817 2027 3874; x_wconf 76' lang='grc'><strong>16.</strong></span> <span class='ocrx_word' id='word_1_601' title='bbox 2056 3817 2224 3890; x_wconf 87' lang='lat' dir='ltr'><strong>Igitur</strong></span> <span class='ocrx_word' id='word_1_602' title='bbox 2250 3825 2539 3889; x_wconf 90' lang='lat' dir='ltr'><strong>postquam</strong></span> <span class='ocrx_word' id='word_1_603' title='bbox 2559 3815 2711 3874; x_wconf 90' lang='lat' dir='ltr'><strong>illum</strong></span> <span class='ocrx_word' id='word_1_604' title='bbox 2736 3830 2993 3888; x_wconf 88' lang='lat' dir='ltr'><strong>magnum</strong></span> <span class='ocrx_word' id='word_1_605' title='bbox 3022 3821 3185 3886; x_wconf 91' lang='lat' dir='ltr'><strong>atque</strong></span> <span class='ocrx_word' id='word_1_606' title='bbox 3227 3812 3453 3870; x_wconf 83' lang='lat' dir='ltr'><strong>mirabi-</strong></span> 
     </span>
    </p>
   </div>
   <div class='ocr_carea' id='block_1_83' title="bbox 1866 3907 3452 3981">
    <p class='ocr_par' dir='ltr' id='par_1_83' title="bbox 1866 3907 3452 3981">
     <span class='ocr_line' id='line_1_83' title="bbox 1866 3907 3452 3981; baseline -0.002 -15"><span class='ocrx_word' id='word_1_607' title='bbox 1866 3910 1997 3979; x_wconf 85' lang='lat' dir='ltr'><strong>lem,</strong></span> <span class='ocrx_word' id='word_1_608' title='bbox 2026 3912 2284 3981; x_wconf 91' lang='lat' dir='ltr'><strong>omnique</strong></span> <span class='ocrx_word' id='word_1_609' title='bbox 2306 3926 2439 3967; x_wconf 86' lang='lat' dir='ltr'><strong>auro</strong></span> <span class='ocrx_word' id='word_1_610' title='bbox 2463 3910 2866 3981; x_wconf 90' lang='lat' dir='ltr'><strong>pretiosiorem,</strong></span> <span class='ocrx_word' id='word_1_611' title='bbox 2884 3909 3095 3980; x_wconf 81' lang='lat' dir='ltr'><strong>inspexi</strong></span> <span class='ocrx_word' id='word_1_612' title='bbox 3114 3907 3452 3976; x_wconf 89' lang='lat' dir='ltr'><strong>thesaurum,</strong></span> 
     </span>
    </p>
   </div>
   <div class='ocr_carea' id='block_1_84' title="bbox 1866 4001 3454 4074">
    <p class='ocr_par' dir='ltr' id='par_1_84' title="bbox 1866 4001 3454 4074">
     <span class='ocr_line' id='line_1_84' title="bbox 1866 4001 3454 4074; baseline -0.001 -14"><span class='ocrx_word' id='word_1_613' title='bbox 1866 4003 2097 4071; x_wconf 89' lang='lat' dir='ltr'><strong>loculus,</strong></span> <span class='ocrx_word' id='word_1_614' title='bbox 2125 4004 2181 4059; x_wconf 92' lang='lat' dir='ltr'><strong>in</strong></span> <span class='ocrx_word' id='word_1_615' title='bbox 2209 4017 2316 4074; x_wconf 90' lang='lat' dir='ltr'><strong>quo</strong></span> <span class='ocrx_word' id='word_1_616' title='bbox 2350 4002 2496 4059; x_wconf 88' lang='lat' dir='ltr'><strong>idem</strong></span> <span class='ocrx_word' id='word_1_617' title='bbox 2524 4001 2916 4069; x_wconf 87' lang='lat' dir='ltr'><strong>continebatur,</strong></span> <span class='ocrx_word' id='word_1_618' title='bbox 2943 4010 3167 4073; x_wconf 90' lang='lat' dir='ltr'><strong>propter</strong></span> <span class='ocrx_word' id='word_1_619' title='bbox 3189 4001 3454 4059; x_wconf 88' lang='lat' dir='ltr'><strong>vilitatem</strong></span> 
     </span>
    </p>
   </div>
   <div class='ocr_carea' id='block_1_85' title="bbox 1867 4093 3457 4169">
    <p class='ocr_par' dir='ltr' id='par_1_85' title="bbox 1867 4093 3457 4169">
     <span class='ocr_line' id='line_1_85' title="bbox 1867 4093 3457 4169; baseline -0.001 -16"><span class='ocrx_word' id='word_1_620' title='bbox 1867 4096 2136 4163; x_wconf 83' lang='lat' dir='ltr'><strong>materiae,</strong></span> <span class='ocrx_word' id='word_1_621' title='bbox 2167 4096 2236 4152; x_wconf 93' lang='lat' dir='ltr'><strong>de</strong></span> <span class='ocrx_word' id='word_1_622' title='bbox 2261 4110 2369 4167; x_wconf 88' lang='lat' dir='ltr'><strong>qua</strong></span> <span class='ocrx_word' id='word_1_623' title='bbox 2397 4101 2713 4166; x_wconf 81' lang='lat' dir='ltr'><strong>compactos</strong></span> <span class='ocrx_word' id='word_1_624' title='bbox 2736 4102 2875 4163; x_wconf 88' lang='lat' dir='ltr'><strong>erat,</strong></span> <span class='ocrx_word' id='word_1_625' title='bbox 2901 4093 3066 4167; x_wconf 89' lang='lat' dir='ltr'><strong>coepit</strong></span> <span class='ocrx_word' id='word_1_626' title='bbox 3085 4095 3219 4152; x_wconf 90' lang='lat' dir='ltr'><strong>mihi</strong></span> <span class='ocrx_word' id='word_1_627' title='bbox 3260 4096 3457 4169; x_wconf 82' lang='lat' dir='ltr'><strong>Oppido</strong></span> 
     </span>
    </p>
   </div>
   <div class='ocr_carea' id='block_1_86' title="bbox 1870 4186 3454 4261">
    <p class='ocr_par' dir='ltr' id='par_1_86' title="bbox 1870 4186 3454 4261">
     <span class='ocr_line' id='line_1_86' title="bbox 1870 4186 3454 4261; baseline -0.001 -15"><span class='ocrx_word' id='word_1_628' title='bbox 1870 4188 2177 4261; x_wconf 89' lang='lat' dir='ltr'><strong>displicere.</strong></span> <span class='ocrx_word' id='word_1_629' title='bbox 2217 4188 2391 4256; x_wconf 84' lang='lat' dir='ltr'><strong>Quem</strong></span> <span class='ocrx_word' id='word_1_630' title='bbox 2440 4186 2728 4245; x_wconf 90' lang='lat' dir='ltr'><strong>emendare</strong></span> <span class='ocrx_word' id='word_1_631' title='bbox 2782 4188 3038 4260; x_wconf 89' lang='lat' dir='ltr'><strong>cupiens,</strong></span> <span class='ocrx_word' id='word_1_632' title='bbox 3070 4189 3305 4260; x_wconf 88' lang='lat' dir='ltr'><strong>quadam</strong></span> <span class='ocrx_word' id='word_1_633' title='bbox 3347 4187 3454 4254; x_wconf 89' lang='lat' dir='ltr'><strong>die,</strong></span> 
     </span>
    </p>
   </div>
   <div class='ocr_carea' id='block_1_87' title="bbox 1867 4278 3454 4356">
    <p class='ocr_par' dir='ltr' id='par_1_87' title="bbox 1867 4278 3454 4356">
     <span class='ocr_line' id='line_1_87' title="bbox 1867 4278 3454 4356; baseline -0.004 -17"><span class='ocrx_word' id='word_1_634' title='bbox 1867 4290 1993 4356; x_wconf 91' lang='lat' dir='ltr'><strong>post</strong></span> <span class='ocrx_word' id='word_1_635' title='bbox 2037 4282 2367 4354; x_wconf 89' lang='lat' dir='ltr'><strong>completum</strong></span> <span class='ocrx_word' id='word_1_636' title='bbox 2405 4279 2779 4352; x_wconf 88' lang='lat' dir='ltr'><strong>vespertinum</strong></span> <span class='ocrx_word' id='word_1_637' title='bbox 2807 4278 3075 4349; x_wconf 76' lang='lat' dir='ltr'><strong>ofﬁcium,</strong></span> <span class='ocrx_word' id='word_1_638' title='bbox 3104 4280 3337 4352; x_wconf 80' lang='lat' dir='ltr'><strong>praecepi</strong></span> <span class='ocrx_word' id='word_1_639' title='bbox 3362 4279 3454 4335; x_wconf 88' lang='lat' dir='ltr'><strong>uni</strong></span> 
     </span>
    </p>
   </div>
   <div class='ocr_carea' id='block_1_88' title="bbox 1871 4457 3456 4531">
    <p class='ocr_par' dir='ltr' id='par_1_88' title="bbox 1871 4457 3456 4531">
     <span class='ocr_line' id='line_1_88' title="bbox 1871 4457 3456 4531; baseline -0.003 -13"><span class='ocrx_word' id='word_1_640' title='bbox 1871 4461 2165 4527; x_wconf 88' lang='lat' dir='ltr'><strong>abbatiam,</strong></span> <span class='ocrx_word' id='word_1_641' title='bbox 2188 4460 2346 4531; x_wconf 88' lang='lat' dir='ltr'><strong>eique</strong></span> <span class='ocrx_word' id='word_1_642' title='bbox 2361 4458 2595 4531; x_wconf 88' lang='lat' dir='ltr'><strong>vicinam</strong></span> <span class='ocrx_word' id='word_1_643' title='bbox 2620 4458 2677 4515; x_wconf 88' lang='lat' dir='ltr'><strong>S.</strong></span> <span class='ocrx_word' id='word_1_644' title='bbox 2698 4457 2844 4516; x_wconf 84' lang='lat' dir='ltr'><strong>Petri</strong></span> <span class='ocrx_word' id='word_1_645' title='bbox 2873 4459 2929 4514; x_wconf 92' lang='lat' dir='ltr'><strong>in</strong></span> <span class='ocrx_word' id='word_1_646' title='bbox 2949 4467 3133 4515; x_wconf 89' lang='lat' dir='ltr'><strong>monte</strong></span> <span class='ocrx_word' id='word_1_647' title='bbox 3150 4457 3456 4531; x_wconf 15' lang='lat' dir='ltr'><strong>,Blandinio,</strong></span> 
     </span>
    </p>
   </div>
   <div class='ocr_carea' id='block_1_89' title="bbox 1870 4529 3458 4605">
    <p class='ocr_par' dir='ltr' id='par_1_89' title="bbox 1870 4529 3458 4605">
     <span class='ocr_line' id='line_1_89' title="bbox 1870 4529 3458 4605; baseline -0.002 -16"><span class='ocrx_word' id='word_1_648' title='bbox 1870 4533 2213 4605; x_wconf 83' lang='lat' dir='ltr'><strong>Eginhardus</strong></span> <span class='ocrx_word' id='word_1_649' title='bbox 2246 4529 2484 4598; x_wconf 79' lang='lat' dir='ltr'><strong>tenebat,</strong></span> <span class='ocrx_word' id='word_1_650' title='bbox 2542 4531 2637 4600; x_wconf 90' lang='lat' dir='ltr'><strong>qui</strong></span> <span class='ocrx_word' id='word_1_651' title='bbox 2664 4531 2952 4602; x_wconf 86' lang='lat' dir='ltr'><strong>utriusque</strong></span> <span class='ocrx_word' id='word_1_652' title='bbox 2990 4531 3045 4586; x_wconf 92' lang='lat' dir='ltr'><strong>in</strong></span> <span class='ocrx_word' id='word_1_653' title='bbox 3078 4530 3191 4586; x_wconf 89' lang='lat' dir='ltr'><strong>suis</strong></span> <span class='ocrx_word' id='word_1_654' title='bbox 3216 4529 3458 4599; x_wconf 90' lang='lat' dir='ltr'><strong>epistolis</strong></span> 
     </span>
    </p>
   </div>
   <div class='ocr_carea' id='block_1_90' title="bbox 162 4598 2140 4678">
    <p class='ocr_par' dir='ltr' id='par_1_90' title="bbox 162 4598 2140 4678">
     <span class='ocr_line' id='line_1_90' title="bbox 162 4598 2140 4678; baseline -0.004 -13"><span class='ocrx_word' id='word_1_655' title='bbox 162 4610 256 4665; x_wconf 87' lang='lat' dir='ltr'><strong>uti</strong></span> <span class='ocrx_word' id='word_1_656' title='bbox 284 4609 501 4665; x_wconf 89' lang='lat' dir='ltr'><strong>dicetur</strong></span> <span class='ocrx_word' id='word_1_657' title='bbox 529 4608 600 4663; x_wconf 71' lang='lat'><strong>22</strong></span> <span class='ocrx_word' id='word_1_658' title='bbox 626 4598 976 4678; x_wconf 67' lang='lat' dir='ltr'><strong>&#39;Septembris</strong></span> <span class='ocrx_word' id='word_1_659' title='bbox 1006 4628 1019 4661; x_wconf 85' lang='lat'><strong>:</strong></span> <span class='ocrx_word' id='word_1_660' title='bbox 1053 4598 1141 4678; x_wconf 77' lang='lat' dir='ltr'><strong>est</strong></span> <span class='ocrx_word' id='word_1_661' title='bbox 1165 4612 1361 4678; x_wconf 69' lang='lat' dir='ltr'><strong>autern</strong></span> <span class='ocrx_word' id='word_1_662' title='bbox 1381 4602 1533 4660; x_wconf 88' lang='lat' dir='ltr'><strong>locus</strong></span> <span class='ocrx_word' id='word_1_663' title='bbox 1554 4598 1769 4678; x_wconf 57' lang='lat' dir='ltr'><strong>_Sabau4</strong></span> <span class='ocrx_word' id='word_1_664' title='bbox 1790 4598 1846 4659; x_wconf 90' lang='lat' dir='ltr'><strong>D</strong></span> <span class='ocrx_word' id='word_1_665' title='bbox 1870 4598 2140 4678; x_wconf 57' lang='lat' dir='ltr'><strong>m&#39;eminit.</strong></span> 
     </span>
    </p>
   </div>
   <div class='ocr_carea' id='block_1_91' title="bbox 164 4672 1768 4744">
    <p class='ocr_par' dir='ltr' id='par_1_91' title="bbox 164 4672 1768 4744">
     <span class='ocr_line' id='line_1_91' title="bbox 164 4672 1768 4744; baseline -0.004 -7"><span class='ocrx_word' id='word_1_666' title='bbox 164 4681 265 4737; x_wconf 87' lang='lat' dir='ltr'><strong>dia</strong></span> <span class='ocrx_word' id='word_1_667' title='bbox 296 4679 370 4735; x_wconf 82' lang='lat' dir='ltr'><strong>ad</strong></span> <span class='ocrx_word' id='word_1_668' title='bbox 400 4672 744 4744; x_wconf 73' lang='lat' dir='ltr'><strong>Rhodanum,</strong></span> <span class='ocrx_word' id='word_1_669' title='bbox 773 4680 807 4735; x_wconf 85' lang='lat'><strong>9</strong></span> <span class='ocrx_word' id='word_1_670' title='bbox 838 4678 1061 4734; x_wconf 88' lang='lat' dir='ltr'><strong>circiter</strong></span> <span class='ocrx_word' id='word_1_671' title='bbox 1110 4675 1282 4732; x_wconf 90' lang='lat' dir='ltr'><strong>leucis</strong></span> <span class='ocrx_word' id='word_1_672' title='bbox 1311 4674 1520 4731; x_wconf 90' lang='lat' dir='ltr'><strong>distans</strong></span> <span class='ocrx_word' id='word_1_673' title='bbox 1549 4672 1768 4731; x_wconf 86' lang='lat' dir='ltr'><strong>Seduno</strong></span> 
     </span>
    </p>
   </div>
   <div class='ocr_carea' id='block_1_92' title="bbox 163 4744 1407 4821">
    <p class='ocr_par' dir='ltr' id='par_1_92' title="bbox 163 4744 1407 4821">
     <span class='ocr_line' id='line_1_92' title="bbox 163 4744 1407 4821; baseline -0.007 -12"><span class='ocrx_word' id='word_1_674' title='bbox 163 4749 575 4816; x_wconf 81' lang='lat' dir='ltr'><strong>Helvetiorum,</strong></span> <span class='ocrx_word' id='word_1_675' title='bbox 609 4750 751 4821; x_wconf 89' lang='lat' dir='ltr'><strong>quod</strong></span> <span class='ocrx_word' id='word_1_676' title='bbox 780 4749 831 4805; x_wconf 87' lang='lat' dir='ltr'><strong>ei</strong></span> <span class='ocrx_word' id='word_1_677' title='bbox 863 4749 931 4805; x_wconf 90' lang='lat' dir='ltr'><strong>ad</strong></span> <span class='ocrx_word' id='word_1_678' title='bbox 950 4749 1216 4821; x_wconf 68' lang='lat' dir='ltr'><strong>orientem</strong></span> <span class='ocrx_word' id='word_1_679' title='bbox 1238 4744 1407 4821; x_wconf 68' lang='lat' dir='ltr'><strong>jacet.</strong></span> 
     </span>
    </p>
   </div>
   <div class='ocr_carea' id='block_1_93' title="bbox 246 4817 1773 4883">
    <p class='ocr_par' dir='ltr' id='par_1_93' title="bbox 246 4817 1773 4883">
     <span class='ocr_line' id='line_1_93' title="bbox 246 4817 1773 4883; baseline -0.002 -6"><span class='ocrx_word' id='word_1_680' title='bbox 246 4823 279 4864; x_wconf 70' lang='grc' dir='ltr'>δ</span> <span class='ocrx_word' id='word_1_681' title='bbox 318 4821 499 4878; x_wconf 84' lang='lat' dir='ltr'><strong>Lacus</strong></span> <span class='ocrx_word' id='word_1_682' title='bbox 526 4817 798 4877; x_wconf 80' lang='lat' dir='ltr'><strong>Lemanus</strong></span> <span class='ocrx_word' id='word_1_683' title='bbox 821 4836 919 4877; x_wconf 90' lang='lat' dir='ltr'><strong>seu</strong></span> <span class='ocrx_word' id='word_1_684' title='bbox 956 4817 1310 4883; x_wconf 87' lang='lat' dir='ltr'><strong>Genevensis,</strong></span> <span class='ocrx_word' id='word_1_685' title='bbox 1362 4817 1578 4873; x_wconf 89' lang='lat' dir='ltr'><strong>initium</strong></span> <span class='ocrx_word' id='word_1_686' title='bbox 1607 4818 1773 4874; x_wconf 88' lang='lat' dir='ltr'><strong>sumit</strong></span> 
     </span>
    </p>
   </div>
   <div class='ocr_carea' id='block_1_94' title="bbox 164 4890 1773 4965">
    <p class='ocr_par' dir='ltr' id='par_1_94' title="bbox 164 4890 1773 4965">
     <span class='ocr_line' id='line_1_94' title="bbox 164 4890 1773 4965; baseline -0.003 -14"><span class='ocrx_word' id='word_1_687' title='bbox 164 4894 244 4951; x_wconf 67' lang='lat' dir='ltr'><strong>ad</strong></span> <span class='ocrx_word' id='word_1_688' title='bbox 270 4893 536 4965; x_wconf 78' lang='lat' dir='ltr'><strong>oppidum</strong></span> <span class='ocrx_word' id='word_1_689' title='bbox 564 4892 829 4965; x_wconf 81' lang='lat' dir='ltr'><strong>Neuville,</strong></span> <span class='ocrx_word' id='word_1_690' title='bbox 859 4893 937 4965; x_wconf 70' lang='lat' dir='ltr'><strong>ita</strong></span> <span class='ocrx_word' id='word_1_691' title='bbox 969 4891 1181 4965; x_wconf 61' lang='lat' dir='ltr'><strong>forsan</strong></span> <span class='ocrx_word' id='word_1_692' title='bbox 1201 4898 1411 4945; x_wconf 86' lang='lat' dir='ltr'><strong>mutato</strong></span> <span class='ocrx_word' id='word_1_693' title='bbox 1440 4890 1660 4946; x_wconf 91' lang='lat' dir='ltr'><strong>nomine</strong></span> <span class='ocrx_word' id='word_1_694' title='bbox 1682 4890 1773 4946; x_wconf 92' lang='lat' dir='ltr'><strong>hic</strong></span> 
     </span>
    </p>
   </div>
   <div class='ocr_carea' id='block_1_95' title="bbox 162 4961 1299 5032">
    <p class='ocr_par' dir='ltr' id='par_1_95' title="bbox 162 4961 1299 5032">
     <span class='ocr_line' id='line_1_95' title="bbox 162 4961 1299 5032; baseline -0.008 -8"><span class='ocrx_word' id='word_1_695' title='bbox 162 4961 409 5032; x_wconf 72' lang='lat' dir='ltr'><strong>dictum,</strong></span> <span class='ocrx_word' id='word_1_696' title='bbox 438 4963 473 5019; x_wconf 83' lang='lat'><strong>5</strong></span> <span class='ocrx_word' id='word_1_697' title='bbox 500 4964 668 5021; x_wconf 87' lang='lat' dir='ltr'><strong>leucis</strong></span> <span class='ocrx_word' id='word_1_698' title='bbox 702 4963 842 5020; x_wconf 90' lang='lat' dir='ltr'><strong>infra</strong></span> <span class='ocrx_word' id='word_1_699' title='bbox 878 4961 938 5018; x_wconf 91' lang='lat' dir='ltr'><strong>S.</strong></span> <span class='ocrx_word' id='word_1_700' title='bbox 969 4961 1299 5032; x_wconf 78' lang='lat' dir='ltr'><strong>Mauritium.</strong></span> 
     </span>
    </p>
   </div>
   <div class='ocr_carea' id='block_1_96' title="bbox 247 5031 1771 5104">
    <p class='ocr_par' dir='ltr' id='par_1_96' title="bbox 247 5031 1771 5104">
     <span class='ocr_line' id='line_1_96' title="bbox 247 5031 1771 5104; baseline -0.001 -14"><span class='ocrx_word' id='word_1_701' title='bbox 247 5049 273 5077; x_wconf 75' lang='grc' dir='ltr'><strong><em>ο</em></strong></span> <span class='ocrx_word' id='word_1_702' title='bbox 314 5035 535 5091; x_wconf 90' lang='lat' dir='ltr'><strong>Bivium</strong></span> <span class='ocrx_word' id='word_1_703' title='bbox 569 5036 674 5092; x_wconf 92' lang='lat' dir='ltr'><strong>hoc</strong></span> <span class='ocrx_word' id='word_1_704' title='bbox 702 5035 846 5091; x_wconf 87' lang='lat' dir='ltr'><strong>haud</strong></span> <span class='ocrx_word' id='word_1_705' title='bbox 900 5034 1061 5104; x_wconf 86' lang='lat' dir='ltr'><strong>longe</strong></span> <span class='ocrx_word' id='word_1_706' title='bbox 1103 5031 1246 5087; x_wconf 90' lang='lat' dir='ltr'><strong>ultra</strong></span> <span class='ocrx_word' id='word_1_707' title='bbox 1273 5031 1467 5104; x_wconf 79' lang='lat' dir='ltr'><strong>lacum</strong></span> <span class='ocrx_word' id='word_1_708' title='bbox 1503 5033 1771 5104; x_wconf 90' lang='lat' dir='ltr'><strong>concipio,</strong></span> 
     </span>
    </p>
   </div>
   <div class='ocr_carea' id='block_1_97' title="bbox 160 5102 1775 5175">
    <p class='ocr_par' dir='ltr' id='par_1_97' title="bbox 160 5102 1775 5175">
     <span class='ocr_line' id='line_1_97' title="bbox 160 5102 1775 5175; baseline -0.006 -6"><span class='ocrx_word' id='word_1_709' title='bbox 160 5107 581 5169; x_wconf 78' lang='lat' dir='ltr'><strong>distinctiorem</strong></span> <span class='ocrx_word' id='word_1_710' title='bbox 637 5106 886 5163; x_wconf 88' lang='lat' dir='ltr'><strong>notitiam</strong></span> <span class='ocrx_word' id='word_1_711' title='bbox 946 5102 1177 5161; x_wconf 85' lang='lat' dir='ltr'><strong>libenter</strong></span> <span class='ocrx_word' id='word_1_712' title='bbox 1215 5118 1246 5158; x_wconf 88' lang='lat' dir='ltr'><strong>a</strong></span> <span class='ocrx_word' id='word_1_713' title='bbox 1272 5102 1516 5160; x_wconf 90' lang='lat' dir='ltr'><strong>locorum</strong></span> <span class='ocrx_word' id='word_1_714' title='bbox 1581 5102 1775 5175; x_wconf 73' lang='lat' dir='ltr'><strong>peritis</strong></span> 
     </span>
    </p>
   </div>
   <div class='ocr_carea' id='block_1_98' title="bbox 161 5184 1145 5238">
    <p class='ocr_par' dir='ltr' id='par_1_98' title="bbox 161 5184 1145 5238">
     <span class='ocr_line' id='line_1_98' title="bbox 161 5184 1145 5238; baseline -0.012 0"><span class='ocrx_word' id='word_1_715' title='bbox 161 5188 531 5238; x_wconf 71' lang='lat' dir='ltr'><strong>accepturus.</strong></span> <span class='ocrx_word' id='word_1_716' title='bbox 838 5186 841 5191; x_wconf 77' lang='grc'><em>’</em></span> <span class='ocrx_word' id='word_1_717' title='bbox 1140 5184 1145 5191; x_wconf 91' lang='grc'><em>’</em></span> 
     </span>
    </p>
   </div>
   <div class='ocr_carea' id='block_1_99' title="bbox 241 5252 678 5321">
    <p class='ocr_par' dir='ltr' id='par_1_99' title="bbox 241 5252 678 5321">
     <span class='ocr_line' id='line_1_99' title="bbox 241 5252 678 5321; baseline -0.005 -14"><span class='ocrx_word' id='word_1_718' title='bbox 241 5252 274 5292; x_wconf 78' lang='lat' dir='ltr'><strong>d</strong></span> <span class='ocrx_word' id='word_1_719' title='bbox 318 5252 441 5307; x_wconf 83' lang='lat' dir='ltr'><strong>Hoc</strong></span> <span class='ocrx_word' id='word_1_720' title='bbox 494 5259 678 5321; x_wconf 90' lang='lat' dir='ltr'><strong>tempo</strong></span> 
     </span>
    </p>
   </div>
   <div class='ocr_carea' id='block_1_100' title="bbox 159 5318 1776 5385">
    <p class='ocr_par' dir='ltr' id='par_1_100' title="bbox 159 5318 1776 5385">
     <span class='ocr_line' id='line_1_100' title="bbox 159 5318 1776 5385; baseline -0.004 -6"><span class='ocrx_word' id='word_1_721' title='bbox 159 5324 315 5380; x_wconf 83' lang='lat' dir='ltr'><strong>urbs</strong></span> <span class='ocrx_word' id='word_1_722' title='bbox 351 5318 744 5379; x_wconf 77' lang='lat' dir='ltr'><strong>foederatorum</strong></span> <span class='ocrx_word' id='word_1_723' title='bbox 773 5321 1159 5385; x_wconf 84' lang='lat' dir='ltr'><strong>Helvetiorum,</strong></span> <span class='ocrx_word' id='word_1_724' title='bbox 1191 5331 1424 5385; x_wconf 89' lang='lat' dir='ltr'><strong>quorum</strong></span> <span class='ocrx_word' id='word_1_725' title='bbox 1477 5326 1589 5375; x_wconf 85' lang='lat' dir='ltr'><strong>tota</strong></span> <span class='ocrx_word' id='word_1_726' title='bbox 1642 5318 1776 5373; x_wconf 88' lang='lat' dir='ltr'><strong>ditio</strong></span> 
     </span>
    </p>
   </div>
   <div class='ocr_carea' id='block_1_101' title="bbox 158 5387 1778 5464">
    <p class='ocr_par' dir='ltr' id='par_1_101' title="bbox 158 5387 1778 5464">
     <span class='ocr_line' id='line_1_101' title="bbox 158 5387 1778 5464; baseline -0.004 -13"><span class='ocrx_word' id='word_1_727' title='bbox 158 5396 309 5452; x_wconf 84' lang='lat' dir='ltr'><strong>olim</strong></span> <span class='ocrx_word' id='word_1_728' title='bbox 345 5398 492 5450; x_wconf 90' lang='lat' dir='ltr'><strong>inter</strong></span> <span class='ocrx_word' id='word_1_729' title='bbox 518 5392 850 5449; x_wconf 82' lang='lat' dir='ltr'><strong>Alamannos</strong></span> <span class='ocrx_word' id='word_1_730' title='bbox 873 5400 929 5448; x_wconf 91' lang='lat' dir='ltr'><strong>et</strong></span> <span class='ocrx_word' id='word_1_731' title='bbox 960 5387 1280 5464; x_wconf 68' lang='lat' dir='ltr'><strong>Burgundos</strong></span> <span class='ocrx_word' id='word_1_732' title='bbox 1334 5388 1510 5464; x_wconf 80' lang='lat' dir='ltr'><strong>divisa</strong></span> <span class='ocrx_word' id='word_1_733' title='bbox 1519 5387 1658 5464; x_wconf 79' lang='lat' dir='ltr'><strong>fuit.</strong></span> <span class='ocrx_word' id='word_1_734' title='bbox 1697 5389 1778 5446; x_wconf 89' lang='lat' dir='ltr'><strong>sic</strong></span> 
     </span>
    </p>
   </div>
   <div class='ocr_carea' id='block_1_102' title="bbox 158 5459 1772 5536">
    <p class='ocr_par' dir='ltr' id='par_1_102' title="bbox 158 5459 1772 5536">
     <span class='ocr_line' id='line_1_102' title="bbox 158 5459 1772 5536; baseline -0.004 -15"><span class='ocrx_word' id='word_1_735' title='bbox 158 5475 235 5521; x_wconf 84' lang='lat' dir='ltr'><strong>ut</strong></span> <span class='ocrx_word' id='word_1_736' title='bbox 274 5467 481 5522; x_wconf 91' lang='lat' dir='ltr'><strong>horum</strong></span> <span class='ocrx_word' id='word_1_737' title='bbox 519 5480 649 5536; x_wconf 88' lang='lat' dir='ltr'><strong>pars</strong></span> <span class='ocrx_word' id='word_1_738' title='bbox 676 5465 841 5521; x_wconf 87' lang='lat' dir='ltr'><strong>etiam</strong></span> <span class='ocrx_word' id='word_1_739' title='bbox 882 5459 1444 5536; x_wconf 64' lang='lat' dir='ltr'><strong>minor&#39;Burgundia_</strong></span> <span class='ocrx_word' id='word_1_740' title='bbox 1480 5461 1772 5536; x_wconf 80' lang='lat' dir='ltr'><strong>diceretur.</strong></span> 
     </span>
    </p>
   </div>
   <div class='ocr_carea' id='block_1_103' title="bbox 157 5528 1775 5606">
    <p class='ocr_par' dir='ltr' id='par_1_103' title="bbox 157 5528 1775 5606">
     <span class='ocr_line' id='line_1_103' title="bbox 157 5528 1775 5606; baseline -0.004 -12"><span class='ocrx_word' id='word_1_741' title='bbox 157 5537 367 5594; x_wconf 81' lang='lat' dir='ltr'><strong>Distat</strong></span> <span class='ocrx_word' id='word_1_742' title='bbox 393 5528 576 5593; x_wconf 77' lang='lat' dir='ltr'><strong>autem</strong></span> <span class='ocrx_word' id='word_1_743' title='bbox 614 5535 939 5592; x_wconf 89' lang='lat' dir='ltr'><strong>Solodurum</strong></span> <span class='ocrx_word' id='word_1_744' title='bbox 966 5536 1034 5591; x_wconf 88' lang='lat' dir='ltr'><strong>ab</strong></span> <span class='ocrx_word' id='word_1_745' title='bbox 1060 5528 1258 5606; x_wconf 83' lang='lat' dir='ltr'><strong>oppido</strong></span> <span class='ocrx_word' id='word_1_746' title='bbox 1289 5528 1349 5586; x_wconf 91' lang='lat' dir='ltr'><strong>S.</strong></span> <span class='ocrx_word' id='word_1_747' title='bbox 1391 5530 1629 5587; x_wconf 86' lang='lat' dir='ltr'><strong>Mauritii</strong></span> <span class='ocrx_word' id='word_1_748' title='bbox 1651 5532 1775 5604; x_wconf 91' lang='lat' dir='ltr'><strong>plus</strong></span> 
     </span>
    </p>
   </div>
   <div class='ocr_carea' id='block_1_104' title="bbox 158 5608 1003 5681">
    <p class='ocr_par' dir='ltr' id='par_1_104' title="bbox 158 5608 1003 5681">
     <span class='ocr_line' id='line_1_104' title="bbox 158 5608 1003 5681; baseline -0.005 -16"><span class='ocrx_word' id='word_1_749' title='bbox 158 5608 453 5681; x_wconf 58' lang='lat' dir='ltr'><strong>quam“!</strong></span> <span class='ocrx_word' id='word_1_750' title='bbox 476 5608 648 5664; x_wconf 87' lang='lat' dir='ltr'><strong>leucis</strong></span> <span class='ocrx_word' id='word_1_751' title='bbox 677 5609 732 5663; x_wconf 92' lang='lat' dir='ltr'><strong>in</strong></span> <span class='ocrx_word' id='word_1_752' title='bbox 755 5608 1003 5681; x_wconf 76' lang='lat' dir='ltr'><strong>boream.</strong></span> 
     </span>
    </p>
   </div>
   <div class='ocr_carea' id='block_1_105' title="bbox 249 5672 1778 5751">
    <p class='ocr_par' dir='ltr' id='par_1_105' title="bbox 249 5672 1778 5751">
     <span class='ocr_line' id='line_1_105' title="bbox 249 5672 1778 5751; baseline -0.006 -13"><span class='ocrx_word' id='word_1_753' title='bbox 249 5693 278 5722; x_wconf 74' lang='grc' dir='ltr'><strong><em>ο</em></strong></span> <span class='ocrx_word' id='word_1_754' title='bbox 323 5678 640 5751; x_wconf 85' lang='lat' dir='ltr'><strong>Trajectum</strong></span> <span class='ocrx_word' id='word_1_755' title='bbox 703 5679 770 5735; x_wconf 89' lang='lat' dir='ltr'><strong>ad</strong></span> <span class='ocrx_word' id='word_1_756' title='bbox 804 5678 1011 5735; x_wconf 82' lang='lat' dir='ltr'><strong>Mosam</strong></span> <span class='ocrx_word' id='word_1_757' title='bbox 1065 5678 1207 5737; x_wconf 86' lang='lat' dir='ltr'><strong>infra</strong></span> <span class='ocrx_word' id='word_1_758' title='bbox 1258 5678 1517 5736; x_wconf 88' lang='lat' dir='ltr'><strong>Leodium</strong></span> <span class='ocrx_word' id='word_1_759' title='bbox 1572 5672 1778 5732; x_wconf 88' lang='lat' dir='ltr'><strong>intelli-</strong></span> 
     </span>
    </p>
   </div>
   <div class='ocr_carea' id='block_1_106' title="bbox 150 5755 351 5826">
    <p class='ocr_par' dir='ltr' id='par_1_106' title="bbox 150 5755 351 5826">
     <span class='ocr_line' id='line_1_106' title="bbox 150 5755 351 5826; baseline 0 0"><span class='ocrx_word' id='word_1_760' title='bbox 150 5755 351 5826; x_wconf 57' lang='grc' dir='ltr'><strong>εἰμιιὲ</strong></span> 
     </span>
    </p>
   </div>
   <div class='ocr_carea' id='block_1_107' title="bbox 252 5817 1780 5886">
    <p class='ocr_par' dir='ltr' id='par_1_107' title="bbox 252 5817 1780 5886">
     <span class='ocr_line' id='line_1_107' title="bbox 252 5817 1780 5886; baseline -0.005 -5"><span class='ocrx_word' id='word_1_761' title='bbox 252 5824 276 5865; x_wconf 67' lang='grc' dir='ltr'><strong>ί</strong></span> <span class='ocrx_word' id='word_1_762' title='bbox 319 5822 387 5881; x_wconf 90' lang='lat' dir='ltr'><strong>S.</strong></span> <span class='ocrx_word' id='word_1_763' title='bbox 409 5820 644 5880; x_wconf 86' lang='lat' dir='ltr'><strong>Bavonis</strong></span> <span class='ocrx_word' id='word_1_764' title='bbox 675 5824 1060 5882; x_wconf 87' lang='lat' dir='ltr'><strong>monasterium</strong></span> <span class='ocrx_word' id='word_1_765' title='bbox 1085 5832 1202 5882; x_wconf 83' lang='lat' dir='ltr'><strong>erat</strong></span> <span class='ocrx_word' id='word_1_766' title='bbox 1230 5823 1287 5880; x_wconf 91' lang='lat' dir='ltr'><strong>in</strong></span> <span class='ocrx_word' id='word_1_767' title='bbox 1316 5823 1450 5879; x_wconf 88' lang='lat' dir='ltr'><strong>urbe</strong></span> <span class='ocrx_word' id='word_1_768' title='bbox 1480 5817 1780 5886; x_wconf 85' lang='lat' dir='ltr'><strong>Gandensi,</strong></span> 
     </span>
    </p>
   </div>
   <div class='ocr_carea' id='block_1_108' title="bbox 143 5890 1781 5982">
    <p class='ocr_par' dir='ltr' id='par_1_108' title="bbox 143 5890 1781 5982">
     <span class='ocr_line' id='line_1_108' title="bbox 143 5890 1781 5982; baseline -0.006 -24"><span class='ocrx_word' id='word_1_769' title='bbox 143 5912 289 5982; x_wconf 75' lang='lat' dir='ltr'><strong>quo</strong></span> <span class='ocrx_word' id='word_1_770' title='bbox 322 5895 454 5955; x_wconf 87' lang='lat' dir='ltr'><strong>loco</strong></span> <span class='ocrx_word' id='word_1_771' title='bbox 497 5903 741 5959; x_wconf 78' lang='lat' dir='ltr'><strong>castrum</strong></span> <span class='ocrx_word' id='word_1_772' title='bbox 772 5913 917 5955; x_wconf 88' lang='lat' dir='ltr'><strong>nunc</strong></span> <span class='ocrx_word' id='word_1_773' title='bbox 952 5906 1037 5955; x_wconf 82' lang='lat' dir='ltr'><strong>est</strong></span> <span class='ocrx_word' id='word_1_774' title='bbox 1064 5906 1341 5955; x_wconf 85' lang='lat' dir='ltr'><strong>erectum:</strong></span> <span class='ocrx_word' id='word_1_775' title='bbox 1396 5907 1525 5951; x_wconf 88' lang='lat' dir='ltr'><strong>nam</strong></span> <span class='ocrx_word' id='word_1_776' title='bbox 1550 5898 1607 5948; x_wconf 89' lang='lat' dir='ltr'><strong>et</strong></span> <span class='ocrx_word' id='word_1_777' title='bbox 1637 5890 1781 5948; x_wconf 89' lang='lat' dir='ltr'><strong>hanc</strong></span> 
     </span>
    </p>
   </div>
   <div class='ocr_carea' id='block_1_109' title="bbox 680 5245 1778 5307">
    <p class='ocr_par' dir='ltr' id='par_1_109' title="bbox 680 5245 1778 5307">
     <span class='ocr_line' id='line_1_109' title="bbox 680 5245 1778 5307; baseline -0.005 0"><span class='ocrx_word' id='word_1_778' title='bbox 680 5266 739 5307; x_wconf 90' lang='lat' dir='ltr'><strong>re</strong></span> <span class='ocrx_word' id='word_1_779' title='bbox 803 5248 1125 5306; x_wconf 89' lang='lat' dir='ltr'><strong>Solodorum</strong></span> <span class='ocrx_word' id='word_1_780' title='bbox 1187 5262 1282 5302; x_wconf 92' lang='lat' dir='ltr'><strong>seu</strong></span> <span class='ocrx_word' id='word_1_781' title='bbox 1338 5245 1663 5302; x_wconf 88' lang='lat' dir='ltr'><strong>Solodurum</strong></span> <span class='ocrx_word' id='word_1_782' title='bbox 1692 5255 1778 5302; x_wconf 90' lang='lat' dir='ltr'><strong>cst</strong></span> 
     </span>
    </p>
   </div>
   <div class='ocr_carea' id='block_1_110' title="bbox 1948 4671 3460 4745">
    <p class='ocr_par' dir='ltr' id='par_1_110' title="bbox 1948 4671 3460 4745">
     <span class='ocr_line' id='line_1_110' title="bbox 1948 4671 3460 4745; baseline 0.001 -17"><span class='ocrx_word' id='word_1_783' title='bbox 1948 4678 1973 4717; x_wconf 77' lang='lat'><strong><em>8</em></strong></span> <span class='ocrx_word' id='word_1_784' title='bbox 2012 4674 2121 4729; x_wconf 90' lang='lat' dir='ltr'><strong>lter</strong></span> <span class='ocrx_word' id='word_1_785' title='bbox 2151 4674 2419 4731; x_wconf 89' lang='lat' dir='ltr'><strong>Soloduro</strong></span> <span class='ocrx_word' id='word_1_786' title='bbox 2450 4672 2863 4745; x_wconf 89' lang='lat' dir='ltr'><strong>Strasburgum,</strong></span> <span class='ocrx_word' id='word_1_787' title='bbox 2907 4673 3178 4745; x_wconf 87' lang='lat' dir='ltr'><strong>civitatem</strong></span> <span class='ocrx_word' id='word_1_788' title='bbox 3207 4671 3276 4726; x_wconf 90' lang='lat' dir='ltr'><strong>ad</strong></span> <span class='ocrx_word' id='word_1_789' title='bbox 3313 4671 3460 4729; x_wconf 80' lang='lat' dir='ltr'><strong>Rhe-</strong></span> 
     </span>
    </p>
   </div>
   <div class='ocr_carea' id='block_1_111' title="bbox 1870 4742 3462 4817">
    <p class='ocr_par' dir='ltr' id='par_1_111' title="bbox 1870 4742 3462 4817">
     <span class='ocr_line' id='line_1_111' title="bbox 1870 4742 3462 4817; baseline -0.001 -14"><span class='ocrx_word' id='word_1_790' title='bbox 1870 4762 2003 4803; x_wconf 90' lang='lat' dir='ltr'><strong>num</strong></span> <span class='ocrx_word' id='word_1_791' title='bbox 2028 4746 2211 4811; x_wconf 91' lang='lat' dir='ltr'><strong>sitam,</strong></span> <span class='ocrx_word' id='word_1_792' title='bbox 2252 4755 2417 4817; x_wconf 89' lang='lat' dir='ltr'><strong>atque</strong></span> <span class='ocrx_word' id='word_1_793' title='bbox 2430 4744 2658 4817; x_wconf 14' lang='lat' dir='ltr'><strong>,Alsatiae</strong></span> <span class='ocrx_word' id='word_1_794' title='bbox 2679 4742 3040 4816; x_wconf 74' lang='lat' dir='ltr'><strong>nietropolim,</strong></span> <span class='ocrx_word' id='word_1_795' title='bbox 3069 4751 3320 4799; x_wconf 88' lang='lat' dir='ltr'><strong>censetur</strong></span> <span class='ocrx_word' id='word_1_796' title='bbox 3340 4759 3462 4801; x_wconf 86' lang='lat' dir='ltr'><strong>esse</strong></span> 
     </span>
    </p>
   </div>
   <div class='ocr_carea' id='block_1_112' title="bbox 1872 4816 2511 4875">
    <p class='ocr_par' dir='ltr' id='par_1_112' title="bbox 1872 4816 2511 4875">
     <span class='ocr_line' id='line_1_112' title="bbox 1872 4816 2511 4875; baseline -0.005 0"><span class='ocrx_word' id='word_1_797' title='bbox 1872 4820 2149 4875; x_wconf 88' lang='lat' dir='ltr'><strong>leucarum</strong></span> <span class='ocrx_word' id='word_1_798' title='bbox 2181 4816 2403 4873; x_wconf 85' lang='lat' dir='ltr'><strong>circiter</strong></span> <span class='ocrx_word' id='word_1_799' title='bbox 2421 4816 2511 4872; x_wconf 84' lang='lat'><strong>50.</strong></span> 
     </span>
    </p>
   </div>
   <div class='ocr_carea' id='block_1_113' title="bbox 1944 4884 3463 4959">
    <p class='ocr_par' dir='ltr' id='par_1_113' title="bbox 1944 4884 3463 4959">
     <span class='ocr_line' id='line_1_113' title="bbox 1944 4884 3463 4959; baseline -0.001 -15"><span class='ocrx_word' id='word_1_800' title='bbox 1944 4891 1976 4931; x_wconf 70' lang='grc' dir='ltr'><strong>ιι</strong></span> <span class='ocrx_word' id='word_1_801' title='bbox 2030 4888 2259 4944; x_wconf 78' lang='lat' dir='ltr'><strong>Videtur</strong></span> <span class='ocrx_word' id='word_1_802' title='bbox 2313 4888 2404 4944; x_wconf 88' lang='lat' dir='ltr'><strong>hic</strong></span> <span class='ocrx_word' id='word_1_803' title='bbox 2448 4896 2641 4959; x_wconf 86' lang='lat' dir='ltr'><strong>portus</strong></span> <span class='ocrx_word' id='word_1_804' title='bbox 2690 4885 3067 4959; x_wconf 75' lang='lat' dir='ltr'><strong>inveniendus</strong></span> <span class='ocrx_word' id='word_1_805' title='bbox 3097 4884 3289 4959; x_wconf 76' lang='lat' dir='ltr'><strong>paulo_</strong></span> <span class='ocrx_word' id='word_1_806' title='bbox 3320 4885 3463 4959; x_wconf 88' lang='lat' dir='ltr'><strong>infra</strong></span> 
     </span>
    </p>
   </div>
   <div class='ocr_carea' id='block_1_114' title="bbox 1875 4954 3460 5024">
    <p class='ocr_par' dir='ltr' id='par_1_114' title="bbox 1875 4954 3460 5024">
     <span class='ocr_line' id='line_1_114' title="bbox 1875 4954 3460 5024; baseline -0.003 -6"><span class='ocrx_word' id='word_1_807' title='bbox 1875 4959 2109 5018; x_wconf 84' lang='lat' dir='ltr'><strong>Neckari</strong></span> <span class='ocrx_word' id='word_1_808' title='bbox 2138 4968 2193 5016; x_wconf 92' lang='lat' dir='ltr'><strong>et</strong></span> <span class='ocrx_word' id='word_1_809' title='bbox 2221 4960 2398 5016; x_wconf 86' lang='lat' dir='ltr'><strong>Rheni</strong></span> <span class='ocrx_word' id='word_1_810' title='bbox 2432 4954 2789 5024; x_wconf 78' lang='lat' dir='ltr'><strong>conﬂuentes,</strong></span> <span class='ocrx_word' id='word_1_811' title='bbox 2834 4958 2891 5013; x_wconf 85' lang='lat' dir='ltr'><strong>id</strong></span> <span class='ocrx_word' id='word_1_812' title='bbox 2914 4966 3020 5024; x_wconf 81' lang='lat' dir='ltr'><strong>est,</strong></span> <span class='ocrx_word' id='word_1_813' title='bbox 3053 4954 3195 5011; x_wconf 86' lang='lat' dir='ltr'><strong>infra</strong></span> <span class='ocrx_word' id='word_1_814' title='bbox 3238 4955 3460 5014; x_wconf 85' lang='lat' dir='ltr'><strong>Manhe-</strong></span> 
     </span>
    </p>
   </div>
   <div class='ocr_carea' id='block_1_115' title="bbox 1876 5028 3462 5099">
    <p class='ocr_par' dir='ltr' id='par_1_115' title="bbox 1876 5028 3462 5099">
     <span class='ocr_line' id='line_1_115' title="bbox 1876 5028 3462 5099; baseline -0.003 -11"><span class='ocrx_word' id='word_1_815' title='bbox 1876 5032 2069 5097; x_wconf 88' lang='lat' dir='ltr'><strong>mium,</strong></span> <span class='ocrx_word' id='word_1_816' title='bbox 2096 5032 2238 5087; x_wconf 89' lang='lat' dir='ltr'><strong>unde</strong></span> <span class='ocrx_word' id='word_1_817' title='bbox 2260 5029 2293 5085; x_wconf 91' lang='lat'><strong>8</strong></span> <span class='ocrx_word' id='word_1_818' title='bbox 2319 5030 2539 5086; x_wconf 91' lang='lat' dir='ltr'><strong>circiter</strong></span> <span class='ocrx_word' id='word_1_819' title='bbox 2560 5030 2729 5085; x_wconf 91' lang='lat' dir='ltr'><strong>leucis</strong></span> <span class='ocrx_word' id='word_1_820' title='bbox 2752 5029 2952 5093; x_wconf 90' lang='lat' dir='ltr'><strong>distat,</strong></span> <span class='ocrx_word' id='word_1_821' title='bbox 2984 5028 3075 5099; x_wconf 90' lang='lat' dir='ltr'><strong>qui</strong></span> <span class='ocrx_word' id='word_1_822' title='bbox 3116 5028 3362 5099; x_wconf 78' lang='lat' dir='ltr'><strong>signatur</strong></span> <span class='ocrx_word' id='word_1_823' title='bbox 3384 5029 3462 5085; x_wconf 91' lang='lat' dir='ltr'><strong>lo-</strong></span> 
     </span>
    </p>
   </div>
   <div class='ocr_carea' id='block_1_116' title="bbox 1871 5096 3462 5170">
    <p class='ocr_par' dir='ltr' id='par_1_116' title="bbox 1871 5096 3462 5170">
     <span class='ocr_line' id='line_1_116' title="bbox 1871 5096 3462 5170; baseline -0.003 -10"><span class='ocrx_word' id='word_1_824' title='bbox 1871 5120 1990 5160; x_wconf 90' lang='lat' dir='ltr'><strong>cus.</strong></span> <span class='ocrx_word' id='word_1_825' title='bbox 2042 5096 2350 5158; x_wconf 81' lang='lat' dir='ltr'><strong>Mansiones</strong></span> <span class='ocrx_word' id='word_1_826' title='bbox 2382 5111 2562 5157; x_wconf 87' lang='lat' dir='ltr'><strong>autem</strong></span> <span class='ocrx_word' id='word_1_827' title='bbox 2593 5100 2684 5156; x_wconf 91' lang='lat' dir='ltr'><strong>hic</strong></span> <span class='ocrx_word' id='word_1_828' title='bbox 2708 5100 2981 5165; x_wconf 90' lang='lat' dir='ltr'><strong>dicuntur,</strong></span> <span class='ocrx_word' id='word_1_829' title='bbox 2999 5096 3143 5170; x_wconf 61' lang='lat' dir='ltr'><strong>&#39;quae</strong></span> <span class='ocrx_word' id='word_1_830' title='bbox 3171 5096 3462 5155; x_wconf 74' lang='lat' dir='ltr'><strong>Germanis</strong></span> 
     </span>
    </p>
   </div>
   <div class='ocr_carea' id='block_1_117' title="bbox 1870 5170 3462 5244">
    <p class='ocr_par' dir='ltr' id='par_1_117' title="bbox 1870 5170 3462 5244">
     <span class='ocr_line' id='line_1_117' title="bbox 1870 5170 3462 5244; baseline -0.003 -14"><span class='ocrx_word' id='word_1_831' title='bbox 1870 5175 2022 5242; x_wconf 75' lang='lat' dir='ltr'><strong>Rast,</strong></span> <span class='ocrx_word' id='word_1_832' title='bbox 2066 5173 2182 5229; x_wconf 89' lang='lat' dir='ltr'><strong>loca</strong></span> <span class='ocrx_word' id='word_1_833' title='bbox 2239 5172 2458 5244; x_wconf 83' lang='lat' dir='ltr'><strong>quietis,</strong></span> <span class='ocrx_word' id='word_1_834' title='bbox 2490 5182 2547 5228; x_wconf 91' lang='lat' dir='ltr'><strong>et</strong></span> <span class='ocrx_word' id='word_1_835' title='bbox 2599 5171 2919 5241; x_wconf 85' lang='lat' dir='ltr'><strong>sesquihora</strong></span> <span class='ocrx_word' id='word_1_836' title='bbox 2962 5170 3077 5244; x_wconf 85' lang='lat' dir='ltr'><strong>fere</strong></span> <span class='ocrx_word' id='word_1_837' title='bbox 3128 5170 3212 5244; x_wconf 81' lang='lat' dir='ltr'><strong>ab</strong></span> <span class='ocrx_word' id='word_1_838' title='bbox 3230 5170 3462 5227; x_wconf 89' lang='lat' dir='ltr'><strong>invicem</strong></span> 
     </span>
    </p>
   </div>
   <div class='ocr_carea' id='block_1_118' title="bbox 1871 5240 3461 5325">
    <p class='ocr_par' dir='ltr' id='par_1_118' title="bbox 1871 5240 3461 5325">
     <span class='ocr_line' id='line_1_118' title="bbox 1871 5240 3461 5325; baseline -0.003 -23"><span class='ocrx_word' id='word_1_839' title='bbox 1871 5240 2095 5325; x_wconf 69' lang='lat' dir='ltr'><strong>distant,</strong></span> <span class='ocrx_word' id='word_1_840' title='bbox 2122 5240 2642 5325; x_wconf 63' lang='lat' dir='ltr'><strong>adcommoditatem</strong></span> <span class='ocrx_word' id='word_1_841' title='bbox 2655 5242 3170 5325; x_wconf 31' lang='lat' dir='ltr'><strong>onera‘portantium</strong></span> <span class='ocrx_word' id='word_1_842' title='bbox 3198 5240 3461 5298; x_wconf 88' lang='lat' dir='ltr'><strong>instructa</strong></span> 
     </span>
    </p>
   </div>
   <div class='ocr_carea' id='block_1_119' title="bbox 1872 5311 3240 5384">
    <p class='ocr_par' dir='ltr' id='par_1_119' title="bbox 1872 5311 3240 5384">
     <span class='ocr_line' id='line_1_119' title="bbox 1872 5311 3240 5384; baseline -0.007 -11"><span class='ocrx_word' id='word_1_843' title='bbox 1872 5315 2253 5380; x_wconf 84' lang='lat' dir='ltr'><strong>reclinatoriis,</strong></span> <span class='ocrx_word' id='word_1_844' title='bbox 2280 5315 2314 5369; x_wconf 72' lang='grc'><strong>4</strong></span> <span class='ocrx_word' id='word_1_845' title='bbox 2342 5313 2455 5370; x_wconf 86' lang='lat' dir='ltr'><strong>fere</strong></span> <span class='ocrx_word' id='word_1_846' title='bbox 2483 5311 2895 5384; x_wconf 18' lang='lat' dir='ltr'><strong>pedesgelevatis</strong></span> <span class='ocrx_word' id='word_1_847' title='bbox 2919 5328 2952 5368; x_wconf 90' lang='lat' dir='ltr'><strong>a</strong></span> <span class='ocrx_word' id='word_1_848' title='bbox 2980 5320 3146 5369; x_wconf 88' lang='lat' dir='ltr'><strong>terra.</strong></span> <span class='ocrx_word' id='word_1_849' title='bbox 3220 5338 3240 5364; x_wconf 65' lang='grc' dir='ltr'><strong>εί</strong></span> 
     </span>
    </p>
   </div>
   <div class='ocr_carea' id='block_1_120' title="bbox 1950 5382 3463 5452">
    <p class='ocr_par' dir='ltr' id='par_1_120' title="bbox 1950 5382 3463 5452">
     <span class='ocr_line' id='line_1_120' title="bbox 1950 5382 3463 5452; baseline -0.001 -10"><span class='ocrx_word' id='word_1_850' title='bbox 1950 5390 1967 5430; x_wconf 81' lang='grc' dir='ltr'><strong>ί</strong></span> <span class='ocrx_word' id='word_1_851' title='bbox 2004 5386 2461 5452; x_wconf 80' lang='lat' dir='ltr'><strong>Michelstadium,</strong></span> <span class='ocrx_word' id='word_1_852' title='bbox 2484 5382 2586 5441; x_wconf 80' lang='lat' dir='ltr'><strong>seu</strong></span> <span class='ocrx_word' id='word_1_853' title='bbox 2619 5382 2935 5441; x_wconf 84' lang='lat' dir='ltr'><strong>Michelstad</strong></span> <span class='ocrx_word' id='word_1_854' title='bbox 2960 5384 3018 5440; x_wconf 90' lang='lat' dir='ltr'><strong>in</strong></span> <span class='ocrx_word' id='word_1_855' title='bbox 3068 5384 3329 5440; x_wconf 89' lang='lat' dir='ltr'><strong>comitatu</strong></span> <span class='ocrx_word' id='word_1_856' title='bbox 3360 5383 3463 5441; x_wconf 82' lang='lat' dir='ltr'><strong>ho-</strong></span> 
     </span>
    </p>
   </div>
   <div class='ocr_carea' id='block_1_121' title="bbox 1881 5454 3247 5527">
    <p class='ocr_par' dir='ltr' id='par_1_121' title="bbox 1881 5454 3247 5527">
     <span class='ocr_line' id='line_1_121' title="bbox 1881 5454 3247 5527; baseline -0.008 -11"><span class='ocrx_word' id='word_1_857' title='bbox 1881 5458 2072 5516; x_wconf 85' lang='lat' dir='ltr'><strong>diemo</strong></span> <span class='ocrx_word' id='word_1_858' title='bbox 2097 5457 2451 5527; x_wconf 87' lang='lat' dir='ltr'><strong>Erpachensi.</strong></span> <span class='ocrx_word' id='word_1_859' title='bbox 2478 5526 2481 5527; x_wconf 17' lang='grc' dir='ltr'><em>ν</em></span> <span class='ocrx_word' id='word_1_860' title='bbox 3240 5454 3247 5462; x_wconf 82' lang='grc'><strong>’</strong></span> 
     </span>
    </p>
   </div>
   <div class='ocr_carea' id='block_1_122' title="bbox 1957 5526 2541 5586">
    <p class='ocr_par' dir='ltr' id='par_1_122' title="bbox 1957 5526 2541 5586">
     <span class='ocr_line' id='line_1_122' title="bbox 1957 5526 2541 5586; baseline 0 -4"><span class='ocrx_word' id='word_1_861' title='bbox 1957 5534 1971 5582; x_wconf 75' lang='grc'>1</span> <span class='ocrx_word' id='word_1_862' title='bbox 2018 5526 2191 5586; x_wconf 82' lang='lat' dir='ltr'><strong>Hodie</strong></span> <span class='ocrx_word' id='word_1_863' title='bbox 2225 5526 2541 5583; x_wconf 77' lang='lat' dir='ltr'><strong>Oltenwald.</strong></span> 
     </span>
    </p>
   </div>
   <div class='ocr_carea' id='block_1_123' title="bbox 1955 5597 3463 5675">
    <p class='ocr_par' dir='ltr' id='par_1_123' title="bbox 1955 5597 3463 5675">
     <span class='ocr_line' id='line_1_123' title="bbox 1955 5597 3463 5675; baseline 0 -20"><span class='ocrx_word' id='word_1_864' title='bbox 1955 5601 1985 5642; x_wconf 75' lang='grc' dir='ltr'><strong>ιι</strong></span> <span class='ocrx_word' id='word_1_865' title='bbox 2019 5601 2254 5675; x_wconf 68' lang='lat' dir='ltr'><strong>Emenso</strong></span> <span class='ocrx_word' id='word_1_866' title='bbox 2275 5598 2498 5675; x_wconf 77' lang='lat' dir='ltr'><strong>circiter</strong></span> <span class='ocrx_word' id='word_1_867' title='bbox 2518 5598 2621 5654; x_wconf 75' lang='grc'><strong>120</strong></span> <span class='ocrx_word' id='word_1_868' title='bbox 2652 5597 2929 5675; x_wconf 65' lang='lat' dir='ltr'><strong>leucarum</strong></span> <span class='ocrx_word' id='word_1_869' title='bbox 2951 5598 3165 5675; x_wconf 79' lang='lat' dir='ltr'><strong>itinere,</strong></span> <span class='ocrx_word' id='word_1_870' title='bbox 3199 5610 3463 5675; x_wconf 72' lang='lat' dir='ltr'><strong>quantum</strong></span> 
     </span>
    </p>
   </div>
   <div class='ocr_carea' id='block_1_124' title="bbox 1883 5669 3465 5743">
    <p class='ocr_par' dir='ltr' id='par_1_124' title="bbox 1883 5669 3465 5743">
     <span class='ocr_line' id='line_1_124' title="bbox 1883 5669 3465 5743; baseline -0.003 -14"><span class='ocrx_word' id='word_1_871' title='bbox 1883 5672 2196 5743; x_wconf 86' lang='lat' dir='ltr'><strong>Gandavum</strong></span> <span class='ocrx_word' id='word_1_872' title='bbox 2227 5669 2339 5743; x_wconf 92' lang='lat' dir='ltr'><strong>(ubi</strong></span> <span class='ocrx_word' id='word_1_873' title='bbox 2360 5678 2491 5743; x_wconf 85' lang='lat' dir='ltr'><strong>tunc</strong></span> <span class='ocrx_word' id='word_1_874' title='bbox 2513 5679 2633 5726; x_wconf 87' lang='lat' dir='ltr'><strong>erat</strong></span> <span class='ocrx_word' id='word_1_875' title='bbox 2656 5669 3021 5743; x_wconf 74' lang='lat' dir='ltr'><strong>Eginhardus)</strong></span> <span class='ocrx_word' id='word_1_876' title='bbox 3045 5669 3465 5743; x_wconf 32' lang='lat' dir='ltr'><strong>distat’hlichel-</strong></span> 
     </span>
    </p>
   </div>
   <div class='ocr_carea' id='block_1_125' title="bbox 1883 5740 3465 5812">
    <p class='ocr_par' dir='ltr' id='par_1_125' title="bbox 1883 5740 3465 5812">
     <span class='ocr_line' id='line_1_125' title="bbox 1883 5740 3465 5812; baseline -0.003 -11"><span class='ocrx_word' id='word_1_877' title='bbox 1883 5744 2086 5801; x_wconf 86' lang='lat' dir='ltr'><strong>stadio:</strong></span> <span class='ocrx_word' id='word_1_878' title='bbox 2112 5740 2249 5797; x_wconf 88' lang='lat' dir='ltr'><strong>adeo</strong></span> <span class='ocrx_word' id='word_1_879' title='bbox 2268 5749 2347 5808; x_wconf 90' lang='lat' dir='ltr'><strong>ut,</strong></span> <span class='ocrx_word' id='word_1_880' title='bbox 2373 5742 2421 5797; x_wconf 91' lang='lat' dir='ltr'><strong>si</strong></span> <span class='ocrx_word' id='word_1_881' title='bbox 2440 5756 2629 5799; x_wconf 90' lang='lat' dir='ltr'><strong>mense</strong></span> <span class='ocrx_word' id='word_1_882' title='bbox 2640 5740 2861 5798; x_wconf 82' lang='lat' dir='ltr'><strong>Octobri</strong></span> <span class='ocrx_word' id='word_1_883' title='bbox 2891 5742 3051 5798; x_wconf 77' lang='lat' dir='ltr'><strong>illatae</strong></span> <span class='ocrx_word' id='word_1_884' title='bbox 3078 5740 3204 5796; x_wconf 89' lang='lat' dir='ltr'><strong>illuc</strong></span> <span class='ocrx_word' id='word_1_885' title='bbox 3224 5740 3465 5812; x_wconf 75' lang='lat' dir='ltr'><strong>reliquiae</strong></span> 
     </span>
    </p>
   </div>
   <div class='ocr_carea' id='block_1_126' title="bbox 1884 5810 3466 5888">
    <p class='ocr_par' dir='ltr' id='par_1_126' title="bbox 1884 5810 3466 5888">
     <span class='ocr_line' id='line_1_126' title="bbox 1884 5810 3466 5888; baseline -0.001 -13"><span class='ocrx_word' id='word_1_886' title='bbox 1884 5822 2031 5881; x_wconf 86' lang='lat' dir='ltr'><strong>sunt,</strong></span> <span class='ocrx_word' id='word_1_887' title='bbox 2058 5813 2396 5888; x_wconf 81' lang='lat' dir='ltr'><strong>credipossit</strong></span> <span class='ocrx_word' id='word_1_888' title='bbox 2412 5812 2690 5888; x_wconf 77' lang='lat' dir='ltr'><strong>R_atleicus</strong></span> <span class='ocrx_word' id='word_1_889' title='bbox 2712 5814 2825 5888; x_wconf 83' lang='lat' dir='ltr'><strong>huc</strong></span> <span class='ocrx_word' id='word_1_890' title='bbox 2849 5812 3119 5888; x_wconf 83' lang='lat' dir='ltr'><strong>appulisse</strong></span> <span class='ocrx_word' id='word_1_891' title='bbox 3145 5810 3466 5873; x_wconf 58' lang='lat' dir='ltr'><strong>mense&#39;Now</strong></span> 
     </span>
    </p>
   </div>
   <div class='ocr_carea' id='block_1_127' title="bbox 1884 5884 2745 5959">
    <p class='ocr_par' dir='ltr' id='par_1_127' title="bbox 1884 5884 2745 5959">
     <span class='ocr_line' id='line_1_127' title="bbox 1884 5884 2745 5959; baseline -0.002 -12"><span class='ocrx_word' id='word_1_892' title='bbox 1884 5886 2117 5959; x_wconf 86' lang='lat' dir='ltr'><strong>vembri,</strong></span> <span class='ocrx_word' id='word_1_893' title='bbox 2143 5885 2229 5944; x_wconf 88' lang='lat' dir='ltr'><strong>vel</strong></span> <span class='ocrx_word' id='word_1_894' title='bbox 2258 5885 2426 5943; x_wconf 89' lang='lat' dir='ltr'><strong>etiam</strong></span> <span class='ocrx_word' id='word_1_895' title='bbox 2442 5884 2745 5945; x_wconf 86' lang='lat' dir='ltr'><strong>Decembri.</strong></span> 
     </span>
    </p>
   </div>
  </div>
