  <div class='ocr_page' id='page_1' title='image "/cluster/home/n/w/nwhite01/storage/ocr_20150623/104/hvd.32044015466824/289.png"; bbox 0 0 3960 6346; ppageno 0'>
   <div class='ocr_carea' id='block_1_1' title="bbox 496 349 600 412">
    <p class='ocr_par' dir='ltr' id='par_1_1' title="bbox 496 349 600 412">
     <span class='ocr_line' id='line_1_1' title="bbox 496 349 600 412; baseline -0.038 1"><span class='ocrx_word' id='word_1_1' title='bbox 496 349 600 412; x_wconf 72' lang='grc' dir='ltr'><strong>ειτ</strong></span> 
     </span>
    </p>
   </div>
   <div class='ocr_carea' id='block_1_2' title="bbox 1775 325 2486 397">
    <p class='ocr_par' dir='ltr' id='par_1_2' title="bbox 1775 325 2486 397">
     <span class='ocr_line' id='line_1_2' title="bbox 1775 325 2486 397; baseline -0.013 0"><span class='ocrx_word' id='word_1_2' title='bbox 1775 332 2155 397; x_wconf 76' lang='lat' dir='ltr'><strong>EGINHARDI</strong></span> <span class='ocrx_word' id='word_1_3' title='bbox 2192 325 2486 390; x_wconf 81' lang='lat' dir='ltr'><strong>ABBATIS</strong></span> 
     </span>
    </p>
   </div>
   <div class='ocr_carea' id='block_1_3' title="bbox 3676 327 3784 388">
    <p class='ocr_par' dir='ltr' id='par_1_3' title="bbox 3676 327 3784 388">
     <span class='ocr_line' id='line_1_3' title="bbox 3676 327 3784 388; baseline 0 -5"><span class='ocrx_word' id='word_1_4' title='bbox 3676 327 3784 388; x_wconf 61' lang='lat'><strong>548</strong></span> 
     </span>
    </p>
   </div>
   <div class='ocr_carea' id='block_1_4' title="bbox 496 428 3788 530">
    <p class='ocr_par' dir='ltr' id='par_1_4' title="bbox 496 428 3788 530">
     <span class='ocr_line' id='line_1_4' title="bbox 496 428 3788 530; baseline -0.012 -2"><span class='ocrx_word' id='word_1_5' title='bbox 496 488 565 528; x_wconf 80' lang='lat' dir='ltr'><strong>ex</strong></span> <span class='ocrx_word' id='word_1_6' title='bbox 588 465 819 530; x_wconf 85' lang='lat' dir='ltr'><strong>aedituis,</strong></span> <span class='ocrx_word' id='word_1_7' title='bbox 849 469 911 519; x_wconf 94' lang='lat' dir='ltr'><strong>ut</strong></span> <span class='ocrx_word' id='word_1_8' title='bbox 929 473 1241 518; x_wconf 83' lang='lat' dir='ltr'><strong>mensuram</strong></span> <span class='ocrx_word' id='word_1_9' title='bbox 1269 453 1433 514; x_wconf 81' lang='lat' dir='ltr'><strong>loculi</strong></span> <span class='ocrx_word' id='word_1_10' title='bbox 1455 455 1605 526; x_wconf 85' lang='lat' dir='ltr'><strong>virga</strong></span> <span class='ocrx_word' id='word_1_11' title='bbox 1633 452 1911 511; x_wconf 81' lang='lat' dir='ltr'><strong>collectam</strong></span> <span class='ocrx_word' id='word_1_12' title='bbox 1942 451 2076 508; x_wconf 88' lang='lat' dir='ltr'><strong>mihi</strong></span> <span class='ocrx_word' id='word_1_13' title='bbox 2103 452 2159 514; x_wconf 85' lang='grc' dir='ltr'><strong>Α</strong></span> <span class='ocrx_word' id='word_1_14' title='bbox 2181 454 2490 504; x_wconf 90' lang='lat' dir='ltr'><strong>sanctorum</strong></span> <span class='ocrx_word' id='word_1_15' title='bbox 2517 447 2820 515; x_wconf 80' lang='lat' dir='ltr'><strong>martyrum</strong></span> <span class='ocrx_word' id='word_1_16' title='bbox 2849 428 3164 509; x_wconf 75' lang='lat' dir='ltr'><strong>suffragium</strong></span> <span class='ocrx_word' id='word_1_17' title='bbox 3193 433 3597 530; x_wconf 86' lang='lat' dir='ltr'><strong>implorassem,</strong></span> <span class='ocrx_word' id='word_1_18' title='bbox 3619 444 3788 509; x_wconf 80' lang='lat' dir='ltr'><strong>atque</strong></span> 
     </span>
    </p>
   </div>
   <div class='ocr_carea' id='block_1_5' title="bbox 497 548 2083 622">
    <p class='ocr_par' dir='ltr' id='par_1_5' title="bbox 497 548 2083 622">
     <span class='ocr_line' id='line_1_5' title="bbox 497 548 2083 622; baseline -0.013 0"><span class='ocrx_word' id='word_1_19' title='bbox 497 563 735 622; x_wconf 70' lang='lat' dir='ltr'><strong>afferret.</strong></span> <span class='ocrx_word' id='word_1_20' title='bbox 762 559 896 616; x_wconf 90' lang='lat' dir='ltr'><strong>Cum</strong></span> <span class='ocrx_word' id='word_1_21' title='bbox 936 557 1027 612; x_wconf 93' lang='lat' dir='ltr'><strong>ille</strong></span> <span class='ocrx_word' id='word_1_22' title='bbox 1061 555 1165 610; x_wconf 85' lang='lat' dir='ltr'><strong>hoc</strong></span> <span class='ocrx_word' id='word_1_23' title='bbox 1205 553 1446 608; x_wconf 86' lang='lat' dir='ltr'><strong>facturus</strong></span> <span class='ocrx_word' id='word_1_24' title='bbox 1482 565 1698 607; x_wconf 84' lang='lat' dir='ltr'><strong>cereum</strong></span> <span class='ocrx_word' id='word_1_25' title='bbox 1741 548 2083 615; x_wconf 77' lang='lat' dir='ltr'><strong>accenderet,</strong></span> 
     </span>
    </p>
   </div>
   <div class='ocr_carea' id='block_1_6' title="bbox 499 641 2089 722">
    <p class='ocr_par' dir='ltr' id='par_1_6' title="bbox 499 641 2089 722">
     <span class='ocr_line' id='line_1_6' title="bbox 499 641 2089 722; baseline -0.013 -7"><span class='ocrx_word' id='word_1_26' title='bbox 499 666 556 715; x_wconf 91' lang='lat' dir='ltr'><strong>et</strong></span> <span class='ocrx_word' id='word_1_27' title='bbox 583 649 1084 722; x_wconf 87' lang='lat' dir='ltr'><strong>circumpendentia</strong></span> <span class='ocrx_word' id='word_1_28' title='bbox 1107 647 1290 718; x_wconf 91' lang='lat' dir='ltr'><strong>pallia,</strong></span> <span class='ocrx_word' id='word_1_29' title='bbox 1319 646 1514 717; x_wconf 87' lang='lat' dir='ltr'><strong>quibus</strong></span> <span class='ocrx_word' id='word_1_30' title='bbox 1544 645 1684 699; x_wconf 90' lang='lat' dir='ltr'><strong>idem</strong></span> <span class='ocrx_word' id='word_1_31' title='bbox 1710 641 1916 698; x_wconf 89' lang='lat' dir='ltr'><strong>loculus</strong></span> <span class='ocrx_word' id='word_1_32' title='bbox 1942 649 2089 713; x_wconf 87' lang='lat' dir='ltr'><strong>tege-</strong></span> 
     </span>
    </p>
   </div>
   <div class='ocr_carea' id='block_1_7' title="bbox 499 727 2089 815">
    <p class='ocr_par' dir='ltr' id='par_1_7' title="bbox 499 727 2089 815">
     <span class='ocr_line' id='line_1_7' title="bbox 499 727 2089 815; baseline -0.011 -7"><span class='ocrx_word' id='word_1_33' title='bbox 499 752 686 815; x_wconf 83' lang='lat' dir='ltr'><strong>batur,</strong></span> <span class='ocrx_word' id='word_1_34' title='bbox 716 746 1047 808; x_wconf 81' lang='lat' dir='ltr'><strong>sublevaret,</strong></span> <span class='ocrx_word' id='word_1_35' title='bbox 1079 740 1464 796; x_wconf 84' lang='lat' dir='ltr'><strong>animadvertit</strong></span> <span class='ocrx_word' id='word_1_36' title='bbox 1505 738 1742 794; x_wconf 72' lang='lat' dir='ltr'><strong>loculum</strong></span> <span class='ocrx_word' id='word_1_37' title='bbox 1786 737 1984 792; x_wconf 91' lang='lat' dir='ltr'><strong>mirum</strong></span> <span class='ocrx_word' id='word_1_38' title='bbox 2033 727 2089 791; x_wconf 88' lang='lat' dir='ltr'><strong>in</strong></span> 
     </span>
    </p>
   </div>
   <div class='ocr_carea' id='block_1_8' title="bbox 498 827 2091 906">
    <p class='ocr_par' dir='ltr' id='par_1_8' title="bbox 498 827 2091 906">
     <span class='ocr_line' id='line_1_8' title="bbox 498 827 2091 906; baseline -0.012 -6"><span class='ocrx_word' id='word_1_39' title='bbox 498 843 716 900; x_wconf 91' lang='lat' dir='ltr'><strong>modum</strong></span> <span class='ocrx_word' id='word_1_40' title='bbox 733 841 960 895; x_wconf 90' lang='lat' dir='ltr'><strong>humore</strong></span> <span class='ocrx_word' id='word_1_41' title='bbox 974 835 1268 906; x_wconf 88' lang='lat' dir='ltr'><strong>sanguineo</strong></span> <span class='ocrx_word' id='word_1_42' title='bbox 1283 832 1520 902; x_wconf 87' lang='lat' dir='ltr'><strong>undique</strong></span> <span class='ocrx_word' id='word_1_43' title='bbox 1533 829 1878 884; x_wconf 90' lang='lat' dir='ltr'><strong>distillantem</strong></span> <span class='ocrx_word' id='word_1_44' title='bbox 1897 845 1912 894; x_wconf 89' lang='lat'><strong>;</strong></span> <span class='ocrx_word' id='word_1_45' title='bbox 1939 834 1993 882; x_wconf 88' lang='lat' dir='ltr'><strong>et</strong></span> <span class='ocrx_word' id='word_1_46' title='bbox 2011 827 2091 882; x_wconf 88' lang='lat' dir='ltr'><strong>rei</strong></span> 
     </span>
    </p>
   </div>
   <div class='ocr_carea' id='block_1_9' title="bbox 500 917 2092 1003">
    <p class='ocr_par' dir='ltr' id='par_1_9' title="bbox 500 917 2092 1003">
     <span class='ocr_line' id='line_1_9' title="bbox 500 917 2092 1003; baseline -0.013 -11"><span class='ocrx_word' id='word_1_47' title='bbox 500 937 742 993; x_wconf 85' lang='lat' dir='ltr'><strong>novitate</strong></span> <span class='ocrx_word' id='word_1_48' title='bbox 770 929 1117 1003; x_wconf 87' lang='lat' dir='ltr'><strong>perterritus,</strong></span> <span class='ocrx_word' id='word_1_49' title='bbox 1148 927 1255 980; x_wconf 88' lang='lat' dir='ltr'><strong>hoc</strong></span> <span class='ocrx_word' id='word_1_50' title='bbox 1284 925 1428 997; x_wconf 89' lang='lat' dir='ltr'><strong>quod</strong></span> <span class='ocrx_word' id='word_1_51' title='bbox 1451 923 1658 978; x_wconf 82' lang='lat' dir='ltr'><strong>viderat</strong></span> <span class='ocrx_word' id='word_1_52' title='bbox 1687 934 1917 991; x_wconf 85' lang='lat' dir='ltr'><strong>propere</strong></span> <span class='ocrx_word' id='word_1_53' title='bbox 1957 917 2092 974; x_wconf 90' lang='lat' dir='ltr'><strong>mihi</strong></span> 
     </span>
    </p>
   </div>
   <div class='ocr_carea' id='block_1_10' title="bbox 465 1011 2090 1088">
    <p class='ocr_par' dir='ltr' id='par_1_10' title="bbox 465 1011 2090 1088">
     <span class='ocr_line' id='line_1_10' title="bbox 465 1011 2090 1088; baseline -0.012 -5"><span class='ocrx_word' id='word_1_54' title='bbox 465 1017 472 1025; x_wconf 77' lang='grc'><em>’</em></span> <span class='ocrx_word' id='word_1_55' title='bbox 504 1027 756 1084; x_wconf 89' lang='lat' dir='ltr'><strong>nuntiare</strong></span> <span class='ocrx_word' id='word_1_56' title='bbox 775 1021 1006 1078; x_wconf 81' lang='lat' dir='ltr'><strong>curavit.</strong></span> <span class='ocrx_word' id='word_1_57' title='bbox 1041 1018 1179 1074; x_wconf 91' lang='lat' dir='ltr'><strong>Tum</strong></span> <span class='ocrx_word' id='word_1_58' title='bbox 1217 1031 1340 1088; x_wconf 89' lang='lat' dir='ltr'><strong>ego,</strong></span> <span class='ocrx_word' id='word_1_59' title='bbox 1371 1031 1495 1071; x_wconf 92' lang='lat' dir='ltr'><strong>cum</strong></span> <span class='ocrx_word' id='word_1_60' title='bbox 1515 1014 1600 1069; x_wconf 91' lang='lat' dir='ltr'><strong>his</strong></span> <span class='ocrx_word' id='word_1_61' title='bbox 1623 1013 1717 1084; x_wconf 86' lang='lat' dir='ltr'><strong>qui</strong></span> <span class='ocrx_word' id='word_1_62' title='bbox 1737 1011 1965 1067; x_wconf 91' lang='lat' dir='ltr'><strong>aderant</strong></span> <span class='ocrx_word' id='word_1_63' title='bbox 1999 1025 2090 1066; x_wconf 89' lang='lat' dir='ltr'><strong>sa—</strong></span> 
     </span>
    </p>
   </div>
   <div class='ocr_carea' id='block_1_11' title="bbox 504 1101 2093 1180">
    <p class='ocr_par' dir='ltr' id='par_1_11' title="bbox 504 1101 2093 1180">
     <span class='ocr_line' id='line_1_11' title="bbox 504 1101 2093 1180; baseline -0.013 -4"><span class='ocrx_word' id='word_1_64' title='bbox 504 1118 818 1178; x_wconf 90' lang='lat' dir='ltr'><strong>cerdotibus</strong></span> <span class='ocrx_word' id='word_1_65' title='bbox 845 1114 1074 1180; x_wconf 86' lang='lat' dir='ltr'><strong>accessi,</strong></span> <span class='ocrx_word' id='word_1_66' title='bbox 1098 1121 1154 1167; x_wconf 91' lang='lat' dir='ltr'><strong>et</strong></span> <span class='ocrx_word' id='word_1_67' title='bbox 1188 1111 1320 1166; x_wconf 89' lang='lat' dir='ltr'><strong>illud</strong></span> <span class='ocrx_word' id='word_1_68' title='bbox 1364 1108 1688 1180; x_wconf 86' lang='lat' dir='ltr'><strong>stupendum</strong></span> <span class='ocrx_word' id='word_1_69' title='bbox 1737 1115 1901 1176; x_wconf 91' lang='lat' dir='ltr'><strong>atque</strong></span> <span class='ocrx_word' id='word_1_70' title='bbox 1945 1101 2093 1158; x_wconf 90' lang='lat' dir='ltr'><strong>omni</strong></span> 
     </span>
    </p>
   </div>
   <div class='ocr_carea' id='block_1_12' title="bbox 509 1197 2096 1278">
    <p class='ocr_par' dir='ltr' id='par_1_12' title="bbox 509 1197 2096 1278">
     <span class='ocr_line' id='line_1_12' title="bbox 509 1197 2096 1278; baseline -0.011 -11"><span class='ocrx_word' id='word_1_71' title='bbox 509 1209 866 1267; x_wconf 88' lang='lat' dir='ltr'><strong>admiratione</strong></span> <span class='ocrx_word' id='word_1_72' title='bbox 896 1207 1116 1278; x_wconf 82' lang='lat' dir='ltr'><strong>dignum</strong></span> <span class='ocrx_word' id='word_1_73' title='bbox 1142 1203 1465 1259; x_wconf 89' lang='lat' dir='ltr'><strong>miraculum</strong></span> <span class='ocrx_word' id='word_1_74' title='bbox 1496 1199 1702 1272; x_wconf 81' lang='lat' dir='ltr'><strong>aspexi.</strong></span> <span class='ocrx_word' id='word_1_75' title='bbox 1744 1197 1878 1253; x_wconf 87' lang='lat' dir='ltr'><strong>Nam</strong></span> <span class='ocrx_word' id='word_1_76' title='bbox 1918 1204 1979 1252; x_wconf 92' lang='lat' dir='ltr'><strong>ut</strong></span> <span class='ocrx_word' id='word_1_77' title='bbox 2007 1211 2096 1251; x_wconf 88' lang='lat' dir='ltr'><strong>co-</strong></span> 
     </span>
    </p>
   </div>
   <div class='ocr_carea' id='block_1_13' title="bbox 503 1289 2097 1374">
    <p class='ocr_par' dir='ltr' id='par_1_13' title="bbox 503 1289 2097 1374">
     <span class='ocr_line' id='line_1_13' title="bbox 503 1289 2097 1374; baseline -0.013 -12"><span class='ocrx_word' id='word_1_78' title='bbox 503 1307 701 1362; x_wconf 66' lang='lat' dir='ltr'><strong>lumine</strong></span> <span class='ocrx_word' id='word_1_79' title='bbox 731 1311 895 1374; x_wconf 91' lang='lat' dir='ltr'><strong>atque</strong></span> <span class='ocrx_word' id='word_1_80' title='bbox 927 1301 1080 1356; x_wconf 85' lang='lat' dir='ltr'><strong>abaci</strong></span> <span class='ocrx_word' id='word_1_81' title='bbox 1109 1299 1193 1354; x_wconf 85' lang='lat' dir='ltr'><strong>vel</strong></span> <span class='ocrx_word' id='word_1_82' title='bbox 1224 1299 1377 1370; x_wconf 85' lang='lat' dir='ltr'><strong>signa</strong></span> <span class='ocrx_word' id='word_1_83' title='bbox 1421 1310 1749 1360; x_wconf 88' lang='lat' dir='ltr'><strong>marmorea,</strong></span> <span class='ocrx_word' id='word_1_84' title='bbox 1791 1290 1970 1362; x_wconf 89' lang='lat' dir='ltr'><strong>pluvia</strong></span> <span class='ocrx_word' id='word_1_85' title='bbox 2013 1289 2097 1344; x_wconf 86' lang='lat' dir='ltr'><strong>in-</strong></span> 
     </span>
    </p>
   </div>
   <div class='ocr_carea' id='block_1_14' title="bbox 506 1383 2095 1465">
    <p class='ocr_par' dir='ltr' id='par_1_14' title="bbox 506 1383 2095 1465">
     <span class='ocr_line' id='line_1_14' title="bbox 506 1383 2095 1465; baseline -0.011 -10"><span class='ocrx_word' id='word_1_86' title='bbox 506 1384 704 1465; x_wconf 69' lang='lat' dir='ltr'><strong>siante,</strong></span> <span class='ocrx_word' id='word_1_87' title='bbox 728 1398 925 1453; x_wconf 91' lang='lat' dir='ltr'><strong>sudare</strong></span> <span class='ocrx_word' id='word_1_88' title='bbox 942 1412 1004 1451; x_wconf 93' lang='lat' dir='ltr'><strong>ac</strong></span> <span class='ocrx_word' id='word_1_89' title='bbox 1017 1392 1393 1451; x_wconf 80' lang='lat' dir='ltr'><strong>circumfluere</strong></span> <span class='ocrx_word' id='word_1_90' title='bbox 1418 1390 1612 1455; x_wconf 86' lang='lat' dir='ltr'><strong>solent,</strong></span> <span class='ocrx_word' id='word_1_91' title='bbox 1651 1388 1729 1445; x_wconf 90' lang='lat' dir='ltr'><strong>sic</strong></span> <span class='ocrx_word' id='word_1_92' title='bbox 1753 1386 1961 1442; x_wconf 89' lang='lat' dir='ltr'><strong>loculus</strong></span> <span class='ocrx_word' id='word_1_93' title='bbox 1985 1383 2095 1449; x_wconf 91' lang='lat' dir='ltr'><strong>illc,</strong></span> 
     </span>
    </p>
   </div>
   <div class='ocr_carea' id='block_1_15' title="bbox 511 1477 2099 1566">
    <p class='ocr_par' dir='ltr' id='par_1_15' title="bbox 511 1477 2099 1566">
     <span class='ocr_line' id='line_1_15' title="bbox 511 1477 2099 1566; baseline -0.012 -15"><span class='ocrx_word' id='word_1_94' title='bbox 511 1495 605 1566; x_wconf 89' lang='lat' dir='ltr'><strong>qui</strong></span> <span class='ocrx_word' id='word_1_95' title='bbox 660 1477 1028 1550; x_wconf 90' lang='lat' dir='ltr'><strong>sacratissima</strong></span> <span class='ocrx_word' id='word_1_96' title='bbox 1092 1503 1320 1560; x_wconf 90' lang='lat' dir='ltr'><strong>corpora</strong></span> <span class='ocrx_word' id='word_1_97' title='bbox 1361 1483 1691 1548; x_wconf 89' lang='lat' dir='ltr'><strong>continebat,</strong></span> <span class='ocrx_word' id='word_1_98' title='bbox 1732 1495 1860 1537; x_wconf 89' lang='lat' dir='ltr'><strong>vero</strong></span> <span class='ocrx_word' id='word_1_99' title='bbox 1907 1491 2099 1535; x_wconf 88' lang='lat' dir='ltr'><strong>cruore</strong></span> 
     </span>
    </p>
   </div>
   <div class='ocr_carea' id='block_1_16' title="bbox 509 1573 2095 1652">
    <p class='ocr_par' dir='ltr' id='par_1_16' title="bbox 509 1573 2095 1652">
     <span class='ocr_line' id='line_1_16' title="bbox 509 1573 2095 1652; baseline -0.012 -10"><span class='ocrx_word' id='word_1_100' title='bbox 509 1585 756 1650; x_wconf 87' lang='lat' dir='ltr'><strong>madens,</strong></span> <span class='ocrx_word' id='word_1_101' title='bbox 783 1592 839 1639; x_wconf 88' lang='lat' dir='ltr'><strong>et</strong></span> <span class='ocrx_word' id='word_1_102' title='bbox 886 1599 952 1639; x_wconf 84' lang='lat' dir='ltr'><strong>ex</strong></span> <span class='ocrx_word' id='word_1_103' title='bbox 997 1581 1144 1638; x_wconf 91' lang='lat' dir='ltr'><strong>omni</strong></span> <span class='ocrx_word' id='word_1_104' title='bbox 1190 1586 1348 1652; x_wconf 90' lang='lat' dir='ltr'><strong>parte</strong></span> <span class='ocrx_word' id='word_1_105' title='bbox 1394 1574 1647 1649; x_wconf 81' lang='lat' dir='ltr'><strong>perfusus</strong></span> <span class='ocrx_word' id='word_1_106' title='bbox 1694 1573 1945 1629; x_wconf 90' lang='lat' dir='ltr'><strong>inventus</strong></span> <span class='ocrx_word' id='word_1_107' title='bbox 1992 1575 2095 1624; x_wconf 89' lang='lat' dir='ltr'><strong>est.</strong></span> 
     </span>
    </p>
   </div>
   <div class='ocr_carea' id='block_1_17' title="bbox 508 1663 2102 1741">
    <p class='ocr_par' dir='ltr' id='par_1_17' title="bbox 508 1663 2102 1741">
     <span class='ocr_line' id='line_1_17' title="bbox 508 1663 2102 1741; baseline -0.011 -8"><span class='ocrx_word' id='word_1_108' title='bbox 508 1676 727 1734; x_wconf 82' lang='lat' dir='ltr'><strong>Terruit</strong></span> <span class='ocrx_word' id='word_1_109' title='bbox 756 1692 855 1732; x_wconf 91' lang='lat' dir='ltr'><strong>nos</strong></span> <span class='ocrx_word' id='word_1_110' title='bbox 885 1675 1105 1731; x_wconf 91' lang='lat' dir='ltr'><strong>insolita</strong></span> <span class='ocrx_word' id='word_1_111' title='bbox 1128 1681 1185 1729; x_wconf 90' lang='lat' dir='ltr'><strong>et</strong></span> <span class='ocrx_word' id='word_1_112' title='bbox 1219 1685 1497 1741; x_wconf 88' lang='lat' dir='ltr'><strong>nunquam</strong></span> <span class='ocrx_word' id='word_1_113' title='bbox 1531 1667 1682 1740; x_wconf 89' lang='lat' dir='ltr'><strong>prius</strong></span> <span class='ocrx_word' id='word_1_114' title='bbox 1711 1666 1895 1721; x_wconf 90' lang='lat' dir='ltr'><strong>audita</strong></span> <span class='ocrx_word' id='word_1_115' title='bbox 1935 1663 2102 1718; x_wconf 89' lang='lat' dir='ltr'><strong>mira-</strong></span> 
     </span>
    </p>
   </div>
   <div class='ocr_carea' id='block_1_18' title="bbox 514 1755 2101 1840">
    <p class='ocr_par' dir='ltr' id='par_1_18' title="bbox 514 1755 2101 1840">
     <span class='ocr_line' id='line_1_18' title="bbox 514 1755 2101 1840; baseline -0.013 -15"><span class='ocrx_word' id='word_1_116' title='bbox 514 1769 620 1825; x_wconf 91' lang='lat' dir='ltr'><strong>culi</strong></span> <span class='ocrx_word' id='word_1_117' title='bbox 663 1768 890 1840; x_wconf 87' lang='lat' dir='ltr'><strong>species.</strong></span> <span class='ocrx_word' id='word_1_118' title='bbox 925 1766 1288 1838; x_wconf 87' lang='lat' dir='ltr'><strong>Quapropter,</strong></span> <span class='ocrx_word' id='word_1_119' title='bbox 1320 1763 1454 1817; x_wconf 91' lang='lat' dir='ltr'><strong>inito</strong></span> <span class='ocrx_word' id='word_1_120' title='bbox 1499 1758 1750 1824; x_wconf 90' lang='lat' dir='ltr'><strong>consilio,</strong></span> <span class='ocrx_word' id='word_1_121' title='bbox 1791 1755 2101 1810; x_wconf 88' lang='lat' dir='ltr'><strong>triduanum</strong></span> 
     </span>
    </p>
   </div>
   <div class='ocr_carea' id='block_1_19' title="bbox 506 1850 2098 1931">
    <p class='ocr_par' dir='ltr' id='par_1_19' title="bbox 506 1850 2098 1931">
     <span class='ocr_line' id='line_1_19' title="bbox 506 1850 2098 1931; baseline -0.009 -14"><span class='ocrx_word' id='word_1_122' title='bbox 506 1859 767 1931; x_wconf 84' lang='lat' dir='ltr'><strong>jejunium</strong></span> <span class='ocrx_word' id='word_1_123' title='bbox 801 1876 925 1916; x_wconf 92' lang='lat' dir='ltr'><strong>cum</strong></span> <span class='ocrx_word' id='word_1_124' title='bbox 976 1855 1463 1931; x_wconf 84' lang='lat' dir='ltr'><strong>supplicationibus</strong></span> <span class='ocrx_word' id='word_1_125' title='bbox 1501 1851 1682 1908; x_wconf 82' lang='lat' dir='ltr'><strong>facere</strong></span> <span class='ocrx_word' id='word_1_126' title='bbox 1733 1850 2098 1914; x_wconf 87' lang='lat' dir='ltr'><strong>decrevimus,</strong></span> 
     </span>
    </p>
   </div>
   <div class='ocr_carea' id='block_1_20' title="bbox 509 1941 2103 2013">
    <p class='ocr_par' dir='ltr' id='par_1_20' title="bbox 509 1941 2103 2013">
     <span class='ocr_line' id='line_1_20' title="bbox 509 1941 2103 2013; baseline -0.008 -4"><span class='ocrx_word' id='word_1_127' title='bbox 509 1962 572 2009; x_wconf 91' lang='lat' dir='ltr'><strong>ut</strong></span> <span class='ocrx_word' id='word_1_128' title='bbox 605 1969 670 2008; x_wconf 75' lang='lat' dir='ltr'><strong>ex</strong></span> <span class='ocrx_word' id='word_1_129' title='bbox 700 1951 1033 2008; x_wconf 89' lang='lat' dir='ltr'><strong>revelatione</strong></span> <span class='ocrx_word' id='word_1_130' title='bbox 1065 1950 1248 2006; x_wconf 91' lang='lat' dir='ltr'><strong>divina</strong></span> <span class='ocrx_word' id='word_1_131' title='bbox 1279 1947 1422 2004; x_wconf 89' lang='lat' dir='ltr'><strong>scire</strong></span> <span class='ocrx_word' id='word_1_132' title='bbox 1452 1960 1811 2009; x_wconf 89' lang='lat' dir='ltr'><strong>mereremur,</strong></span> <span class='ocrx_word' id='word_1_133' title='bbox 1844 1941 1974 2013; x_wconf 90' lang='lat' dir='ltr'><strong>quid</strong></span> <span class='ocrx_word' id='word_1_134' title='bbox 1999 1941 2103 1997; x_wconf 91' lang='lat' dir='ltr'><strong>sibi</strong></span> 
     </span>
    </p>
   </div>
   <div class='ocr_carea' id='block_1_21' title="bbox 509 2038 2108 2119">
    <p class='ocr_par' dir='ltr' id='par_1_21' title="bbox 509 2038 2108 2119">
     <span class='ocr_line' id='line_1_21' title="bbox 509 2038 2108 2119; baseline -0.008 -15"><span class='ocrx_word' id='word_1_135' title='bbox 509 2049 696 2115; x_wconf 80' lang='lat' dir='ltr'><strong>vellet,</strong></span> <span class='ocrx_word' id='word_1_136' title='bbox 727 2049 925 2119; x_wconf 91' lang='lat' dir='ltr'><strong>quidve</strong></span> <span class='ocrx_word' id='word_1_137' title='bbox 952 2045 1259 2102; x_wconf 88' lang='lat' dir='ltr'><strong>faciendum</strong></span> <span class='ocrx_word' id='word_1_138' title='bbox 1288 2048 1534 2099; x_wconf 89' lang='lat' dir='ltr'><strong>moneret</strong></span> <span class='ocrx_word' id='word_1_139' title='bbox 1582 2055 1838 2113; x_wconf 90' lang='lat' dir='ltr'><strong>magnum</strong></span> <span class='ocrx_word' id='word_1_140' title='bbox 1874 2038 2006 2093; x_wconf 92' lang='lat' dir='ltr'><strong>illud</strong></span> <span class='ocrx_word' id='word_1_141' title='bbox 2051 2043 2108 2092; x_wconf 92' lang='lat' dir='ltr'><strong>et</strong></span> 
     </span>
    </p>
   </div>
   <div class='ocr_carea' id='block_1_22' title="bbox 513 2130 2107 2213">
    <p class='ocr_par' dir='ltr' id='par_1_22' title="bbox 513 2130 2107 2213">
     <span class='ocr_line' id='line_1_22' title="bbox 513 2130 2107 2213; baseline -0.006 -16"><span class='ocrx_word' id='word_1_142' title='bbox 513 2140 786 2197; x_wconf 76' lang='lat' dir='ltr'><strong>ineffabile</strong></span> <span class='ocrx_word' id='word_1_143' title='bbox 807 2141 1132 2213; x_wconf 76' lang='lat' dir='ltr'><strong>prodigium.</strong></span> <span class='ocrx_word' id='word_1_144' title='bbox 1164 2137 1353 2208; x_wconf 88' lang='lat' dir='ltr'><strong>Itaque</strong></span> <span class='ocrx_word' id='word_1_145' title='bbox 1382 2141 1602 2208; x_wconf 71' lang='lat' dir='ltr'><strong>peracto</strong></span> <span class='ocrx_word' id='word_1_146' title='bbox 1630 2134 1720 2190; x_wconf 89' lang='lat' dir='ltr'><strong>illo</strong></span> <span class='ocrx_word' id='word_1_147' title='bbox 1747 2133 2000 2188; x_wconf 91' lang='lat' dir='ltr'><strong>triduano</strong></span> <span class='ocrx_word' id='word_1_148' title='bbox 2022 2130 2107 2203; x_wconf 88' lang='lat' dir='ltr'><strong>je-</strong></span> 
     </span>
    </p>
   </div>
   <div class='ocr_carea' id='block_1_23' title="bbox 507 2224 2107 2306">
    <p class='ocr_par' dir='ltr' id='par_1_23' title="bbox 507 2224 2107 2306">
     <span class='ocr_line' id='line_1_23' title="bbox 507 2224 2107 2306; baseline -0.004 -19"><span class='ocrx_word' id='word_1_149' title='bbox 507 2233 680 2306; x_wconf 89' lang='lat' dir='ltr'><strong>junio,</strong></span> <span class='ocrx_word' id='word_1_150' title='bbox 715 2248 838 2288; x_wconf 91' lang='lat' dir='ltr'><strong>cum</strong></span> <span class='ocrx_word' id='word_1_151' title='bbox 861 2233 975 2303; x_wconf 89' lang='lat' dir='ltr'><strong>jam</strong></span> <span class='ocrx_word' id='word_1_152' title='bbox 1006 2231 1500 2302; x_wconf 84' lang='lat' dir='ltr'><strong>advesperasceret,</strong></span> <span class='ocrx_word' id='word_1_153' title='bbox 1528 2228 1723 2283; x_wconf 88' lang='lat' dir='ltr'><strong>humor</strong></span> <span class='ocrx_word' id='word_1_154' title='bbox 1767 2225 1857 2281; x_wconf 91' lang='lat' dir='ltr'><strong>ille</strong></span> <span class='ocrx_word' id='word_1_155' title='bbox 1894 2224 2107 2280; x_wconf 87' lang='lat' dir='ltr'><strong>cruoris</strong></span> 
     </span>
    </p>
   </div>
   <div class='ocr_carea' id='block_1_24' title="bbox 512 2319 2105 2398">
    <p class='ocr_par' dir='ltr' id='par_1_24' title="bbox 512 2319 2105 2398">
     <span class='ocr_line' id='line_1_24' title="bbox 512 2319 2105 2398; baseline -0.006 -15"><span class='ocrx_word' id='word_1_156' title='bbox 512 2327 770 2384; x_wconf 88' lang='lat' dir='ltr'><strong>horrendi</strong></span> <span class='ocrx_word' id='word_1_157' title='bbox 787 2327 968 2382; x_wconf 92' lang='lat' dir='ltr'><strong>subito</strong></span> <span class='ocrx_word' id='word_1_158' title='bbox 987 2325 1445 2398; x_wconf 72' lang='lat' dir='ltr'><strong>cmpitarescere;</strong></span> <span class='ocrx_word' id='word_1_159' title='bbox 1479 2338 1544 2378; x_wconf 89' lang='lat' dir='ltr'><strong>ac</strong></span> <span class='ocrx_word' id='word_1_160' title='bbox 1567 2321 1764 2377; x_wconf 90' lang='lat' dir='ltr'><strong>mirum</strong></span> <span class='ocrx_word' id='word_1_161' title='bbox 1787 2321 1840 2375; x_wconf 93' lang='lat' dir='ltr'><strong>in</strong></span> <span class='ocrx_word' id='word_1_162' title='bbox 1865 2319 2105 2385; x_wconf 90' lang='lat' dir='ltr'><strong>modum,</strong></span> 
     </span>
    </p>
   </div>
   <div class='ocr_carea' id='block_1_25' title="bbox 514 2412 2109 2494">
    <p class='ocr_par' dir='ltr' id='par_1_25' title="bbox 514 2412 2109 2494">
     <span class='ocr_line' id='line_1_25' title="bbox 514 2412 2109 2494; baseline -0.006 -19"><span class='ocrx_word' id='word_1_163' title='bbox 514 2421 611 2494; x_wconf 90' lang='lat' dir='ltr'><strong>qui</strong></span> <span class='ocrx_word' id='word_1_164' title='bbox 631 2436 728 2491; x_wconf 89' lang='lat' dir='ltr'><strong>per</strong></span> <span class='ocrx_word' id='word_1_165' title='bbox 757 2420 1045 2477; x_wconf 89' lang='lat' dir='ltr'><strong>continuos</strong></span> <span class='ocrx_word' id='word_1_166' title='bbox 1074 2427 1280 2490; x_wconf 90' lang='lat' dir='ltr'><strong>septem</strong></span> <span class='ocrx_word' id='word_1_167' title='bbox 1310 2418 1427 2473; x_wconf 91' lang='lat' dir='ltr'><strong>dies</strong></span> <span class='ocrx_word' id='word_1_168' title='bbox 1461 2431 1615 2471; x_wconf 89' lang='lat' dir='ltr'><strong>more</strong></span> <span class='ocrx_word' id='word_1_169' title='bbox 1659 2412 1915 2484; x_wconf 88' lang='lat' dir='ltr'><strong>perennis</strong></span> <span class='ocrx_word' id='word_1_170' title='bbox 1955 2426 2109 2481; x_wconf 55' lang='lat' dir='ltr'><strong>aqua:</strong></span> 
     </span>
    </p>
   </div>
   <div class='ocr_carea' id='block_1_26' title="bbox 517 2506 2110 2584">
    <p class='ocr_par' dir='ltr' id='par_1_26' title="bbox 517 2506 2110 2584">
     <span class='ocr_line' id='line_1_26' title="bbox 517 2506 2110 2584; baseline -0.008 -14"><span class='ocrx_word' id='word_1_171' title='bbox 517 2513 635 2570; x_wconf 91' lang='lat' dir='ltr'><strong>sine</strong></span> <span class='ocrx_word' id='word_1_172' title='bbox 665 2512 1068 2568; x_wconf 86' lang='lat' dir='ltr'><strong>intermissione</strong></span> <span class='ocrx_word' id='word_1_173' title='bbox 1097 2511 1420 2584; x_wconf 86' lang='lat' dir='ltr'><strong>distillabat,</strong></span> <span class='ocrx_word' id='word_1_174' title='bbox 1449 2509 1530 2564; x_wconf 91' lang='lat' dir='ltr'><strong>sic</strong></span> <span class='ocrx_word' id='word_1_175' title='bbox 1568 2509 1712 2563; x_wconf 90' lang='lat' dir='ltr'><strong>intra</strong></span> <span class='ocrx_word' id='word_1_176' title='bbox 1752 2506 2110 2578; x_wconf 86' lang='lat' dir='ltr'><strong>paucissimas</strong></span> 
     </span>
    </p>
   </div>
   <div class='ocr_carea' id='block_1_27' title="bbox 513 2593 2112 2668">
    <p class='ocr_par' dir='ltr' id='par_1_27' title="bbox 513 2593 2112 2668">
     <span class='ocr_line' id='line_1_27' title="bbox 513 2593 2112 2668; baseline -0.006 -10"><span class='ocrx_word' id='word_1_177' title='bbox 513 2602 679 2658; x_wconf 86' lang='lat' dir='ltr'><strong>horas</strong></span> <span class='ocrx_word' id='word_1_178' title='bbox 699 2603 1008 2659; x_wconf 79' lang='lat' dir='ltr'><strong>exsiccatus</strong></span> <span class='ocrx_word' id='word_1_179' title='bbox 1039 2609 1140 2667; x_wconf 90' lang='lat' dir='ltr'><strong>est,</strong></span> <span class='ocrx_word' id='word_1_180' title='bbox 1165 2608 1225 2655; x_wconf 92' lang='lat' dir='ltr'><strong>ut</strong></span> <span class='ocrx_word' id='word_1_181' title='bbox 1253 2616 1320 2656; x_wconf 94' lang='lat' dir='ltr'><strong>eo</strong></span> <span class='ocrx_word' id='word_1_182' title='bbox 1350 2599 1527 2655; x_wconf 92' lang='lat' dir='ltr'><strong>noctis</strong></span> <span class='ocrx_word' id='word_1_183' title='bbox 1555 2606 1799 2668; x_wconf 91' lang='lat' dir='ltr'><strong>tempore</strong></span> <span class='ocrx_word' id='word_1_184' title='bbox 1827 2595 1976 2667; x_wconf 90' lang='lat' dir='ltr'><strong>(nam</strong></span> <span class='ocrx_word' id='word_1_185' title='bbox 2005 2593 2112 2648; x_wconf 92' lang='lat' dir='ltr'><strong>Do-</strong></span> 
     </span>
    </p>
   </div>
   <div class='ocr_carea' id='block_1_28' title="bbox 518 2685 2112 2766">
    <p class='ocr_par' dir='ltr' id='par_1_28' title="bbox 518 2685 2112 2766">
     <span class='ocr_line' id='line_1_28' title="bbox 518 2685 2112 2766; baseline -0.008 -17"><span class='ocrx_word' id='word_1_186' title='bbox 518 2694 717 2749; x_wconf 90' lang='lat' dir='ltr'><strong>minica</strong></span> <span class='ocrx_word' id='word_1_187' title='bbox 743 2692 883 2766; x_wconf 88' lang='lat' dir='ltr'><strong>erat)</strong></span> <span class='ocrx_word' id='word_1_188' title='bbox 916 2709 1026 2766; x_wconf 92' lang='lat' dir='ltr'><strong>quo</strong></span> <span class='ocrx_word' id='word_1_189' title='bbox 1054 2695 1208 2766; x_wconf 91' lang='lat' dir='ltr'><strong>signo</strong></span> <span class='ocrx_word' id='word_1_190' title='bbox 1231 2693 1356 2748; x_wconf 88' lang='lat' dir='ltr'><strong>dato</strong></span> <span class='ocrx_word' id='word_1_191' title='bbox 1389 2692 1456 2748; x_wconf 91' lang='lat' dir='ltr'><strong>ad</strong></span> <span class='ocrx_word' id='word_1_192' title='bbox 1477 2690 1858 2745; x_wconf 86' lang='lat' dir='ltr'><strong>antelucanum</strong></span> <span class='ocrx_word' id='word_1_193' title='bbox 1877 2685 2112 2742; x_wconf 84' lang='lat' dir='ltr'><strong>oilicium</strong></span> 
     </span>
    </p>
   </div>
   <div class='ocr_carea' id='block_1_29' title="bbox 518 2775 2113 2846">
    <p class='ocr_par' dir='ltr' id='par_1_29' title="bbox 518 2775 2113 2846">
     <span class='ocr_line' id='line_1_29' title="bbox 518 2775 2113 2846; baseline -0.006 -8"><span class='ocrx_word' id='word_1_194' title='bbox 518 2782 904 2840; x_wconf 89' lang='lat' dir='ltr'><strong>celebrandum</strong></span> <span class='ocrx_word' id='word_1_195' title='bbox 938 2783 1226 2839; x_wconf 88' lang='lat' dir='ltr'><strong>ecclesiam</strong></span> <span class='ocrx_word' id='word_1_196' title='bbox 1268 2783 1609 2845; x_wconf 90' lang='lat' dir='ltr'><strong>intravimus,</strong></span> <span class='ocrx_word' id='word_1_197' title='bbox 1661 2778 1870 2833; x_wconf 90' lang='lat' dir='ltr'><strong>nullum</strong></span> <span class='ocrx_word' id='word_1_198' title='bbox 1901 2775 2016 2846; x_wconf 90' lang='lat' dir='ltr'><strong>jam</strong></span> <span class='ocrx_word' id='word_1_199' title='bbox 2057 2775 2113 2829; x_wconf 91' lang='lat' dir='ltr'><strong>in</strong></span> 
     </span>
    </p>
   </div>
   <div class='ocr_carea' id='block_1_30' title="bbox 516 2869 2109 2943">
    <p class='ocr_par' dir='ltr' id='par_1_30' title="bbox 516 2869 2109 2943">
     <span class='ocr_line' id='line_1_30' title="bbox 516 2869 2109 2943; baseline -0.004 -17"><span class='ocrx_word' id='word_1_200' title='bbox 516 2873 697 2930; x_wconf 88' lang='lat' dir='ltr'><strong>loculo</strong></span> <span class='ocrx_word' id='word_1_201' title='bbox 719 2873 1006 2943; x_wconf 80' lang='lat' dir='ltr'><strong>vestigium</strong></span> <span class='ocrx_word' id='word_1_202' title='bbox 1032 2873 1178 2927; x_wconf 90' lang='lat' dir='ltr'><strong>illius</strong></span> <span class='ocrx_word' id='word_1_203' title='bbox 1212 2880 1397 2943; x_wconf 88' lang='lat' dir='ltr'><strong>posset</strong></span> <span class='ocrx_word' id='word_1_204' title='bbox 1423 2870 1673 2926; x_wconf 91' lang='lat' dir='ltr'><strong>inveniri.</strong></span> <span class='ocrx_word' id='word_1_205' title='bbox 1722 2869 1915 2922; x_wconf 87' lang='lat' dir='ltr'><strong>Lintea</strong></span> <span class='ocrx_word' id='word_1_206' title='bbox 1956 2881 2109 2932; x_wconf 89' lang='lat' dir='ltr'><strong>vero,</strong></span> 
     </span>
    </p>
   </div>
   <div class='ocr_carea' id='block_1_31' title="bbox 519 2959 2115 3036">
    <p class='ocr_par' dir='ltr' id='par_1_31' title="bbox 519 2959 2115 3036">
     <span class='ocr_line' id='line_1_31' title="bbox 519 2959 2115 3036; baseline -0.004 -18"><span class='ocrx_word' id='word_1_207' title='bbox 519 2979 640 3036; x_wconf 72' lang='lat' dir='ltr'><strong>qua:</strong></span> <span class='ocrx_word' id='word_1_208' title='bbox 666 2965 814 3019; x_wconf 88' lang='lat' dir='ltr'><strong>circa</strong></span> <span class='ocrx_word' id='word_1_209' title='bbox 839 2965 1076 3020; x_wconf 91' lang='lat' dir='ltr'><strong>loculum</strong></span> <span class='ocrx_word' id='word_1_210' title='bbox 1093 2965 1426 3036; x_wconf 85' lang='lat' dir='ltr'><strong>pendebant,</strong></span> <span class='ocrx_word' id='word_1_211' title='bbox 1440 2971 1499 3017; x_wconf 92' lang='lat' dir='ltr'><strong>ut</strong></span> <span class='ocrx_word' id='word_1_212' title='bbox 1515 2960 1594 3036; x_wconf 84' lang='grc' dir='ltr'><strong>[Μ</strong></span> <span class='ocrx_word' id='word_1_213' title='bbox 1599 2979 1666 3028; x_wconf 85' lang='lat' dir='ltr'><strong>s.,</strong></span> <span class='ocrx_word' id='word_1_214' title='bbox 1691 2960 1768 3033; x_wconf 90' lang='lat' dir='ltr'><strong>et]</strong></span> <span class='ocrx_word' id='word_1_215' title='bbox 1785 2959 1974 3016; x_wconf 91' lang='lat' dir='ltr'><strong>eodem</strong></span> <span class='ocrx_word' id='word_1_216' title='bbox 1999 2959 2115 3012; x_wconf 84' lang='lat' dir='ltr'><strong>fue-</strong></span> 
     </span>
    </p>
   </div>
   <div class='ocr_carea' id='block_1_32' title="bbox 521 3052 2116 3131">
    <p class='ocr_par' dir='ltr' id='par_1_32' title="bbox 521 3052 2116 3131">
     <span class='ocr_line' id='line_1_32' title="bbox 521 3052 2116 3131; baseline -0.004 -17"><span class='ocrx_word' id='word_1_217' title='bbox 521 3069 650 3115; x_wconf 89' lang='lat' dir='ltr'><strong>runt</strong></span> <span class='ocrx_word' id='word_1_218' title='bbox 669 3060 899 3115; x_wconf 86' lang='lat' dir='ltr'><strong>humore</strong></span> <span class='ocrx_word' id='word_1_219' title='bbox 917 3074 1189 3131; x_wconf 89' lang='lat' dir='ltr'><strong>respersa,</strong></span> <span class='ocrx_word' id='word_1_220' title='bbox 1211 3058 1285 3114; x_wconf 92' lang='lat' dir='ltr'><strong>ita</strong></span> <span class='ocrx_word' id='word_1_221' title='bbox 1305 3067 1365 3113; x_wconf 91' lang='lat' dir='ltr'><strong>ut</strong></span> <span class='ocrx_word' id='word_1_222' title='bbox 1384 3069 1540 3113; x_wconf 89' lang='lat' dir='ltr'><strong>erant</strong></span> <span class='ocrx_word' id='word_1_223' title='bbox 1561 3054 1872 3129; x_wconf 81' lang='lat' dir='ltr'><strong>sanguineis</strong></span> <span class='ocrx_word' id='word_1_224' title='bbox 1887 3052 2116 3108; x_wconf 87' lang='lat' dir='ltr'><strong>maculis</strong></span> 
     </span>
    </p>
   </div>
   <div class='ocr_carea' id='block_1_33' title="bbox 523 3149 2114 3226">
    <p class='ocr_par' dir='ltr' id='par_1_33' title="bbox 523 3149 2114 3226">
     <span class='ocr_line' id='line_1_33' title="bbox 523 3149 2114 3226; baseline -0.003 -17"><span class='ocrx_word' id='word_1_225' title='bbox 523 3153 744 3220; x_wconf 89' lang='lat' dir='ltr'><strong>infecta,</strong></span> <span class='ocrx_word' id='word_1_226' title='bbox 769 3168 987 3210; x_wconf 86' lang='lat' dir='ltr'><strong>servare</strong></span> <span class='ocrx_word' id='word_1_227' title='bbox 999 3153 1168 3226; x_wconf 87' lang='lat' dir='ltr'><strong>jussi:</strong></span> <span class='ocrx_word' id='word_1_228' title='bbox 1196 3153 1248 3208; x_wconf 91' lang='lat' dir='ltr'><strong>in</strong></span> <span class='ocrx_word' id='word_1_229' title='bbox 1269 3154 1464 3224; x_wconf 91' lang='lat' dir='ltr'><strong>quibus</strong></span> <span class='ocrx_word' id='word_1_230' title='bbox 1486 3153 1664 3214; x_wconf 84' lang='lat' dir='ltr'><strong>adhuc</strong></span> <span class='ocrx_word' id='word_1_231' title='bbox 1691 3166 1947 3224; x_wconf 88' lang='lat' dir='ltr'><strong>magnum</strong></span> <span class='ocrx_word' id='word_1_232' title='bbox 1971 3149 2114 3205; x_wconf 91' lang='lat' dir='ltr'><strong>illius</strong></span> 
     </span>
    </p>
   </div>
   <div class='ocr_carea' id='block_1_34' title="bbox 523 3243 2118 3317">
    <p class='ocr_par' dir='ltr' id='par_1_34' title="bbox 523 3243 2118 3317">
     <span class='ocr_line' id='line_1_34' title="bbox 523 3243 2118 3317; baseline -0.002 -16"><span class='ocrx_word' id='word_1_233' title='bbox 523 3245 749 3302; x_wconf 90' lang='lat' dir='ltr'><strong>inauditi</strong></span> <span class='ocrx_word' id='word_1_234' title='bbox 769 3245 1006 3317; x_wconf 89' lang='lat' dir='ltr'><strong>portenti</strong></span> <span class='ocrx_word' id='word_1_235' title='bbox 1035 3253 1191 3316; x_wconf 88' lang='lat' dir='ltr'><strong>paret</strong></span> <span class='ocrx_word' id='word_1_236' title='bbox 1226 3245 1506 3300; x_wconf 88' lang='lat' dir='ltr'><strong>indicium.</strong></span> <span class='ocrx_word' id='word_1_237' title='bbox 1555 3243 1780 3299; x_wconf 89' lang='lat' dir='ltr'><strong>Constat</strong></span> <span class='ocrx_word' id='word_1_238' title='bbox 1829 3243 1973 3298; x_wconf 90' lang='lat' dir='ltr'><strong>enim</strong></span> <span class='ocrx_word' id='word_1_239' title='bbox 2016 3243 2118 3298; x_wconf 87' lang='lat' dir='ltr'><strong>hu-</strong></span> 
     </span>
    </p>
   </div>
   <div class='ocr_carea' id='block_1_35' title="bbox 525 3335 2118 3408">
    <p class='ocr_par' dir='ltr' id='par_1_35' title="bbox 525 3335 2118 3408">
     <span class='ocr_line' id='line_1_35' title="bbox 525 3335 2118 3408; baseline -0.001 -16"><span class='ocrx_word' id='word_1_240' title='bbox 525 3353 732 3393; x_wconf 78' lang='lat' dir='ltr'><strong>morem</strong></span> <span class='ocrx_word' id='word_1_241' title='bbox 755 3337 908 3391; x_wconf 93' lang='lat' dir='ltr'><strong>illum</strong></span> <span class='ocrx_word' id='word_1_242' title='bbox 938 3338 1149 3406; x_wconf 90' lang='lat' dir='ltr'><strong>saporis</strong></span> <span class='ocrx_word' id='word_1_243' title='bbox 1179 3335 1346 3393; x_wconf 83' lang='lat' dir='ltr'><strong>fuisse</strong></span> <span class='ocrx_word' id='word_1_244' title='bbox 1369 3336 1620 3402; x_wconf 90' lang='lat' dir='ltr'><strong>subsalsi,</strong></span> <span class='ocrx_word' id='word_1_245' title='bbox 1648 3337 1716 3392; x_wconf 88' lang='lat' dir='ltr'><strong>ad</strong></span> <span class='ocrx_word' id='word_1_246' title='bbox 1753 3335 2118 3408; x_wconf 85' lang='lat' dir='ltr'><strong>lacrymarum</strong></span> 
     </span>
    </p>
   </div>
   <div class='ocr_carea' id='block_1_36' title="bbox 525 3428 2118 3502">
    <p class='ocr_par' dir='ltr' id='par_1_36' title="bbox 525 3428 2118 3502">
     <span class='ocr_line' id='line_1_36' title="bbox 525 3428 2118 3502; baseline 0.001 -18"><span class='ocrx_word' id='word_1_247' title='bbox 525 3428 778 3485; x_wconf 87' lang='lat' dir='ltr'><strong>videlicet</strong></span> <span class='ocrx_word' id='word_1_248' title='bbox 831 3429 1168 3500; x_wconf 87' lang='lat' dir='ltr'><strong>qualitatem,</strong></span> <span class='ocrx_word' id='word_1_249' title='bbox 1201 3439 1257 3486; x_wconf 91' lang='lat' dir='ltr'><strong>et</strong></span> <span class='ocrx_word' id='word_1_250' title='bbox 1305 3431 1627 3485; x_wconf 85' lang='lat' dir='ltr'><strong>tenuitatem</strong></span> <span class='ocrx_word' id='word_1_251' title='bbox 1675 3431 1895 3502; x_wconf 90' lang='lat' dir='ltr'><strong>quidem</strong></span> <span class='ocrx_word' id='word_1_252' title='bbox 1941 3445 2118 3501; x_wconf 59' lang='lat' dir='ltr'><strong>aqua,</strong></span> 
     </span>
    </p>
   </div>
   <div class='ocr_carea' id='block_1_37' title="bbox 528 3519 1726 3591">
    <p class='ocr_par' dir='ltr' id='par_1_37' title="bbox 528 3519 1726 3591">
     <span class='ocr_line' id='line_1_37' title="bbox 528 3519 1726 3591; baseline 0.003 -18"><span class='ocrx_word' id='word_1_253' title='bbox 528 3519 764 3573; x_wconf 89' lang='lat' dir='ltr'><strong>colorem</strong></span> <span class='ocrx_word' id='word_1_254' title='bbox 790 3529 972 3573; x_wconf 90' lang='lat' dir='ltr'><strong>autem</strong></span> <span class='ocrx_word' id='word_1_255' title='bbox 1003 3519 1120 3574; x_wconf 87' lang='lat' dir='ltr'><strong>veri</strong></span> <span class='ocrx_word' id='word_1_256' title='bbox 1149 3519 1425 3591; x_wconf 82' lang='lat' dir='ltr'><strong>sanguinis</strong></span> <span class='ocrx_word' id='word_1_257' title='bbox 1449 3521 1726 3576; x_wconf 87' lang='lat' dir='ltr'><strong>habuisse.</strong></span> 
     </span>
    </p>
   </div>
   <div class='ocr_carea' id='block_1_38' title="bbox 602 3611 2123 3684">
    <p class='ocr_par' dir='ltr' id='par_1_38' title="bbox 602 3611 2123 3684">
     <span class='ocr_line' id='line_1_38' title="bbox 602 3611 2123 3684; baseline 0.004 -18"><span class='ocrx_word' id='word_1_258' title='bbox 602 3611 689 3666; x_wconf 84' lang='lat' dir='ltr'><strong>l7.</strong></span> <span class='ocrx_word' id='word_1_259' title='bbox 717 3612 916 3667; x_wconf 86' lang='lat' dir='ltr'><strong>Eadem</strong></span> <span class='ocrx_word' id='word_1_260' title='bbox 944 3621 1102 3668; x_wconf 91' lang='lat' dir='ltr'><strong>nocte</strong></span> <span class='ocrx_word' id='word_1_261' title='bbox 1126 3613 1341 3669; x_wconf 89' lang='lat' dir='ltr'><strong>cuidam</strong></span> <span class='ocrx_word' id='word_1_262' title='bbox 1363 3628 1430 3668; x_wconf 84' lang='lat' dir='ltr'><strong>ex</strong></span> <span class='ocrx_word' id='word_1_263' title='bbox 1453 3614 1637 3684; x_wconf 89' lang='lat' dir='ltr'><strong>pueris</strong></span> <span class='ocrx_word' id='word_1_264' title='bbox 1659 3615 1884 3682; x_wconf 91' lang='lat' dir='ltr'><strong>nostris,</strong></span> <span class='ocrx_word' id='word_1_265' title='bbox 1903 3617 2123 3673; x_wconf 91' lang='lat' dir='ltr'><strong>nomine</strong></span> 
     </span>
    </p>
   </div>
   <div class='ocr_carea' id='block_1_39' title="bbox 531 3701 2126 3775">
    <p class='ocr_par' dir='ltr' id='par_1_39' title="bbox 531 3701 2126 3775">
     <span class='ocr_line' id='line_1_39' title="bbox 531 3701 2126 3775; baseline 0.003 -16"><span class='ocrx_word' id='word_1_266' title='bbox 531 3701 874 3768; x_wconf 80' lang='lat' dir='ltr'><strong>Ruodlando,</strong></span> <span class='ocrx_word' id='word_1_267' title='bbox 905 3719 1005 3775; x_wconf 90' lang='lat' dir='ltr'><strong>per</strong></span> <span class='ocrx_word' id='word_1_268' title='bbox 1032 3705 1272 3774; x_wconf 89' lang='lat' dir='ltr'><strong>quietem</strong></span> <span class='ocrx_word' id='word_1_269' title='bbox 1301 3705 1407 3760; x_wconf 90' lang='lat' dir='ltr'><strong>duo</strong></span> <span class='ocrx_word' id='word_1_270' title='bbox 1432 3705 1661 3775; x_wconf 90' lang='lat' dir='ltr'><strong>juvenes</strong></span> <span class='ocrx_word' id='word_1_271' title='bbox 1707 3707 1809 3762; x_wconf 91' lang='lat' dir='ltr'><strong>visi</strong></span> <span class='ocrx_word' id='word_1_272' title='bbox 1857 3716 1984 3764; x_wconf 90' lang='lat' dir='ltr'><strong>sunt</strong></span> <span class='ocrx_word' id='word_1_273' title='bbox 2030 3710 2126 3764; x_wconf 82' lang='lat' dir='ltr'><strong>ad-</strong></span> 
     </span>
    </p>
   </div>
   <div class='ocr_carea' id='block_1_40' title="bbox 535 3795 2124 3868">
    <p class='ocr_par' dir='ltr' id='par_1_40' title="bbox 535 3795 2124 3868">
     <span class='ocr_line' id='line_1_40' title="bbox 535 3795 2124 3868; baseline 0.003 -16"><span class='ocrx_word' id='word_1_274' title='bbox 535 3795 762 3862; x_wconf 88' lang='lat' dir='ltr'><strong>stitisse,</strong></span> <span class='ocrx_word' id='word_1_275' title='bbox 791 3799 883 3867; x_wconf 90' lang='lat' dir='ltr'><strong>qui</strong></span> <span class='ocrx_word' id='word_1_276' title='bbox 910 3798 982 3864; x_wconf 89' lang='lat' dir='ltr'><strong>ei,</strong></span> <span class='ocrx_word' id='word_1_277' title='bbox 1021 3807 1081 3852; x_wconf 87' lang='lat' dir='ltr'><strong>ut</strong></span> <span class='ocrx_word' id='word_1_278' title='bbox 1106 3797 1221 3868; x_wconf 91' lang='lat' dir='ltr'><strong>ipse</strong></span> <span class='ocrx_word' id='word_1_279' title='bbox 1251 3807 1477 3854; x_wconf 91' lang='lat' dir='ltr'><strong>testatus</strong></span> <span class='ocrx_word' id='word_1_280' title='bbox 1503 3809 1607 3867; x_wconf 92' lang='lat' dir='ltr'><strong>est,</strong></span> <span class='ocrx_word' id='word_1_281' title='bbox 1638 3801 1705 3855; x_wconf 91' lang='lat' dir='ltr'><strong>de</strong></span> <span class='ocrx_word' id='word_1_282' title='bbox 1732 3799 2124 3857; x_wconf 85' lang='lat' dir='ltr'><strong>transferendis</strong></span> 
     </span>
    </p>
   </div>
   <div class='ocr_carea' id='block_1_41' title="bbox 536 3890 2126 3961">
    <p class='ocr_par' dir='ltr' id='par_1_41' title="bbox 536 3890 2126 3961">
     <span class='ocr_line' id='line_1_41' title="bbox 536 3890 2126 3961; baseline 0.003 -17"><span class='ocrx_word' id='word_1_283' title='bbox 536 3897 851 3944; x_wconf 87' lang='lat' dir='ltr'><strong>sanctorum</strong></span> <span class='ocrx_word' id='word_1_284' title='bbox 875 3890 1196 3961; x_wconf 89' lang='lat' dir='ltr'><strong>corporibus</strong></span> <span class='ocrx_word' id='word_1_285' title='bbox 1219 3891 1390 3947; x_wconf 90' lang='lat' dir='ltr'><strong>multa</strong></span> <span class='ocrx_word' id='word_1_286' title='bbox 1416 3892 1548 3947; x_wconf 91' lang='lat' dir='ltr'><strong>mihi</strong></span> <span class='ocrx_word' id='word_1_287' title='bbox 1574 3893 1800 3948; x_wconf 90' lang='lat' dir='ltr'><strong>dicenda</strong></span> <span class='ocrx_word' id='word_1_288' title='bbox 1832 3893 2126 3949; x_wconf 89' lang='lat' dir='ltr'><strong>mandave-</strong></span> 
     </span>
    </p>
   </div>
   <div class='ocr_carea' id='block_1_42' title="bbox 532 3979 2120 4052">
    <p class='ocr_par' dir='ltr' id='par_1_42' title="bbox 532 3979 2120 4052">
     <span class='ocr_line' id='line_1_42' title="bbox 532 3979 2120 4052; baseline 0.002 -19"><span class='ocrx_word' id='word_1_289' title='bbox 532 3988 692 4046; x_wconf 90' lang='lat' dir='ltr'><strong>runt;</strong></span> <span class='ocrx_word' id='word_1_290' title='bbox 719 3988 776 4035; x_wconf 90' lang='lat' dir='ltr'><strong>et</strong></span> <span class='ocrx_word' id='word_1_291' title='bbox 799 3979 865 4034; x_wconf 90' lang='lat' dir='ltr'><strong>ad</strong></span> <span class='ocrx_word' id='word_1_292' title='bbox 884 3995 1044 4052; x_wconf 90' lang='lat' dir='ltr'><strong>quem</strong></span> <span class='ocrx_word' id='word_1_293' title='bbox 1070 3980 1270 4048; x_wconf 93' lang='lat' dir='ltr'><strong>locum,</strong></span> <span class='ocrx_word' id='word_1_294' title='bbox 1288 3981 1372 4036; x_wconf 90' lang='lat' dir='ltr'><strong>vel</strong></span> <span class='ocrx_word' id='word_1_295' title='bbox 1401 3982 1633 4052; x_wconf 90' lang='lat' dir='ltr'><strong>qualiter</strong></span> <span class='ocrx_word' id='word_1_296' title='bbox 1655 3983 1708 4038; x_wconf 90' lang='lat' dir='ltr'><strong>id</strong></span> <span class='ocrx_word' id='word_1_297' title='bbox 1736 3981 1856 4038; x_wconf 88' lang='lat' dir='ltr'><strong>ﬁeri</strong></span> <span class='ocrx_word' id='word_1_298' title='bbox 1883 3982 2120 4048; x_wconf 88' lang='lat' dir='ltr'><strong>deberet,</strong></span> 
     </span>
    </p>
   </div>
   <div class='ocr_carea' id='block_1_43' title="bbox 533 4073 2126 4129">
    <p class='ocr_par' dir='ltr' id='par_1_43' title="bbox 533 4073 2126 4129">
     <span class='ocr_line' id='line_1_43' title="bbox 533 4073 2126 4129; baseline 0 -1"><span class='ocrx_word' id='word_1_299' title='bbox 533 4073 890 4128; x_wconf 89' lang='lat' dir='ltr'><strong>ostenderunt</strong></span> <span class='ocrx_word' id='word_1_300' title='bbox 919 4091 934 4128; x_wconf 88' lang='lat'><strong>:</strong></span> <span class='ocrx_word' id='word_1_301' title='bbox 967 4081 1023 4128; x_wconf 93' lang='lat' dir='ltr'><strong>et</strong></span> <span class='ocrx_word' id='word_1_302' title='bbox 1051 4082 1110 4128; x_wconf 94' lang='lat' dir='ltr'><strong>ut</strong></span> <span class='ocrx_word' id='word_1_303' title='bbox 1138 4073 1240 4128; x_wconf 89' lang='lat' dir='ltr'><strong>hoc</strong></span> <span class='ocrx_word' id='word_1_304' title='bbox 1264 4073 1398 4128; x_wconf 90' lang='lat' dir='ltr'><strong>mihi</strong></span> <span class='ocrx_word' id='word_1_305' title='bbox 1424 4075 1541 4129; x_wconf 91' lang='lat' dir='ltr'><strong>sine</strong></span> <span class='ocrx_word' id='word_1_306' title='bbox 1578 4089 1731 4129; x_wconf 89' lang='lat' dir='ltr'><strong>mora</strong></span> <span class='ocrx_word' id='word_1_307' title='bbox 1770 4074 1962 4129; x_wconf 82' lang='lat' dir='ltr'><strong>fuisset</strong></span> <span class='ocrx_word' id='word_1_308' title='bbox 1988 4091 2126 4129; x_wconf 91' lang='lat' dir='ltr'><strong>nun-</strong></span> 
     </span>
    </p>
   </div>
   <div class='ocr_carea' id='block_1_44' title="bbox 537 4164 2126 4236">
    <p class='ocr_par' dir='ltr' id='par_1_44' title="bbox 537 4164 2126 4236">
     <span class='ocr_line' id='line_1_44' title="bbox 537 4164 2126 4236; baseline 0 -16"><span class='ocrx_word' id='word_1_309' title='bbox 537 4165 757 4231; x_wconf 91' lang='lat' dir='ltr'><strong>tiatum,</strong></span> <span class='ocrx_word' id='word_1_310' title='bbox 793 4165 1107 4221; x_wconf 90' lang='lat' dir='ltr'><strong>terribiliter</strong></span> <span class='ocrx_word' id='word_1_311' title='bbox 1157 4164 1536 4220; x_wconf 91' lang='lat' dir='ltr'><strong>comminando</strong></span> <span class='ocrx_word' id='word_1_312' title='bbox 1581 4174 1973 4236; x_wconf 88' lang='lat' dir='ltr'><strong>praeceperunt.</strong></span> <span class='ocrx_word' id='word_1_313' title='bbox 2024 4165 2126 4232; x_wconf 87' lang='lat' dir='ltr'><strong>Qui</strong></span> 
     </span>
    </p>
   </div>
   <div class='ocr_carea' id='block_1_45' title="bbox 537 4241 2128 4325">
    <p class='ocr_par' dir='ltr' id='par_1_45' title="bbox 537 4241 2128 4325">
     <span class='ocr_line' id='line_1_45' title="bbox 537 4241 2128 4325; baseline -0.001 -15"><span class='ocrx_word' id='word_1_314' title='bbox 537 4271 665 4310; x_wconf 79' lang='lat' dir='ltr'><strong>mox</strong></span> <span class='ocrx_word' id='word_1_315' title='bbox 715 4263 774 4309; x_wconf 92' lang='lat' dir='ltr'><strong>ut</strong></span> <span class='ocrx_word' id='word_1_316' title='bbox 830 4271 917 4311; x_wconf 90' lang='lat' dir='ltr'><strong>me</strong></span> <span class='ocrx_word' id='word_1_317' title='bbox 959 4257 1107 4311; x_wconf 89' lang='lat' dir='ltr'><strong>adire</strong></span> <span class='ocrx_word' id='word_1_318' title='bbox 1149 4255 1346 4325; x_wconf 90' lang='lat' dir='ltr'><strong>potuit,</strong></span> <span class='ocrx_word' id='word_1_319' title='bbox 1374 4254 1556 4309; x_wconf 88' lang='lat' dir='ltr'><strong>omnia</strong></span> <span class='ocrx_word' id='word_1_320' title='bbox 1579 4241 1706 4324; x_wconf 63' lang='lat' dir='ltr'><strong>quae</strong></span> <span class='ocrx_word' id='word_1_321' title='bbox 1729 4255 1914 4325; x_wconf 86' lang='lat' dir='ltr'><strong>jussus</strong></span> <span class='ocrx_word' id='word_1_322' title='bbox 1952 4254 2128 4310; x_wconf 82' lang='lat' dir='ltr'><strong>fuerat</strong></span> 
     </span>
    </p>
   </div>
   <div class='ocr_carea' id='block_1_46' title="bbox 536 4343 2130 4415">
    <p class='ocr_par' dir='ltr' id='par_1_46' title="bbox 536 4343 2130 4415">
     <span class='ocr_line' id='line_1_46' title="bbox 536 4343 2130 4415; baseline 0 -16"><span class='ocrx_word' id='word_1_323' title='bbox 536 4345 672 4400; x_wconf 85' lang='lat' dir='ltr'><strong>mihi</strong></span> <span class='ocrx_word' id='word_1_324' title='bbox 698 4345 948 4400; x_wconf 89' lang='lat' dir='ltr'><strong>intimare</strong></span> <span class='ocrx_word' id='word_1_325' title='bbox 973 4346 1204 4400; x_wconf 89' lang='lat' dir='ltr'><strong>curavit.</strong></span> <span class='ocrx_word' id='word_1_326' title='bbox 1231 4343 1438 4411; x_wconf 82' lang='lat' dir='ltr'><strong>Quibus</strong></span> <span class='ocrx_word' id='word_1_327' title='bbox 1459 4343 1673 4407; x_wconf 91' lang='lat' dir='ltr'><strong>auditis,</strong></span> <span class='ocrx_word' id='word_1_328' title='bbox 1704 4345 1852 4399; x_wconf 90' lang='lat' dir='ltr'><strong>curis</strong></span> <span class='ocrx_word' id='word_1_329' title='bbox 1899 4344 2130 4415; x_wconf 86' lang='lat' dir='ltr'><strong>ingenti-</strong></span> 
     </span>
    </p>
   </div>
   <div class='ocr_carea' id='block_1_47' title="bbox 539 4435 2130 4506">
    <p class='ocr_par' dir='ltr' id='par_1_47' title="bbox 539 4435 2130 4506">
     <span class='ocr_line' id='line_1_47' title="bbox 539 4435 2130 4506; baseline 0.001 -14"><span class='ocrx_word' id='word_1_330' title='bbox 539 4436 642 4492; x_wconf 88' lang='lat' dir='ltr'><strong>bus</strong></span> <span class='ocrx_word' id='word_1_331' title='bbox 671 4445 927 4502; x_wconf 74' lang='lat' dir='ltr'><strong>:estuare,</strong></span> <span class='ocrx_word' id='word_1_332' title='bbox 959 4444 1012 4490; x_wconf 92' lang='lat' dir='ltr'><strong>et</strong></span> <span class='ocrx_word' id='word_1_333' title='bbox 1040 4435 1169 4506; x_wconf 88' lang='lat' dir='ltr'><strong>quid</strong></span> <span class='ocrx_word' id='word_1_334' title='bbox 1193 4435 1326 4489; x_wconf 90' lang='lat' dir='ltr'><strong>mihi</strong></span> <span class='ocrx_word' id='word_1_335' title='bbox 1347 4444 1493 4490; x_wconf 86' lang='lat' dir='ltr'><strong>esset</strong></span> <span class='ocrx_word' id='word_1_336' title='bbox 1517 4438 1782 4505; x_wconf 88' lang='lat' dir='ltr'><strong>agendum</strong></span> <span class='ocrx_word' id='word_1_337' title='bbox 1810 4436 1991 4492; x_wconf 90' lang='lat' dir='ltr'><strong>animo</strong></span> <span class='ocrx_word' id='word_1_338' title='bbox 2019 4446 2130 4494; x_wconf 88' lang='lat' dir='ltr'><strong>tra-</strong></span> 
     </span>
    </p>
   </div>
   <div class='ocr_carea' id='block_1_48' title="bbox 538 4525 2128 4602">
    <p class='ocr_par' dir='ltr' id='par_1_48' title="bbox 538 4525 2128 4602">
     <span class='ocr_line' id='line_1_48' title="bbox 538 4525 2128 4602; baseline 0.001 -17"><span class='ocrx_word' id='word_1_339' title='bbox 538 4538 691 4585; x_wconf 89' lang='lat' dir='ltr'><strong>ctare</strong></span> <span class='ocrx_word' id='word_1_340' title='bbox 712 4529 854 4600; x_wconf 68' lang='grc' dir='ltr'><strong>εαξρί</strong></span> <span class='ocrx_word' id='word_1_341' title='bbox 880 4547 892 4584; x_wconf 92' lang='lat'><strong>:</strong></span> <span class='ocrx_word' id='word_1_342' title='bbox 920 4537 1100 4584; x_wconf 90' lang='lat' dir='ltr'><strong>utrum</strong></span> <span class='ocrx_word' id='word_1_343' title='bbox 1131 4529 1329 4585; x_wconf 87' lang='lat' dir='ltr'><strong>iterum</strong></span> <span class='ocrx_word' id='word_1_344' title='bbox 1365 4525 1574 4599; x_wconf 89' lang='lat' dir='ltr'><strong>jejunia</strong></span> <span class='ocrx_word' id='word_1_345' title='bbox 1610 4539 1666 4586; x_wconf 89' lang='lat' dir='ltr'><strong>et</strong></span> <span class='ocrx_word' id='word_1_346' title='bbox 1706 4533 2128 4602; x_wconf 88' lang='lat' dir='ltr'><strong>supplicationes</strong></span> 
     </span>
    </p>
   </div>
   <div class='ocr_carea' id='block_1_49' title="bbox 538 4622 2132 4693">
    <p class='ocr_par' dir='ltr' id='par_1_49' title="bbox 538 4622 2132 4693">
     <span class='ocr_line' id='line_1_49' title="bbox 538 4622 2132 4693; baseline 0.002 -15"><span class='ocrx_word' id='word_1_347' title='bbox 538 4622 898 4688; x_wconf 67' lang='lat' dir='ltr'><strong>celebrandae,</strong></span> <span class='ocrx_word' id='word_1_348' title='bbox 932 4637 997 4676; x_wconf 90' lang='lat' dir='ltr'><strong>ac</strong></span> <span class='ocrx_word' id='word_1_349' title='bbox 1031 4623 1176 4679; x_wconf 91' lang='lat' dir='ltr'><strong>Deus</strong></span> <span class='ocrx_word' id='word_1_350' title='bbox 1206 4638 1394 4678; x_wconf 87' lang='lat' dir='ltr'><strong>rursus</strong></span> <span class='ocrx_word' id='word_1_351' title='bbox 1424 4639 1524 4693; x_wconf 87' lang='lat' dir='ltr'><strong>pro</strong></span> <span class='ocrx_word' id='word_1_352' title='bbox 1575 4633 1763 4680; x_wconf 89' lang='lat' dir='ltr'><strong>nostra</strong></span> <span class='ocrx_word' id='word_1_353' title='bbox 1816 4627 2132 4682; x_wconf 87' lang='lat' dir='ltr'><strong>curiositate</strong></span> 
     </span>
    </p>
   </div>
   <div class='ocr_carea' id='block_1_50' title="bbox 539 4713 2132 4786">
    <p class='ocr_par' dir='ltr' id='par_1_50' title="bbox 539 4713 2132 4786">
     <span class='ocr_line' id='line_1_50' title="bbox 539 4713 2132 4786; baseline 0.003 -17"><span class='ocrx_word' id='word_1_354' title='bbox 539 4713 940 4781; x_wconf 86' lang='lat' dir='ltr'><strong>sollicitandus;</strong></span> <span class='ocrx_word' id='word_1_355' title='bbox 975 4728 1041 4768; x_wconf 92' lang='lat' dir='ltr'><strong>an</strong></span> <span class='ocrx_word' id='word_1_356' title='bbox 1069 4713 1287 4786; x_wconf 90' lang='lat' dir='ltr'><strong>aliquis,</strong></span> <span class='ocrx_word' id='word_1_357' title='bbox 1313 4715 1422 4770; x_wconf 92' lang='lat' dir='ltr'><strong>Deo</strong></span> <span class='ocrx_word' id='word_1_358' title='bbox 1446 4715 1638 4770; x_wconf 88' lang='lat' dir='ltr'><strong>devote</strong></span> <span class='ocrx_word' id='word_1_359' title='bbox 1661 4730 1725 4770; x_wconf 91' lang='lat' dir='ltr'><strong>ac</strong></span> <span class='ocrx_word' id='word_1_360' title='bbox 1749 4714 1988 4786; x_wconf 89' lang='lat' dir='ltr'><strong>perfecte</strong></span> <span class='ocrx_word' id='word_1_361' title='bbox 2017 4732 2132 4772; x_wconf 87' lang='lat' dir='ltr'><strong>ser-</strong></span> 
     </span>
    </p>
   </div>
   <div class='ocr_carea' id='block_1_51' title="bbox 540 4807 2130 4878">
    <p class='ocr_par' dir='ltr' id='par_1_51' title="bbox 540 4807 2130 4878">
     <span class='ocr_line' id='line_1_51' title="bbox 540 4807 2130 4878; baseline 0.006 -18"><span class='ocrx_word' id='word_1_362' title='bbox 540 4807 713 4872; x_wconf 89' lang='lat' dir='ltr'><strong>viens,</strong></span> <span class='ocrx_word' id='word_1_363' title='bbox 740 4816 886 4864; x_wconf 89' lang='lat' dir='ltr'><strong>esset</strong></span> <span class='ocrx_word' id='word_1_364' title='bbox 905 4808 1248 4878; x_wconf 60' lang='lat' dir='ltr'><strong>quaerendus,</strong></span> <span class='ocrx_word' id='word_1_365' title='bbox 1274 4809 1358 4863; x_wconf 92' lang='lat' dir='ltr'><strong>cui</strong></span> <span class='ocrx_word' id='word_1_366' title='bbox 1388 4810 1717 4867; x_wconf 75' lang='lat' dir='ltr'><strong>anxietatem</strong></span> <span class='ocrx_word' id='word_1_367' title='bbox 1745 4813 1924 4868; x_wconf 90' lang='lat' dir='ltr'><strong>cordis</strong></span> <span class='ocrx_word' id='word_1_368' title='bbox 1957 4814 2130 4869; x_wconf 88' lang='lat' dir='ltr'><strong>nostri</strong></span> 
     </span>
    </p>
   </div>
   <div class='ocr_carea' id='block_1_52' title="bbox 538 4903 2133 4976">
    <p class='ocr_par' dir='ltr' id='par_1_52' title="bbox 538 4903 2133 4976">
     <span class='ocr_line' id='line_1_52' title="bbox 538 4903 2133 4976; baseline 0.004 -22"><span class='ocrx_word' id='word_1_369' title='bbox 538 4908 594 4954; x_wconf 88' lang='lat' dir='ltr'><strong>et</strong></span> <span class='ocrx_word' id='word_1_370' title='bbox 617 4916 872 4956; x_wconf 90' lang='lat' dir='ltr'><strong>curarum</strong></span> <span class='ocrx_word' id='word_1_371' title='bbox 897 4909 1205 4958; x_wconf 88' lang='lat' dir='ltr'><strong>nostrarum</strong></span> <span class='ocrx_word' id='word_1_372' title='bbox 1231 4903 1604 4973; x_wconf 86' lang='lat' dir='ltr'><strong>querimonias</strong></span> <span class='ocrx_word' id='word_1_373' title='bbox 1641 4904 1912 4970; x_wconf 87' lang='lat' dir='ltr'><strong>iudicare,</strong></span> <span class='ocrx_word' id='word_1_374' title='bbox 1945 4921 2133 4976; x_wconf 90' lang='lat' dir='ltr'><strong>quem-</strong></span> 
     </span>
    </p>
   </div>
   <div class='ocr_carea' id='block_1_53' title="bbox 543 4996 2131 5067">
    <p class='ocr_par' dir='ltr' id='par_1_53' title="bbox 543 4996 2131 5067">
     <span class='ocr_line' id='line_1_53' title="bbox 543 4996 2131 5067; baseline 0.007 -23"><span class='ocrx_word' id='word_1_375' title='bbox 543 5005 650 5062; x_wconf 89' lang='lat' dir='ltr'><strong>que</strong></span> <span class='ocrx_word' id='word_1_376' title='bbox 677 5007 871 5064; x_wconf 88' lang='lat' dir='ltr'><strong>rogare</strong></span> <span class='ocrx_word' id='word_1_377' title='bbox 906 4996 1292 5067; x_wconf 88' lang='lat' dir='ltr'><strong>potuissemus,</strong></span> <span class='ocrx_word' id='word_1_378' title='bbox 1322 5004 1383 5051; x_wconf 90' lang='lat' dir='ltr'><strong>ut</strong></span> <span class='ocrx_word' id='word_1_379' title='bbox 1412 4999 1750 5054; x_wconf 88' lang='lat' dir='ltr'><strong>orationibus</strong></span> <span class='ocrx_word' id='word_1_380' title='bbox 1779 5000 1892 5054; x_wconf 90' lang='lat' dir='ltr'><strong>suis</strong></span> <span class='ocrx_word' id='word_1_381' title='bbox 1945 5015 1976 5053; x_wconf 93' lang='lat' dir='ltr'><strong>a</strong></span> <span class='ocrx_word' id='word_1_382' title='bbox 2021 5000 2131 5055; x_wconf 90' lang='lat' dir='ltr'><strong>Deo</strong></span> 
     </span>
    </p>
   </div>
   <div class='ocr_carea' id='block_1_54' title="bbox 546 5085 2133 5163">
    <p class='ocr_par' dir='ltr' id='par_1_54' title="bbox 546 5085 2133 5163">
     <span class='ocr_line' id='line_1_54' title="bbox 546 5085 2133 5163; baseline 0.008 -26"><span class='ocrx_word' id='word_1_383' title='bbox 546 5085 706 5140; x_wconf 89' lang='lat' dir='ltr'><strong>nobis</strong></span> <span class='ocrx_word' id='word_1_384' title='bbox 727 5087 889 5158; x_wconf 87' lang='lat' dir='ltr'><strong>hujus</strong></span> <span class='ocrx_word' id='word_1_385' title='bbox 908 5089 988 5144; x_wconf 90' lang='lat' dir='ltr'><strong>rei</strong></span> <span class='ocrx_word' id='word_1_386' title='bbox 1011 5089 1502 5148; x_wconf 85' lang='lat' dir='ltr'><strong>manifestationem</strong></span> <span class='ocrx_word' id='word_1_387' title='bbox 1533 5093 1884 5163; x_wconf 85' lang='lat' dir='ltr'><strong>impetraret?</strong></span> <span class='ocrx_word' id='word_1_388' title='bbox 1914 5092 2019 5149; x_wconf 87' lang='lat' dir='ltr'><strong>Sed</strong></span> <span class='ocrx_word' id='word_1_389' title='bbox 2042 5095 2133 5151; x_wconf 92' lang='lat' dir='ltr'><strong>ubi</strong></span> 
     </span>
    </p>
   </div>
   <div class='ocr_carea' id='block_1_55' title="bbox 549 5178 2137 5262">
    <p class='ocr_par' dir='ltr' id='par_1_55' title="bbox 549 5178 2137 5262">
     <span class='ocr_line' id='line_1_55' title="bbox 549 5178 2137 5262; baseline 0.009 -28"><span class='ocrx_word' id='word_1_390' title='bbox 549 5178 634 5234; x_wconf 90' lang='lat' dir='ltr'><strong>vel</strong></span> <span class='ocrx_word' id='word_1_391' title='bbox 666 5184 883 5250; x_wconf 90' lang='lat' dir='ltr'><strong>quando</strong></span> <span class='ocrx_word' id='word_1_392' title='bbox 913 5184 1002 5240; x_wconf 90' lang='lat' dir='ltr'><strong>ille</strong></span> <span class='ocrx_word' id='word_1_393' title='bbox 1029 5185 1153 5242; x_wconf 86' lang='lat' dir='ltr'><strong>talis</strong></span> <span class='ocrx_word' id='word_1_394' title='bbox 1176 5185 1379 5244; x_wconf 88' lang='lat' dir='ltr'><strong>Christi</strong></span> <span class='ocrx_word' id='word_1_395' title='bbox 1403 5188 1639 5246; x_wconf 89' lang='lat' dir='ltr'><strong>famulus</strong></span> <span class='ocrx_word' id='word_1_396' title='bbox 1666 5206 1697 5245; x_wconf 90' lang='lat' dir='ltr'><strong>a</strong></span> <span class='ocrx_word' id='word_1_397' title='bbox 1745 5192 1904 5246; x_wconf 91' lang='lat' dir='ltr'><strong>nobis</strong></span> <span class='ocrx_word' id='word_1_398' title='bbox 1953 5201 2137 5262; x_wconf 89' lang='lat' dir='ltr'><strong>posset</strong></span> 
     </span>
    </p>
   </div>
   <div class='ocr_carea' id='block_1_56' title="bbox 547 5270 2137 5354">
    <p class='ocr_par' dir='ltr' id='par_1_56' title="bbox 547 5270 2137 5354">
     <span class='ocr_line' id='line_1_56' title="bbox 547 5270 2137 5354; baseline 0.009 -29"><span class='ocrx_word' id='word_1_399' title='bbox 547 5270 800 5337; x_wconf 88' lang='lat' dir='ltr'><strong>inveniri,</strong></span> <span class='ocrx_word' id='word_1_400' title='bbox 825 5277 1128 5342; x_wconf 84' lang='lat' dir='ltr'><strong>praesertim</strong></span> <span class='ocrx_word' id='word_1_401' title='bbox 1157 5278 1209 5332; x_wconf 94' lang='lat' dir='ltr'><strong>in</strong></span> <span class='ocrx_word' id='word_1_402' title='bbox 1252 5279 1343 5334; x_wconf 89' lang='lat' dir='ltr'><strong>illa</strong></span> <span class='ocrx_word' id='word_1_403' title='bbox 1367 5281 1622 5352; x_wconf 82' lang='lat' dir='ltr'><strong>regione,</strong></span> <span class='ocrx_word' id='word_1_404' title='bbox 1655 5281 1710 5336; x_wconf 93' lang='lat' dir='ltr'><strong>in</strong></span> <span class='ocrx_word' id='word_1_405' title='bbox 1761 5297 1866 5354; x_wconf 91' lang='lat' dir='ltr'><strong>qua</strong></span> <span class='ocrx_word' id='word_1_406' title='bbox 1919 5285 2137 5340; x_wconf 87' lang='lat' dir='ltr'><strong>tametsi</strong></span> 
     </span>
    </p>
   </div>
   <div class='ocr_carea' id='block_1_57' title="bbox 549 5362 2139 5444">
    <p class='ocr_par' dir='ltr' id='par_1_57' title="bbox 549 5362 2139 5444">
     <span class='ocr_line' id='line_1_57' title="bbox 549 5362 2139 5444; baseline 0.013 -31"><span class='ocrx_word' id='word_1_407' title='bbox 549 5362 791 5432; x_wconf 68' lang='lat' dir='ltr'><strong>quaedam</strong></span> <span class='ocrx_word' id='word_1_408' title='bbox 823 5367 1068 5424; x_wconf 65' lang='lat' dir='ltr'><strong>caenobia</strong></span> <span class='ocrx_word' id='word_1_409' title='bbox 1096 5371 1163 5430; x_wconf 87' lang='lat' dir='ltr'><strong>ab</strong></span> <span class='ocrx_word' id='word_1_410' title='bbox 1191 5386 1257 5427; x_wconf 91' lang='lat' dir='ltr'><strong>eo</strong></span> <span class='ocrx_word' id='word_1_411' title='bbox 1299 5372 1439 5438; x_wconf 91' lang='lat' dir='ltr'><strong>loco,</strong></span> <span class='ocrx_word' id='word_1_412' title='bbox 1483 5372 1535 5427; x_wconf 93' lang='lat' dir='ltr'><strong>in</strong></span> <span class='ocrx_word' id='word_1_413' title='bbox 1581 5388 1688 5444; x_wconf 90' lang='lat' dir='ltr'><strong>quo</strong></span> <span class='ocrx_word' id='word_1_414' title='bbox 1731 5390 1966 5439; x_wconf 91' lang='lat' dir='ltr'><strong>eramus,</strong></span> <span class='ocrx_word' id='word_1_415' title='bbox 1993 5378 2139 5433; x_wconf 89' lang='lat' dir='ltr'><strong>haud</strong></span> 
     </span>
    </p>
   </div>
   <div class='ocr_carea' id='block_1_58' title="bbox 549 5449 2141 5538">
    <p class='ocr_par' dir='ltr' id='par_1_58' title="bbox 549 5449 2141 5538">
     <span class='ocr_line' id='line_1_58' title="bbox 549 5449 2141 5538; baseline 0.013 -32"><span class='ocrx_word' id='word_1_416' title='bbox 549 5449 705 5524; x_wconf 89' lang='lat' dir='ltr'><strong>longe</strong></span> <span class='ocrx_word' id='word_1_417' title='bbox 726 5458 902 5525; x_wconf 90' lang='lat' dir='ltr'><strong>posita</strong></span> <span class='ocrx_word' id='word_1_418' title='bbox 927 5475 1047 5517; x_wconf 90' lang='lat' dir='ltr'><strong>esse</strong></span> <span class='ocrx_word' id='word_1_419' title='bbox 1069 5465 1372 5530; x_wconf 87' lang='lat' dir='ltr'><strong>constabat,</strong></span> <span class='ocrx_word' id='word_1_420' title='bbox 1401 5474 1608 5533; x_wconf 91' lang='lat' dir='ltr'><strong>tamen,</strong></span> <span class='ocrx_word' id='word_1_421' title='bbox 1629 5477 1854 5538; x_wconf 89' lang='lat' dir='ltr'><strong>propter</strong></span> <span class='ocrx_word' id='word_1_422' title='bbox 1875 5459 2141 5526; x_wconf 65' lang='lat' dir='ltr'><strong>rudem&#39;in</strong></span> 
     </span>
    </p>
   </div>
   <div class='ocr_carea' id='block_1_59' title="bbox 552 5545 2144 5628">
    <p class='ocr_par' dir='ltr' id='par_1_59' title="bbox 552 5545 2144 5628">
     <span class='ocr_line' id='line_1_59' title="bbox 552 5545 2144 5628; baseline 0.013 -28"><span class='ocrx_word' id='word_1_423' title='bbox 552 5545 636 5601; x_wconf 82' lang='lat' dir='ltr'><strong>bis</strong></span> <span class='ocrx_word' id='word_1_424' title='bbox 661 5545 795 5605; x_wconf 91' lang='lat' dir='ltr'><strong>locis</strong></span> <span class='ocrx_word' id='word_1_425' title='bbox 824 5551 942 5623; x_wconf 89' lang='lat' dir='ltr'><strong>ejus</strong></span> <span class='ocrx_word' id='word_1_426' title='bbox 963 5558 1392 5628; x_wconf 86' lang='lat' dir='ltr'><strong>conversationis</strong></span> <span class='ocrx_word' id='word_1_427' title='bbox 1425 5555 1846 5628; x_wconf 87' lang='lat' dir='ltr'><strong>institutionem,</strong></span> <span class='ocrx_word' id='word_1_428' title='bbox 1872 5571 1968 5618; x_wconf 90' lang='lat' dir='ltr'><strong>aut</strong></span> <span class='ocrx_word' id='word_1_429' title='bbox 1987 5579 2144 5620; x_wconf 90' lang='lat' dir='ltr'><strong>rarus</strong></span> 
     </span>
    </p>
   </div>
   <div class='ocr_carea' id='block_1_60' title="bbox 549 5641 2143 5726">
    <p class='ocr_par' dir='ltr' id='par_1_60' title="bbox 549 5641 2143 5726">
     <span class='ocr_line' id='line_1_60' title="bbox 549 5641 2143 5726; baseline 0.01 -32"><span class='ocrx_word' id='word_1_430' title='bbox 549 5647 646 5695; x_wconf 87' lang='lat' dir='ltr'><strong>aut</strong></span> <span class='ocrx_word' id='word_1_431' title='bbox 674 5641 853 5702; x_wconf 87' lang='lat' dir='ltr'><strong>nullus</strong></span> <span class='ocrx_word' id='word_1_432' title='bbox 885 5656 1024 5716; x_wconf 89' lang='lat' dir='ltr'><strong>erat,</strong></span> <span class='ocrx_word' id='word_1_433' title='bbox 1053 5650 1120 5705; x_wconf 89' lang='lat' dir='ltr'><strong>de</strong></span> <span class='ocrx_word' id='word_1_434' title='bbox 1147 5649 1303 5722; x_wconf 89' lang='lat' dir='ltr'><strong>cujus</strong></span> <span class='ocrx_word' id='word_1_435' title='bbox 1345 5654 1638 5708; x_wconf 87' lang='lat' dir='ltr'><strong>sanctitate</strong></span> <span class='ocrx_word' id='word_1_436' title='bbox 1678 5654 1785 5709; x_wconf 91' lang='lat' dir='ltr'><strong>tale</strong></span> <span class='ocrx_word' id='word_1_437' title='bbox 1827 5654 2028 5726; x_wconf 89' lang='lat' dir='ltr'><strong>aliquid</strong></span> <span class='ocrx_word' id='word_1_438' title='bbox 2059 5655 2143 5710; x_wconf 90' lang='lat' dir='ltr'><strong>vel</strong></span> 
     </span>
    </p>
   </div>
   <div class='ocr_carea' id='block_1_61' title="bbox 554 5737 2143 5813">
    <p class='ocr_par' dir='ltr' id='par_1_61' title="bbox 554 5737 2143 5813">
     <span class='ocr_line' id='line_1_61' title="bbox 554 5737 2143 5813; baseline 0.01 -26"><span class='ocrx_word' id='word_1_439' title='bbox 554 5737 732 5793; x_wconf 87' lang='lat' dir='ltr'><strong>tenuis</strong></span> <span class='ocrx_word' id='word_1_440' title='bbox 745 5737 886 5795; x_wconf 89' lang='lat' dir='ltr'><strong>fama</strong></span> <span class='ocrx_word' id='word_1_441' title='bbox 902 5740 1234 5813; x_wconf 87' lang='lat' dir='ltr'><strong>loqueretur.</strong></span> <span class='ocrx_word' id='word_1_442' title='bbox 1249 5742 1460 5800; x_wconf 84' lang='lat' dir='ltr'><strong>Interea</strong></span> <span class='ocrx_word' id='word_1_443' title='bbox 1475 5747 1603 5801; x_wconf 93' lang='lat' dir='ltr'><strong>dum</strong></span> <span class='ocrx_word' id='word_1_444' title='bbox 1624 5747 1710 5803; x_wconf 88' lang='lat' dir='ltr'><strong>bis</strong></span> <span class='ocrx_word' id='word_1_445' title='bbox 1731 5747 1982 5804; x_wconf 83' lang='lat' dir='ltr'><strong>anxiatus</strong></span> <span class='ocrx_word' id='word_1_446' title='bbox 1996 5750 2143 5804; x_wconf 89' lang='lat' dir='ltr'><strong>curis</strong></span> 
     </span>
    </p>
   </div>
   <div class='ocr_carea' id='block_1_62' title="bbox 2187 528 3789 609">
    <p class='ocr_par' dir='ltr' id='par_1_62' title="bbox 2187 528 3789 609">
     <span class='ocr_line' id='line_1_62' title="bbox 2187 528 3789 609; baseline -0.006 -13"><span class='ocrx_word' id='word_1_447' title='bbox 2187 554 2376 596; x_wconf 91' lang='lat' dir='ltr'><strong>omnes</strong></span> <span class='ocrx_word' id='word_1_448' title='bbox 2401 537 2492 609; x_wconf 90' lang='lat' dir='ltr'><strong>qui</strong></span> <span class='ocrx_word' id='word_1_449' title='bbox 2517 551 2621 591; x_wconf 90' lang='lat' dir='ltr'><strong>una</strong></span> <span class='ocrx_word' id='word_1_450' title='bbox 2653 533 2937 590; x_wconf 88' lang='lat' dir='ltr'><strong>nobiscum</strong></span> <span class='ocrx_word' id='word_1_451' title='bbox 2958 537 3137 595; x_wconf 90' lang='lat' dir='ltr'><strong>erant,</strong></span> <span class='ocrx_word' id='word_1_452' title='bbox 3153 536 3213 585; x_wconf 92' lang='lat' dir='ltr'><strong>ut</strong></span> <span class='ocrx_word' id='word_1_453' title='bbox 3238 528 3380 584; x_wconf 90' lang='lat' dir='ltr'><strong>idem</strong></span> <span class='ocrx_word' id='word_1_454' title='bbox 3409 529 3683 596; x_wconf 85' lang='lat' dir='ltr'><strong>facerent,</strong></span> <span class='ocrx_word' id='word_1_455' title='bbox 3707 544 3789 587; x_wconf 81' lang='lat' dir='ltr'><strong>se-</strong></span> 
     </span>
    </p>
   </div>
   <div class='ocr_carea' id='block_1_63' title="bbox 2187 620 3786 696">
    <p class='ocr_par' dir='ltr' id='par_1_63' title="bbox 2187 620 3786 696">
     <span class='ocr_line' id='line_1_63' title="bbox 2187 620 3786 696; baseline -0.006 -8"><span class='ocrx_word' id='word_1_456' title='bbox 2187 631 2312 688; x_wconf 92' lang='lat' dir='ltr'><strong>dulo</strong></span> <span class='ocrx_word' id='word_1_457' title='bbox 2333 628 2806 690; x_wconf 90' lang='lat' dir='ltr'><strong>commonuissem,</strong></span> <span class='ocrx_word' id='word_1_458' title='bbox 2821 625 3024 678; x_wconf 86' lang='lat' dir='ltr'><strong>factum</strong></span> <span class='ocrx_word' id='word_1_459' title='bbox 3039 631 3124 677; x_wconf 91' lang='lat' dir='ltr'><strong>est</strong></span> <span class='ocrx_word' id='word_1_460' title='bbox 3140 631 3200 677; x_wconf 93' lang='lat' dir='ltr'><strong>ut</strong></span> <span class='ocrx_word' id='word_1_461' title='bbox 3219 637 3317 693; x_wconf 90' lang='lat' dir='ltr'><strong>per</strong></span> <span class='ocrx_word' id='word_1_462' title='bbox 3337 621 3634 678; x_wconf 90' lang='lat' dir='ltr'><strong>continuos</strong></span> <span class='ocrx_word' id='word_1_463' title='bbox 3655 620 3786 696; x_wconf 69' lang='grc' dir='ltr'><strong>[Νι.</strong></span> 
     </span>
    </p>
   </div>
   <div class='ocr_carea' id='block_1_64' title="bbox 2188 714 3791 791">
    <p class='ocr_par' dir='ltr' id='par_1_64' title="bbox 2188 714 3791 791">
     <span class='ocr_line' id='line_1_64' title="bbox 2188 714 3791 791; baseline -0.003 -15"><span class='ocrx_word' id='word_1_464' title='bbox 2188 716 2635 791; x_wconf 83' lang='lat' dir='ltr'><strong>add.duodecim]</strong></span> <span class='ocrx_word' id='word_1_465' title='bbox 2662 719 2778 773; x_wconf 91' lang='lat' dir='ltr'><strong>dies</strong></span> <span class='ocrx_word' id='word_1_466' title='bbox 2799 714 2946 771; x_wconf 90' lang='lat' dir='ltr'><strong>nulla</strong></span> <span class='ocrx_word' id='word_1_467' title='bbox 2980 729 3089 770; x_wconf 83' lang='lat' dir='ltr'><strong>nox</strong></span> <span class='ocrx_word' id='word_1_468' title='bbox 3130 714 3459 785; x_wconf 74' lang='lat' dir='ltr'><strong>prmteriret,</strong></span> <span class='ocrx_word' id='word_1_469' title='bbox 3484 715 3542 770; x_wconf 91' lang='lat' dir='ltr'><strong>in</strong></span> <span class='ocrx_word' id='word_1_470' title='bbox 3563 730 3679 786; x_wconf 83' lang='lat' dir='ltr'><strong>qua</strong></span> <span class='ocrx_word' id='word_1_471' title='bbox 3711 714 3791 772; x_wconf 78' lang='lat' dir='ltr'><strong>vel</strong></span> 
     </span>
    </p>
   </div>
   <div class='ocr_carea' id='block_1_65' title="bbox 2188 806 3788 877">
    <p class='ocr_par' dir='ltr' id='par_1_65' title="bbox 2188 806 3788 877">
     <span class='ocr_line' id='line_1_65' title="bbox 2188 806 3788 877; baseline -0.005 -8"><span class='ocrx_word' id='word_1_472' title='bbox 2188 814 2284 869; x_wconf 87' lang='lat' dir='ltr'><strong>uni</strong></span> <span class='ocrx_word' id='word_1_473' title='bbox 2306 812 2391 869; x_wconf 91' lang='lat' dir='ltr'><strong>vel</strong></span> <span class='ocrx_word' id='word_1_474' title='bbox 2406 813 2635 876; x_wconf 90' lang='lat' dir='ltr'><strong>duobus,</strong></span> <span class='ocrx_word' id='word_1_475' title='bbox 2657 809 2741 865; x_wconf 84' lang='lat' dir='ltr'><strong>vel</strong></span> <span class='ocrx_word' id='word_1_476' title='bbox 2760 809 2926 865; x_wconf 91' lang='lat' dir='ltr'><strong>etiam</strong></span> <span class='ocrx_word' id='word_1_477' title='bbox 2953 807 3130 863; x_wconf 89' lang='lat' dir='ltr'><strong>tribus</strong></span> <span class='ocrx_word' id='word_1_478' title='bbox 3155 806 3427 862; x_wconf 89' lang='lat' dir='ltr'><strong>sociorum</strong></span> <span class='ocrx_word' id='word_1_479' title='bbox 3452 815 3788 877; x_wconf 85' lang='lat' dir='ltr'><strong>nostrorum,</strong></span> 
     </span>
    </p>
   </div>
   <div class='ocr_carea' id='block_1_66' title="bbox 2190 895 3792 968">
    <p class='ocr_par' dir='ltr' id='par_1_66' title="bbox 2190 895 3792 968">
     <span class='ocr_line' id='line_1_66' title="bbox 2190 895 3792 968; baseline -0.004 -9"><span class='ocrx_word' id='word_1_480' title='bbox 2190 903 2247 960; x_wconf 92' lang='lat' dir='ltr'><strong>in</strong></span> <span class='ocrx_word' id='word_1_481' title='bbox 2271 903 2476 958; x_wconf 88' lang='lat' dir='ltr'><strong>somnis</strong></span> <span class='ocrx_word' id='word_1_482' title='bbox 2505 899 2804 958; x_wconf 90' lang='lat' dir='ltr'><strong>revelatum</strong></span> <span class='ocrx_word' id='word_1_483' title='bbox 2827 913 2936 954; x_wconf 90' lang='lat' dir='ltr'><strong>non</strong></span> <span class='ocrx_word' id='word_1_484' title='bbox 2957 895 3170 964; x_wconf 86' lang='lat' dir='ltr'><strong>fuisset,</strong></span> <span class='ocrx_word' id='word_1_485' title='bbox 3193 897 3336 968; x_wconf 91' lang='lat' dir='ltr'><strong>quod</strong></span> <span class='ocrx_word' id='word_1_486' title='bbox 3357 895 3450 951; x_wconf 91' lang='lat' dir='ltr'><strong>illa</strong></span> <span class='ocrx_word' id='word_1_487' title='bbox 3473 905 3792 953; x_wconf 75' lang='lat' dir='ltr'><strong>sanctorum</strong></span> 
     </span>
    </p>
   </div>
   <div class='ocr_carea' id='block_1_67' title="bbox 2192 990 3796 1066">
    <p class='ocr_par' dir='ltr' id='par_1_67' title="bbox 2192 990 3796 1066">
     <span class='ocr_line' id='line_1_67' title="bbox 2192 990 3796 1066; baseline -0.002 -14"><span class='ocrx_word' id='word_1_488' title='bbox 2192 1011 2420 1066; x_wconf 88' lang='lat' dir='ltr'><strong>corpora</strong></span> <span class='ocrx_word' id='word_1_489' title='bbox 2453 995 2519 1052; x_wconf 90' lang='lat' dir='ltr'><strong>de</strong></span> <span class='ocrx_word' id='word_1_490' title='bbox 2548 1009 2613 1050; x_wconf 91' lang='lat' dir='ltr'><strong>eo</strong></span> <span class='ocrx_word' id='word_1_491' title='bbox 2638 991 2758 1049; x_wconf 91' lang='lat' dir='ltr'><strong>loco</strong></span> <span class='ocrx_word' id='word_1_492' title='bbox 2783 992 2837 1047; x_wconf 93' lang='lat' dir='ltr'><strong>in</strong></span> <span class='ocrx_word' id='word_1_493' title='bbox 2867 991 3033 1046; x_wconf 91' lang='lat' dir='ltr'><strong>alium</strong></span> <span class='ocrx_word' id='word_1_494' title='bbox 3064 999 3248 1046; x_wconf 88' lang='lat' dir='ltr'><strong>essent</strong></span> <span class='ocrx_word' id='word_1_495' title='bbox 3277 990 3683 1046; x_wconf 83' lang='lat' dir='ltr'><strong>transferenda.</strong></span> <span class='ocrx_word' id='word_1_496' title='bbox 3719 993 3796 1048; x_wconf 79' lang='lat' dir='ltr'><strong>Ad</strong></span> 
     </span>
    </p>
   </div>
   <div class='ocr_carea' id='block_1_68' title="bbox 2193 1083 3796 1154">
    <p class='ocr_par' dir='ltr' id='par_1_68' title="bbox 2193 1083 3796 1154">
     <span class='ocr_line' id='line_1_68' title="bbox 2193 1083 3796 1154; baseline -0.002 -11"><span class='ocrx_word' id='word_1_497' title='bbox 2193 1097 2498 1144; x_wconf 83' lang='lat' dir='ltr'><strong>extremum</strong></span> <span class='ocrx_word' id='word_1_498' title='bbox 2527 1093 2709 1141; x_wconf 90' lang='lat' dir='ltr'><strong>autem</strong></span> <span class='ocrx_word' id='word_1_499' title='bbox 2734 1083 2948 1140; x_wconf 88' lang='lat' dir='ltr'><strong>cuidam</strong></span> <span class='ocrx_word' id='word_1_500' title='bbox 2976 1083 3293 1154; x_wconf 84' lang='lat' dir='ltr'><strong>presbytero</strong></span> <span class='ocrx_word' id='word_1_501' title='bbox 3334 1083 3400 1137; x_wconf 90' lang='lat' dir='ltr'><strong>de</strong></span> <span class='ocrx_word' id='word_1_502' title='bbox 3449 1083 3542 1138; x_wconf 87' lang='lat' dir='ltr'><strong>his</strong></span> <span class='ocrx_word' id='word_1_503' title='bbox 3583 1083 3683 1154; x_wconf 88' lang='lat' dir='ltr'><strong>qui</strong></span> <span class='ocrx_word' id='word_1_504' title='bbox 3728 1084 3796 1141; x_wconf 84' lang='lat' dir='ltr'><strong>ibi</strong></span> 
     </span>
    </p>
   </div>
   <div class='ocr_carea' id='block_1_69' title="bbox 2194 1173 3796 1246">
    <p class='ocr_par' dir='ltr' id='par_1_69' title="bbox 2194 1173 3796 1246">
     <span class='ocr_line' id='line_1_69' title="bbox 2194 1173 3796 1246; baseline -0.002 -11"><span class='ocrx_word' id='word_1_505' title='bbox 2194 1180 2478 1235; x_wconf 91' lang='lat' dir='ltr'><strong>nobiscum</strong></span> <span class='ocrx_word' id='word_1_506' title='bbox 2504 1186 2684 1245; x_wconf 91' lang='lat' dir='ltr'><strong>erant,</strong></span> <span class='ocrx_word' id='word_1_507' title='bbox 2713 1176 2932 1232; x_wconf 90' lang='lat' dir='ltr'><strong>nomine</strong></span> <span class='ocrx_word' id='word_1_508' title='bbox 2955 1173 3242 1241; x_wconf 84' lang='lat' dir='ltr'><strong>Hildfrido,</strong></span> <span class='ocrx_word' id='word_1_509' title='bbox 3268 1176 3523 1246; x_wconf 89' lang='lat' dir='ltr'><strong>apparuit</strong></span> <span class='ocrx_word' id='word_1_510' title='bbox 3553 1175 3611 1230; x_wconf 93' lang='lat' dir='ltr'><strong>in</strong></span> <span class='ocrx_word' id='word_1_511' title='bbox 3633 1175 3796 1232; x_wconf 85' lang='lat' dir='ltr'><strong>visio-</strong></span> 
     </span>
    </p>
   </div>
   <div class='ocr_carea' id='block_1_70' title="bbox 2194 1267 3796 1341">
    <p class='ocr_par' dir='ltr' id='par_1_70' title="bbox 2194 1267 3796 1341">
     <span class='ocr_line' id='line_1_70' title="bbox 2194 1267 3796 1341; baseline -0.003 -13"><span class='ocrx_word' id='word_1_512' title='bbox 2194 1288 2285 1340; x_wconf 89' lang='lat' dir='ltr'><strong>ne,</strong></span> <span class='ocrx_word' id='word_1_513' title='bbox 2308 1280 2367 1326; x_wconf 93' lang='lat' dir='ltr'><strong>ut</strong></span> <span class='ocrx_word' id='word_1_514' title='bbox 2390 1273 2503 1341; x_wconf 91' lang='lat' dir='ltr'><strong>ipse</strong></span> <span class='ocrx_word' id='word_1_515' title='bbox 2534 1270 2830 1335; x_wconf 88' lang='lat' dir='ltr'><strong>fatebatur,</strong></span> <span class='ocrx_word' id='word_1_516' title='bbox 2851 1267 2936 1323; x_wconf 91' lang='lat' dir='ltr'><strong>vir</strong></span> <span class='ocrx_word' id='word_1_517' title='bbox 2968 1267 3191 1338; x_wconf 88' lang='lat' dir='ltr'><strong>quidam</strong></span> <span class='ocrx_word' id='word_1_518' title='bbox 3221 1267 3415 1322; x_wconf 89' lang='lat' dir='ltr'><strong>habitu</strong></span> <span class='ocrx_word' id='word_1_519' title='bbox 3445 1268 3796 1337; x_wconf 83' lang='lat' dir='ltr'><strong>sacerdotali,</strong></span> 
     </span>
    </p>
   </div>
   <div class='ocr_carea' id='block_1_71' title="bbox 2197 1358 3799 1428">
    <p class='ocr_par' dir='ltr' id='par_1_71' title="bbox 2197 1358 3799 1428">
     <span class='ocr_line' id='line_1_71' title="bbox 2197 1358 3799 1428; baseline -0.002 -9"><span class='ocrx_word' id='word_1_520' title='bbox 2197 1363 2395 1419; x_wconf 82' lang='lat' dir='ltr'><strong>canitie</strong></span> <span class='ocrx_word' id='word_1_521' title='bbox 2413 1359 2720 1416; x_wconf 88' lang='lat' dir='ltr'><strong>veneranda</strong></span> <span class='ocrx_word' id='word_1_522' title='bbox 2743 1359 3088 1428; x_wconf 89' lang='lat' dir='ltr'><strong>conspicuus,</strong></span> <span class='ocrx_word' id='word_1_523' title='bbox 3109 1358 3340 1414; x_wconf 89' lang='lat' dir='ltr'><strong>candida</strong></span> <span class='ocrx_word' id='word_1_524' title='bbox 3366 1367 3524 1414; x_wconf 83' lang='lat' dir='ltr'><strong>veste</strong></span> <span class='ocrx_word' id='word_1_525' title='bbox 3552 1359 3799 1427; x_wconf 88' lang='lat' dir='ltr'><strong>indutus,</strong></span> 
     </span>
    </p>
   </div>
   <div class='ocr_carea' id='block_1_72' title="bbox 2198 1447 3799 1525">
    <p class='ocr_par' dir='ltr' id='par_1_72' title="bbox 2198 1447 3799 1525">
     <span class='ocr_line' id='line_1_72' title="bbox 2198 1447 3799 1525; baseline -0.002 -17"><span class='ocrx_word' id='word_1_526' title='bbox 2198 1454 2292 1525; x_wconf 91' lang='lat' dir='ltr'><strong>qui</strong></span> <span class='ocrx_word' id='word_1_527' title='bbox 2329 1469 2454 1508; x_wconf 91' lang='lat' dir='ltr'><strong>eum</strong></span> <span class='ocrx_word' id='word_1_528' title='bbox 2505 1451 2702 1505; x_wconf 91' lang='lat' dir='ltr'><strong>talibus</strong></span> <span class='ocrx_word' id='word_1_529' title='bbox 2729 1448 2912 1506; x_wconf 88' lang='lat' dir='ltr'><strong>verbis</strong></span> <span class='ocrx_word' id='word_1_530' title='bbox 2947 1447 3294 1521; x_wconf 88' lang='lat' dir='ltr'><strong>compellavit</strong></span> <span class='ocrx_word' id='word_1_531' title='bbox 3330 1467 3344 1505; x_wconf 90' lang='lat'><strong>:</strong></span> <span class='ocrx_word' id='word_1_532' title='bbox 3382 1467 3404 1501; x_wconf 73' lang='grc' dir='ltr'><strong>ε</strong></span> <span class='ocrx_word' id='word_1_533' title='bbox 3439 1448 3577 1516; x_wconf 87' lang='lat' dir='ltr'><strong>Cur,</strong></span> <span class='ocrx_word' id='word_1_534' title='bbox 3603 1450 3799 1522; x_wconf 88' lang='lat' dir='ltr'><strong>inquit,</strong></span> 
     </span>
    </p>
   </div>
   <div class='ocr_carea' id='block_1_73' title="bbox 2199 1543 3800 1616">
    <p class='ocr_par' dir='ltr' id='par_1_73' title="bbox 2199 1543 3800 1616">
     <span class='ocr_line' id='line_1_73' title="bbox 2199 1543 3800 1616; baseline 0 -15"><span class='ocrx_word' id='word_1_535' title='bbox 2199 1545 2540 1616; x_wconf 88' lang='lat' dir='ltr'><strong>Eginhardus</strong></span> <span class='ocrx_word' id='word_1_536' title='bbox 2563 1553 2674 1599; x_wconf 87' lang='lat' dir='ltr'><strong>tam</strong></span> <span class='ocrx_word' id='word_1_537' title='bbox 2706 1544 2824 1599; x_wconf 89' lang='lat' dir='ltr'><strong>duri</strong></span> <span class='ocrx_word' id='word_1_538' title='bbox 2866 1543 3046 1604; x_wconf 88' lang='lat' dir='ltr'><strong>cordis</strong></span> <span class='ocrx_word' id='word_1_539' title='bbox 3100 1550 3376 1616; x_wconf 63' lang='lat' dir='ltr'><strong>tantaeque</strong></span> <span class='ocrx_word' id='word_1_540' title='bbox 3411 1544 3800 1602; x_wconf 85' lang='lat' dir='ltr'><strong>obstinationis</strong></span> 
     </span>
    </p>
   </div>
   <div class='ocr_carea' id='block_1_74' title="bbox 2201 1637 3799 1705">
    <p class='ocr_par' dir='ltr' id='par_1_74' title="bbox 2201 1637 3799 1705">
     <span class='ocr_line' id='line_1_74' title="bbox 2201 1637 3799 1705; baseline -0.002 -10"><span class='ocrx_word' id='word_1_541' title='bbox 2201 1647 2304 1705; x_wconf 92' lang='lat' dir='ltr'><strong>est,</strong></span> <span class='ocrx_word' id='word_1_542' title='bbox 2333 1649 2394 1694; x_wconf 93' lang='lat' dir='ltr'><strong>ut</strong></span> <span class='ocrx_word' id='word_1_543' title='bbox 2415 1647 2492 1694; x_wconf 91' lang='lat' dir='ltr'><strong>tot</strong></span> <span class='ocrx_word' id='word_1_544' title='bbox 2512 1638 2933 1693; x_wconf 85' lang='lat' dir='ltr'><strong>revelationibus</strong></span> <span class='ocrx_word' id='word_1_545' title='bbox 2962 1653 3071 1692; x_wconf 91' lang='lat' dir='ltr'><strong>non</strong></span> <span class='ocrx_word' id='word_1_546' title='bbox 3115 1637 3322 1702; x_wconf 91' lang='lat' dir='ltr'><strong>credat,</strong></span> <span class='ocrx_word' id='word_1_547' title='bbox 3350 1651 3416 1692; x_wconf 93' lang='lat' dir='ltr'><strong>ac</strong></span> <span class='ocrx_word' id='word_1_548' title='bbox 3445 1644 3530 1692; x_wconf 88' lang='lat' dir='ltr'><strong>tot</strong></span> <span class='ocrx_word' id='word_1_549' title='bbox 3561 1639 3799 1704; x_wconf 75' lang='lat' dir='ltr'><strong>monita,</strong></span> 
     </span>
    </p>
   </div>
   <div class='ocr_carea' id='block_1_75' title="bbox 2206 1727 3801 1794">
    <p class='ocr_par' dir='ltr' id='par_1_75' title="bbox 2206 1727 3801 1794">
     <span class='ocr_line' id='line_1_75' title="bbox 2206 1727 3801 1794; baseline -0.001 -8"><span class='ocrx_word' id='word_1_550' title='bbox 2206 1732 2274 1786; x_wconf 91' lang='lat' dir='ltr'><strong>ad</strong></span> <span class='ocrx_word' id='word_1_551' title='bbox 2297 1745 2355 1786; x_wconf 91' lang='lat' dir='ltr'><strong>se</strong></span> <span class='ocrx_word' id='word_1_552' title='bbox 2378 1729 2639 1785; x_wconf 89' lang='lat' dir='ltr'><strong>divinitus</strong></span> <span class='ocrx_word' id='word_1_553' title='bbox 2677 1729 2861 1794; x_wconf 87' lang='lat' dir='ltr'><strong>missa,</strong></span> <span class='ocrx_word' id='word_1_554' title='bbox 2891 1727 3189 1783; x_wconf 90' lang='lat' dir='ltr'><strong>arbitretur</strong></span> <span class='ocrx_word' id='word_1_555' title='bbox 3214 1743 3335 1784; x_wconf 88' lang='lat' dir='ltr'><strong>esse</strong></span> <span class='ocrx_word' id='word_1_556' title='bbox 3367 1731 3801 1784; x_wconf 81' lang='lat' dir='ltr'><strong>contemnenda?</strong></span> 
     </span>
    </p>
   </div>
   <div class='ocr_carea' id='block_1_76' title="bbox 2128 1816 3804 1900">
    <p class='ocr_par' dir='ltr' id='par_1_76' title="bbox 2128 1816 3804 1900">
     <span class='ocr_line' id='line_1_76' title="bbox 2128 1816 3804 1900; baseline 0.004 -22"><span class='ocrx_word' id='word_1_557' title='bbox 2128 1816 2175 1878; x_wconf 89' lang='lat' dir='ltr'><strong>B</strong></span> <span class='ocrx_word' id='word_1_558' title='bbox 2204 1827 2353 1884; x_wconf 79' lang='lat' dir='ltr'><strong>Vade</strong></span> <span class='ocrx_word' id='word_1_559' title='bbox 2381 1835 2436 1883; x_wconf 91' lang='lat' dir='ltr'><strong>et</strong></span> <span class='ocrx_word' id='word_1_560' title='bbox 2469 1827 2554 1882; x_wconf 91' lang='lat' dir='ltr'><strong>dic</strong></span> <span class='ocrx_word' id='word_1_561' title='bbox 2601 1827 2674 1892; x_wconf 92' lang='lat' dir='ltr'><strong>ei,</strong></span> <span class='ocrx_word' id='word_1_562' title='bbox 2721 1827 2844 1898; x_wconf 85' lang='lat' dir='ltr'><strong>quia</strong></span> <span class='ocrx_word' id='word_1_563' title='bbox 2875 1827 3002 1893; x_wconf 88' lang='lat' dir='ltr'><strong>hoc,</strong></span> <span class='ocrx_word' id='word_1_564' title='bbox 3035 1826 3181 1898; x_wconf 92' lang='lat' dir='ltr'><strong>quod</strong></span> <span class='ocrx_word' id='word_1_565' title='bbox 3227 1826 3372 1883; x_wconf 90' lang='lat' dir='ltr'><strong>beati</strong></span> <span class='ocrx_word' id='word_1_566' title='bbox 3419 1837 3712 1900; x_wconf 78' lang='lat' dir='ltr'><strong>martyres</strong></span> <span class='ocrx_word' id='word_1_567' title='bbox 3749 1828 3804 1884; x_wconf 80' lang='lat' dir='ltr'><strong>de</strong></span> 
     </span>
    </p>
   </div>
   <div class='ocr_carea' id='block_1_77' title="bbox 2207 1915 3807 1989">
    <p class='ocr_par' dir='ltr' id='par_1_77' title="bbox 2207 1915 3807 1989">
     <span class='ocr_line' id='line_1_77' title="bbox 2207 1915 3807 1989; baseline 0.001 -14"><span class='ocrx_word' id='word_1_568' title='bbox 2207 1918 2322 1975; x_wconf 89' lang='lat' dir='ltr'><strong>suis</strong></span> <span class='ocrx_word' id='word_1_569' title='bbox 2342 1917 2660 1989; x_wconf 90' lang='lat' dir='ltr'><strong>corporibus</strong></span> <span class='ocrx_word' id='word_1_570' title='bbox 2687 1915 2804 1972; x_wconf 83' lang='lat' dir='ltr'><strong>ﬁeri</strong></span> <span class='ocrx_word' id='word_1_571' title='bbox 2832 1917 3172 1987; x_wconf 89' lang='lat' dir='ltr'><strong>desiderant,</strong></span> <span class='ocrx_word' id='word_1_572' title='bbox 3205 1918 3469 1976; x_wconf 87' lang='lat' dir='ltr'><strong>infectum</strong></span> <span class='ocrx_word' id='word_1_573' title='bbox 3517 1936 3807 1976; x_wconf 84' lang='lat' dir='ltr'><strong>remanere</strong></span> 
     </span>
    </p>
   </div>
   <div class='ocr_carea' id='block_1_78' title="bbox 2206 2010 3808 2084">
    <p class='ocr_par' dir='ltr' id='par_1_78' title="bbox 2206 2010 3808 2084">
     <span class='ocr_line' id='line_1_78' title="bbox 2206 2010 3808 2084; baseline 0.001 -16"><span class='ocrx_word' id='word_1_574' title='bbox 2206 2029 2315 2068; x_wconf 91' lang='lat' dir='ltr'><strong>non</strong></span> <span class='ocrx_word' id='word_1_575' title='bbox 2340 2012 2556 2084; x_wconf 91' lang='lat' dir='ltr'><strong>poterit.</strong></span> <span class='ocrx_word' id='word_1_576' title='bbox 2579 2010 2836 2079; x_wconf 89' lang='lat' dir='ltr'><strong>Quamvis</strong></span> <span class='ocrx_word' id='word_1_577' title='bbox 2857 2011 2944 2067; x_wconf 89' lang='lat' dir='ltr'><strong>ille</strong></span> <span class='ocrx_word' id='word_1_578' title='bbox 2966 2012 3232 2068; x_wconf 89' lang='lat' dir='ltr'><strong>hactenus</strong></span> <span class='ocrx_word' id='word_1_579' title='bbox 3256 2013 3600 2070; x_wconf 88' lang='lat' dir='ltr'><strong>voluntatem</strong></span> <span class='ocrx_word' id='word_1_580' title='bbox 3621 2029 3808 2070; x_wconf 82' lang='lat' dir='ltr'><strong>eorum</strong></span> 
     </span>
    </p>
   </div>
   <div class='ocr_carea' id='block_1_79' title="bbox 2209 2104 3810 2175">
    <p class='ocr_par' dir='ltr' id='par_1_79' title="bbox 2209 2104 3810 2175">
     <span class='ocr_line' id='line_1_79' title="bbox 2209 2104 3810 2175; baseline 0.002 -15"><span class='ocrx_word' id='word_1_581' title='bbox 2209 2104 2266 2160; x_wconf 92' lang='lat' dir='ltr'><strong>in</strong></span> <span class='ocrx_word' id='word_1_582' title='bbox 2298 2106 2400 2161; x_wconf 92' lang='lat' dir='ltr'><strong>hac</strong></span> <span class='ocrx_word' id='word_1_583' title='bbox 2431 2121 2491 2161; x_wconf 91' lang='lat' dir='ltr'><strong>re</strong></span> <span class='ocrx_word' id='word_1_584' title='bbox 2519 2104 2702 2161; x_wconf 89' lang='lat' dir='ltr'><strong>facere</strong></span> <span class='ocrx_word' id='word_1_585' title='bbox 2729 2105 3052 2173; x_wconf 90' lang='lat' dir='ltr'><strong>distulisset,</strong></span> <span class='ocrx_word' id='word_1_586' title='bbox 3085 2106 3251 2162; x_wconf 90' lang='lat' dir='ltr'><strong>etiam</strong></span> <span class='ocrx_word' id='word_1_587' title='bbox 3279 2123 3446 2175; x_wconf 90' lang='lat' dir='ltr'><strong>nunc,</strong></span> <span class='ocrx_word' id='word_1_588' title='bbox 3470 2109 3516 2164; x_wconf 89' lang='lat' dir='ltr'><strong>si</strong></span> <span class='ocrx_word' id='word_1_589' title='bbox 3543 2125 3662 2164; x_wconf 87' lang='lat' dir='ltr'><strong>non</strong></span> <span class='ocrx_word' id='word_1_590' title='bbox 3691 2107 3810 2164; x_wconf 79' lang='lat' dir='ltr'><strong>velit</strong></span> 
     </span>
    </p>
   </div>
   <div class='ocr_carea' id='block_1_80' title="bbox 2209 2195 3812 2268">
    <p class='ocr_par' dir='ltr' id='par_1_80' title="bbox 2209 2195 3812 2268">
     <span class='ocr_line' id='line_1_80' title="bbox 2209 2195 3812 2268; baseline 0.001 -16"><span class='ocrx_word' id='word_1_591' title='bbox 2209 2205 2271 2252; x_wconf 89' lang='lat' dir='ltr'><strong>ut</strong></span> <span class='ocrx_word' id='word_1_592' title='bbox 2300 2197 2462 2268; x_wconf 89' lang='lat' dir='ltr'><strong>hujus</strong></span> <span class='ocrx_word' id='word_1_593' title='bbox 2491 2195 2617 2252; x_wconf 91' lang='lat' dir='ltr'><strong>facti</strong></span> <span class='ocrx_word' id='word_1_594' title='bbox 2647 2196 2902 2252; x_wconf 88' lang='lat' dir='ltr'><strong>meritum</strong></span> <span class='ocrx_word' id='word_1_595' title='bbox 2951 2198 3018 2252; x_wconf 90' lang='lat' dir='ltr'><strong>ad</strong></span> <span class='ocrx_word' id='word_1_596' title='bbox 3064 2197 3231 2252; x_wconf 90' lang='lat' dir='ltr'><strong>alium</strong></span> <span class='ocrx_word' id='word_1_597' title='bbox 3278 2206 3553 2266; x_wconf 88' lang='lat' dir='ltr'><strong>transeat,</strong></span> <span class='ocrx_word' id='word_1_598' title='bbox 3595 2198 3812 2255; x_wconf 81' lang='lat' dir='ltr'><strong>festinet</strong></span> 
     </span>
    </p>
   </div>
   <div class='ocr_carea' id='block_1_81' title="bbox 2209 2285 3813 2361">
    <p class='ocr_par' dir='ltr' id='par_1_81' title="bbox 2209 2285 3813 2361">
     <span class='ocr_line' id='line_1_81' title="bbox 2209 2285 3813 2361; baseline 0 -17"><span class='ocrx_word' id='word_1_599' title='bbox 2209 2303 2398 2344; x_wconf 89' lang='lat' dir='ltr'><strong>eorum</strong></span> <span class='ocrx_word' id='word_1_600' title='bbox 2424 2285 2719 2358; x_wconf 88' lang='lat' dir='ltr'><strong>adimplere</strong></span> <span class='ocrx_word' id='word_1_601' title='bbox 2739 2285 3073 2357; x_wconf 91' lang='lat' dir='ltr'><strong>jussionem;</strong></span> <span class='ocrx_word' id='word_1_602' title='bbox 3107 2295 3162 2343; x_wconf 90' lang='lat' dir='ltr'><strong>et</strong></span> <span class='ocrx_word' id='word_1_603' title='bbox 3189 2287 3259 2343; x_wconf 91' lang='lat' dir='ltr'><strong>ad</strong></span> <span class='ocrx_word' id='word_1_604' title='bbox 3283 2287 3491 2355; x_wconf 90' lang='lat' dir='ltr'><strong>locum,</strong></span> <span class='ocrx_word' id='word_1_605' title='bbox 3516 2303 3698 2361; x_wconf 85' lang='lat' dir='ltr'><strong>quem</strong></span> <span class='ocrx_word' id='word_1_606' title='bbox 3722 2288 3813 2361; x_wconf 80' lang='lat' dir='ltr'><strong>ipsi</strong></span> 
     </span>
    </p>
   </div>
   <div class='ocr_carea' id='block_1_82' title="bbox 2210 2378 3808 2454">
    <p class='ocr_par' dir='ltr' id='par_1_82' title="bbox 2210 2378 3808 2454">
     <span class='ocr_line' id='line_1_82' title="bbox 2210 2378 3808 2454; baseline 0.002 -20"><span class='ocrx_word' id='word_1_607' title='bbox 2210 2379 2516 2451; x_wconf 87' lang='lat' dir='ltr'><strong>elegerunt,</strong></span> <span class='ocrx_word' id='word_1_608' title='bbox 2548 2393 2776 2450; x_wconf 91' lang='lat' dir='ltr'><strong>corpora</strong></span> <span class='ocrx_word' id='word_1_609' title='bbox 2799 2378 3013 2434; x_wconf 91' lang='lat' dir='ltr'><strong>illorum</strong></span> <span class='ocrx_word' id='word_1_610' title='bbox 3036 2380 3322 2451; x_wconf 89' lang='lat' dir='ltr'><strong>deportare</strong></span> <span class='ocrx_word' id='word_1_611' title='bbox 3345 2396 3456 2436; x_wconf 91' lang='lat' dir='ltr'><strong>non</strong></span> <span class='ocrx_word' id='word_1_612' title='bbox 3486 2381 3758 2454; x_wconf 83' lang='lat' dir='ltr'><strong>negligat.</strong></span> <span class='ocrx_word' id='word_1_613' title='bbox 3791 2403 3808 2437; x_wconf 71' lang='grc' dir='ltr'><strong><em>ι</em></strong></span> 
     </span>
    </p>
   </div>
   <div class='ocr_carea' id='block_1_83' title="bbox 2284 2472 3813 2547">
    <p class='ocr_par' dir='ltr' id='par_1_83' title="bbox 2284 2472 3813 2547">
     <span class='ocr_line' id='line_1_83' title="bbox 2284 2472 3813 2547; baseline 0.003 -20"><span class='ocrx_word' id='word_1_614' title='bbox 2284 2474 2370 2530; x_wconf 80' lang='lat' dir='ltr'><strong>l8.</strong></span> <span class='ocrx_word' id='word_1_615' title='bbox 2394 2472 2523 2528; x_wconf 87' lang='lat' dir='ltr'><strong>Post</strong></span> <span class='ocrx_word' id='word_1_616' title='bbox 2545 2472 2643 2527; x_wconf 92' lang='lat' dir='ltr'><strong>has</strong></span> <span class='ocrx_word' id='word_1_617' title='bbox 2671 2472 2912 2543; x_wconf 88' lang='lat' dir='ltr'><strong>aliasque</strong></span> <span class='ocrx_word' id='word_1_618' title='bbox 2938 2472 3287 2528; x_wconf 89' lang='lat' dir='ltr'><strong>multimodas</strong></span> <span class='ocrx_word' id='word_1_619' title='bbox 3332 2473 3400 2528; x_wconf 90' lang='lat' dir='ltr'><strong>ad</strong></span> <span class='ocrx_word' id='word_1_620' title='bbox 3445 2489 3537 2531; x_wconf 88' lang='lat' dir='ltr'><strong>me</strong></span> <span class='ocrx_word' id='word_1_621' title='bbox 3585 2476 3813 2547; x_wconf 75' lang='lat' dir='ltr'><strong>perlatas</strong></span> 
     </span>
    </p>
   </div>
   <div class='ocr_carea' id='block_1_84' title="bbox 2212 2563 3813 2631">
    <p class='ocr_par' dir='ltr' id='par_1_84' title="bbox 2212 2563 3813 2631">
     <span class='ocr_line' id='line_1_84' title="bbox 2212 2563 3813 2631; baseline 0.001 -11"><span class='ocrx_word' id='word_1_622' title='bbox 2212 2563 2628 2631; x_wconf 88' lang='lat' dir='ltr'><strong>admonitiones,</strong></span> <span class='ocrx_word' id='word_1_623' title='bbox 2643 2564 2819 2619; x_wconf 88' lang='lat' dir='ltr'><strong>visum</strong></span> <span class='ocrx_word' id='word_1_624' title='bbox 2839 2572 2924 2619; x_wconf 90' lang='lat' dir='ltr'><strong>est</strong></span> <span class='ocrx_word' id='word_1_625' title='bbox 2940 2564 3071 2619; x_wconf 89' lang='lat' dir='ltr'><strong>mihi</strong></span> <span class='ocrx_word' id='word_1_626' title='bbox 3093 2563 3240 2619; x_wconf 90' lang='lat' dir='ltr'><strong>illam</strong></span> <span class='ocrx_word' id='word_1_627' title='bbox 3262 2580 3552 2620; x_wconf 87' lang='lat' dir='ltr'><strong>sacrorum</strong></span> <span class='ocrx_word' id='word_1_628' title='bbox 3573 2566 3813 2621; x_wconf 82' lang='lat' dir='ltr'><strong>cinerum</strong></span> 
     </span>
    </p>
   </div>
   <div class='ocr_carea' id='block_1_85' title="bbox 2213 2655 3814 2731">
    <p class='ocr_par' dir='ltr' id='par_1_85' title="bbox 2213 2655 3814 2731">
     <span class='ocr_line' id='line_1_85' title="bbox 2213 2655 3814 2731; baseline -0.001 -17"><span class='ocrx_word' id='word_1_629' title='bbox 2213 2657 2620 2714; x_wconf 88' lang='lat' dir='ltr'><strong>translationem</strong></span> <span class='ocrx_word' id='word_1_630' title='bbox 2645 2672 2752 2713; x_wconf 89' lang='lat' dir='ltr'><strong>non</strong></span> <span class='ocrx_word' id='word_1_631' title='bbox 2778 2673 2899 2714; x_wconf 88' lang='lat' dir='ltr'><strong>esse</strong></span> <span class='ocrx_word' id='word_1_632' title='bbox 2924 2657 3130 2713; x_wconf 83' lang='lat' dir='ltr'><strong>diutius</strong></span> <span class='ocrx_word' id='word_1_633' title='bbox 3154 2655 3546 2726; x_wconf 82' lang='lat' dir='ltr'><strong>differendam;</strong></span> <span class='ocrx_word' id='word_1_634' title='bbox 3604 2674 3678 2714; x_wconf 84' lang='lat' dir='ltr'><strong>ac</strong></span> <span class='ocrx_word' id='word_1_635' title='bbox 3704 2674 3814 2731; x_wconf 80' lang='lat' dir='ltr'><strong>pro-</strong></span> 
     </span>
    </p>
   </div>
   <div class='ocr_carea' id='block_1_86' title="bbox 2214 2751 3819 2824">
    <p class='ocr_par' dir='ltr' id='par_1_86' title="bbox 2214 2751 3819 2824">
     <span class='ocr_line' id='line_1_86' title="bbox 2214 2751 3819 2824; baseline -0.001 -14"><span class='ocrx_word' id='word_1_636' title='bbox 2214 2754 2362 2820; x_wconf 89' lang='lat' dir='ltr'><strong>inde,</strong></span> <span class='ocrx_word' id='word_1_637' title='bbox 2394 2753 2529 2809; x_wconf 91' lang='lat' dir='ltr'><strong>inito</strong></span> <span class='ocrx_word' id='word_1_638' title='bbox 2557 2753 2808 2819; x_wconf 91' lang='lat' dir='ltr'><strong>concilio,</strong></span> <span class='ocrx_word' id='word_1_639' title='bbox 2833 2752 3175 2808; x_wconf 89' lang='lat' dir='ltr'><strong>decrevimus</strong></span> <span class='ocrx_word' id='word_1_640' title='bbox 3223 2760 3286 2807; x_wconf 93' lang='lat' dir='ltr'><strong>ut</strong></span> <span class='ocrx_word' id='word_1_641' title='bbox 3311 2751 3399 2818; x_wconf 89' lang='lat' dir='ltr'><strong>id,</strong></span> <span class='ocrx_word' id='word_1_642' title='bbox 3429 2761 3654 2824; x_wconf 89' lang='lat' dir='ltr'><strong>quanto</strong></span> <span class='ocrx_word' id='word_1_643' title='bbox 3694 2751 3819 2808; x_wconf 76' lang='lat' dir='ltr'><strong>cele-</strong></span> 
     </span>
    </p>
   </div>
   <div class='ocr_carea' id='block_1_87' title="bbox 2215 2843 3819 2917">
    <p class='ocr_par' dir='ltr' id='par_1_87' title="bbox 2215 2843 3819 2917">
     <span class='ocr_line' id='line_1_87' title="bbox 2215 2843 3819 2917; baseline -0.001 -15"><span class='ocrx_word' id='word_1_644' title='bbox 2215 2846 2328 2902; x_wconf 87' lang='lat' dir='ltr'><strong>rius</strong></span> <span class='ocrx_word' id='word_1_645' title='bbox 2350 2845 2468 2900; x_wconf 87' lang='lat' dir='ltr'><strong>lieri</strong></span> <span class='ocrx_word' id='word_1_646' title='bbox 2491 2844 2774 2917; x_wconf 89' lang='lat' dir='ltr'><strong>potuisset,</strong></span> <span class='ocrx_word' id='word_1_647' title='bbox 2799 2843 3064 2916; x_wconf 84' lang='lat' dir='ltr'><strong>perlicere</strong></span> <span class='ocrx_word' id='word_1_648' title='bbox 3087 2854 3442 2900; x_wconf 85' lang='lat' dir='ltr'><strong>certaremus.</strong></span> <span class='ocrx_word' id='word_1_649' title='bbox 3495 2844 3685 2917; x_wconf 82' lang='lat' dir='ltr'><strong>Igitur</strong></span> <span class='ocrx_word' id='word_1_650' title='bbox 3724 2860 3819 2900; x_wconf 82' lang='lat' dir='ltr'><strong>om-</strong></span> 
     </span>
    </p>
   </div>
   <div class='ocr_carea' id='block_1_88' title="bbox 2215 2936 3820 3008">
    <p class='ocr_par' dir='ltr' id='par_1_88' title="bbox 2215 2936 3820 3008">
     <span class='ocr_line' id='line_1_88' title="bbox 2215 2936 3820 3008; baseline 0 -14"><span class='ocrx_word' id='word_1_651' title='bbox 2215 2938 2393 3003; x_wconf 91' lang='lat' dir='ltr'><strong>nibus,</strong></span> <span class='ocrx_word' id='word_1_652' title='bbox 2429 2953 2549 3008; x_wconf 74' lang='lat' dir='ltr'><strong>quze</strong></span> <span class='ocrx_word' id='word_1_653' title='bbox 2576 2938 2644 2992; x_wconf 91' lang='lat' dir='ltr'><strong>ad</strong></span> <span class='ocrx_word' id='word_1_654' title='bbox 2671 2937 2812 2992; x_wconf 91' lang='lat' dir='ltr'><strong>hanc</strong></span> <span class='ocrx_word' id='word_1_655' title='bbox 2834 2937 3203 2993; x_wconf 90' lang='lat' dir='ltr'><strong>devectionem</strong></span> <span class='ocrx_word' id='word_1_656' title='bbox 3225 2936 3539 2993; x_wconf 84' lang='lat' dir='ltr'><strong>necessaria</strong></span> <span class='ocrx_word' id='word_1_657' title='bbox 3561 2938 3820 2994; x_wconf 78' lang='lat' dir='ltr'><strong>videban-</strong></span> 
     </span>
    </p>
   </div>
   <div class='ocr_carea' id='block_1_89' title="bbox 2217 3032 3821 3105">
    <p class='ocr_par' dir='ltr' id='par_1_89' title="bbox 2217 3032 3821 3105">
     <span class='ocr_line' id='line_1_89' title="bbox 2217 3032 3821 3105; baseline 0 -19"><span class='ocrx_word' id='word_1_658' title='bbox 2217 3040 2326 3099; x_wconf 92' lang='lat' dir='ltr'><strong>tur,</strong></span> <span class='ocrx_word' id='word_1_659' title='bbox 2359 3032 2554 3102; x_wconf 89' lang='lat' dir='ltr'><strong>raptim</strong></span> <span class='ocrx_word' id='word_1_660' title='bbox 2593 3039 2647 3086; x_wconf 91' lang='lat' dir='ltr'><strong>et</strong></span> <span class='ocrx_word' id='word_1_661' title='bbox 2673 3047 2796 3086; x_wconf 90' lang='lat' dir='ltr'><strong>cum</strong></span> <span class='ocrx_word' id='word_1_662' title='bbox 2825 3047 3037 3088; x_wconf 91' lang='lat' dir='ltr'><strong>summo</strong></span> <span class='ocrx_word' id='word_1_663' title='bbox 3067 3032 3245 3087; x_wconf 90' lang='lat' dir='ltr'><strong>studio</strong></span> <span class='ocrx_word' id='word_1_664' title='bbox 3266 3032 3628 3102; x_wconf 74' lang='lat' dir='ltr'><strong>pncparatis,</strong></span> <span class='ocrx_word' id='word_1_665' title='bbox 3656 3033 3821 3105; x_wconf 77' lang='lat' dir='ltr'><strong>prima</strong></span> 
     </span>
    </p>
   </div>
   <div class='ocr_carea' id='block_1_90' title="bbox 2220 3121 3823 3194">
    <p class='ocr_par' dir='ltr' id='par_1_90' title="bbox 2220 3121 3823 3194">
     <span class='ocr_line' id='line_1_90' title="bbox 2220 3121 3823 3194; baseline 0.002 -18"><span class='ocrx_word' id='word_1_666' title='bbox 2220 3121 2359 3188; x_wconf 93' lang='lat' dir='ltr'><strong>luce,</strong></span> <span class='ocrx_word' id='word_1_667' title='bbox 2388 3131 2514 3194; x_wconf 92' lang='lat' dir='ltr'><strong>post</strong></span> <span class='ocrx_word' id='word_1_668' title='bbox 2560 3122 2887 3194; x_wconf 89' lang='lat' dir='ltr'><strong>completum</strong></span> <span class='ocrx_word' id='word_1_669' title='bbox 2938 3123 3259 3177; x_wconf 90' lang='lat' dir='ltr'><strong>matutinum</strong></span> <span class='ocrx_word' id='word_1_670' title='bbox 3284 3121 3553 3188; x_wconf 83' lang='lat' dir='ltr'><strong>ollicium,</strong></span> <span class='ocrx_word' id='word_1_671' title='bbox 3611 3139 3823 3180; x_wconf 75' lang='lat' dir='ltr'><strong>sacrum</strong></span> 
     </span>
    </p>
   </div>
   <div class='ocr_carea' id='block_1_91' title="bbox 2144 3201 3823 3287">
    <p class='ocr_par' dir='ltr' id='par_1_91' title="bbox 2144 3201 3823 3287">
     <span class='ocr_line' id='line_1_91' title="bbox 2144 3201 3823 3287; baseline 0.004 -20"><span class='ocrx_word' id='word_1_672' title='bbox 2144 3201 2189 3267; x_wconf 90' lang='lat' dir='ltr'><strong>C</strong></span> <span class='ocrx_word' id='word_1_673' title='bbox 2222 3214 2373 3271; x_wconf 91' lang='lat' dir='ltr'><strong>illum</strong></span> <span class='ocrx_word' id='word_1_674' title='bbox 2395 3215 2897 3270; x_wconf 70' lang='lat' dir='ltr'><strong>etinmstimabilem</strong></span> <span class='ocrx_word' id='word_1_675' title='bbox 2925 3216 3403 3284; x_wconf 89' lang='lat' dir='ltr'><strong>thesaurum,cum</strong></span> <span class='ocrx_word' id='word_1_676' title='bbox 3435 3216 3657 3287; x_wconf 84' lang='lat' dir='ltr'><strong>ingenti</strong></span> <span class='ocrx_word' id='word_1_677' title='bbox 3687 3218 3823 3273; x_wconf 76' lang='lat' dir='ltr'><strong>luctu</strong></span> 
     </span>
    </p>
   </div>
   <div class='ocr_carea' id='block_1_92' title="bbox 2223 3307 3821 3378">
    <p class='ocr_par' dir='ltr' id='par_1_92' title="bbox 2223 3307 3821 3378">
     <span class='ocr_line' id='line_1_92' title="bbox 2223 3307 3821 3378; baseline 0.001 -15"><span class='ocrx_word' id='word_1_678' title='bbox 2223 3323 2287 3364; x_wconf 92' lang='lat' dir='ltr'><strong>ac</strong></span> <span class='ocrx_word' id='word_1_679' title='bbox 2316 3322 2554 3364; x_wconf 78' lang='lat' dir='ltr'><strong>mcerore</strong></span> <span class='ocrx_word' id='word_1_680' title='bbox 2578 3307 2793 3363; x_wconf 88' lang='lat' dir='ltr'><strong>illorum</strong></span> <span class='ocrx_word' id='word_1_681' title='bbox 2818 3308 2910 3378; x_wconf 90' lang='lat' dir='ltr'><strong>qui</strong></span> <span class='ocrx_word' id='word_1_682' title='bbox 2933 3308 2988 3362; x_wconf 94' lang='lat' dir='ltr'><strong>in</strong></span> <span class='ocrx_word' id='word_1_683' title='bbox 3018 3307 3137 3363; x_wconf 89' lang='lat' dir='ltr'><strong>loco</strong></span> <span class='ocrx_word' id='word_1_684' title='bbox 3167 3317 3324 3363; x_wconf 88' lang='lat' dir='ltr'><strong>erant</strong></span> <span class='ocrx_word' id='word_1_685' title='bbox 3346 3309 3821 3376; x_wconf 83' lang='lat' dir='ltr'><strong>remansuri,sus-</strong></span> 
     </span>
    </p>
   </div>
   <div class='ocr_carea' id='block_1_93' title="bbox 2227 3398 3826 3472">
    <p class='ocr_par' dir='ltr' id='par_1_93' title="bbox 2227 3398 3826 3472">
     <span class='ocr_line' id='line_1_93' title="bbox 2227 3398 3826 3472; baseline 0.002 -19"><span class='ocrx_word' id='word_1_686' title='bbox 2227 3399 2467 3462; x_wconf 91' lang='lat' dir='ltr'><strong>tulimus,</strong></span> <span class='ocrx_word' id='word_1_687' title='bbox 2514 3406 2681 3468; x_wconf 89' lang='lat' dir='ltr'><strong>atque</strong></span> <span class='ocrx_word' id='word_1_688' title='bbox 2706 3399 2810 3453; x_wconf 88' lang='lat' dir='ltr'><strong>iter</strong></span> <span class='ocrx_word' id='word_1_689' title='bbox 2841 3399 3068 3470; x_wconf 86' lang='lat' dir='ltr'><strong>ingressi</strong></span> <span class='ocrx_word' id='word_1_690' title='bbox 3098 3408 3315 3472; x_wconf 88' lang='lat' dir='ltr'><strong>portare</strong></span> <span class='ocrx_word' id='word_1_691' title='bbox 3341 3399 3648 3470; x_wconf 60' lang='lat' dir='ltr'><strong>capimus,</strong></span> <span class='ocrx_word' id='word_1_692' title='bbox 3672 3398 3826 3455; x_wconf 82' lang='lat' dir='ltr'><strong>comi-</strong></span> 
     </span>
    </p>
   </div>
   <div class='ocr_carea' id='block_1_94' title="bbox 2225 3489 3826 3562">
    <p class='ocr_par' dir='ltr' id='par_1_94' title="bbox 2225 3489 3826 3562">
     <span class='ocr_line' id='line_1_94' title="bbox 2225 3489 3826 3562; baseline 0.002 -18"><span class='ocrx_word' id='word_1_693' title='bbox 2225 3497 2373 3544; x_wconf 88' lang='lat' dir='ltr'><strong>tante</strong></span> <span class='ocrx_word' id='word_1_694' title='bbox 2400 3505 2497 3545; x_wconf 93' lang='lat' dir='ltr'><strong>nos</strong></span> <span class='ocrx_word' id='word_1_695' title='bbox 2527 3505 2826 3562; x_wconf 88' lang='lat' dir='ltr'><strong>pauperum</strong></span> <span class='ocrx_word' id='word_1_696' title='bbox 2854 3489 3011 3544; x_wconf 89' lang='lat' dir='ltr'><strong>turba</strong></span> <span class='ocrx_word' id='word_1_697' title='bbox 3030 3532 3046 3558; x_wconf 92' lang='lat'><strong>,</strong></span> <span class='ocrx_word' id='word_1_698' title='bbox 3086 3506 3205 3561; x_wconf 69' lang='lat' dir='ltr'><strong>quae</strong></span> <span class='ocrx_word' id='word_1_699' title='bbox 3239 3490 3330 3546; x_wconf 91' lang='lat' dir='ltr'><strong>illo</strong></span> <span class='ocrx_word' id='word_1_700' title='bbox 3363 3505 3460 3562; x_wconf 87' lang='lat' dir='ltr'><strong>per</strong></span> <span class='ocrx_word' id='word_1_701' title='bbox 3487 3506 3595 3546; x_wconf 86' lang='lat' dir='ltr'><strong>eos</strong></span> <span class='ocrx_word' id='word_1_702' title='bbox 3633 3490 3826 3548; x_wconf 77' lang='lat' dir='ltr'><strong>diesob</strong></span> 
     </span>
    </p>
   </div>
   <div class='ocr_carea' id='block_1_95' title="bbox 2225 3582 3823 3655">
    <p class='ocr_par' dir='ltr' id='par_1_95' title="bbox 2225 3582 3823 3655">
     <span class='ocr_line' id='line_1_95' title="bbox 2225 3582 3823 3655; baseline 0 -17"><span class='ocrx_word' id='word_1_703' title='bbox 2225 3582 2623 3654; x_wconf 87' lang='lat' dir='ltr'><strong>elcemosynam</strong></span> <span class='ocrx_word' id='word_1_704' title='bbox 2652 3583 3019 3655; x_wconf 87' lang='lat' dir='ltr'><strong>accipiendam</strong></span> <span class='ocrx_word' id='word_1_705' title='bbox 3051 3585 3406 3654; x_wconf 88' lang='lat' dir='ltr'><strong>undecunque</strong></span> <span class='ocrx_word' id='word_1_706' title='bbox 3427 3583 3823 3640; x_wconf 75' lang='lat' dir='ltr'><strong>conﬂuxerat:</strong></span> 
     </span>
    </p>
   </div>
   <div class='ocr_carea' id='block_1_96' title="bbox 2225 3672 3826 3749">
    <p class='ocr_par' dir='ltr' id='par_1_96' title="bbox 2225 3672 3826 3749">
     <span class='ocr_line' id='line_1_96' title="bbox 2225 3672 3826 3749; baseline 0.004 -23"><span class='ocrx_word' id='word_1_707' title='bbox 2225 3687 2352 3726; x_wconf 90' lang='lat' dir='ltr'><strong>nam</strong></span> <span class='ocrx_word' id='word_1_708' title='bbox 2373 3672 2517 3728; x_wconf 88' lang='lat' dir='ltr'><strong>circa</strong></span> <span class='ocrx_word' id='word_1_709' title='bbox 2545 3683 2830 3728; x_wconf 89' lang='lat' dir='ltr'><strong>manentes</strong></span> <span class='ocrx_word' id='word_1_710' title='bbox 2850 3675 3056 3748; x_wconf 91' lang='lat' dir='ltr'><strong>populi,</strong></span> <span class='ocrx_word' id='word_1_711' title='bbox 3080 3674 3209 3745; x_wconf 91' lang='lat' dir='ltr'><strong>quid</strong></span> <span class='ocrx_word' id='word_1_712' title='bbox 3239 3675 3378 3746; x_wconf 92' lang='lat' dir='ltr'><strong>apud</strong></span> <span class='ocrx_word' id='word_1_713' title='bbox 3409 3691 3510 3730; x_wconf 90' lang='lat' dir='ltr'><strong>nos</strong></span> <span class='ocrx_word' id='word_1_714' title='bbox 3541 3689 3826 3749; x_wconf 81' lang='lat' dir='ltr'><strong>ageretur,</strong></span> 
     </span>
    </p>
   </div>
   <div class='ocr_carea' id='block_1_97' title="bbox 2226 3764 3830 3838">
    <p class='ocr_par' dir='ltr' id='par_1_97' title="bbox 2226 3764 3830 3838">
     <span class='ocr_line' id='line_1_97' title="bbox 2226 3764 3830 3838; baseline 0.003 -21"><span class='ocrx_word' id='word_1_715' title='bbox 2226 3764 2440 3834; x_wconf 86' lang='lat' dir='ltr'><strong>penitus</strong></span> <span class='ocrx_word' id='word_1_716' title='bbox 2471 3765 2809 3834; x_wconf 83' lang='lat' dir='ltr'><strong>ignorabant.</strong></span> <span class='ocrx_word' id='word_1_717' title='bbox 2847 3765 2979 3820; x_wconf 87' lang='lat' dir='ltr'><strong>Erat</strong></span> <span class='ocrx_word' id='word_1_718' title='bbox 3017 3766 3212 3821; x_wconf 73' lang='lat' dir='ltr'><strong>cmlum</strong></span> <span class='ocrx_word' id='word_1_719' title='bbox 3247 3782 3409 3838; x_wconf 89' lang='lat' dir='ltr'><strong>grave</strong></span> <span class='ocrx_word' id='word_1_720' title='bbox 3451 3766 3710 3825; x_wconf 83' lang='lat' dir='ltr'><strong>sordidis</strong></span> <span class='ocrx_word' id='word_1_721' title='bbox 3745 3785 3830 3823; x_wconf 84' lang='lat' dir='ltr'><strong>nu-</strong></span> 
     </span>
    </p>
   </div>
   <div class='ocr_carea' id='block_1_98' title="bbox 2227 3856 3830 3933">
    <p class='ocr_par' dir='ltr' id='par_1_98' title="bbox 2227 3856 3830 3933">
     <span class='ocr_line' id='line_1_98' title="bbox 2227 3856 3830 3933; baseline 0.004 -23"><span class='ocrx_word' id='word_1_722' title='bbox 2227 3856 2404 3920; x_wconf 91' lang='lat' dir='ltr'><strong>bibus,</strong></span> <span class='ocrx_word' id='word_1_723' title='bbox 2430 3864 2484 3911; x_wconf 92' lang='lat' dir='ltr'><strong>et</strong></span> <span class='ocrx_word' id='word_1_724' title='bbox 2509 3871 2628 3927; x_wconf 77' lang='lat' dir='ltr'><strong>quze</strong></span> <span class='ocrx_word' id='word_1_725' title='bbox 2652 3857 2705 3910; x_wconf 95' lang='lat' dir='ltr'><strong>in</strong></span> <span class='ocrx_word' id='word_1_726' title='bbox 2743 3857 3015 3928; x_wconf 88' lang='lat' dir='ltr'><strong>ingentem</strong></span> <span class='ocrx_word' id='word_1_727' title='bbox 3051 3856 3289 3928; x_wconf 86' lang='lat' dir='ltr'><strong>pluviam</strong></span> <span class='ocrx_word' id='word_1_728' title='bbox 3317 3858 3422 3914; x_wconf 89' lang='lat' dir='ltr'><strong>cito</strong></span> <span class='ocrx_word' id='word_1_729' title='bbox 3451 3860 3678 3916; x_wconf 83' lang='lat' dir='ltr'><strong>resolvi</strong></span> <span class='ocrx_word' id='word_1_730' title='bbox 3715 3875 3830 3933; x_wconf 79' lang='lat' dir='ltr'><strong>pos-</strong></span> 
     </span>
    </p>
   </div>
   <div class='ocr_carea' id='block_1_99' title="bbox 2229 3949 3830 4024">
    <p class='ocr_par' dir='ltr' id='par_1_99' title="bbox 2229 3949 3830 4024">
     <span class='ocr_line' id='line_1_99' title="bbox 2229 3949 3830 4024; baseline 0.003 -21"><span class='ocrx_word' id='word_1_731' title='bbox 2229 3957 2370 4014; x_wconf 90' lang='lat' dir='ltr'><strong>sent,</strong></span> <span class='ocrx_word' id='word_1_732' title='bbox 2399 3949 2501 4004; x_wconf 90' lang='lat' dir='ltr'><strong>nisi</strong></span> <span class='ocrx_word' id='word_1_733' title='bbox 2532 3949 2586 4003; x_wconf 92' lang='lat' dir='ltr'><strong>id</strong></span> <span class='ocrx_word' id='word_1_734' title='bbox 2624 3949 2804 4004; x_wconf 91' lang='lat' dir='ltr'><strong>divina</strong></span> <span class='ocrx_word' id='word_1_735' title='bbox 2836 3950 3009 4006; x_wconf 91' lang='lat' dir='ltr'><strong>virtus</strong></span> <span class='ocrx_word' id='word_1_736' title='bbox 3035 3951 3151 4008; x_wconf 84' lang='lat' dir='ltr'><strong>ﬁeri</strong></span> <span class='ocrx_word' id='word_1_737' title='bbox 3176 3954 3488 4024; x_wconf 89' lang='lat' dir='ltr'><strong>prohiberet</strong></span> <span class='ocrx_word' id='word_1_738' title='bbox 3513 3972 3526 4008; x_wconf 91' lang='lat'><em>:</em></span> <span class='ocrx_word' id='word_1_739' title='bbox 3550 3970 3704 4011; x_wconf 83' lang='lat' dir='ltr'><strong>nam</strong></span> <span class='ocrx_word' id='word_1_740' title='bbox 3731 3964 3830 4010; x_wconf 78' lang='lat' dir='ltr'><strong>tota</strong></span> 
     </span>
    </p>
   </div>
   <div class='ocr_carea' id='block_1_100' title="bbox 2229 4042 3832 4118">
    <p class='ocr_par' dir='ltr' id='par_1_100' title="bbox 2229 4042 3832 4118">
     <span class='ocr_line' id='line_1_100' title="bbox 2229 4042 3832 4118; baseline 0.002 -22"><span class='ocrx_word' id='word_1_741' title='bbox 2229 4051 2388 4097; x_wconf 91' lang='lat' dir='ltr'><strong>nocte</strong></span> <span class='ocrx_word' id='word_1_742' title='bbox 2430 4042 2519 4096; x_wconf 83' lang='lat' dir='ltr'><strong>illa</strong></span> <span class='ocrx_word' id='word_1_743' title='bbox 2548 4043 2602 4096; x_wconf 92' lang='lat' dir='ltr'><strong>in</strong></span> <span class='ocrx_word' id='word_1_744' title='bbox 2641 4051 2873 4108; x_wconf 88' lang='lat' dir='ltr'><strong>tantum,</strong></span> <span class='ocrx_word' id='word_1_745' title='bbox 2903 4044 3021 4100; x_wconf 90' lang='lat' dir='ltr'><strong>sine</strong></span> <span class='ocrx_word' id='word_1_746' title='bbox 3048 4045 3469 4112; x_wconf 89' lang='lat' dir='ltr'><strong>intermissione,</strong></span> <span class='ocrx_word' id='word_1_747' title='bbox 3496 4045 3761 4118; x_wconf 83' lang='lat' dir='ltr'><strong>pluebat,</strong></span> <span class='ocrx_word' id='word_1_748' title='bbox 3782 4055 3832 4100; x_wconf 84' lang='lat' dir='ltr'><strong>ut</strong></span> 
     </span>
    </p>
   </div>
   <div class='ocr_carea' id='block_1_101' title="bbox 2229 4134 3835 4212">
    <p class='ocr_par' dir='ltr' id='par_1_101' title="bbox 2229 4134 3835 4212">
     <span class='ocr_line' id='line_1_101' title="bbox 2229 4134 3835 4212; baseline 0.004 -24"><span class='ocrx_word' id='word_1_749' title='bbox 2229 4134 2386 4189; x_wconf 89' lang='lat' dir='ltr'><strong>nobis</strong></span> <span class='ocrx_word' id='word_1_750' title='bbox 2414 4135 2517 4189; x_wconf 91' lang='lat' dir='ltr'><strong>iter</strong></span> <span class='ocrx_word' id='word_1_751' title='bbox 2551 4134 2681 4190; x_wconf 93' lang='lat' dir='ltr'><strong>illud</strong></span> <span class='ocrx_word' id='word_1_752' title='bbox 2712 4151 2774 4191; x_wconf 90' lang='lat' dir='ltr'><strong>ea</strong></span> <span class='ocrx_word' id='word_1_753' title='bbox 2799 4136 2885 4192; x_wconf 91' lang='lat' dir='ltr'><strong>die</strong></span> <span class='ocrx_word' id='word_1_754' title='bbox 2933 4137 3179 4194; x_wconf 87' lang='lat' dir='ltr'><strong>inchoari</strong></span> <span class='ocrx_word' id='word_1_755' title='bbox 3220 4155 3382 4212; x_wconf 89' lang='lat' dir='ltr'><strong>posse</strong></span> <span class='ocrx_word' id='word_1_756' title='bbox 3424 4139 3671 4197; x_wconf 88' lang='lat' dir='ltr'><strong>minime</strong></span> <span class='ocrx_word' id='word_1_757' title='bbox 3699 4142 3835 4196; x_wconf 75' lang='lat' dir='ltr'><strong>vide-</strong></span> 
     </span>
    </p>
   </div>
   <div class='ocr_carea' id='block_1_102' title="bbox 2230 4224 3834 4298">
    <p class='ocr_par' dir='ltr' id='par_1_102' title="bbox 2230 4224 3834 4298">
     <span class='ocr_line' id='line_1_102' title="bbox 2230 4224 3834 4298; baseline 0.004 -20"><span class='ocrx_word' id='word_1_758' title='bbox 2230 4233 2398 4279; x_wconf 92' lang='lat' dir='ltr'><strong>retur.</strong></span> <span class='ocrx_word' id='word_1_759' title='bbox 2425 4224 2529 4280; x_wconf 91' lang='lat' dir='ltr'><strong>Sed</strong></span> <span class='ocrx_word' id='word_1_760' title='bbox 2554 4225 2699 4280; x_wconf 88' lang='lat' dir='ltr'><strong>illam</strong></span> <span class='ocrx_word' id='word_1_761' title='bbox 2718 4236 2960 4282; x_wconf 89' lang='lat' dir='ltr'><strong>nostram</strong></span> <span class='ocrx_word' id='word_1_762' title='bbox 2981 4229 3397 4298; x_wconf 87' lang='lat' dir='ltr'><strong>dubitationem,</strong></span> <span class='ocrx_word' id='word_1_763' title='bbox 3415 4247 3483 4287; x_wconf 76' lang='lat' dir='ltr'><strong>ex</strong></span> <span class='ocrx_word' id='word_1_764' title='bbox 3509 4231 3834 4289; x_wconf 78' lang='lat' dir='ltr'><strong>inﬁrmitate</strong></span> 
     </span>
    </p>
   </div>
   <div class='ocr_carea' id='block_1_103' title="bbox 2230 4308 3833 4392">
    <p class='ocr_par' dir='ltr' id='par_1_103' title="bbox 2230 4308 3833 4392">
     <span class='ocr_line' id='line_1_103' title="bbox 2230 4308 3833 4392; baseline 0.006 -24"><span class='ocrx_word' id='word_1_765' title='bbox 2230 4315 2356 4370; x_wconf 83' lang='lat' dir='ltr'><strong>ﬁdei</strong></span> <span class='ocrx_word' id='word_1_766' title='bbox 2383 4317 2714 4384; x_wconf 88' lang='lat' dir='ltr'><strong>venientem,</strong></span> <span class='ocrx_word' id='word_1_767' title='bbox 2739 4334 2973 4388; x_wconf 91' lang='lat' dir='ltr'><strong>superna</strong></span> <span class='ocrx_word' id='word_1_768' title='bbox 2995 4308 3169 4392; x_wconf 87' lang='lat' dir='ltr'><strong>gratia</strong></span> <span class='ocrx_word' id='word_1_769' title='bbox 3208 4336 3306 4392; x_wconf 89' lang='lat' dir='ltr'><strong>per</strong></span> <span class='ocrx_word' id='word_1_770' title='bbox 3349 4338 3580 4378; x_wconf 88' lang='lat' dir='ltr'><strong>suorum</strong></span> <span class='ocrx_word' id='word_1_771' title='bbox 3645 4324 3833 4380; x_wconf 82' lang='lat' dir='ltr'><strong>merita</strong></span> 
     </span>
    </p>
   </div>
   <div class='ocr_carea' id='block_1_104' title="bbox 2234 4414 3836 4488">
    <p class='ocr_par' dir='ltr' id='par_1_104' title="bbox 2234 4414 3836 4488">
     <span class='ocr_line' id='line_1_104' title="bbox 2234 4414 3836 4488; baseline 0.004 -20"><span class='ocrx_word' id='word_1_772' title='bbox 2234 4422 2566 4480; x_wconf 86' lang='lat' dir='ltr'><strong>sanctorum,</strong></span> <span class='ocrx_word' id='word_1_773' title='bbox 2594 4414 2750 4486; x_wconf 90' lang='lat' dir='ltr'><strong>longe</strong></span> <span class='ocrx_word' id='word_1_774' title='bbox 2777 4417 2934 4471; x_wconf 90' lang='lat' dir='ltr'><strong>aliter</strong></span> <span class='ocrx_word' id='word_1_775' title='bbox 2958 4425 3122 4488; x_wconf 90' lang='lat' dir='ltr'><strong>atque</strong></span> <span class='ocrx_word' id='word_1_776' title='bbox 3149 4419 3609 4486; x_wconf 78' lang='lat' dir='ltr'><strong>existimavimus,</strong></span> <span class='ocrx_word' id='word_1_777' title='bbox 3639 4421 3836 4476; x_wconf 79' lang='lat' dir='ltr'><strong>habere</strong></span> 
     </span>
    </p>
   </div>
   <div class='ocr_carea' id='block_1_105' title="bbox 2235 4506 3835 4582">
    <p class='ocr_par' dir='ltr' id='par_1_105' title="bbox 2235 4506 3835 4582">
     <span class='ocr_line' id='line_1_105' title="bbox 2235 4506 3835 4582; baseline 0.001 -18"><span class='ocrx_word' id='word_1_778' title='bbox 2235 4523 2293 4564; x_wconf 86' lang='lat' dir='ltr'><strong>se</strong></span> <span class='ocrx_word' id='word_1_779' title='bbox 2342 4506 2505 4574; x_wconf 86' lang='lat' dir='ltr'><strong>fecit;</strong></span> <span class='ocrx_word' id='word_1_780' title='bbox 2549 4507 2766 4578; x_wconf 87' lang='lat' dir='ltr'><strong>quando</strong></span> <span class='ocrx_word' id='word_1_781' title='bbox 2809 4509 2974 4578; x_wconf 89' lang='lat' dir='ltr'><strong>viam,</strong></span> <span class='ocrx_word' id='word_1_782' title='bbox 3019 4524 3119 4580; x_wconf 88' lang='lat' dir='ltr'><strong>per</strong></span> <span class='ocrx_word' id='word_1_783' title='bbox 3167 4526 3332 4582; x_wconf 90' lang='lat' dir='ltr'><strong>quam</strong></span> <span class='ocrx_word' id='word_1_784' title='bbox 3393 4511 3760 4576; x_wconf 79' lang='lat' dir='ltr'><strong>incessimus,</strong></span> <span class='ocrx_word' id='word_1_785' title='bbox 3791 4512 3835 4565; x_wconf 85' lang='lat' dir='ltr'><strong>in</strong></span> 
     </span>
    </p>
   </div>
   <div class='ocr_carea' id='block_1_106' title="bbox 2237 4603 3838 4676">
    <p class='ocr_par' dir='ltr' id='par_1_106' title="bbox 2237 4603 3838 4676">
     <span class='ocr_line' id='line_1_106' title="bbox 2237 4603 3838 4676; baseline -0.001 -18"><span class='ocrx_word' id='word_1_786' title='bbox 2237 4603 2400 4659; x_wconf 70' lang='lat' dir='ltr'><strong>altam</strong></span> <span class='ocrx_word' id='word_1_787' title='bbox 2446 4619 2610 4674; x_wconf 89' lang='lat' dir='ltr'><strong>quam</strong></span> <span class='ocrx_word' id='word_1_788' title='bbox 2648 4603 2969 4674; x_wconf 84' lang='lat' dir='ltr'><strong>sperabatur</strong></span> <span class='ocrx_word' id='word_1_789' title='bbox 3011 4604 3330 4676; x_wconf 89' lang='lat' dir='ltr'><strong>qualitatem</strong></span> <span class='ocrx_word' id='word_1_790' title='bbox 3375 4605 3622 4660; x_wconf 85' lang='lat' dir='ltr'><strong>vidimus</strong></span> <span class='ocrx_word' id='word_1_791' title='bbox 3683 4605 3838 4660; x_wconf 78' lang='lat' dir='ltr'><strong>fuisse</strong></span> 
     </span>
    </p>
   </div>
   <div class='ocr_carea' id='block_1_107' title="bbox 2239 4693 3839 4768">
    <p class='ocr_par' dir='ltr' id='par_1_107' title="bbox 2239 4693 3839 4768">
     <span class='ocr_line' id='line_1_107' title="bbox 2239 4693 3839 4768; baseline 0 -16"><span class='ocrx_word' id='word_1_792' title='bbox 2239 4703 2630 4754; x_wconf 86' lang='lat' dir='ltr'><strong>commutatam</strong></span> <span class='ocrx_word' id='word_1_793' title='bbox 2653 4715 2665 4751; x_wconf 91' lang='lat'><strong>:</strong></span> <span class='ocrx_word' id='word_1_794' title='bbox 2693 4713 2817 4752; x_wconf 92' lang='lat' dir='ltr'><strong>nam</strong></span> <span class='ocrx_word' id='word_1_795' title='bbox 2837 4693 3008 4752; x_wconf 35' lang='lat' dir='ltr'><strong>et‘luti</strong></span> <span class='ocrx_word' id='word_1_796' title='bbox 3032 4713 3225 4768; x_wconf 90' lang='lat' dir='ltr'><strong>parum</strong></span> <span class='ocrx_word' id='word_1_797' title='bbox 3249 4696 3574 4763; x_wconf 84' lang='lat' dir='ltr'><strong>invenimus,</strong></span> <span class='ocrx_word' id='word_1_798' title='bbox 3595 4709 3661 4754; x_wconf 85' lang='lat' dir='ltr'><strong>et</strong></span> <span class='ocrx_word' id='word_1_799' title='bbox 3680 4699 3839 4760; x_wconf 79' lang='lat' dir='ltr'><strong>rivus,</strong></span> 
     </span>
    </p>
   </div>
   <div class='ocr_carea' id='block_1_108' title="bbox 2238 4791 3839 4864">
    <p class='ocr_par' dir='ltr' id='par_1_108' title="bbox 2238 4791 3839 4864">
     <span class='ocr_line' id='line_1_108' title="bbox 2238 4791 3839 4864; baseline -0.003 -18"><span class='ocrx_word' id='word_1_800' title='bbox 2238 4791 2330 4864; x_wconf 80' lang='lat' dir='ltr'><strong>qui</strong></span> <span class='ocrx_word' id='word_1_801' title='bbox 2363 4791 2416 4845; x_wconf 93' lang='lat' dir='ltr'><strong>in</strong></span> <span class='ocrx_word' id='word_1_802' title='bbox 2444 4797 2553 4846; x_wconf 90' lang='lat' dir='ltr'><strong>tam</strong></span> <span class='ocrx_word' id='word_1_803' title='bbox 2577 4791 2766 4862; x_wconf 81' lang='lat' dir='ltr'><strong>grandi</strong></span> <span class='ocrx_word' id='word_1_804' title='bbox 2793 4807 2859 4847; x_wconf 90' lang='lat' dir='ltr'><strong>ac</strong></span> <span class='ocrx_word' id='word_1_805' title='bbox 2878 4791 2994 4863; x_wconf 88' lang='lat' dir='ltr'><strong>jugi</strong></span> <span class='ocrx_word' id='word_1_806' title='bbox 3020 4791 3220 4862; x_wconf 87' lang='lat' dir='ltr'><strong>pluvia,</strong></span> <span class='ocrx_word' id='word_1_807' title='bbox 3249 4799 3312 4846; x_wconf 87' lang='lat' dir='ltr'><strong>ut</strong></span> <span class='ocrx_word' id='word_1_808' title='bbox 3360 4805 3424 4846; x_wconf 86' lang='lat' dir='ltr'><strong>ea</strong></span> <span class='ocrx_word' id='word_1_809' title='bbox 3481 4799 3656 4847; x_wconf 79' lang='lat' dir='ltr'><strong>nocte</strong></span> <span class='ocrx_word' id='word_1_810' title='bbox 3712 4799 3839 4853; x_wconf 79' lang='lat' dir='ltr'><strong>erat,</strong></span> 
     </span>
    </p>
   </div>
   <div class='ocr_carea' id='block_1_109' title="bbox 2238 4882 3842 4954">
    <p class='ocr_par' dir='ltr' id='par_1_109' title="bbox 2238 4882 3842 4954">
     <span class='ocr_line' id='line_1_109' title="bbox 2238 4882 3842 4954; baseline -0.001 -16"><span class='ocrx_word' id='word_1_811' title='bbox 2238 4897 2486 4938; x_wconf 90' lang='lat' dir='ltr'><strong>crescere</strong></span> <span class='ocrx_word' id='word_1_812' title='bbox 2531 4882 2777 4939; x_wconf 91' lang='lat' dir='ltr'><strong>solebant</strong></span> <span class='ocrx_word' id='word_1_813' title='bbox 2800 4925 2814 4949; x_wconf 91' lang='lat'><strong>,</strong></span> <span class='ocrx_word' id='word_1_814' title='bbox 2859 4899 2996 4954; x_wconf 83' lang='lat' dir='ltr'><strong>pene</strong></span> <span class='ocrx_word' id='word_1_815' title='bbox 3036 4883 3171 4939; x_wconf 89' lang='lat' dir='ltr'><strong>nihil</strong></span> <span class='ocrx_word' id='word_1_816' title='bbox 3220 4883 3460 4939; x_wconf 87' lang='lat' dir='ltr'><strong>crevisse</strong></span> <span class='ocrx_word' id='word_1_817' title='bbox 3505 4885 3842 4953; x_wconf 70' lang='lat' dir='ltr'><strong>repet-im</strong></span> 
     </span>
    </p>
   </div>
   <div class='ocr_carea' id='block_1_110' title="bbox 2242 4972 3845 5046">
    <p class='ocr_par' dir='ltr' id='par_1_110' title="bbox 2242 4972 3845 5046">
     <span class='ocr_line' id='line_1_110' title="bbox 2242 4972 3845 5046; baseline 0.002 -18"><span class='ocrx_word' id='word_1_818' title='bbox 2242 4972 2344 5028; x_wconf 89' lang='lat' dir='ltr'><strong>Ubi</strong></span> <span class='ocrx_word' id='word_1_819' title='bbox 2385 4988 2516 5027; x_wconf 88' lang='lat' dir='ltr'><strong>vero</strong></span> <span class='ocrx_word' id='word_1_820' title='bbox 2544 4975 2609 5029; x_wconf 92' lang='lat' dir='ltr'><strong>de</strong></span> <span class='ocrx_word' id='word_1_821' title='bbox 2635 4974 2774 5028; x_wconf 89' lang='lat' dir='ltr'><strong>saltu</strong></span> <span class='ocrx_word' id='word_1_822' title='bbox 2814 4975 3048 5046; x_wconf 86' lang='lat' dir='ltr'><strong>egressi,</strong></span> <span class='ocrx_word' id='word_1_823' title='bbox 3075 4975 3355 5044; x_wconf 78' lang='lat' dir='ltr'><strong>proximas</strong></span> <span class='ocrx_word' id='word_1_824' title='bbox 3395 4974 3554 5031; x_wconf 86' lang='lat' dir='ltr'><strong>villas</strong></span> <span class='ocrx_word' id='word_1_825' title='bbox 3604 4973 3845 5031; x_wconf 69' lang='lat' dir='ltr'><strong>amassi—</strong></span> 
     </span>
    </p>
   </div>
   <div class='ocr_carea' id='block_1_111' title="bbox 2238 5061 3846 5133">
    <p class='ocr_par' dir='ltr' id='par_1_111' title="bbox 2238 5061 3846 5133">
     <span class='ocr_line' id='line_1_111' title="bbox 2238 5061 3846 5133; baseline 0.002 -17"><span class='ocrx_word' id='word_1_826' title='bbox 2238 5078 2377 5126; x_wconf 89' lang='lat' dir='ltr'><strong>mus,</strong></span> <span class='ocrx_word' id='word_1_827' title='bbox 2400 5061 2774 5133; x_wconf 87' lang='lat' dir='ltr'><strong>frequentibus</strong></span> <span class='ocrx_word' id='word_1_828' title='bbox 2803 5065 3087 5120; x_wconf 88' lang='lat' dir='ltr'><strong>obviorum</strong></span> <span class='ocrx_word' id='word_1_829' title='bbox 3115 5081 3180 5122; x_wconf 91' lang='lat' dir='ltr'><strong>ac</strong></span> <span class='ocrx_word' id='word_1_830' title='bbox 3202 5066 3315 5121; x_wconf 88' lang='lat' dir='ltr'><strong>Deo</strong></span> <span class='ocrx_word' id='word_1_831' title='bbox 3333 5064 3521 5122; x_wconf 89' lang='lat' dir='ltr'><strong>laudes</strong></span> <span class='ocrx_word' id='word_1_832' title='bbox 3541 5065 3846 5122; x_wconf 67' lang='lat' dir='ltr'><strong>dicentium</strong></span> 
     </span>
    </p>
   </div>
   <div class='ocr_carea' id='block_1_112' title="bbox 2241 5154 3846 5227">
    <p class='ocr_par' dir='ltr' id='par_1_112' title="bbox 2241 5154 3846 5227">
     <span class='ocr_line' id='line_1_112' title="bbox 2241 5154 3846 5227; baseline 0.004 -20"><span class='ocrx_word' id='word_1_833' title='bbox 2241 5154 2414 5209; x_wconf 91' lang='lat' dir='ltr'><strong>turbis</strong></span> <span class='ocrx_word' id='word_1_834' title='bbox 2437 5155 2738 5226; x_wconf 80' lang='lat' dir='ltr'><strong>excipimur</strong></span> <span class='ocrx_word' id='word_1_835' title='bbox 2768 5175 2780 5209; x_wconf 90' lang='lat'><strong>:</strong></span> <span class='ocrx_word' id='word_1_836' title='bbox 2808 5158 2900 5226; x_wconf 91' lang='lat' dir='ltr'><strong>qui</strong></span> <span class='ocrx_word' id='word_1_837' title='bbox 2944 5172 3043 5212; x_wconf 92' lang='lat' dir='ltr'><strong>nos</strong></span> <span class='ocrx_word' id='word_1_838' title='bbox 3090 5172 3189 5227; x_wconf 88' lang='lat' dir='ltr'><strong>per</strong></span> <span class='ocrx_word' id='word_1_839' title='bbox 3231 5168 3356 5214; x_wconf 89' lang='lat' dir='ltr'><strong>octo</strong></span> <span class='ocrx_word' id='word_1_840' title='bbox 3400 5158 3519 5215; x_wconf 84' lang='lat' dir='ltr'><strong>fere</strong></span> <span class='ocrx_word' id='word_1_841' title='bbox 3556 5159 3846 5216; x_wconf 77' lang='lat' dir='ltr'><strong>leucarmn</strong></span> 
     </span>
    </p>
   </div>
   <div class='ocr_carea' id='block_1_113' title="bbox 2245 5249 3850 5319">
    <p class='ocr_par' dir='ltr' id='par_1_113' title="bbox 2245 5249 3850 5319">
     <span class='ocr_line' id='line_1_113' title="bbox 2245 5249 3850 5319; baseline 0.001 -15"><span class='ocrx_word' id='word_1_842' title='bbox 2245 5249 2480 5319; x_wconf 89' lang='lat' dir='ltr'><strong>spatium</strong></span> <span class='ocrx_word' id='word_1_843' title='bbox 2501 5249 2763 5314; x_wconf 89' lang='lat' dir='ltr'><strong>comitati,</strong></span> <span class='ocrx_word' id='word_1_844' title='bbox 2786 5252 2944 5306; x_wconf 86' lang='lat' dir='ltr'><strong>nobis</strong></span> <span class='ocrx_word' id='word_1_845' title='bbox 2972 5266 3037 5308; x_wconf 83' lang='lat' dir='ltr'><strong>ac</strong></span> <span class='ocrx_word' id='word_1_846' title='bbox 3061 5253 3263 5308; x_wconf 88' lang='lat' dir='ltr'><strong>nostris</strong></span> <span class='ocrx_word' id='word_1_847' title='bbox 3287 5261 3344 5308; x_wconf 88' lang='lat' dir='ltr'><strong>et</strong></span> <span class='ocrx_word' id='word_1_848' title='bbox 3373 5253 3430 5308; x_wconf 91' lang='lat' dir='ltr'><strong>in</strong></span> <span class='ocrx_word' id='word_1_849' title='bbox 3469 5268 3633 5309; x_wconf 89' lang='lat' dir='ltr'><strong>sacro</strong></span> <span class='ocrx_word' id='word_1_850' title='bbox 3683 5264 3850 5308; x_wconf 80' lang='lat' dir='ltr'><strong>onere</strong></span> 
     </span>
    </p>
   </div>
   <div class='ocr_carea' id='block_1_114' title="bbox 2245 5340 3850 5411">
    <p class='ocr_par' dir='ltr' id='par_1_114' title="bbox 2245 5340 3850 5411">
     <span class='ocr_line' id='line_1_114' title="bbox 2245 5340 3850 5411; baseline 0.001 -14"><span class='ocrx_word' id='word_1_851' title='bbox 2245 5340 2470 5398; x_wconf 87' lang='lat' dir='ltr'><strong>ferendo</strong></span> <span class='ocrx_word' id='word_1_852' title='bbox 2494 5341 2671 5398; x_wconf 85' lang='lat' dir='ltr'><strong>devoti</strong></span> <span class='ocrx_word' id='word_1_853' title='bbox 2693 5340 2990 5411; x_wconf 86' lang='lat' dir='ltr'><strong>adjutores,</strong></span> <span class='ocrx_word' id='word_1_854' title='bbox 3024 5351 3079 5399; x_wconf 90' lang='lat' dir='ltr'><strong>et</strong></span> <span class='ocrx_word' id='word_1_855' title='bbox 3115 5345 3168 5398; x_wconf 93' lang='lat' dir='ltr'><strong>in</strong></span> <span class='ocrx_word' id='word_1_856' title='bbox 3217 5345 3417 5402; x_wconf 90' lang='lat' dir='ltr'><strong>divinis</strong></span> <span class='ocrx_word' id='word_1_857' title='bbox 3458 5343 3728 5402; x_wconf 84' lang='lat' dir='ltr'><strong>laudibus</strong></span> <span class='ocrx_word' id='word_1_858' title='bbox 3777 5345 3850 5401; x_wconf 88' lang='lat' dir='ltr'><strong>di-</strong></span> 
     </span>
    </p>
   </div>
   <div class='ocr_carea' id='block_1_115' title="bbox 2248 5433 3252 5507">
    <p class='ocr_par' dir='ltr' id='par_1_115' title="bbox 2248 5433 3252 5507">
     <span class='ocr_line' id='line_1_115' title="bbox 2248 5433 3252 5507; baseline 0.003 -17"><span class='ocrx_word' id='word_1_859' title='bbox 2248 5434 2433 5491; x_wconf 90' lang='lat' dir='ltr'><strong>cendis</strong></span> <span class='ocrx_word' id='word_1_860' title='bbox 2463 5434 2679 5507; x_wconf 90' lang='lat' dir='ltr'><strong>impigri</strong></span> <span class='ocrx_word' id='word_1_861' title='bbox 2700 5433 2852 5492; x_wconf 90' lang='lat' dir='ltr'><strong>fuere</strong></span> <span class='ocrx_word' id='word_1_862' title='bbox 2877 5445 3252 5495; x_wconf 86' lang='lat' dir='ltr'><strong>concentores.</strong></span> 
     </span>
    </p>
   </div>
   <div class='ocr_carea' id='block_1_116' title="bbox 2320 5567 3852 5642">
    <p class='ocr_par' dir='ltr' id='par_1_116' title="bbox 2320 5567 3852 5642">
     <span class='ocr_line' id='line_1_116' title="bbox 2320 5567 3852 5642; baseline 0.003 -20"><span class='ocrx_word' id='word_1_863' title='bbox 2320 5568 2408 5623; x_wconf 71' lang='lat'><strong>19.</strong></span> <span class='ocrx_word' id='word_1_864' title='bbox 2437 5567 2509 5622; x_wconf 86' lang='lat' dir='ltr'><strong>At</strong></span> <span class='ocrx_word' id='word_1_865' title='bbox 2535 5569 2628 5624; x_wconf 91' lang='lat' dir='ltr'><strong>ubi</strong></span> <span class='ocrx_word' id='word_1_866' title='bbox 2650 5568 2905 5636; x_wconf 90' lang='lat' dir='ltr'><strong>vidimus,</strong></span> <span class='ocrx_word' id='word_1_867' title='bbox 2927 5569 3071 5642; x_wconf 92' lang='lat' dir='ltr'><strong>quod</strong></span> <span class='ocrx_word' id='word_1_868' title='bbox 3099 5587 3164 5629; x_wconf 90' lang='lat' dir='ltr'><strong>ea</strong></span> <span class='ocrx_word' id='word_1_869' title='bbox 3192 5572 3280 5628; x_wconf 90' lang='lat' dir='ltr'><strong>die</strong></span> <span class='ocrx_word' id='word_1_870' title='bbox 3311 5569 3377 5628; x_wconf 89' lang='lat' dir='ltr'><strong>ad</strong></span> <span class='ocrx_word' id='word_1_871' title='bbox 3401 5570 3583 5628; x_wconf 86' lang='lat' dir='ltr'><strong>locum</strong></span> <span class='ocrx_word' id='word_1_872' title='bbox 3602 5570 3852 5628; x_wconf 75' lang='lat' dir='ltr'><strong>destina-</strong></span> 
     </span>
    </p>
   </div>
   <div class='ocr_carea' id='block_1_117' title="bbox 2249 5663 3852 5735">
    <p class='ocr_par' dir='ltr' id='par_1_117' title="bbox 2249 5663 3852 5735">
     <span class='ocr_line' id='line_1_117' title="bbox 2249 5663 3852 5735; baseline 0.002 -21"><span class='ocrx_word' id='word_1_873' title='bbox 2249 5668 2364 5715; x_wconf 91' lang='lat' dir='ltr'><strong>tum</strong></span> <span class='ocrx_word' id='word_1_874' title='bbox 2395 5663 2678 5732; x_wconf 87' lang='lat' dir='ltr'><strong>pervenire</strong></span> <span class='ocrx_word' id='word_1_875' title='bbox 2707 5679 2812 5718; x_wconf 91' lang='lat' dir='ltr'><strong>non</strong></span> <span class='ocrx_word' id='word_1_876' title='bbox 2841 5674 3177 5735; x_wconf 85' lang='lat' dir='ltr'><strong>poteramus,</strong></span> <span class='ocrx_word' id='word_1_877' title='bbox 3211 5665 3536 5721; x_wconf 86' lang='lat' dir='ltr'><strong>divertimus</strong></span> <span class='ocrx_word' id='word_1_878' title='bbox 3565 5665 3635 5719; x_wconf 86' lang='lat' dir='ltr'><strong>ad</strong></span> <span class='ocrx_word' id='word_1_879' title='bbox 3661 5663 3852 5719; x_wconf 65' lang='lat' dir='ltr'><strong>villam</strong></span> 
     </span>
    </p>
   </div>
   <div class='ocr_carea' id='block_1_118' title="bbox 2249 5753 3854 5828">
    <p class='ocr_par' dir='ltr' id='par_1_118' title="bbox 2249 5753 3854 5828">
     <span class='ocr_line' id='line_1_118' title="bbox 2249 5753 3854 5828; baseline -0.002 -19"><span class='ocrx_word' id='word_1_880' title='bbox 2249 5767 2274 5794; x_wconf 75' lang='grc' dir='ltr'><strong>ιι</strong></span> <span class='ocrx_word' id='word_1_881' title='bbox 2316 5753 2556 5809; x_wconf 87' lang='lat' dir='ltr'><strong>Ostheim</strong></span> <span class='ocrx_word' id='word_1_882' title='bbox 2611 5757 2965 5827; x_wconf 87' lang='lat' dir='ltr'><strong>appellatam,</strong></span> <span class='ocrx_word' id='word_1_883' title='bbox 3010 5773 3131 5828; x_wconf 59' lang='lat' dir='ltr'><strong>quae</strong></span> <span class='ocrx_word' id='word_1_884' title='bbox 3188 5759 3286 5812; x_wconf 71' lang='lat' dir='ltr'><strong>viae</strong></span> <span class='ocrx_word' id='word_1_885' title='bbox 3345 5767 3544 5812; x_wconf 69' lang='lat' dir='ltr'><strong>nostra:</strong></span> <span class='ocrx_word' id='word_1_886' title='bbox 3586 5760 3854 5826; x_wconf 78' lang='lat' dir='ltr'><strong>contigua</strong></span> 
     </span>
    </p>
   </div>
   <div class='ocr_carea' id='block_1_119' title="bbox 628 5854 3960 5951">
    <p class='ocr_par' dir='ltr' id='par_1_119' title="bbox 628 5854 3960 5951">
     <span class='ocr_line' id='line_1_119' title="bbox 628 5854 3960 5951; baseline 0.005 -38"><span class='ocrx_word' id='word_1_887' title='bbox 628 5870 654 5899; x_wconf 70' lang='grc'><strong><em>⁸</em></strong></span> <span class='ocrx_word' id='word_1_888' title='bbox 684 5854 952 5924; x_wconf 81' lang='lat' dir='ltr'><strong>Ostheini,</strong></span> <span class='ocrx_word' id='word_1_889' title='bbox 1001 5871 1220 5920; x_wconf 87' lang='lat' dir='ltr'><strong>notatur</strong></span> <span class='ocrx_word' id='word_1_890' title='bbox 1263 5863 1330 5920; x_wconf 92' lang='lat' dir='ltr'><strong>ad</strong></span> <span class='ocrx_word' id='word_1_891' title='bbox 1377 5863 1582 5921; x_wconf 75' lang='lat' dir='ltr'><strong>exitum</strong></span> <span class='ocrx_word' id='word_1_892' title='bbox 1619 5862 1766 5920; x_wconf 81' lang='lat' dir='ltr'><strong>silvae</strong></span> <span class='ocrx_word' id='word_1_893' title='bbox 1806 5865 2134 5938; x_wconf 68' lang='lat' dir='ltr'><strong>Ottonianw,</strong></span> <span class='ocrx_word' id='word_1_894' title='bbox 2159 5869 2336 5928; x_wconf 87' lang='lat' dir='ltr'><strong>tribus</strong></span> <span class='ocrx_word' id='word_1_895' title='bbox 2365 5868 2478 5926; x_wconf 87' lang='lat' dir='ltr'><strong>fere</strong></span> <span class='ocrx_word' id='word_1_896' title='bbox 2523 5873 2691 5930; x_wconf 90' lang='lat' dir='ltr'><strong>leucis</strong></span> <span class='ocrx_word' id='word_1_897' title='bbox 2721 5884 3010 5947; x_wconf 86' lang='lat' dir='ltr'><strong>antequam</strong></span> <span class='ocrx_word' id='word_1_898' title='bbox 3038 5877 3288 5936; x_wconf 86' lang='lat' dir='ltr'><strong>veniatur</strong></span> <span class='ocrx_word' id='word_1_899' title='bbox 3311 5877 3859 5951; x_wconf 76' lang='lat' dir='ltr'><strong>Selingestandiun.</strong></span> 
     </span>
    </p>
   </div>
  </div>
