3960 6346
140 370 249 438 549

964 361 1143 431 HIST.
1186 364 1584 431 TRANSLAT.
1621 369 1730 429 BB.
1774 360 2195 428 MARCELLINI
2232 362 2323 426 ET
2360 360 2589 428 PETRI.

3295 364 3404 434 $50

138 492 498 562 cernebatur;
526 496 583 550 et
608 482 905 549 inclinante
921 489 1037 561 jam
1077 504 1324 571 vespera,
1356 487 1411 544 in
1438 486 1720 545 basilicam
1749 486 1803 547 Α
1826 484 1942 556 ejus
1971 484 2076 541 diei
2102 491 2248 542 tanta
2274 494 2328 542 et
2347 493 2455 542 tam
2477 486 2621 543 clara
2648 486 2937 557 serenitas,
2959 495 3019 547 ut
3038 489 3212 553 astivi
3230 454 3417 563 splen-s

138 590 199 647 Β.
233 587 473 654 Martini,
500 604 620 659 quze
642 587 699 643 in
731 586 921 643 eadem
954 585 1080 643 villa
1121 592 1223 646 est,
1267 591 1454 640 sancta
1486 580 1573 637 illa
1603 595 1724 636 cor-

138 697 270 754 pora
296 680 577 737 intulimus
602 694 617 734 :
643 690 698 736 et
722 679 885 736 sociis
906 677 1109 733 nostris
1137 677 1204 732 ad
1239 673 1496 733 excubias
1524 672 1725 728 ducen-

138 775 238 829 das
268 771 338 826 ibi
361 771 624 836 dimissis,
653 785 752 843 ego
778 785 901 827 cum
928 769 1138 842 paucis,
1176 769 1243 823 ad
1270 767 1450 823 locum
1479 781 1586 837 quo
1606 775 1723 821 ten-

139 869 415 933 debamus,
447 863 757 920 festinando
792 864 1048 935 prmcessi
1074 880 1088 930 ε
1134 870 1189 918 et
1216 877 1299 926 ea,
1328 875 1448 930 qua:
1474 859 1541 914 ad
1572 872 1724 913 rece-

136 940 374 1031 ptionem
413 966 727 1013 sanctorum
768 971 1060 1027 corporum
1096 970 1226 1010 usus
1254 950 1584 1025 postulabat,
1623 963 1724 1019 per

138 1058 349 1106 noctem
394 1047 715 1121 pratparavi.
766 1046 848 1102 Ad
894 1046 1171 1102 basilicam
1219 1058 1368 1107 vero,
1400 1042 1451 1097 in
1507 1056 1611 1112 qua
1659 1038 1722 1093 il-

137 1140 311 1196 lorum
354 1148 760 1198 sacrosanctum
810 1138 1127 1193 thesaurum
1153 1136 1475 1200 dimisimus,
1521 1132 1721 1188 sancti-

136 1230 383 1287 monialis
418 1227 664 1302 quaedam
709 1227 1026 1300 paralytica,
1059 1227 1280 1282 nomine
1321 1224 1620 1296 Ruodlang,
1654 1223 1721 1277 de

138 1322 466 1380 monasterio
496 1320 806 1387 Makesbab,
834 1320 979 1390 quod
996 1319 1064 1375 ab
1091 1319 1284 1374 eadem
1308 1316 1536 1373 ecclesia
1562 1315 1719 1370 unius

136 1415 304 1473 leuca:
349 1415 525 1487 spatio
576 1412 915 1484 disparatum
962 1420 1100 1478 erat,
1152 1412 1219 1466 ab
1268 1410 1459 1466 amicis
1506 1408 1617 1465 suis
1658 1423 1720 1463 ac

133 1507 452 1582 prapinquis
501 1505 556 1560 in
602 1518 762 1561 carro
805 1503 1053 1568 adducta,
1100 1518 1224 1557 cum
1264 1500 1421 1571 juxta
1457 1498 1719 1556 feretrum

135 1610 445 1657 sanctorum
470 1597 612 1653 inter
636 1605 862 1652 caeteros
898 1594 1126 1667 vigilans
1153 1602 1316 1665 atque
1342 1608 1505 1648 orans
1526 1604 1721 1662 perno-

134 1702 335 1758 ctaret,
374 1698 589 1763 recepta
637 1687 880 1744 omnium
907 1685 1275 1742 membrorum
1317 1684 1570 1750 sanitate,
1597 1699 1723 1754 pro-

132 1786 277 1858 priis
316 1782 555 1854 pedibus,
588 1778 738 1835 nullo
779 1786 1139 1844 sustentante,
1166 1776 1251 1832 vel
1281 1775 1525 1848 quolibet
1564 1777 1722 1831 modo

1825 582 2010 638 dorem
2037 582 2165 638 solis
2191 582 2537 655 adaequaret;
2578 590 2741 655 atque
2771 584 2939 654 ipsius
2958 586 3103 642 aeris
3123 594 3231 643 tam
3258 587 3410 647 mitis

1824 684 1986 745 atque
2008 673 2245 745 jucunda
2270 676 2648 749 tranquillitas,
2682 685 2742 735 ut
2759 678 2905 735 veris
2925 679 3241 752 temperiem
3262 681 3411 754 apri-

1825 769 1991 824 citate
2018 768 2210 824 hlanda
2236 770 2585 841 prxcederet.

1892 861 1982 917 2i.
2012 861 2282 918 Postridie
2309 878 2437 919 vero
2467 878 2620 920 sacra
2646 864 2929 923 beatorum
2960 875 3262 938 martyrum
3288 881 3411 923 cor-

1819 971 1954 1029 pora
1981 971 2121 1012 novo
2145 954 2321 1010 loculo
2356 956 2654 1022 recondita,
2686 956 2741 1013 in
2783 956 2973 1015 absida
3000 956 3240 1014 basilicae
3266 956 3411 1014 loca-

1820 1049 2035 1115 vimus;
2080 1056 2156 1113 et,
2201 1047 2339 1103 sicut
2390 1048 2444 1103 in
2489 1048 2720 1104 Francia
2761 1065 2880 1106 mos
2922 1058 3026 1118 est,
3073 1050 3413 1121 superposito

1820 1139 1997 1213 ligneo
2026 1139 2280 1206 culmine,
2308 1139 2489 1196 linteis
2515 1156 2580 1196 ac
2604 1142 2792 1198 sericis
2815 1144 2994 1214 palliis
3021 1144 3261 1201 ornandi
3287 1160 3412 1216 gra-

1824 1235 1897 1290 tia
1924 1232 2286 1298 conteximus,
2334 1242 2669 1304 apponentes
2713 1233 2926 1300 altare;
2975 1250 3041 1290 ac
3077 1234 3184 1290 duo
3212 1233 3410 1291 vexilla

1818 1326 2099 1383 dominica:
2137 1325 2421 1396 passionis,
2455 1341 2575 1397 quae
2603 1327 2656 1381 in
2686 1326 2770 1380 via
2813 1326 3075 1383 feretrum
3104 1328 3412 1400 praecedere

1819 1420 2081 1484 solebant,
2110 1419 2237 1474 hinc
2269 1428 2431 1489 atque
2460 1400 2588 1474 inde.
2610 1418 2902 1492 erigentes,
2930 1420 3108 1475 locum
3147 1421 3299 1477 illum
3326 1420 3411 1477 di-

1806 1511 1960 1567 .vinis
2008 1509 2197 1566 olliciis
2254 1509 2608 1574 celebrandis,
2662 1525 2761 1582 pro
2810 1510 3026 1569 modulo
3075 1513 3413 1583 paupertatis

1821 1614 2039 1667 nostrze,
2086 1600 2338 1657 idoneum
2386 1610 2549 1672 atque
2599 1610 2785 1673 aptum
2824 1601 3004 1660 facere
3047 1606 3406 1673 curavimus;

1821 1694 2195 1764 ordinatisque
2233 1693 2450 1750 clericis
2470 1692 2521 1759 ἀ,
2552 1694 2643 1764 qui
2671 1694 2801 1750 inibi
2829 1696 3045 1752 assidue
3071 1705 3127 1752 et
3151 1697 3412 1754 excubias

1824 1784 2106 1851 ducerent,
2130 1801 2195 1841 ac
2213 1785 2411 1840 divinis
2441 1785 2687 1843 laudibus
2712 1787 2952 1844 dicendis
2975 1804 3162 1846 curam
3184 1789 3414 1847 solerter

134 1853 576 1942 adminiculante,
629 1871 697 1929 ad
742 1871 921 1929 locum
967 1871 1108 1927 unde
1150 1879 1393 1937 venerat,
1425 1870 1479 1924 in
1524 1869 1717 1925 εἴδεα·-
1744 1853 1792 1913 B
1820 1878 2210 1948 impenderent.
2236 1879 2341 1951 Ipsi
2363 1895 2469 1935 non
2490 1880 2666 1935 solum
2687 1889 2871 1936 nostra
2891 1890 3103 1952 sponte,
3125 1882 3223 1939 sed
3244 1883 3411 1940 etiam

134 1986 266 2026 num
296 1980 545 2039 regressa
569 1970 673 2020 est.

206 2062 294 2117 20.
330 2059 401 2115 At
426 2075 525 2115 nos
554 2057 861 2113 albescente
896 2054 1035 2111 ccelo
1068 2062 1374 2126 surgentes,
1403 2053 1567 2109 sociis
1617 2066 1719 2108 no-

133 2156 265 2214 stris
307 2152 652 2210 venientibus
682 2152 898 2208 obviam
945 2150 1023 2206 ire
1050 2150 1389 2221 perreximus
1415 2167 1428 2215 ;
1459 2150 1721 2206 habentes

132 2248 411 2305 nobiscum
441 2242 785 2301 immodicam
810 2242 1111 2298 vicinorum
1140 2249 1449 2296 nostrorum
1478 2240 1722 2296 multitu-

131 2342 332 2405 dinem,
365 2338 458 2408 qui
483 2336 624 2393 fama
657 2336 922 2392 adventus
946 2344 1256 2391 sanctorum
1290 2335 1476 2399 exciti,
1508 2335 1575 2390 ad
1614 2334 1721 2390 hoc

128 2432 306 2504 primo
342 2429 576 2486 diluculo
616 2444 716 2501 pro
758 2427 964 2484 foribus
1002 2429 1203 2484 nostris
1246 2429 1628 2495 constiterunt,
1661 2436 1721 2484 ut
1792 2478 1799 2483 .

129 2539 240 2579 una
266 2522 542 2579 nobiscum
570 2522 777 2579 sanctis
799 2521 1012 2578 obviam
1032 2522 1410 2593 procederent.
1437 2522 1503 2577 Et
1523 2538 1718 2578 occur-

126 2617 300 2675 rimus
325 2615 483 2672 eisin
507 2630 573 2671 eo
611 2613 754 2681 loco,
783 2615 875 2671 ubi
902 2628 928 2656 ι
956 2613 1249 2686 Gaspentia
1276 2614 1524 2671 lluviolus
1549 2615 1721 2672 Maeno

132 2709 412 2764 miscetur.
442 2706 572 2763 Inde
593 2707 799 2777 pariter
824 2706 1164 2773 incedentes,
1208 2721 1273 2761 ac
1302 2706 1513 2762 Domini
1542 2706 1720 2763 nostri

125 2797 257 2858 Iesu
284 2799 488 2856 Christi
514 2798 945 2855 misericordiam
971 2798 1363 2863 collaudantes,
1392 2813 1576 2854 sacras
1603 2797 1721 2853 illas

124 2892 566 2948 beatissimorum
606 2889 902 2963 Martyrum
954 2890 1178 2947 exuvias
1219 2890 1285 2947 ad
1332 2889 1361 2930 δ
1409 2888 1720 2945 Mulinheim

124 2982 641 3055 superiorem—sic
670 2982 817 3038 enim
864 2980 1125 3039 moderns
1170 2990 1416 3054 tempore
1453 2981 1603 3038 locus
1630 2982 1722 3038 ille

123 3084 573 3131 vocatur—cum
596 3090 790 3146 magna
819 3075 1059 3131 omnium
1082 3075 1175 3146 qui
1214 3076 1287 3132 ibi
1314 3076 1509 3132 adesse
1533 3085 1724 3147 potuc-

121 3174 260 3224 runt
292 3164 477 3221 laetitia
518 3172 574 3220 et
600 3164 982 3233 exsultatione,
1017 3165 1308 3222 detulimus
1334 3185 1347 3220 :
1378 3166 1473 3222 sed
1497 3182 1609 3238 prae
1637 3170 1721 3221 ni-

120 3257 241 3315 mia
268 3256 449 3328 populi
475 3256 839 3322 multitudine,
869 3272 989 3326 qua:
1017 3258 1331 3329 praecedens
1358 3265 1553 3314 cuncta
1574 3273 1722 3314 com-

119 3350 400 3424 pleverat,
430 3364 597 3421 neque
622 3349 914 3407 ecclesiam
942 3350 1110 3415 adire,
1162 3365 1338 3421 neque
1381 3351 1638 3407 feretrum
1665 3350 1721 3406 in

122 3458 257 3497 eam
291 3440 492 3497 inferre
529 3441 836 3499 valuimus:
885 3442 1084 3497 idcirco
1111 3440 1168 3496 in
1197 3458 1388 3514 campo
1418 3444 1717 3516 adjacente,

122 3544 298 3607 atque
325 3534 381 3589 in
408 3533 528 3590 loco
559 3534 807 3601 editiore,
839 3533 1011 3590 altare
1029 3536 1132 3590 sub
1158 3535 1284 3591 divo
1309 3536 1624 3601 ereximus;
1655 3551 1721 3593 ac

118 3624 336 3681 feretro
358 3640 501 3696 pone
533 3624 708 3682 altare
733 3624 998 3697 deposito,
1032 3626 1317 3683 missarum
1346 3627 1608 3684 solemnia
1634 3645 1719 3686 ce-

120 3716 483 3773 lebravimus.
531 3716 739 3785 Quibus
764 3717 1018 3790 expletis,
1046 3734 1113 3774 ac
1155 3719 1497 3776 multitudine
1521 3721 1589 3775 ad
1622 3737 1721 3776 sua

117 3810 440 3877 recedente,
469 3809 528 3866 in
556 3809 841 3867 ecclesiam
868 3826 900 3865 a
925 3811 1101 3867 beatis
1129 3810 1456 3885 Martyribns
1486 3812 1717 3885 jussam,

118 3915 320 3956 eorum
358 3899 725 3957 sacratissima
757 3915 989 3972 corpora
1032 3901 1352 3970 intulimus;
1403 3918 1487 3971 ac,
1520 3902 1721 3960 feretro

112 3998 353 4065 propter
372 3990 543 4047 altare
566 3990 764 4060 locato,
792 3992 989 4047 iterum
1013 3993 1237 4049 missam
1261 3994 1539 4050 celebrare
1566 4011 1721 4052 cura-

112 4084 333 4138 vimus.
362 4082 547 4155 Ibique
572 4085 716 4142 inter
757 4084 1159 4154 celebrandum,
1186 4102 1322 4156 puer
1346 4088 1589 4158 quidam,
1617 4106 1719 4146 aa-

111 4193 327 4234 norum
370 4178 587 4235 circiter
617 4179 945 4250 quindecim,
975 4180 1193 4236 nomine
1233 4181 1440 4248 Daniel,
1485 4183 1551 4238 de
1582 4199 1720 4255 pago

110 4270 413 4337 Portiano,
436 4268 686 4343 qui'illuc
724 4272 871 4328 inter
895 4272 1032 4329 alios
1073 4289 1338 4346 pauperes
1363 4276 1720 4333 mendicando

110 4372 375 4429 venerat,
405 4372 568 4434 atque
598 4364 673 4419 ita
701 4380 902 4421 curvus
929 4373 1068 4431 erat,
1100 4374 1161 4420 ut
1188 4366 1291 4422 nisi
1312 4368 1539 4438 supinus
1559 4376 1720 4439 atque

74 4454 316 4525 Ajacens
334 4455 533 4512 cmlum
558 4457 803 4527 aspicere
843 4458 1193 4530 nequivisset,
1235 4460 1303 4513 ad
1342 4460 1603 4517 feretrum
1629 4478 1720 4518 ac-

1818 1971 1983 2042 regali
2008 1971 2320 2042 diplomate,
2345 1972 2492 2041 quod
2516 1972 2671 2029 nobis
2715 1972 2771 2029 in
2806 1973 2892 2028 via
2923 1972 3138 2029 obviam
3166 1984 3413 2045 venerat,

1818 2064 2052 2131 evocati,
2098 2063 2329 2119 Domino
2370 2063 2475 2118 iter
2513 2072 2757 2120 nostrum
2791 2074 3163 2137 prosperante,
3202 2068 3269 2125 ad
3310 2082 3411 2139 pa-

1818 2151 2004 2208 latium
2035 2164 2059 2193 °
2088 2168 2277 2210 sumus
2304 2169 2429 2210 cum
2455 2169 2648 2224 magna
2669 2155 3031 2213 exsultatione
3047 2158 3305 2231 regressi.

2446 2266 2680 2325 CAPUT
2715 2269 2802 2325 ll].

1818 2376 2024 2449 Aliqua
2053 2375 2297 2457 reliquiae
2318 2381 2489 2457 sancti
2516 2379 2841 2457 Marcellini,
2865 2380 2991 2437 olim
3011 2382 3223 2457 ablatge,
3252 2383 3416 2457 impe-

1888 2458 2122 2523 t_rantur,
2154 2458 2203 2504 et
2225 2450 2297 2505 ad
2326 2449 2437 2506 alia
2465 2450 2584 2507 loca
2611 2452 3026 2523 transferuntur.
3048 2484 3121 2497 -—
3147 2449 3415 2515 Ilii-acula
3509 2502 3516 2507 .

1890 2518 2059 2589 facta.

1890 2610 1979 2666 22.
2048 2612 2357 2671 Transactis
2407 2614 2695 2671 admodum
2754 2617 2959 2688 paucis,
3022 2627 3306 2691 postquam
3343 2618 3415 2680 ad

1820 2704 2137 2760 comitatum
2166 2703 2185 2743 ί
2211 2720 2490 2772 veneram,
2512 2706 2725 2775 diebus,
2739 2723 2861 2780 ego,
2876 2709 3172 2766 secundum
3192 2726 3413 2768 consue-

1820 2795 2061 2851 tudinem
2104 2796 2401 2853 aulicorum
2430 2798 2697 2879 maturius
2740 2816 2986 2872 surgens,
3031 2802 3211 2872 primo
3253 2817 3415 2859 mane

1817 2888 2078 2962 palatium
2104 2888 2257 2960 petii.
2285 2888 2364 2945 lbi
2394 2906 2518 2945 cum
2549 2890 2845 2963 ingressus,
2889 2891 3225 2959 Hildoinum,
3253 2892 3415 2965 cujus

1820 2976 1959 3034 libro
1981 2979 2256 3050 superiore
2284 2980 2615 3035 mentionem
2657 2978 2783 3047 feci,
2812 2988 2938 3036 ante
2982 2979 3130 3038 fores
3160 2982 3293 3053 regii
3322 2997 3417 3038 cu-

1819 3070 1984 3127 biculi
2021 3072 2322 3138 sedentem,
2362 3080 2526 3142 atque
2553 3087 2830 3144 egressum
2858 3073 3119 3145 principis
3160 3075 3415 3146 operien-

1824 3171 1954 3231 tem,
1969 3163 2319 3231 invenissem,
2334 3180 2402 3221 ex
2423 3181 2575 3222 more
2596 3165 2888 3222 salutatum
2909 3181 3155 3238 surgere,
3171 3178 3334 3239 atque
3345 3167 3416 3224 ad

1824 3257 2113 3327 quamdam
2126 3256 2441 3323 fenestram,
2459 3257 2524 3313 de
2535 3272 2642 3328 qua
2658 3258 2712 3312 in
2728 3256 2983 3314 inferiora
2995 3256 3115 3329 pala
3124 3258 3182 3314 tii
3196 3273 3419 3331 conspe-

1823 3358 1943 3406 ctus
1964 3348 2116 3422 [λιι.
2155 3349 2496 3423 prospectus]
2518 3358 2657 3417 erat,
2687 3366 2898 3407 mecum
2918 3352 3179 3408 accedere
3204 3351 3411 3425 rogavi.

1820 3440 1903 3498 Ad
1928 3458 2091 3513 quam
2109 3443 2317 3514 pariter
2339 3443 2530 3499 stando
2554 3444 2948 3510 incumbentes,
2964 3444 3029 3501 de
3058 3444 3417 3503 translatione

1820 3546 2134 3592 sanctorum
2158 3546 2478 3611 martyrum,
2504 3535 2802 3595 Marcellini
2828 3545 2883 3594 et
2914 3536 3085 3605 Petri,
3105 3554 3207 3597 nec
3229 3555 3341 3598 non
3359 3550 3418 3599 et

1822 3628 1887 3683 de
1907 3629 2195 3697 miraculo,
2208 3630 2353 3701 quod
2374 3631 2428 3686 in
2440 3628 2588 3686 fluxu
2603 3631 2835 3694 cruoris,
2850 3646 2958 3702 quo
2974 3632 3211 3689 loculum
3224 3649 3415 3692 eorum

1823 3728 2029 3789 septem
2053 3721 2242 3777 diebus
2268 3723 2495 3779 sudasse
2531 3725 2973 3794 commemoravi,
3003 3734 3280 3782 ostensum
3304 3737 3412 3796 est,

1819 3811 2068 3869 mirando
2094 3813 2263 3868 multa
2290 3829 2478 3871 sumus
2516 3814 2698 3871 locuti.
2730 3814 2974 3886 Cumque
2995 3817 3065 3871 ad
3087 3816 3144 3872 id
3166 3816 3272 3872 loci
3293 3833 3413 3874 ser-

1820 3904 2144 3960 mocinando
2164 3905 2521 3972 venissemus,
2548 3906 2793 3961 utetiam
2817 3906 2885 3960 de
2905 3906 3265 3973 vestimentis,
3290 3922 3412 3977 qua:

1822 4008 1946 4047 cum
1975 3995 2298 4064 corporibus
2325 4007 2514 4049 eorum
2544 3994 2762 4048 inventa
2788 4000 2934 4062 sunt,
2977 3994 3184 4050 mentio
3215 3994 3370 4051 fieret
3394 4011 3411 4063 ;

1821 4091 1985 4154 atque
2011 4099 2112 4155 ego
2155 4084 2306 4140 mira:
2350 4083 2666 4142 subtilitatis
2694 4092 2903 4141 vestem
2929 4084 3075 4141 beati
3111 4084 3412 4143 Marcellini

1821 4176 1989 4233 fuisse
2017 4177 2253 4232 dicerem
2278 4193 2292 4243 ;
2326 4176 2436 4245 ille,
2476 4177 2624 4233 velut
2651 4178 2742 4249 qui
2772 4194 2888 4233 rem
2914 4193 3071 4250 aeque
3098 4188 3159 4234 ut
3189 4193 3290 4252 ego
3316 4194 3414 4236 no-

1822 4277 1934 4324 tam
1960 4267 2205 4336 haberet,
2238 4284 2368 4325 vera
2396 4284 2484 4324 me
2509 4270 2575 4325 de
2603 4269 2843 4326 vestibus
2878 4270 3080 4326 dixisse
3110 4270 3406 4341 respondit.

1820 4358 1922 4416 Hic
1944 4376 2042 4430 ego
2067 4358 2399 4432 stupefactus
2420 4369 2581 4431 atque
2601 4360 2898 4430 admirans,
2916 4362 3225 4434 percontari
3243 4361 3408 4432 ccepi,

1820 4450 1960 4506 unde
1989 4450 2063 4505 illi
2091 4451 2206 4505 haec
2230 4450 2695 4518 vestimentorum,
2726 4467 2846 4521 quae
2870 4468 3146 4524 nunquam
3175 4452 3406 4520 viderat,

104 4547 297 4602 cessit
323 4563 339 4612 ;
373 4560 438 4601 ac
464 4546 660 4616 subito,
692 4548 838 4603 velut
859 4550 929 4604 ab
954 4549 1137 4618 aliquo
1174 4550 1457 4621 impulsus,
1488 4554 1714 4607 corruit.

1829 4543 2014 4599 notitia
2066 4543 2379 4615 contingere
2426 4544 2711 4614 potuisset.
2765 4542 2839 4599 At
2883 4544 2973 4600 ille
3019 4560 3107 4600 me
3150 4543 3402 4608 intuitus,

104 4638 378 4709 Cumque
405 4639 495 4694 diu
524 4639 670 4695 velut
714 4640 1003 4696 dormienti
1039 4641 1229 4697 similis
1263 4640 1550 4711 jacuisset,
1599 4634 1792 4703 cor."
1820 4635 2096 4707 paululum
2139 4635 2307 4701 siluit,
2350 4650 2412 4691 ac
2454 4635 2687 4691 deinde:
2720 4655 2738 4689 ι
2779 4634 2984 4701 Satius,
3036 4635 3236 4706 inquit,
3283 4647 3407 4690 esse

104 4730 297 4786 rectis
319 4730 572 4786 omnibus
604 4730 879 4795 membris,
914 4740 967 4787 et
1005 4741 1223 4802 recepta
1249 4730 1503 4789 ﬁrmitate
1528 4749 1721 4792 nervo-
1821 4726 2074 4791 al‘bilml‘.
2101 4735 2163 4782 ιιι
2199 4742 2299 4797 P8P
2338 4741 2425 4782 me
2465 4742 2783 4798 008005088.
2828 4727 2991 4798 quod.
3041 4741 3129 4782 me
3172 4734 3403 4793 ωοεηω»

106 4835 273 4885 rum,
309 4834 493 4875 coram
513 4818 686 4875 oculis
714 4821 922 4876 nostris
955 4822 1196 4878 surrexit
1218 4822 1522 4881 incolumis.
1552 4824 1719 4882 Facta
1823 4830 2003 4875 tamen
2027 4835 2128 4890 per
2155 4819 2289 4875 alios
2312 4819 2562 4876 celeriter
2583 4836 2645 4876 es
2675 4820 3012 4892 cogniturtIS.
3053 4828 3108 4873 et
3132 4834 3231 4889 ego
3260 4817 3407 4874 illius

101 4920 255 4970 sunt
282 4912 404 4969 haec
421 4913 635 4969 decimo
662 4922 817 4970 sexto
841 4912 1100 4971 kalendas
1126 4914 1428 4973 februarias
1455 4918 1503 4987 δ,
1531 4931 1586 4975 et
1602 4929 1721 4977 erat
1820 4913 1900 4969 rei
1925 4913 2027 4969 sim
2050 4913 2295 4984 proditor
2319 4913 2571 4985 simplex,
2600 4927 2763 4983 quam
2784 4911 3014 4967 fortasse
3039 4909 3178 4965 alter
3198 4910 3247 4966 si
3273 4922 3403 4981 pro-

1820 5081 1975 5142 quot,
2011 5070 2231 5126 interim
2267 5070 2340 5126 ibi
2364 5070 2747 5142 deservitutps,
2788 5068 3071 5142 ordinare;
3122 5075 3402 5142 monaste-

1821 5138 1961 5197 rium
1991 5151 2173 5197 tamen
2196 5138 2413 5211 vivente
2445 5141 2622 5196 adhuc
2642 5138 2959 5211 AEginhardo
2982 5138 3211 5211 factum,
3248 5138 3401 5195 colli-

1856 5215 1897 5269 it
1927 5212 2141 5269 Mabilio
2170 5227 2239 5267 ex
2270 5210 2389 5279 ejus
2438 5212 2599 5282 epist.
2627 5209 2690 5282 4,
2702 5208 3163 5282 'ub_i_Werdricus
3176 5211 3397 5282 quidam

1867 5285 2106 5341 uldensis
2128 5285 2444 5348 monachus,
2473 5279 2580 5352 per
2615 5281 2698 5336 sui
2746 5279 2958 5352 abbatis
2983 5280 3279 5352 licentiam,
3313 5279 3400 5352 di-

1820 5355 1961 5411 citur
2027 5353 2445 5425 Selingenstadii
2482 5348 2871 5425 ‘co‘nversa't‘us
2924 5370 2958 5425 ;_
3006 5367 3125 5422 qua:
3178 5350 3400 5405 licentia

1819 5427 1964 5482 haud
2015 5426 2089 5480 ita
2146 5420 2301 5479 facile
2358 5424 2484 5478 data
2520 5421 2734 5489 fuisset,
2766 5422 2812 5477 si
2850 5420 3039 5478 nullos
3063 5430 3177 5477 tum
3212 5435 3403 5477 mona-

1819 5499 1952 5554 chos
1982 5498 2134 5553 locus
2161 5495 2461 5551 habuisset.

1895 5580 1917 5607 e
1958 5567 2278 5639 intelligitur
2309 5565 2788 5639 _Aquisgranense,
2814 5565 2908 5621 ubi
2942 5573 3055 5621 tum
3092 5563 3401 5622 Ludovicus

1817 5638 1947 5695 Pius
1969 5638 2102 5709 Imp.
2132 5636 2421 5709 residebat.
2444 5706 2459 5709 Α
2482 5636 2539 5709 _;
2808 5706 2823 5709 _
2860 5706 2872 5709 Α
3160 5704 3173 5709 _
3230 5701 3268 5709 _
3494 5645 3501 5652 “

1897 5711 1917 5750 ί
1961 5701 2085 5765 ιιωέ
2110 5708 2176 5762 ad
2214 5723 2414 5761 annum
2435 5706 2540 5762 827
2565 5715 2783 5766 peracta
2799 5706 2965 5763 fuisse
2991 5704 3201 5762 censuit
3229 5701 3399 5758 Baro-

1897 5722 1912 5750 ι
1961 5722 2085 5765 "me
2110 5722 2176 5762 aa
2214 5723 2414 5761 annum
2435 5722 2536 5762 ex:
2634 5722 2965 5766 ractatutsse
2991 5722 3201 5762 censuit
3229 5722 3399 5758 naru-

1820 5784 1975 5859 nius,
1997 5780 2088 5859 qui
2108 5779 2297 5859 eadem
2326 5778 2528 5859 retulit.
2556 5722 2850 5859 (gignimur:
2880 5785 3060 5859 autem
3089 5777 3178 5859 hic
3199 5772 3403 5859 dicitur

1822 5855 1969 5911 curia
2012 5848 2329 5923 imperialis,
2361 5858 2510 5919 tunc,
2535 5858 2599 5907 ut
2616 5850 2761 5917 dixi,
2798 5848 3127 5922 Aquisgrani
3149 5857 3399 5902 manens.

186 5086 217 5115 ι
232 5071 598 5149 Utiqueinter
607 5072 1097 5149 Selingenstadium
1111 5080 1165 5149 et
1176 5070 1533 5149 Aschalfenbu
1542 5091 1716 5149 rgum;

95 5145 382 5228 quamvis
406 5145 612 5228 nullu_m
638 5145 728 5228 ibi
751 5144 984 5228 rivulum
1012 5145 1319 5216 exprimant
1349 5145 1543 5202 tabula:
1564 5144 1718 5220 topo-

90 5214 424 5289 ἐκριπίσαι,
465 5216 660 5273 nedum
687 5214 994 5286 Gaspentiie
1014 5214 1230 5271 noinen.

186 5286 221 5370 ξι
259 5285 604 5370 ﬁulinhein‘i,
642 5297 726 5370 est
749 5285 1169 5370 Selingenstadt.

92 5429 115 5444 ο
188 5368 226 5444 ξ
259 5356 434 5439 F_esto
458 5358 663 5444 scilicet
685 5359 858 5414 sancti
868 5356 1190 5424 A'ntonii,eo
1210 5372 1353 5413 anno
1374 5357 1478 5414 827
1493 5357 1719 5415 cadente

92 5429 165 5486 in
192 5428 407 5499 feriam
432 5429 698 5499 quintam.

181 5498 213 5539 ει
240 5499 435 5572 Putat
456 5498 701 5566 ﬂebilia,
729 5501 876 5571 quod
908 5500 1270 5572 Eginhardus,
1301 5500 1406 5557 hoc
1440 5501 1495 5557 in
1524 5515 1712 5572 opere,

88 5570 461 5643 clericorum
497 5572 717 5643 nomine
750 5570 1063 5643 monachos
1094 5572 1374 5643 intelligat,
1428 5581 1520 5627 aut
1562 5570 1719 5629 certe

90 5641 551 5726 dicendumest,
577 5642 769 5726 inquit,
787 5642 1013 5726 clericos
1041 5641 1296 5726 primum,
1319 5653 1719 5726 postea_mona-

86 5712 269 5786 chos
293 5711 578 5786 institutos
593 5711 761 5786 fuisse
785 5730 849 5786 eo
875 5715 928 5769 in
949 5711 1088 5771 loco.
1126 5711 1399 5769 Posterior
1410 5716 1719 5786 conjectura

80 5783 312 5855 magis
337 5784 574 5855 genuina
611 5780 1007 5841 miblvidetur:
1052 5800 1152 5840 nec
1197 5787 1363 5841 etiam
1411 5780 1525 5840 tam'
1564 5787 1719 5841 facile

82 5853 223 5917 fuit
252 5855 456 5911 statim
482 5856 874 5913 monasterium
893 5857 1145 5917 condere.
1172 5872 1335 5917 quam
1372 5858 1597 5914 clericos
1622 5858 1719 5914 ali-

1130 5896 1145 5923 ,
1172 5872 1335 5928 quam
1372 5872 1597 5914 Clel’lCOS
1622 5872 1721 5914 au-
