3960 6346
679 342 783 406 851

1967 342 2351 407 somnum
2386 348 2680 409 seems
2800 408 2804 415 ,
3044 321 3052 331 ’
3727 372 3780 432 si

674 440 897 532 diderit,
920 468 1032 521 non
1068 460 1389 535 simpliciter
1427 459 1753 529 enuntiabit,
1790 474 1967 534 neque
1992 463 2136 519 enim
2160 480 2261 537 po-
2288 466 2345 530 Α
2366 463 2510 521 fama
2538 465 2776 536 dispersa
2802 464 2873 522 sit
2905 466 2930 521 ?
2956 484 2975 519 ι
2992 460 3230 538 Cumque
3252 464 3305 525 id
3330 482 3412 526 me
3447 476 3621 535 nescire
3651 496 3780 556 resp.»

670 560 807 623 test,
835 555 965 627 quia
991 555 1072 611 sic
1114 563 1314 611 natura
1341 563 1715 626 comparatum
1744 563 1850 622 est,
1890 562 1951 610 ut
1986 556 2090 613 hoc
2116 557 2263 627 quis-

676 662 838 721 quam
867 647 1139 704 veraciter
1163 646 1347 705 dicere
1394 655 1648 718 nequeat,
1674 645 1832 717 cujus
1878 647 2130 704 notitiam
2154 663 2262 704 non

673 726 859 810 per'se
885 737 1086 810 ipsum,
1116 737 1211 794 sed
1236 737 1468 793 aliorum
1492 732 1752 794 relatione
1775 738 1941 793 fuerit
1959 744 2261 795 assecutus.

674 829 808 885 Tuae
835 837 1046 884 tantum
1088 827 1216 886 fidei
1262 828 1566 897 committo,
1598 829 1831 902 qualiter
1876 831 2004 887 inde
2051 847 2264 888 mecum

676 927 897 976 acturus
930 920 1024 989 sis,
1051 928 1339 992 postquam
1376 935 1500 976 meo
1528 920 1703 976 relatu
1732 936 1948 978 omnem
1990 921 2070 977 rei
2097 931 2264 993 gesta:

675 1013 963 1069 veritatem
993 1013 1299 1084 agnoveris.
1322 1032 1343 1067 ι

745 1104 836 1161 25.
862 1105 959 1161 Cui
982 1121 1106 1161 cum
1155 1121 1245 1163 me
1286 1122 1396 1162 non
1422 1107 1587 1164 'aliud
1627 1116 1895 1178 acturum,
1924 1125 2084 1182 quam
2119 1109 2265 1181 quod

675 1194 819 1251 inter
848 1212 947 1252 nos
983 1197 1313 1265 conveniret,
1348 1197 1502 1255 brevi
1536 1214 1787 1257 sermone
1820 1202 2256 1273 respondissem:

680 1305 701 1339 ι
730 1286 1043 1360 Presbyter,
1065 1289 1261 1359 inquit,
1281 1288 1395 1357 ille,
1418 1291 1511 1360 qui
1541 1292 1609 1347 ad
1639 1292 1961 1349 deferendas
1987 1294 2133 1349 beati
2172 1293 2263 1349 Ti-

672 1379 840 1436 burtii
887 1380 1143 1453 reliquias
1198 1382 1428 1439 Romam
1471 1399 1594 1441 meo
1631 1384 1789 1455 jussu
1835 1386 2109 1459 profectus
2154 1395 2261 1455 est,

673 1485 798 1527 cum
826 1471 901 1539 id,
920 1481 1144 1544 propter
1166 1474 1311 1545 quod
1330 1473 1422 1530 ille
1447 1484 1689 1544 venerat,
1714 1478 1791 1533 ita
1818 1486 1879 1533 ut
1905 1478 2261 1550 volebatper-

672 1560 834 1620 lleere
877 1566 1229 1636 nequivisset,
1263 1564 1486 1637 jamque
1532 1568 1777 1624 notarius
1812 1576 1958 1636 tuus,
1999 1571 2257 1641 acceptis,

671 1656 740 1714 de
767 1659 961 1729 quibus
982 1659 1270 1730 loquimur,
1300 1668 1614 1717 sanctorum
1648 1669 1951 1733 martyrum
1990 1662 2258 1734 reliquiis,

672 1750 891 1806 domum
932 1750 1111 1806 redire
1137 1750 1430 1817 statuisset,
1463 1752 1584 1807 iniit
1610 1768 1734 1808 cum
1766 1752 1857 1809 illo
1881 1754 2261 1841 consilium,ut

670 1842 765 1899 illo
789 1842 974 1899 Romae
1000 1836 1278 1914 paululum
1314 1859 1496 1900 moras
1531 1844 1785 1915 faciente,
1828 1847 1963 1918 ipse,
2008 1864 2130 1905 cum
2159 1836 2258 1904 lu;

670 1935 866 1991 nisone
881 1946 905 1981 ιι
921 1933 1092 1990 fratre
1114 1934 1432 2002 Deusdonaa,
1453 1945 1652 1993 etcum
1673 1938 1983 1995 hominibus
2003 1939 2141 2008 ejus,
2165 1941 2257 2010 qui

671 2029 795 2084 illos
844 2043 1030 2085 sacros
1070 2028 1285 2084 cineres
1319 2027 1462 2085 ferre
1494 2029 1784 2098 debebant,
1825 2031 2049 2103 Papiam
2085 2048 2259 2104 usque

674 2120 1238 2197 praecederet,ibique
1268 2119 1412 2175 illius
1433 2136 1498 2177 ac
1524 2121 1827 2179 Deusdonae
1849 2125 2259 2194 praestolaretur

672 2213 987 2269 adventum.
1016 2211 1225 2268 Placuit
1266 2212 1526 2271 ambobus
1559 2214 1665 2271 ista
1697 2217 2003 2283 conventio,
2043 2215 2258 2289 illisque

676 2303 867 2360 Romae
895 2304 1291 2371 substantibus,
1310 2303 1463 2377 [Ms.,
1488 2305 1936 2380 remanentibus],
1974 2308 2259 2379 presbyter

674 2412 800 2454 cum
814 2396 1086 2454 Lunisone
1104 2413 1169 2454 ac
1192 2398 1374 2469 pueris
1399 2398 1658 2470 reliquias
1685 2398 2001 2466 ferentibus,
2033 2401 2257 2473 Papiam

670 2491 1181 2564 proficiscitur.Quo
1196 2509 1321 2549 cum
1334 2502 1478 2550 esset
1490 2503 1830 2566 perventum,
1849 2496 2050 2553 scrinia
2070 2513 2257 2554 sacros

669 2583 881 2643 cineres
897 2586 1225 2643 continentia
1242 2587 1295 2642 in
1317 2587 1545 2644 ecclesia
1568 2596 1657 2643 tua
1671 2604 1812 2660 pone
1834 2590 2006 2645 altare
2026 2598 2257 2663 suntpo-

614 2686 627 2697 “
666 2676 795 2744 sita,
812 2689 976 2749 atque
992 2678 1060 2734 ab
1080 2677 1476 2734 excubantibus
1498 2678 1555 2733 in
1575 2681 1765 2735 eadem
1786 2681 2031 2749 basilica,
2045 2681 2258 2738 clericis

667 2784 737 2827 ac
778 2769 955 2836 laicis,
997 2769 1241 2842 diligenti
1283 2770 1506 2826 solertia
1537 2772 1825 2828 custodita.
1857 2773 2103 2841 Quadam
2128 2790 2258 2831 vero

669 2867 850 2925 nocte,
882 2874 1007 2914 cum
1035 2868 1091 2916 et
1112 2861 1226 2930 ipse
1252 2860 1395 2915 inter
1415 2870 1644 2918 caeteros
1668 2863 1737 2918 ad
1757 2864 1975 2919 easdem
1999 2866 2258 2922 excubias

669 2950 726 3006 in
769 2949 998 3007 ecclesia
1032 2951 1302 3023 vigilaret,
1337 2953 1581 3023 contigit,
1625 2961 1688 3009 ut
1725 2953 1840 3024 ipse
1866 2956 2081 3023 asserit,
2110 2958 2257 3015 circa

671 3042 903 3098 mediam
930 3040 1044 3098 fere
1065 3050 1297 3110 noctem,
1321 3051 1402 3111 ut,
1420 3044 1723 3115 obripiente
1746 3048 2003 3118 paulatim
2041 3064 2255 3117 somno,

669 3135 908 3192 universi
930 3136 1023 3207 qui
1050 3135 1193 3191 intra
1221 3137 1408 3193 eadem
1444 3137 1726 3194 basilicam
1775 3140 2033 3212 vigilandi
2083 3144 2254 3215 gratia

668 3235 1059 3295 convenerant,
1100 3235 1299 3299 praeter
1347 3244 1407 3284 se
1445 3229 1642 3296 solum,
1690 3230 2078 3289 obdormirent.
2114 3234 2251 3291 Tum

668 3317 771 3374 sibi
794 3317 852 3373 in
893 3326 1132 3375 mentem
1170 3320 1406 3387 venisse,
1449 3320 1734 3392 visumque
1776 3320 1942 3380 fuisse
1980 3340 2089 3381 non
2135 3320 2273 3382 sine'

668 3421 865 3480 magna
889 3410 1122 3481 quadam
1150 3427 1313 3468 causa
1342 3410 1545 3468 factum
1576 3421 1639 3469 ut
1662 3421 1743 3470 tot
1785 3414 2096 3472 hominibus
2140 3423 2251 3472 tam

668 3501 984 3559 subitaneus
1026 3519 1190 3575 sopor
1239 3505 1540 3577 obrepserit
1566 3524 1579 3560 :
1606 3515 1867 3577 ratusque
1924 3508 2027 3564 sibi
2074 3508 2254 3567 oblata

669 3594 953 3651 occasione
978 3596 1257 3665 utendum,
1283 3602 1539 3663 surrexit,
1569 3607 1733 3669 atque
1777 3614 2007 3655 accenso
2028 3600 2251 3670 lumine,

669 3684 740 3742 ad
769 3687 968 3742 scrinia
997 3687 1222 3744 silenter
1249 3692 1499 3747 accessit.
1532 3690 1669 3746 Tum
1696 3688 1802 3745 filis
1831 3690 2128 3761 sigillorum
2160 3694 2255 3750 ad-

669 3784 815 3835 mota
837 3778 978 3833 cerei
1006 3776 1223 3836 ﬂamma
1250 3782 1528 3848 crematis,
1554 3781 1758 3838 scrinia
1779 3780 1896 3837 sine
1930 3782 2082 3839 clave
2111 3784 2255 3842 cele-

668 3869 801 3925 riter
828 3871 1071 3941 aperuit;
1095 3887 1160 3927 ac
1181 3872 1249 3928 de
1273 3880 1501 3945 utroque
1524 3890 1750 3945 corpore
1786 3873 2109 3945 portionem,
2135 3891 2256 3947 qua:

666 3962 717 4016 ei
736 3961 1038 4029 videbatur,
1070 3963 1361 4033 accipiens,
1387 3964 1582 4038 sigilla,
1612 3973 1671 4021 ut
1690 3974 1846 4023 erant
1880 3966 2116 4039 integra,
2137 3966 2254 4025 ﬁlo-

671 4067 789 4106 rum
827 4062 1190 4110 crematorum
1232 4057 1633 4113 summitatibus
1683 4059 1954 4125 annectit;
2000 4059 2254 4130 nulloque

668 4142 724 4199 id
754 4141 953 4199 factum
1006 4147 1293 4215 sentiente,
1343 4150 1399 4204 in
1445 4149 1566 4207 loco
1594 4165 1695 4206 suo
1736 4152 1953 4208 resedit.
1981 4151 2111 4208 Post
2136 4155 2254 4210 lucc

666 4233 910 4290 sublatas
938 4235 1035 4290 tali
1061 4234 1208 4292 furto
1236 4248 1550 4295 sanctorum
1588 4241 1864 4312 reliquias,
1890 4257 2013 4297 cum
2054 4243 2124 4297 ad
2166 4259 2254 4300 me

666 4324 857 4381 fuisset
880 4340 1154 4394 reversus,
1177 4327 1705 4402 detulitzprimoque
1754 4331 1875 4387 illas
1926 4348 2035 4388 non
2080 4335 2253 4391 sancti

667 4416 965 4475 Marcellini
990 4418 1075 4475 vel
1096 4419 1266 4489 Petri,
1299 4421 1394 4478 sed
1420 4424 1593 4480 sancti
1620 4423 1847 4481 Tiburtii
1885 4439 2006 4482 esse
2033 4442 2250 4484 asseve-

667 4508 829 4566 ravit.
875 4510 1080 4567 Deinde
1124 4526 1249 4567 cum
1284 4514 1483 4571 nescio
1526 4514 1655 4586 quid
1698 4527 1997 4587 vereretur,
2039 4527 2327 4620 secreteD

666 4616 881 4661 mecum
904 4604 1131 4671 locutus,
1159 4622 1388 4678 quorum
1420 4619 1732 4666 sanctorum
1755 4621 1936 4668 essent
1980 4613 2247 4684 reliquiae,

667 4709 880 4768 quoque
905 4697 1065 4754 modo
1090 4715 1185 4755 eas
1210 4700 1402 4757 fuisset
1446 4703 1692 4774 adeptus,
1718 4712 1969 4775 patenter
2017 4708 2246 4777 aperuit.

666 4784 939 4845 Habemus
991 4790 1111 4847 illas
1161 4792 1301 4861 apud
1346 4792 1403 4848 S.
1446 4793 1759 4852 Medardum
1797 4797 1853 4853 in
1903 4797 2021 4855 loco
2049 4800 2252 4857 celebri

668 4879 963 4937 honorifice
991 4882 1303 4951 collocatas,
1324 4884 1416 4940 ubi
1444 4886 1512 4943 ab
1540 4889 1688 4943 omni
1727 4889 1925 4960 populo
1970 4905 2093 4946 cum
2133 4906 2252 4947 ma-

668 4983 774 5040 gna
797 4972 1144 5029 veneratione
1168 4973 1455 5043 coluntur;
1487 4978 1579 5033 sed
1609 4986 1791 5034 utrum
1818 4994 1912 5036 eas
1950 4981 2105 5039 nobis
2151 4982 2250 5039 lia-

668 5058 797 5116 bere
824 5060 1004 5129 liceat,
1035 5064 1090 5119 in
1116 5052 1210 5121 tuo
1241 5075 1426 5122 manet
1448 5068 1696 5125 arbitrio.
1726 5088 1747 5123 ι

742 5152 834 5209 24.
856 5153 953 5209 His
982 5156 1204 5222 auditis,
1233 5158 1550 5217 recordatus
1585 5177 1707 5217 sum
1756 5162 1887 5232 quid
1934 5164 1986 5219 in
2032 5164 2245 5233 itinere,

669 5260 777 5317 quo
820 5248 1064 5318 proxime
1112 5250 1180 5304 ad
1231 5250 1491 5321 palatium
1530 5253 1932 5324 proficiscebar,
1958 5272 1990 5312 a
2018 5258 2250 5328 quodam

669 5336 880 5407 hospite
906 5352 1029 5394 meo
1050 5340 1334 5398 audierim.
1360 5343 1462 5412 Qui
1487 5345 1629 5400 inter
1650 5352 1870 5414 cmtera,
1893 5364 2013 5419 quae
2037 5365 2247 5407 mecum

668 5427 1029 5499 loquebatur:
1063 5431 1343 5505 «Nunquid
1388 5436 1555 5504 nosti,
1596 5437 1695 5505 ait,
1734 5439 1913 5509 qualis
1955 5442 2022 5496 de
2050 5444 2251 5500 sanctis

668 5524 1019 5597 martyribus,
1043 5524 1355 5584 Marcellino
1382 5534 1439 5584 et
1462 5527 1643 5599 Petro,
1666 5545 1765 5602 per
1792 5530 1932 5588 banc
1974 5534 2250 5606 regionem

740 5708 768 5775 ἐι
803 5697 904 5779 Hic
922 5697 1043 5779 jam
1066 5709 1261 5772 quater
1289 5698 1487 5779 Iuniae
1518 5704 1800 5779 scribitur,
1819 5721 1991 5779 usque
2010 5708 2079 5765 ad
2098 5725 2249 5766 num.

669 5763 789 5836 25.,
808 5771 902 5826 ubi
921 5763 1116 5826 iterum
1138 5772 1372 5828 recurrit
1392 5772 1615 5829 Lunizo.

744 5839 771 5883 ι)
812 5837 1032 5898 Scilicet
1062 5858 1126 5897 ex
1170 5845 1501 5901 monasterio
1530 5854 1586 5903 et
1625 5847 1852 5905 ecclesia
1895 5849 1951 5906 S.
1990 5848 2253 5922 Medardi,

2367 558 2570 627 derem,
2597 569 2711 615 tum
2740 558 2866 616 ille:
2895 578 2913 612 ι
2934 559 3147 627 Dicunt,
3179 561 3367 633 inquit,
3392 567 3475 637 qui
3496 569 3552 624 de
3583 580 3779 637 sanis

2363 647 2613 707 bastiano
2642 651 2671 691 δ
2691 653 2934 718 veniunt,
2962 653 3104 724 quod
3141 654 3414 727 presbyter
3444 659 3623 728 quidam
3644 663 3778 728 Hildoini

2366 740 2602 810 abbatis,
2633 743 2724 814 qui
2751 760 2857 799 una
2881 759 3006 799 cum
3044 747 3253 802 notario
3284 755 3372 805 tuo
3395 749 3590 808 Romam
3614 761 3778 826 prolectus

2364 843 2469 903 est,
2511 851 2634 892 cum
2686 836 2810 893 inde
2860 845 3281 907 reverterentur,
3311 850 3383 909 et,
3407 844 3458 899 in
3496 849 3671 916 quodam
3706 853 3775 920 low,

2364 930 2639 985 communi
2653 928 2954 986 diversorio
2975 938 3272 1000 uterentur,
3295 934 3395 990 tuis
3411 937 3777 1003 omnibusebrietile

2365 1035 2430 1076 ac
2456 1036 2646 1078 somno
2672 1022 2965 1093 depressis,
2990 1030 3043 1079 et
3064 1023 3119 1079 id
3141 1026 3281 1094 quod
3301 1027 3777 1106 agebaturpenitusigno

2364 1114 2630 1181 rantibus,
2684 1115 2904 1183 scrinia,
2942 1116 3140 1188 quibus
3176 1126 3471 1174 sanctorum
3517 1137 3684 1193 corpora
3711 1143 3777 1183 eos-

2364 1206 2693 1273 tinebantur,
2728 1208 3047 1277 aperuisset,
3075 1223 3245 1279 eaque
3277 1210 3394 1265 inde
3415 1213 3673 1281 sustulisset,
3691 1226 3775 1288 atque

2365 1298 2553 1354 abiens
2576 1298 2828 1355 Hildoino
2851 1299 3151 1367 detulisset,
3174 1309 3230 1356 et
3272 1303 3420 1358 modo
3455 1306 3573 1375 apud
3596 1305 3638 1360 S.
3663 1307 3775 1364 Dicdu-

2364 1392 2491 1447 dum
2520 1392 2629 1447 sint
2649 1409 2664 1447 :
2685 1392 2740 1447 in
2764 1392 2980 1449 scriniis
3005 1408 3139 1449 vero
3182 1394 3286 1450 tuis
3327 1409 3500 1464 parum
3532 1397 3710 1467 quiddam
3732 1417 3775 1454 si-

2363 1483 2713 1555 cri'pulveris
2754 1485 3103 1552 remansisse,
3135 1485 3277 1556 quod
3315 1487 3379 1543 ad
3420 1495 3468 1543 te
3508 1503 3587 1558 per
3618 1493 3772 1546 notarium

2364 1585 2516 1632 tuum
2542 1576 2809 1647 perlatum
2836 1577 2925 1633 sit.
2957 1597 2975 1629 ι
3000 1576 3205 1632 Horum
3228 1577 3567 1647 reminiscens,
3585 1595 3770 1650 eaqueus

2362 1667 2449 1723 bis
2469 1683 2588 1739 quae
2618 1669 2687 1724 ab
2713 1668 2965 1725 Hildoino
3009 1669 3325 1726 dicebantur
3350 1670 3608 1738 conferens,
3628 1689 3697 1729 non
3714 1690 3771 1728 ne
3836 1666 3837 1679 ¹

2364 1758 2484 1815 dica
2531 1760 2730 1817 ruentis
2769 1760 3179 1833 perturbatione
3225 1771 3503 1818 commotus
3538 1765 3770 1830 summula
3836 1758 3837 1833 Ε

2362 1851 2655 1922 prmeipue,
2687 1852 2815 1923 quia
2860 1853 3101 1907 nondum
3138 1853 3405 1908 inventum
3448 1853 3655 1909 habebam
3680 1856 3771 1909 cousi-

2362 1940 2496 1997 lium
2532 1956 2640 2012 quo
2675 1942 2819 1996 illam
2856 1942 3248 1999 exsecrabilem
3286 1951 3436 2013 atque
3482 1944 3635 1998 astutia
3667 1943 3771 1997 dialuli

2360 2034 2560 2105 ubique
2582 2034 2907 2106 divulgatam
2934 2032 3137 2090 famam
3162 2033 3484 2105 exstinguere
3505 2050 3555 2090 ac
3571 2033 3620 2088 de
3632 2033 3771 2089 cordibus

2360 2125 2598 2197 deceptae
2641 2124 3002 2181 multitudinis
3038 2124 3307 2196 depellere
3348 2125 3613 2195 potuissem.
3636 2123 3771 2178 llludta

2360 2231 2486 2273 men
2514 2217 2778 2287 optimum
2814 2215 3053 2287 judicavi
3100 2225 3161 2272 ut
3207 2216 3495 2273 Hildoinum
3536 2231 3704 2287 rogarem
3730 2215 3771 2269 id-

2359 2309 2535 2380 ipsum
2565 2309 2698 2364 mihi
2725 2309 2970 2375 reddere,
2987 2308 3133 2379 quod
3164 2309 3229 2366 de
3254 2309 3385 2365 meis
3409 2309 3588 2365 scriniis
3601 2307 3770 2369 sublitum,

2358 2409 2415 2456 et
2435 2401 2501 2456 ad
2531 2416 2590 2456 se
2616 2401 2851 2457 delatum
2891 2414 3055 2472 atque
3103 2418 3134 2456 a
3182 2418 3241 2458 se
3284 2410 3549 2473 receptum,
3584 2409 3670 2471 post
3696 2399 3769 2453 illam

2359 2500 2713 2562 spontaneam
2740 2491 3159 2558 confessionem,
3181 2507 3372 2562 negare
3394 2507 3487 2547 non
3512 2488 3767 2562 poteth

2359 2584 2525 2638 etiam
2556 2591 2756 2654 quanta
2788 2585 2940 2654 potui
2968 2585 3230 2640 instantia
3268 2584 3438 2640 facere
3463 2584 3684 2645 curavi;el
3706 2580 3769 2634 liuet

2358 2675 2448 2730 ille
2487 2674 2649 2747 paulo
2698 2675 2883 2731 durior
2908 2691 2972 2730 ac
3000 2673 3286 2742 difﬁcilior,
3319 2690 3467 2745 quam
3493 2681 3722 2745 optaveram,
3743 2669 3767 2722 in

2359 2766 2673 2822 aSsensione
2702 2765 2912 2833 fuisset,
2940 2765 3120 2822 victus
3155 2775 3331 2822 tamen
3371 2774 3449 2821 est
3486 2763 3689 2820 sedulitate
3707 2772 3769 2828 pre

2358 2872 2482 2912 cum
2542 2872 2806 2927 mearum,
2857 2856 3136 2927 cessitque
3177 2856 3486 2929 improbitati
3525 2869 3638 2917 mea,
3669 2852 3768 2920 quise

2358 2947 2519 3020 paulo
2544 2955 2670 3004 ante
2692 2947 2891 3003 nullius
2911 2946 3171 3018 jussioni,
3194 2948 3250 3004 in
3285 2949 3383 3004 hac
3410 2944 3647 3019 praesertim
3671 2952 3767 2999 causa.

2360 3052 2641 3095 cessurum
2669 3038 3140 3108 pronuntiaverat.

2432 3130 2522 3186 25.
2546 3130 2759 3187 Interea
2779 3131 2962 3187 missis
2982 3133 3049 3187 ad
3073 3131 3371 3189 Ratleicum
3386 3140 3436 3189 et
3456 3123 3769 3187 Lunisonemlitle

2357 3222 2680 3279 ris—erant
2705 3223 2851 3278 enim
2889 3223 2945 3278 in
2973 3237 3039 3278 eo
3075 3222 3217 3291 loco,
3252 3224 3340 3281 ubi
3382 3222 3620 3293 Martyrum
3642 3226 3768 3284 eorum

2356 3313 2884 3384 collocavi—qualis
2909 3327 3007 3386 per
3027 3321 3201 3371 totam
3231 3330 3364 3387 pene
3394 3313 3582 3370 Galliam
3602 3308 3649 3363 de

2355 3405 2557 3463 sanctis
2590 3405 2919 3477 martyribus
2956 3404 3105 3461 fama
3139 3415 3299 3473 esset,
3329 3405 3403 3461 eis
3432 3403 3622 3459 indicare
3644 3404 3767 3477 conﬂi

2355 3476 2843 3554 commonefaciens
2876 3512 2969 3554 eos
2993 3505 3052 3553 ut
3091 3498 3385 3571 cogitarent
3408 3496 3448 3551 si
3472 3489 3628 3561 aliquid
3647 3484 3712 3541 tale
3728 3476 3768 3533 id

2355 3589 2533 3647 simile
2547 3589 2654 3656 bis,
2678 3604 2800 3660 quae
2822 3587 3108 3646 Hildoinus
3135 3594 3200 3646 de
3215 3580 3614 3659 factopresbyteri
3631 3577 3768 3673 sui???

2355 3684 2531 3749 rebat,
2558 3683 2614 3738 in
2640 3682 2728 3737 via
2753 3697 2941 3739 eorum
2982 3680 3193 3738 factum
3233 3681 3494 3737 advertere
3524 3673 3589 3731 vel
3608 3666 3768 3725 'reminiﬁd

2352 3775 2675 3847 potuissent.
2699 3775 2802 3843 Qui
2831 3774 3014 3831 statim
3045 3775 3116 3831 ad
3144 3790 3231 3831 me
3254 3775 3308 3830 in
3348 3770 3572 3844 palatium
3594 3759 3769 3847 νεηίευβδν

2352 3845 2508 3922 valde
2533 3866 2805 3938 disparem
2832 3865 2939 3932 bis,
2963 3880 3085 3936 qua:
3130 3864 3402 3922 Hildoinus
3429 3845 3768 3946 dicebat,fabul13

2354 3931 2677 4013 detulerunt.
2701 3956 2836 4011 Nam
2862 3956 2917 4011 in
2946 3931 3140 4026 primis
3168 3955 3366 4022 omnia,
3395 3967 3502 4024 quae
3519 3931 3769 4026 ρκδδῖτετίίξθ
3836 4000 3837 4015 κ

2354 4047 2607 4105 Hildoino
2635 4048 2916 4115 retulerat,
2937 4021 3073 4103 falsa
3106 4064 3224 4105 esse
3253 4021 3425 4104 testati
3452 4050 3578 4105 sunt;
3596 4044 3710 4102 neque
3730 4021 3769 4078 οι

2353 4138 2460 4194 lam
2488 4148 2678 4209 postea
2701 4154 2865 4211 quam
2890 4138 3060 4195 Roma
3085 4141 3353 4205 exierunt,
3380 4135 3457 4192 vel
3488 4132 3552 4190 illi
3580 4125 3769 4201 pwsle

2352 4230 2439 4288 vel
2458 4231 2679 4287 cuilibet
2702 4232 2857 4287 alteri
2878 4232 3059 4288 datam
3080 4232 3249 4290 fuisse
3267 4231 3589 4290 occasionem,
3605 4222 3767 4293 peril!“111

2355 4324 2423 4381 ad
2466 4322 2730 4396 ejusmodi
2770 4322 2980 4381 facinus
3018 4325 3430 4398 perpetrandum
3470 4318 3630 4374 aditum
3660 4304 3769 4362 halith

2351 4419 2635 4492 potuisset.
2666 4417 2773 4474 Sed
2801 4419 2906 4475 hoc
2947 4418 3126 4490 ipsum
3165 4419 3307 4491 quod
3329 4417 3391 4473 de
3428 4410 3571 4470 sacris
3595 4403 3768 4492 Manil“?

2354 4487 2629 4570 cineribus
2651 4512 2806 4568 aliter
2843 4487 3007 4583 atque
3048 4487 3307 4568 debuerat
3343 4506 3570 4564 accidisse
3585 4487 3768 4594 constabit:

2353 4604 2558 4672 Romae,
2582 4606 2640 4660 in
2662 4605 2822 4662 domo
2850 4604 3169 4671 Deusdonae,
3193 4619 3291 4675 per
3327 4598 3575 4657 avaritiam
3600 4586 3770 4680 Louis???

2352 4704 2408 4753 et
2427 4667 2697 4752 vafritiam
2731 4696 3015 4752 memorati
3038 4667 3337 4769 presbyteri
3361 4687 3621 4761 contigisse,
3639 4691 3682 4732 eo
3695 4667 3770 4769 τίὲ

2352 4788 2481 4845 licet
2506 4796 2745 4860 tempore
2771 4804 2877 4860 quo
2900 4758 3094 4860 corpus
3133 4758 3278 4846 beati
3310 4758 3585 4845 Marcellini,
3605 4774 3651 4828 de
3672 4758 3771 4820 tum“

2358 4896 2454 4938 sua
2491 4880 2780 4948 sublatum,
2810 4883 2865 4937 in
2906 4883 3065 4939 domo
3101 4881 3392 4939 Deusdona:
3437 4861 3772 4954 servabatur,

2355 4974 2589 5045 dumque
2610 4973 2739 5031 facti
2761 4974 2922 5031 talem
2967 4974 3134 5032 fuisse
3176 4976 3438 5031 dixerunt.
3463 4940 3772 5053 Memoﬁllflslﬂ-c

2355 5064 2590 5122 Bildoini
2610 5067 2912 5139 presbyter,
2935 5082 3050 5137 spe,
3076 5081 3237 5137 quam
3262 5065 3326 5121 de
3345 5057 3502 5118 sancti
3529 5045 3694 5108 Tiburiij
3711 5045 3772 5139 οἷς

2354 5174 2486 5233 pore
2512 5133 2856 5230 adipiscendo
2891 5133 3232 5229 conceperat,
3266 5156 3549 5269 frustratus,
3576 5153 3660 5269 ne!“
3648 5133 3774 5269 0:13;:

2354 5220 2558 5307 vacuus
2599 5252 2668 5306 ad
2714 5250 2988 5306 dominum
3032 5264 3189 5306 suum
3227 5247 3578 5304 reverteretur.
3611 5220 3760 5309 αυοάθεξ

2353 5359 2464 5399 non
2488 5351 2718 5414 poterat,
2743 5341 2930 5397 fraude
2970 5342 3184 5412 assequi
3210 5337 3417 5395 molitus
3443 5339 3531 5388 est.
3563 5322 3662 5379 Nam

2351 5399 2538 5493 sonent
2561 5399 2868 5509 aggressus,
2894 5437 3019 5507 quia
3040 5399 3326 5508 pauperem
3347 5444 3409 5485 ac
3428 5399 3773 5523 proin.de

2350 5544 2471 5586 esse
2505 5496 2848 5601 cognoverat,
2868 5496 3063 5585 oblatis
3102 5496 3164 5583 ei
3192 5532 3414 5597 quatuor
3444 5509 3594 5573 aureis
3622 5496 3773 5559 nam“

2354 5708 2447 5766 ubi
2466 5709 2707 5780 reliquiae
2721 5710 2899 5766 sancti
2927 5706 3239 5766 Sebastiani
3266 5672 3777 5809 collataserantatgg‘g

2357 5799 2473 5809 mm.
2506 5783 2642 5809 inc..-
2696 5798 2823 5809 ...πη
2868 5781 2935 5809 0-1
2980 5782 3201 5809 ...ηεληω
3229 5778 3409 5809 ,ιπηιιια
3426 5769 3591 5809 dicitur
3701 5780 3711 5796 υ

2356 5799 2493 5909 ἰηιηο
2506 5765 2670 5847 infra,
2692 5765 2846 5839 illum.
2978 5782 3204 5852 quidam
3228 5778 3410 5835 ductus
3426 5765 3591 5828 didm

2396 5865 2468 5909 as!
2484 5871 2689 5909 tamtm.

2396 5865 2689 5909 asltaziitm.
