3960 6346
129 319 253 377 555

994 321 1174 381 HIST.
1217 321 1610 386 TRANSLAT.
1653 330 1756 387 BB.
1797 331 2216 392 MARCELLINI
2255 333 2347 392 ET
2384 334 2611 394 PETRI.

3317 343 3422 399 554

130 430 440 506 quinisque
464 431 674 503 argenti
704 431 910 502 solidis,
938 435 1004 491 ad
1032 437 1392 506 proditionem
1430 439 1732 498 faciendam
1761 456 1814 516 Α
1839 444 1907 499 ad
1935 446 2234 500 oratorium
2259 447 2520 502 nostrum
2556 462 2654 502 nos
2699 448 2896 504 fecisse
2935 450 3070 517 dixi,
3097 452 3226 521 quid
3260 455 3426 510 mira-

133 524 342 581 illexit.
389 522 678 594 Accipiens
716 527 858 581 enim
910 527 1148 583 oblatam
1196 533 1499 600 pecuniam,
1530 550 1736 602 arcam,

132 617 199 674 in
233 633 343 688 qua
371 632 570 688 corpus
593 620 738 688 beati
763 619 1056 676 Marcellini
1098 633 1217 678 erat
1253 641 1282 678 a
1322 626 1608 681 Deusdona
1647 629 1740 683 de-

134 711 382 774 positum
403 721 564 780 atque
587 711 873 779 inclusum,
912 715 1146 784 aperuit,
1190 724 1246 771 et
1289 717 1365 771 illi
1408 720 1739 788 nequissimo

133 800 403 856 nebuloni
447 799 726 856 auferendi
748 819 815 857 ex
836 819 900 858 ea
948 807 1091 874 quod
1142 807 1323 874 vellet,
1365 809 1578 884 qualem
1625 811 1741 881 ipse

133 902 450 964 aptaverat,
470 902 792 963 potestatem
816 894 963 951 fecit.
987 896 1104 953 Nec
1121 899 1211 956 ille
1232 901 1286 955 in
1310 918 1374 958 ea
1399 904 1588 973 rapina
1611 919 1738 974 par-

133 1002 243 1041 cus
273 986 545 1041 mitznam
575 995 786 1042 tantum
813 989 879 1043 de
902 991 1072 1046 sacris
1106 993 1250 1047 beati
1270 994 1522 1068 Martyris
1547 997 1741 1051 cineri-

136 1079 248 1135 bus
265 1080 505 1147 sustulit,
527 1090 788 1152 quantum
811 1098 907 1138 vas
928 1085 1154 1140 sextarii
1178 1103 1485 1143 mensuram
1511 1089 1738 1158 habens,

135 1187 346 1243 capere
366 1187 526 1242 posse
556 1173 855 1229 videbatur.
902 1175 1016 1232 Hoc
1051 1192 1116 1233 eo
1155 1179 1316 1235 modo
1354 1180 1554 1236 factum
1597 1197 1736 1247 esse,

137 1263 263 1335 ipse
287 1266 378 1335 qui
401 1265 456 1320 id
479 1280 603 1320 cum
628 1276 932 1323 memorato
952 1271 1270 1342 presbytero
1297 1274 1638 1331 machinatus
1659 1283 1744 1330 est

136 1355 371 1422 Luniso,
403 1357 628 1426 pedibus
657 1359 795 1415 meis
817 1361 1156 1430 provolutus,
1180 1361 1359 1419 flendo
1384 1373 1616 1420 testatus
1635 1373 1738 1421 est.

215 1447 309 1502 26.
351 1446 488 1502 Tum
518 1463 638 1520 ego,
678 1450 760 1504 rei
806 1451 1038 1507 veritate
1089 1463 1397 1524 comperta,
1439 1457 1742 1513 Ratleicum

140 1551 213 1592 ac
251 1535 581 1594 Lunisoncm
614 1555 681 1594 eo
708 1542 853 1597 unde
877 1552 1145 1599 venerant
1174 1547 1351 1603 redire
1381 1551 1634 1620 praecepi.
1662 1549 1742 1606 Ac

141 1628 349 1685 deinde
378 1645 498 1684 cum
526 1629 776 1688 Hildoino
802 1633 1046 1701 locutus,
1089 1640 1446 1695 conventione
1473 1641 1617 1696 inter
1643 1657 1742 1698 nos

138 1716 321 1782 facta,
353 1720 560 1790 quando
581 1736 752 1776 sacrae
780 1724 913 1778 mihi
937 1725 1179 1796 reliquiae
1206 1729 1584 1799 redderentur,
1607 1735 1742 1790 duos

1841 537 1946 591 culi
1976 537 2256 603 acciderit,
2286 552 2481 593 censeo
2510 553 2620 592 non
2653 553 2771 593 esse
2795 540 3099 595 tacendum.
3142 543 3431 614 Egredien-

1841 628 1984 683 tibus
2031 629 2175 682 enim
2225 629 2379 684 nobis
2425 630 2492 685 de
2522 629 2748 685 ecclesia
2775 671 2790 695 ,
2833 631 3152 702 laudemque
3199 635 3427 693 Domino

1841 718 1953 771 Deo
1977 727 2167 774 nostro
2199 719 2413 774 excelsa
2440 734 2574 776 voce
2615 721 2938 776 canentibus
2959 762 2974 787 ,
3020 731 3167 778 tanta
3197 727 3276 781 vis
3303 744 3430 784 sua-

1841 810 2049 864 vissimi
2095 812 2278 867 odoris
2326 829 2446 868 eam
2493 822 2703 885 partem
2751 815 2856 870 vici
2883 815 3172 886 Aquensis,
3216 837 3336 891 quae
3361 823 3428 878 ab

1841 902 2073 956 ecclesia
2097 904 2165 959 ad
2190 904 2527 960 occidentem
2557 907 2814 976 respicit,
2853 903 3026 964 totam'
3055 910 3330 982 implevit,
3369 923 3431 970 ut

1843 992 1931 1048 illa
1961 991 2230 1065 fragantia
2277 1011 2416 1065 pene
2455 1011 2644 1052 omnes
2688 995 2928 1066 ejusdem
2956 1003 3130 1070 partis
3159 1004 3432 1061 habitato-

1844 1098 1971 1147 res,
2015 1084 2252 1154 itemque
2297 1087 2577 1154 universi,
2625 1090 2717 1158 qui
2759 1105 2859 1160 pro
2886 1091 3214 1160 quibuslibet
3252 1098 3434 1153 causis

1844 1183 2008 1246 atque
2046 1177 2277 1247 negotiis
2327 1179 2517 1235 eadem
2565 1180 2618 1234 in
2657 1191 2812 1253 parte
2855 1182 3070 1240 fuerant
3118 1189 3428 1258 constituti,

1843 1265 1921 1322 ita
1968 1267 2226 1322 divinitus
2277 1281 2769 1340 commoverentur,
2819 1282 2880 1328 ut
2922 1275 3138 1332 omissis
3165 1318 3180 1344 ,
3223 1293 3342 1348 quae
3377 1280 3432 1335 in

1845 1359 2094 1415 manibus
2128 1361 2468 1416 habebantur
2489 1364 2764 1434 operibus,
2811 1369 2990 1423 cuncti
3013 1385 3177 1425 cursu
3202 1373 3435 1442 rapidis-

1845 1449 1982 1504 simo
2004 1450 2181 1520 primo
2203 1453 2270 1507 ad
2298 1452 2606 1521 ecclesiam,
2635 1455 2830 1513 deinde
2851 1459 3002 1528 quasi
3029 1475 3128 1531 per
3147 1463 3434 1531 vestigium

1846 1539 1915 1594 ad
1941 1542 2239 1596 oratorium
2270 1553 2537 1609 nostrum,
2571 1545 2627 1600 in
2661 1548 2803 1616 quod
2826 1549 2944 1604 illas
2973 1550 3228 1621 reliquias
3257 1553 3435 1609 illatas

1846 1644 1968 1685 esse
1999 1633 2307 1700 audierant,
2353 1650 2696 1706 summopere
2723 1638 3070 1697 festinarent.
3127 1644 3218 1700 Fit
3244 1645 3436 1703 immo.

1848 1719 2002 1776 dicus
2031 1723 2172 1778 intra
2214 1733 2364 1794 septa
2415 1737 2602 1782 nostra
2645 1731 2938 1787 exultantis
2967 1733 3128 1789 simul
3157 1744 3317 1806 atque
3343 1740 3438 1794 ad-

138 1808 383 1866 clericos
409 1811 472 1866 de
493 1811 655 1868 domo
683 1823 869 1870 nostra
886 1857 901 1882 ,
935 1816 1250 1874 Hiltfridum
1279 1822 1529 1879 videlicet
1563 1840 1627 1881 ac
1649 1825 1742 1880 Fi-

1846 1812 2097 1866 mirantis
2124 1815 2306 1884 populi
2348 1832 2682 1887 concursus;
2717 1830 2771 1876 et
2797 1837 2920 1876 cum
2958 1840 3153 1897 magna
3191 1843 3320 1897 pars
3345 1843 3438 1885 eo-

139 1897 638 1958 limarum—alter
665 1906 973 1976 presbyter,
1007 1907 1151 1963 alter
1178 1911 1542 1969 subdiaconus
1572 1929 1598 1955 ι
1622 1924 1742 1970 erat

138 2019 217 2028 —
241 1990 313 2044 ad
341 1991 683 2062 recipiendas
715 2009 809 2050 eas
834 1994 1136 2066 Augustam
1172 1997 1524 2058 Suessionum
1559 2005 1586 2045 b
1624 2022 1744 2076 per-

139 2095 278 2150 gere
299 2079 472 2149 jussi:
509 2085 730 2141 mittens
778 2101 878 2157 per
905 2091 1123 2145 eosdem
1159 2092 1227 2147 ad
1263 2092 1477 2161 locum,
1533 2097 1599 2152 de
1634 2116 1741 2170 quo

140 2169 352 2224 eaedem
380 2170 622 2242 reliquiae
649 2173 957 2232 auferendae
981 2189 1159 2248 erant,
1193 2181 1590 2242 benedictionis
1618 2205 1742 2259 gra-

139 2261 245 2326 tia,
289 2277 538 2319 nummos
587 2280 783 2322 aureos
829 2284 1057 2326 numero
1107 2277 1342 2328 centum.
1409 2275 1511 2344 Qui
1551 2279 1642 2334 ubi
1673 2281 1741 2335 ad

139 2355 536 2409 monasterium
568 2354 624 2410 S.
665 2356 904 2415 Medardi
942 2362 996 2416 in
1029 2362 1118 2419 die
1147 2363 1457 2432 Palmarum
1494 2381 1518 2410 ο
1554 2371 1738 2426 venis-

139 2455 305 2510 sent,
333 2463 429 2515 per
472 2450 715 2506 triduum
745 2453 818 2507 ibi
854 2457 1052 2512 morati
1088 2468 1214 2514 sunt
1248 2479 1261 2513 :
1293 2471 1348 2517 et
1374 2472 1594 2535 recepto
1625 2466 1738 2533 illo,

139 2547 375 2608 propter
397 2555 560 2609 quem
584 2543 736 2598 missi
757 2542 993 2614 fuerant,
1023 2548 1435 2620 incomparabili
1463 2557 1736 2626 thesauro,

136 2630 529 2687 comitantibus
576 2648 760 2690 secum
806 2638 1014 2695 duobus
1053 2656 1117 2696 ex
1163 2645 1352 2699 eodem
1406 2651 1739 2707 monasterio

137 2718 440 2789 fratribus,
472 2735 679 2794 quanta
708 2736 1001 2797 potuerunt
1037 2733 1316 2790 celeritate
1337 2777 1351 2801 ,
1382 2738 1449 2792 ad
1479 2739 1740 2810 palatium

139 2815 354 2868 reversi
385 2825 542 2883 sunt;
573 2818 831 2889 reliquias
859 2830 1041 2878 tamen
1080 2841 1188 2880 non
1216 2828 1371 2895 mihi,
1405 2834 1502 2887 sed
1535 2833 1739 2889 Hildoi-

137 2919 215 2960 no
262 2906 589 2963 detulerunt.
655 2909 802 2977 Quas
829 2912 919 2968 ille
946 2916 1246 2988 recipiens,
1287 2921 1344 2976 in
1368 2925 1608 2981 oratorio
1636 2926 1735 2981 do-

137 3013 266 3053 mus
296 3014 405 3054 suae
431 2999 562 3057 fecit
588 3005 870 3074 custodiri,
905 3024 1077 3080 usque
1115 3011 1242 3068 dum
1265 3054 1281 3080 ,
1314 3019 1607 3074 transactis
1637 3018 1739 3075 Pa-

136 3091 348 3145 schalis
374 3091 500 3148 festi
543 3096 1020 3166 occupationibus,
1068 3117 1300 3158 vacuum
1329 3112 1540 3177 tempus
1571 3108 1737 3164 habe-

136 3191 250 3248 ret,
280 3199 389 3254 quo
411 3185 542 3240 mihi
573 3187 661 3253 id,
693 3189 836 3258 quod
863 3191 1196 3248 reddendum
1221 3205 1370 3263 erat,
1419 3199 1738 3268 priusquam

136 3276 436 3342 redderet,
493 3281 780 3336 ostendere
823 3284 1108 3352 potuisset.
1169 3285 1573 3361 Completisque
1616 3299 1740 3363 post

130 3377 402 3426 sanctum
442 3369 644 3427 Pascha
681 3383 806 3429 octo
849 3375 935 3431 vel
977 3391 1042 3434 eo
1081 3378 1313 3449 amplius
1361 3381 1572 3449 diebus,
1613 3399 1739 3440 eum

131 3477 243 3518 rex
267 3462 498 3517 venandi
521 3464 695 3535 gratia
723 3466 791 3521 de
829 3466 1032 3537 palatio
1075 3468 1268 3526 fuisset
1301 3485 1575 3542 egressus,
1623 3474 1739 3530 Hil-

134 3555 372 3620 doinus,
426 3557 723 3612 secundum
754 3560 899 3630 quod
935 3560 1078 3616 inter
1103 3578 1203 3618 nos
1229 3560 1592 3632 convenerat,
1624 3582 1738 3624 me-

132 3648 372 3702 moratis
403 3647 648 3718 reliquiis
679 3649 746 3705 de
771 3651 1012 3707 oratorio
1042 3667 1140 3707 suo
1159 3695 1175 3720 ,
1230 3655 1324 3710 ubi
1352 3658 1732 3724 servabantur,

139 3739 379 3796 sublatis
408 3747 574 3810 atque
597 3741 836 3798 basilicae
861 3743 919 3799 S.
955 3745 1050 3800 Dei
1077 3747 1359 3817 genitricis
1380 3749 1570 3815 illatis,
1602 3751 1737 3806 alta-

131 3831 302 3900 rique
331 3833 688 3903 superpositis
709 3874 724 3900 ,
776 3850 862 3890 me
892 3844 952 3890 ut
990 3852 1084 3893 eas
1112 3839 1445 3911 susciperem
1489 3841 1620 3898 fecit
1645 3859 1738 3900 ac-

133 3922 266 3977 ciri.
309 3922 445 3977 Tum
474 3939 694 3996 capsam
717 3967 733 3992 ,
775 3925 832 3981 in
872 3943 979 3998 qua
1020 3929 1266 4000 reliquiae
1296 3933 1731 4002 continebantur,

97 4013 416 4085 .aperiens,
446 4015 685 4069 ostendit
711 4016 846 4070 mihi
876 4025 934 4071 ut
963 4018 1200 4074 viderem
1229 4021 1360 4091 quid
1389 4031 1555 4087 esset,
1589 4026 1735 4095 quod

130 4115 200 4166 et
233 4107 327 4162 ille
357 4109 624 4188 redderet,
649 4117 704 4165 et
730 4110 874 4180 quod
903 4126 1004 4183 ego
1027 4114 1348 4184 reciperem.

212 4200 305 4254 27.
345 4199 482 4255 Exin
510 4201 780 4257 sublatam
809 4203 878 4257 de
901 4203 1061 4260 altari
1092 4207 1336 4262 eamdem
1364 4225 1582 4282 capsam
1621 4230 1736 4270 ma-

131 4297 307 4352 nibus
330 4297 465 4352 meis
493 4296 788 4368 imposuit,
840 4298 1074 4371 dataque
1101 4304 1347 4361 oratione
1381 4308 1734 4377 competenti,

130 4391 496 4463 praecentoris
519 4392 684 4448 etiam
705 4391 883 4450 oﬂicio
909 4395 1154 4468 functus,
1206 4402 1562 4471 antiphonam
1586 4404 1735 4460 laudi

130 4490 451 4554 martyrum
481 4485 896 4542 convenientem
932 4488 1144 4545 clericis
1178 4492 1246 4546 ad
1271 4493 1612 4563 psallendum
1641 4512 1738 4566 pa-

129 4579 278 4629 ratis
309 4573 599 4644 imposnit;
647 4592 856 4649 nosque
903 4596 1026 4636 cum
1075 4581 1169 4638 illo
1211 4584 1572 4640 inaestimabili
1622 4590 1740 4644 the-

128 4679 308 4721 sauro
353 4667 668 4723 recedentes
693 4709 708 4735 ,
754 4685 927 4741 usque
965 4672 1034 4727 ad
1069 4673 1268 4728 ostium
1294 4676 1530 4732 basilica:
1556 4680 1739 4736 conci-

129 4755 325 4811 nendo
354 4768 674 4826 prosecutus
719 4769 821 4816 est.
891 4761 1267 4820 Processimus
1311 4766 1436 4822 inde
1473 4769 1737 4839 paulatim

127 4865 263 4904 cum
288 4852 543 4907 crucibus
569 4861 624 4908 et
651 4855 846 4922 cereis,
877 4854 1159 4913 laudantes
1183 4859 1397 4914 Domini
1425 4862 1738 4918 misericor-

125 4941 287 4998 diam
306 4983 322 5009 ,
362 4958 536 5014 usque
577 4946 645 4999 ad
685 4948 983 5001 oratorium
1002 4987 1018 5013 ,
1045 4949 1193 5017 quod
1219 4957 1338 5004 erat
1365 4951 1420 5005 in
1449 4951 1609 5006 domo
1640 4968 1737 5008 no-

121 5043 250 5090 stra
272 5073 290 5099 ,
343 5034 437 5089 vili
481 5048 645 5105 opere
671 5042 1074 5102 constructum;
1105 5038 1298 5109 eique,
1328 5040 1456 5110 quia
1486 5041 1630 5097 aliud
1655 5043 1731 5098 ibi

120 5139 248 5182 non
275 5125 599 5193 habebatur,
644 5128 764 5183 illas
802 5143 987 5184 sacras
1010 5129 1272 5200 reliquias
1300 5131 1602 5188 intulimus.
1667 5133 1728 5188 ln

121 5219 229 5278 illa
249 5236 386 5276 vero
406 5221 750 5292 processione
779 5231 986 5290 nostra,
1019 5238 1182 5295 quam
1211 5223 1277 5279 de
1303 5223 1530 5280 basilica
1555 5241 1728 5298 usque

206 5391 236 5420 ι
276 5377 568 5448 Aliquibus
592 5378 869 5432 diaconus.

204 5449 237 5490 ι)
279 5447 445 5504 Surio
477 5447 814 5504 Sueuorum.
889 5497 893 5502 ,

1847 1918 1988 1968 rum,
2020 1906 2111 1973 qui
2141 1905 2545 1976 conﬂuxerant,
2596 1910 2649 1964 id
2680 1912 2822 1982 quod
2852 1915 3113 1985 agebatur
3140 1919 3268 1987 quid
3295 1930 3441 1976 esset

1844 1993 2139 2064 ignoraret,
2169 1999 2366 2067 gaudio
2395 2008 2576 2055 tamen
2611 2012 2665 2057 et
2700 2005 3031 2062 exultatione
3063 2008 3295 2079 repleti,
3340 2013 3437 2068 Dei

1845 2085 2236 2155 omnipotentis
2263 2091 2696 2148 misericordiam
2727 2095 3122 2154 collaudabant.

1915 2173 2004 2230 28.
2046 2175 2343 2248 Postquam
2371 2191 2589 2249 autem,
2623 2183 2766 2239 fama
2813 2188 3211 2259 crebrescente,
3264 2193 3440 2249 divul-

1845 2273 2031 2336 gatum
2082 2277 2167 2323 est
2211 2270 2468 2340 reliquias
2521 2276 2695 2330 sancti
2750 2276 3046 2334 Marcellini
3094 2284 3352 2354 martyris
3382 2285 3441 2342 in

1843 2370 1969 2411 eum
2012 2357 2190 2414 locum
2235 2377 2356 2416 esse
2383 2363 2616 2432 delatas,
2665 2383 2770 2422 non
2799 2369 2974 2425 solum
3002 2372 3067 2427 de
3093 2375 3282 2428 eodem
3316 2375 3440 2432 vico

1842 2447 2109 2519 Aquensi,
2146 2463 2203 2509 et
2226 2455 2420 2511 vicinis
2450 2467 2614 2528 atque
2636 2461 3010 2531 adjacentibus
3037 2466 3180 2523 villis
3206 2509 3221 2535 ,
3249 2483 3439 2526 verum

1843 2539 2010 2595 etiam
2055 2542 2122 2597 de
2168 2544 2635 2617 longinquioribus
2682 2550 2816 2606 locis
2863 2568 2928 2608 ac
2962 2557 3118 2627 pagis
3160 2559 3296 2614 adeo
3325 2559 3438 2615 fre-

1843 2648 2016 2704 quens
2046 2645 2208 2706 atque
2239 2639 2493 2696 immanis
2519 2641 2809 2700 multitudo
2835 2659 3163 2720 congregata
3201 2661 3284 2707 est
3307 2694 3323 2718 ,
3379 2665 3442 2709 ut

1841 2726 2001 2782 nobis
2047 2729 2117 2784 ad
2164 2727 2397 2786 ofﬁcium
2440 2733 2495 2788 in
2538 2735 2728 2791 eodem
2755 2739 2997 2794 oratorio
3025 2741 3435 2811 celebrandum,

1841 2827 2045 2888 praeter
2070 2824 2411 2891 vespertinas
2439 2827 2605 2882 horas
2634 2836 2796 2899 atque
2822 2840 3148 2899 nocturnas,
3177 2835 3322 2891 haud
3358 2835 3439 2892 fa-

1842 2911 1964 2968 cilis
1991 2922 2203 2982 pateret
2237 2916 2508 2974 introitus.
2551 2921 2977 2978 Adducebantur
3010 2925 3251 2996 undique
3290 2928 3441 2984 debi-

1841 3000 1946 3069 les,
1991 3013 2046 3058 et
2072 3006 2242 3062 variis
2267 3006 2446 3064 affecti
2477 3010 2830 3083 languoribus
2851 3054 2866 3080 ,
2911 3030 3060 3070 circa
3087 3019 3314 3074 oratorii
3343 3035 3441 3090 pa-

1844 3091 2034 3158 rietes,
2067 3110 2097 3148 a
2120 3096 2440 3168 propinquis
2464 3101 2579 3156 suis
2606 3111 2770 3172 atque
2791 3105 2983 3161 amicis
3010 3106 3437 3166 collocabantur.

1767 3180 1812 3244 C
1843 3184 2072 3241 Videres
2119 3187 2192 3242 ibi
2239 3205 2379 3259 pene
2426 3193 2611 3247 omnia
2654 3194 3030 3252 infirmitatum
3072 3214 3269 3269 genera
3295 3241 3310 3266 ,
3342 3215 3441 3271 per

1841 3275 2098 3332 virtutem
2126 3277 2331 3336 Christi
2358 3280 2606 3351 Domini,
2643 3295 2700 3341 et
2732 3301 2833 3356 per
2856 3291 3110 3346 meritum
3139 3292 3441 3350 beatissimi

1841 3371 2124 3440 martyris,
2153 3372 2207 3426 in
2239 3376 2389 3430 omni
2411 3392 2544 3432 sexu
2573 3386 2629 3434 et
2652 3387 2814 3436 aetate
2831 3383 3032 3438 curari.
3075 3383 3246 3442 Caecis
3268 3386 3439 3455 visus,

1841 3461 2052 3519 claudis
2081 3464 2345 3534 incessus,
2375 3470 2556 3526 surdis
2577 3472 2819 3541 auditus,
2852 3476 3019 3533 mutis
3048 3492 3230 3536 sermo
3255 3479 3440 3537 reddi-

1841 3560 1960 3620 tur;
1991 3556 2278 3629 paralytici
2308 3560 2496 3627 etiam,
2529 3569 2584 3618 et
2622 3563 2719 3634 qui
2759 3565 2926 3622 totius
2955 3568 3204 3638 corporis
3230 3570 3440 3628 viribus

1840 3647 2122 3718 destituti,
2171 3653 2364 3710 alienis
2409 3657 2660 3714 manibus
2705 3663 2978 3731 apportati
3016 3673 3160 3730 sunt,
3207 3669 3441 3725 sanitate

1839 3753 2084 3813 recepta,
2120 3747 2357 3816 propriis
2382 3749 2610 3819 pedibus
2640 3753 2708 3807 ad
2737 3769 2836 3808 sua
2865 3759 3280 3816 revertebantur
3302 3760 3351 3816 (ι.

1913 3838 2003 3895 29.
2044 3839 2171 3896 Haec
2215 3843 2306 3898 ubi
2351 3845 2421 3898 ad
2460 3846 2642 3914 regias
2687 3862 2848 3903 aures
2889 3849 3152 3907 relatione
3199 3853 3438 3912 Hildoini

1838 3932 2048 4001 perlata
2074 3943 2218 4000 sunt,
2251 3936 2442 3991 statuit
2467 3939 2644 4007 primo
2663 3950 2724 3994 ut
2751 3943 2818 3997 ad
2843 3943 3103 4011 palatium
3130 3961 3436 4016 regressus,

1839 4025 2140 4079 oratorium
2179 4035 2426 4082 nostrum
2454 4068 2470 4094 ,
2502 4029 2555 4082 in
2584 4046 2692 4100 quo
2729 4031 2846 4088 haec
2875 4032 3076 4090 ﬁebant
3095 4077 3110 4103 ,
3139 4048 3436 4110 martyrem

1838 4119 2258 4174 venerabundus
2305 4121 2589 4178 accederet
2621 4142 2634 4177 :
2666 4125 2759 4179 sed
2788 4113 2857 4182 ne
2882 4125 2937 4182 id
2964 4126 3195 4196 faceret,
3243 4132 3435 4188 eodem

1840 4208 2094 4266 Bildoino
2121 4222 2468 4284 suggerente,
2495 4215 2799 4286 prohibitus
2821 4259 2836 4285 ,
2873 4219 2943 4274 ad
2967 4219 3224 4291 majorem
3250 4222 3436 4278 basili-

1841 4315 1959 4356 cam
2003 4302 2265 4374 reliquias
2295 4303 2494 4360 deferri
2523 4308 2782 4378 prmcepit
2807 4350 2822 4377 ,
2853 4310 3037 4381 ibique
3066 4312 3294 4379 delatas,
3331 4314 3435 4369 bu-

1840 4392 1955 4446 mili
1983 4395 2377 4464 supplicatione
2405 4407 2696 4455 veneratus
2726 4409 2836 4469 est,
2883 4403 3279 4477 celebratisque
3299 4405 3435 4462 mis-

1844 4499 2029 4539 sarum
2058 4487 2356 4556 solemniis,
2381 4489 2579 4545 obtulit
2606 4491 2782 4548 beatis
2811 4495 3172 4567 martyribus,
3205 4494 3433 4552 Marcel-

1762 4547 1816 4607 D
1842 4575 1953 4632 lino
2002 4585 2060 4631 et
2097 4577 2281 4646 Petro,
2337 4547 2610 4650 quoddam
2665 4547 3429 4658 praediolnmrs—itumﬂju'x‘ta

1840 4667 2065 4723 ﬂuvium
2089 4669 2276 4737 Aram,
2302 4674 2566 4730 vocabulo
2581 4675 2960 4733 Ludovesdorf
2977 4689 3023 4744 θ,
3043 4679 3248 4735 habens
3276 4696 3431 4736 man-

1840 4778 1932 4818 sos
1968 4763 2278 4832 quindecim
2303 4774 2359 4822 et
2397 4767 2678 4824 vinearum
2708 4770 2994 4842 aripennes
3017 4785 3232 4827 novem.
3259 4771 3430 4829 Obtu-

1839 4852 1904 4907 lit
1934 4862 1992 4909 et
2025 4856 2212 4926 regina
2243 4857 2517 4928 cingulum
2564 4875 2721 4914 suum
2748 4902 2762 4927 ,
2816 4875 2884 4915 ex
2933 4876 3068 4916 auro
3115 4870 3172 4917 et
3198 4865 3427 4935 gemmis

1840 4945 2063 5012 factum,
2091 4963 2326 5018 pensans
2351 4950 2522 5006 libras
2547 4960 2677 5007 tres.
2716 4951 2924 5018 Quibus
2945 4953 3204 5023 expletis,
3243 4955 3426 5013 relata;

1834 5046 1964 5092 sunt
2000 5039 2244 5109 reliquiae
2270 5042 2336 5096 ad
2358 5041 2535 5098 locum
2567 5059 2744 5109 suum,
2769 5043 2825 5098 in
2849 5046 3146 5102 oratorium
3174 5048 3427 5106 videlicet

1832 5139 2080 5187 nostrum
2102 5174 2116 5198 ,
2161 5132 2488 5212 fueruntque
2518 5135 2592 5190 ibi
2633 5134 2823 5190 diebus
2852 5138 3208 5211 quadraginta
3245 5140 3332 5196 vel
3353 5156 3422 5198 eo

1831 5224 2062 5296 amplius
2096 5224 2137 5292 ί,
2166 5240 2337 5296 usque
2368 5228 2497 5282 dum
2540 5225 2837 5296 imperator
2871 5227 3073 5298 palatio
3115 5231 3417 5301 egrediens,

1826 5384 1885 5440 in
1931 5383 2224 5442 Juliacensi
2278 5385 2478 5440 ducatu
2541 5385 2762 5452 oriens,
2801 5400 2919 5510 1per
2972 5386 3197 5458 Eyﬂiam
3245 5389 3419 5445 intrat

1833 5456 2112 5510 dimcesim
2150 5456 2552 5510 Coloniensem:
2596 5471 2762 5510 seuue
2852 5459 2992 5510 heno
3033 5459 3306 5510 immergit
3332 5460 3419 5510 in-

1833 5456 2112 5512 dimcesim
2150 5456 2552 5522 Coloniensem;
2596 5471 2762 5526 seque

2852 5459 2994 5531 bene
3033 5459 3306 5531 immergit
3331 5460 3420 5516 in-

205 5531 230 5558 ο
276 5519 424 5601 Ergo
454 5519 520 5573 14
539 5519 739 5601 Aprilis
765 5539 777 5573 :
804 5534 933 5575 nam
951 5519 1164 5577 Pascha
1195 5536 1425 5579 eoanno
1455 5522 1557 5580 827
1581 5523 1722 5580 cele-
1832 5535 1919 5601 ter
1953 5527 2234 5583 Coloniam
2272 5536 2328 5582 et
2365 5519 2745 5582 continentiam
2769 5567 2784 5593 ,
2842 5529 2910 5583 ad
2959 5519 3278 5585 Zunichiuiii
3314 5545 3415 5601 op-

115 5591 410 5649 brandum
439 5599 561 5645 erat
582 5591 670 5645 2i.

200 5663 231 5701 «ί
273 5662 473 5732 Aliqua
501 5677 568 5716 ex
598 5661 876 5718 miraculis
908 5661 1052 5718 infra
1090 5672 1204 5722 toto
1241 5666 1420 5737 capite
1441 5673 1597 5723 sexto
1631 5680 1720 5723 re-

115 5735 412 5792 feruntur.
1309 5735 1325 5737 ⁷

202 5818 228 5845 ο
275 5804 442 5860 Surio
478 5801 876 5876 Ludovestropf.
906 5803 1129 5864 Fluvius
1175 5807 1285 5864 Ara
1312 5849 1327 5877 ,
1357 5809 1444 5865 cui
1488 5807 1722 5881 adiacet.

543 5897 815 5960 ΡΑτιοι.
851 5898 1014 5965 CIV.

1830 5599 2038 5668 pidum.

1911 5669 1931 5708 τ
1993 5670 2136 5741 Ergo
2184 5681 2358 5738 usque
2416 5668 2484 5726 ad
2546 5671 2750 5728 exitum
2810 5670 2933 5727 Maii
2954 5657 2986 5737 ξ
3062 5671 3149 5728 vel
3200 5669 3415 5729 initium

1828 5739 1996 5797 Junii.

2904 5904 2978 5963 18
