3960 6346
513 334 619 395 555

1833 294 2212 357 EGINHARDI
2244 288 2538 347 ABBATIS

510 393 746 511 mw
775 440 989 519 gnua.
1032 433 1270 523 ,ωιθπιιιί
1310 429 1465 488 more
1716 422 1946 523 νέξετθι·
1987 413 2107 523 (ξιτο
2135 412 2189 475 Α
2207 395 3367 523 metmufﬁﬂ’iizjbﬁﬂimiﬁkﬁ‘:

513 548 679 610 facto,
708 550 763 597 et
778 511 889 594 nos
909 512 1269 602 comparatis,
1317 539 1437 595 quae
1479 520 1548 575 ad
1575 511 1965 610 profectionem
2003 521 2102 610 no-

514 602 685 699 stram
733 627 1046 690 necessaria
1070 623 1417 684 videbantur,
1458 629 1583 671 cum
1619 608 1826 667 eisdem
1854 602 2104 673 reliquiis

515 737 583 793 de
604 733 723 788 vico
746 723 986 797 Aquensi
1011 715 1400 790 promovimus.
1440 710 1498 765 in
1528 710 1644 779 ipso
1682 712 1862 760 autem
1900 706 2104 797 nostra:

515 790 845 899 egressionis
877 810 1127 874 articulo,
1171 821 1295 862 cum
1334 804 1623 859 missarum
1659 795 1921 899 solemnia
1956 790 2103 847 cele-

405 932 411 937 ·
515 886 831 975 brarentur,
859 921 995 962 anus
1017 899 1264 972 quaedam
1284 896 1341 950 in
1372 892 1573 964 palatio
1600 886 1906 949 notissima,
1934 895 2107 936 anno-

354 1062 363 1075 .
448 981 455 987 ‘
518 973 645 1066 rum
673 973 896 1061 circiter
937 993 1212 1065 octoginta
1239 1029 1254 1055 ,
1298 998 1589 1042 nervorum
1625 977 1998 1036 contractione
2023 973 2108 1028 la-

517 1106 722 1162 borans
745 1139 761 1165 ,
813 1097 869 1151 in
913 1094 1204 1159 conspectu
1251 1090 1443 1139 nostro
1488 1086 1676 1135 curata
1703 1082 1806 1129 est.
1862 1072 2016 1139 Quze,
2042 1074 2107 1125 ut

520 1200 641 1269 ipsa
672 1194 933 1248 narrante
984 1180 1271 1240 didicimus
1295 1217 1311 1241 ,
1351 1187 1453 1246 per
1490 1165 1889 1269 quinquaginta
1934 1174 2109 1269 annos

519 1258 629 1347 hoc
671 1283 863 1341 morbo
902 1278 1118 1335 detenta
1138 1314 1153 1340 ,
1198 1281 1351 1327 mone
1397 1263 1830 1337 quadrupedum,
1878 1258 2108 1331 genibus

594 1607 687 1664 50.
706 1604 834 1659 Inde
851 1601 955 1657 iter
967 1592 1219 1668 ingressi,
1240 1583 1659 1659 suifragantibus
1676 1588 1985 1636 sanctorum
2003 1589 2112 1668 me-

522 1699 835 1765 ritis,sexto
847 1666 1056 1747 decimo
1072 1685 1200 1759 [Με.
1213 1725 1227 1749 ,
1252 1688 1404 1738 sexto
1424 1668 1663 1745 demum]
1685 1668 1773 1727 die
1793 1666 2111 1765 Mulinheim

524 1754 725 1855 vicum,
750 1787 805 1842 in
829 1798 937 1854 quo
957 1754 1143 1836 sacros
1166 1775 1447 1830 beatorum
1473 1774 1773 1835 martyrum
1798 1762 2012 1816 cineres
2043 1754 2112 1811 ad

527 1852 1161 1945 comitatum—profecturi
1196 1862 1520 1923 dimisimus,
1554 1854 1784 1911 Domino
1822 1852 2117 1921 adjuvante

524 1974 888 2050 pervenimus.
910 1967 966 2020 lu
982 1978 1089 2034 quo
1108 1959 1304 2015 itinere
1324 1961 1585 2024 quantum
1603 1947 1804 2020 gaudii,
1830 1953 2117 2050 quantum-

526 2036 880 2139 que-laetitia,
912 2059 979 2113 de
998 2056 1213 2109 illarum
1236 2049 1471 2102 adventu
1497 2042 1871 2112 reliquiarum,
1902 2036 2117 2139 pOpulis

526 2129 586 2216 in
611 2156 799 2212 eadem
824 2151 915 2206 via
943 2142 1365 2204 consistentibus
1407 2135 1741 2198 accesserit,
1775 2145 1952 2201 neque
1978 2129 2116 2185 mihi

528 2246 796 2306 silendum
820 2250 922 2307 est,
948 2253 1050 2293 nec
1088 2243 1267 2290 tamen
1291 2233 1367 2287 ita
1399 2238 1461 2284 ut
1489 2229 1614 2294 fuit,
1634 2226 1795 2297 plene
1822 2225 1928 2281 dici
1951 2231 2117 2292 atque

528 2337 803 2398 enuntiari
830 2340 1026 2406 potest.
1051 2326 1351 2386 Dicendum
1373 2333 1554 2380 tamen
1585 2330 1689 2386 est,
1717 2335 1787 2375 ne
1812 2335 1900 2375 res
1921 2319 1987 2373 ad
2019 2310 2117 2373 Dei

529 2435 744 2490 laudem
758 2428 994 2486 maxime
1004 2418 1467 2497 pertinens,quasi
1482 2431 1580 2488 per
1597 2414 1882 2478 desidiam,
1900 2412 2118 2468 silentio

534 2541 823 2600 suppressa
837 2522 1101 2578 videatur.
1123 2515 1202 2571 Ac
1218 2512 1455 2586 primum
1471 2509 1691 2580 quidem
1711 2506 1875 2579 gestit
1903 2504 2119 2560 animus

529 2621 587 2677 id
610 2599 813 2674 referre
831 2656 847 2681 ,
895 2610 1058 2683 quod,
1086 2608 1286 2681 palatio
1312 2604 1550 2676 egressi,
1579 2602 1633 2657 in
1662 2599 1951 2656 multorum
1979 2612 2120 2669 prae-

533 2710 709 2767 sentia
736 2721 834 2762 nos
857 2704 1059 2759 vidisse
1088 2698 1509 2756 reminiscimur.
1579 2692 1835 2747 Vurmtus
1865 2703 1891 2731 α
1919 2689 2121 2744 dicitur

527 2802 803 2867 ﬂuviolus,
829 2797 1039 2855 duobus
1070 2793 1187 2850 fere
1225 2804 1483 2862 passuum
1513 2785 1751 2842 millibus
1786 2784 1852 2840 ab
1879 2780 2120 2852 Aquensi

531 2892 735 2967 palatio
759 2890 1052 2945 distantem
1077 2885 1286 2940 habens
1314 2889 1555 2953 pontem.
1595 2878 1678 2933 Ad
1712 2892 1875 2948 quem
1903 2875 2123 2967 venien-

534 2963 639 3051 tes,
668 2988 890 3055 propter
915 2973 1314 3032 multitudinem
1358 2985 1479 3041 quae
1529 2984 1628 3024 nos
1657 2981 1897 3037 eousque
1930 2963 1996 3020 de
2024 2979 2122 3035 pa-

534 3079 666 3144 latio
686 3072 1134 3148 prosequebatur,
1151 3066 1376 3138 jamque
1405 3064 1585 3120 redire
1607 3062 1844 3126 volebat,
1874 3065 1934 3114 ut
1960 3074 2121 3114 oran-

2207 506 2477 555 moratum
2520 491 2833 549 Mulinheim
2878 494 3081 556 vicum,
3136 489 3368 545 Domino
3408 489 3515 544 iter
3552 498 3811 545 nostum

2204 597 2580 665 prosperante,
2621 584 2986 658 pervenimus.
3041 583 3221 654 Atque
3260 583 3331 638 ibi
3383 582 3506 638 illas
3544 582 3813 653 reliquias

2206 699 2369 756 super
2406 681 2587 745 altari,
2630 693 2777 749 pone
2830 677 2978 749 quod
3015 674 3226 731 loculus
3266 690 3457 731 sacros
3500 684 3815 747 martyrum

2208 777 2421 833 cineres
2456 773 2742 829 continens
2785 769 2997 840 positus
3042 777 3186 833 erat,
3219 776 3489 840 gemmata
3520 782 3698 838 capsa
3728 783 3813 823 re-

2207 868 2460 927 conditas
2509 864 2933 929 collocavimus;
2986 860 3314 931 fueruntque
3350 860 3428 916 ibi
3465 860 3549 916 sic
3599 862 3815 932 posita,

2207 975 2381 1034 usque
2404 958 2532 1014 dum
2564 973 2665 1014 nos
2708 970 2900 1011 mense
2947 952 3265 1009 novembrio
3305 952 3374 1007 ad
3415 951 3694 1023 palatium
3742 955 3819 1012 ire

2206 1062 2485 1129 parantes,
2506 1069 2605 1125 per
2623 1051 3010 1108 revelationem
3035 1046 3300 1102 admoniti
3322 1060 3535 1111 sumus,
3566 1060 3638 1100 ne
3663 1048 3818 1117 prius

2208 1150 2278 1207 de
2313 1149 2406 1204 illo
2443 1147 2563 1203 loco
2602 1142 3093 1216 proﬁcisceremur,
3138 1154 3302 1210 quam
3335 1152 3434 1194 eas
3465 1138 3716 1209 corpori,
3756 1140 3817 1197 de

2208 1256 2319 1313 quo
2345 1250 2575 1310 sumpta:
2617 1243 2796 1304 erant,
2827 1233 3302 1305 conjungeremus.
3348 1230 3607 1299 Qualiter
3637 1242 3817 1289 ante.

2209 1334 2511 1392 revelatum
2535 1330 2720 1395 fuerit,
2736 1336 2802 1383 ut
2825 1328 2930 1384 hoc
2952 1326 3074 1382 ﬁeri
3097 1324 3342 1391 deberet,
3370 1339 3484 1380 non
3531 1333 3627 1381 est
3656 1326 3819 1381 silens

2210 1426 2290 1481 tio
2325 1422 2745 1487 transeundum;
2780 1420 2910 1490 quia
2952 1433 3067 1474 non
3109 1416 3285 1473 solum
3315 1419 3563 1483 somnio,
3592 1426 3657 1473 ut
3706 1418 3817 1475 ﬁeri

2211 1516 2373 1583 solet,
2414 1514 2510 1570 sed
2533 1514 2697 1568 etiam
2726 1512 2896 1582 signis
2933 1508 3259 1581 quibusdam
3286 1523 3353 1564 ac
3384 1509 3722 1575 terroribus,
3757 1510 3817 1566 ad

2211 1606 2553 1681 vigilantium
2582 1619 2768 1661 curam
2798 1602 3216 1673 pertinentibus,
3245 1608 3533 1657 ostensum
3554 1610 3667 1668 est,
3694 1601 3816 1657 bea-

2214 1688 2300 1757 tos
2328 1708 2594 1768 martyres
2624 1694 2949 1752 omnimodis
2978 1693 3216 1750 voluisse
3250 1701 3311 1749 ut
3340 1693 3401 1749 in
3432 1692 3546 1750 hac
3568 1691 3817 1764 κενεὴ

2142 1794 2197 1856 Β
2221 1791 2439 1849 Hlorum
2466 1790 2660 1844 fuisset
2682 1786 2995 1857 adimpleta.

2290 1906 2382 1963 32.
2421 1905 2555 1960 Erat
2574 1917 2718 1958 unus
2735 1903 2804 1957 de
2829 1899 3063 1966 clericis,
3090 1899 3186 1970 qui
3209 1899 3279 1954 ad
3296 1898 3571 1956 excubias
3588 1898 3819 1956 basﬁicz

2219 1997 2464 2070 deputati
2490 1996 2729 2061 fuerunt,
2758 1992 2978 2047 nomine
3002 1991 3375 2062 Landoiphus,
3396 1990 3492 2046 cui
3520 1997 3663 2045 tunc
3690 1990 3823 2061 signi

2220 2085 2482 2160 tangendi
2530 2099 2664 2140 cura
2724 2082 3016 2140 commissa
3067 2082 3266 2148 atterat,
3323 2080 3539 2138 habens
3596 2088 3823 2137 stratura

2146 2194 2157 2211 ο
2218 2195 2381 2238 suum
2403 2177 2560 2248 juxta
2587 2174 2883 2232 australem
2902 2170 3142 2229 basilicae
3159 2173 3406 2245 ianuam.
3431 2172 3539 2241 Qui
3568 2188 3724 2240 cum,
3749 2186 3824 2229 se-

2222 2291 2288 2330 en
2296 2272 2459 2329 udum
2475 2287 2574 2327 con
2580 2270 2921 2326 suetudinem
2934 2268 3193 2324 nocturni
3205 2282 3269 2323 ac
3280 2266 3634 2325 matutinalis
3645 2269 3821 2335 ofﬁci,

2218 2364 2451 2422 solemni
2472 2364 2910 2433 moresnrgeret,
2944 2360 3265 2432 signumque
3292 2362 3565 2429 mereret,
3595 2362 3825 2434 comme-

2221 2466 2388 2527 toque
2437 2464 2564 2511 ante
2609 2454 2785 2511 lucem
2834 2454 3027 2508 eodem
3076 2451 3278 2518 cilicio,
3318 2460 3548 2509 rursum
3595 2454 3827 2510 dormire

2222 2550 2405 2615 vehet,
2434 2548 2632 2603 clausis
2653 2545 2898 2603 ecclesiae
2916 2545 3149 2611 foribus,
3179 2552 3361 2600 coram
3387 2546 3605 2601 sanctis
3636 2554 3825 2617 marty-

2220 2657 2347 2698 rum
2393 2642 2666 2697 cineribus
2706 2630 3043 2711 supplicandi
3079 2639 3253 2711 gratia
3299 2653 3359 2695 se
3397 2641 3734 2711 prostravit.
3760 2639 3826 2696 hii

2224 2744 2351 2792 cum
2372 2734 2646 2804 psalmum
2671 2732 3201 2804 quinquagesimum,
3243 2740 3305 2786 ut
3333 2732 3447 2802 ipse
3498 2733 3738 2799 asserit,
3762 2732 3828 2788 ὧ-

2222 2836 2350 2882 cere
2376 2826 2663 2896 inciperet,
2698 2824 2905 2879 audivit
2944 2822 3103 2893 juxta
3148 2836 3209 2879 se
3252 2824 3309 2878 in
3338 2823 3670 2893 pavimento
3701 2824 3829 2881 velut

2226 2917 2463 2972 sonitum
2512 2916 2711 2985 pedum
2760 2910 3032 2981 hominis,
3087 2914 3193 2970 huc
3237 2922 3399 2985 atque
3446 2912 3585 2971 illuc
3640 2917 3830 2974 ibidem

2224 3006 2649 3063 deambulaut'rs.
2682 3004 3183 3076 Consternatusque
3208 3014 3408 3077 pavore
3430 3016 3539 3061 non
3578 3009 3828 3076 minimo,

2224 3107 2403 3156 erernt
2440 3113 2501 3154 se
2542 3097 2820 3168 paululum
2853 3099 2909 3152 in
2950 3110 3154 3169 genua,
3180 3107 3237 3154 et
3271 3100 3327 3153 in
3354 3104 3575 3154 Omnem
3624 3112 3830 3173 partem

533 3171 592 3229 di
617 3167 1063 3265 locumbaberet,
1084 3174 1377 3265 parumper
1395 3153 1884 3265 eopstitimuslilii-
1899 3152 2122 3265 quidam
2142 3161 2194 3226 ρ
2222 3152 2647 3262 re
2670 3190 2856 3260 mp“,
3194 3152 3428 3260 ique-In

536 3265 606 3323 de
639 3262 921 3319 orantibus
960 3274 1087 3314 cum
1139 3256 1247 3312 alio
1296 3253 1363 3309 ad
1409 3250 1666 3321 reliquias
1694 3247 1992 3312 accedens,
2037 3260 2125 3303 so-

537 3356 792 3425 ciumque
817 3350 1123 3422 respiciens
1148 3365 1162 3402 :
1209 3364 1229 3398 t
1256 3344 1486 3415 Propter
1506 3354 1779 3406 amorem,
1810 3339 2015 3410 inquit,
2043 3347 2128 3395 at-

538 3463 648 3521 que
673 3448 936 3503 honorem
960 3443 1124 3514 hujus
1152 3441 1348 3506 sancti,
1370 3454 1480 3495 tere
1502 3437 1698 3501 alieno,
1738 3444 1962 3507 propter
1981 3434 2128 3505 quod

540 3550 598 3597 te
626 3538 764 3595 mihi
799 3536 1097 3593 obnoxium
1136 3547 1258 3589 esse
1296 3548 1405 3587 non
1431 3531 1670 3602 ignoras,
1698 3528 1937 3584 absolvo.
1968 3547 1988 3580 ι
2026 3528 2129 3583 De-

541 3633 707 3690 bebat
741 3629 887 3686 enim
935 3627 1011 3694 ei,
1055 3634 1116 3681 ut
1156 3627 1272 3697 ipse
1302 3616 1592 3687 fatebatur,
1618 3620 1893 3677 dimidiam
1916 3620 2128 3690 argenti

540 3725 757 3781 libram.
797 3721 1039 3792 Itemque
1089 3720 1227 3775 alter
1254 3718 1462 3773 socium
1499 3730 1656 3771 suum
1690 3730 1855 3770 manu
1884 3729 2130 3784 compre-

541 3822 773 3879 hensum
806 3817 877 3873 ad
903 3815 1162 3885 reliquias
1184 3812 1439 3867 trahens:
1468 3827 1487 3861 ι
1510 3809 1760 3876 Patrem,
1808 3808 1916 3874 ait,
1947 3821 2129 3863 meum

542 3910 828 3974 occidisti,
875 3922 939 3964 ac
974 3905 1208 3977 proinde
1254 3902 1458 3957 inimici
1501 3916 1719 3957 eramus
1761 3899 1831 3955 ad
1865 3900 2128 3966 invicem;

542 4018 690 4062 nunc
717 4010 919 4065 autem,
949 4005 1170 4071 propter
1191 4010 1433 4050 amorem
1462 4001 1624 4064 atque
1646 3994 1908 4048 honorem
1935 3990 2052 4057 Dei,
2077 3996 2134 4047 et

545 4096 709 4168 hujus
733 4092 931 4158 sancti,
960 4089 1206 4161 deposita
1240 4086 1546 4150 simultate,
1593 4083 1772 4140 foedus
1798 4092 1978 4140 tecum
1996 4081 2132 4152 jun-

547 4201 676 4260 gere
706 4193 871 4254 atque
894 4182 1032 4238 inire
1058 4181 1197 4245 volo,
1222 4187 1283 4233 ut
1300 4179 1499 4233 abhinc
1522 4178 1576 4231 in
1605 4176 1844 4232 futurum
1870 4185 2134 4247 perpetua

547 4278 693 4334 inter
734 4289 836 4330 nos
885 4270 1123 4327 amicitia
1176 4275 1499 4340 permaneat
1527 4284 1539 4319 :
1566 4267 1745 4336 sitque
1784 4267 1875 4322 hic
1903 4267 2135 4324 Sanctus

548 4367 813 4425 condicta:
826 4365 882 4419 in
904 4360 1135 4417 invicem
1158 4359 1441 4414 charitatis
1464 4358 1637 4424 testis,
1665 4365 1721 4414 et
1748 4357 1893 4414 ultor
1908 4359 1964 4415 in
1984 4374 2133 4428 eum,

472 4444 482 4450 ’
548 4458 643 4533 qui
670 4458 810 4513 hanc
832 4467 1025 4525 pacem
1051 4450 1201 4523 prior
1223 4450 1523 4522 irrumpere
1558 4450 1879 4507 tentaveritl
1911 4470 1932 4504 ›

2154 4537 2213 4604 ῐ)

2222 3288 2350 3355 bus,
2378 3287 2580 3343 clausis
2616 3286 2865 3345 ecchasiae
2888 3286 3102 3358 ianuis,
3143 3290 3199 3345 in
3227 3286 3465 3361 Quolibet
3501 3292 3727 3363 angulo
3753 3290 3829 3346 dc-

2226 3378 2460 3435 lituisse.
2490 3377 2739 3450 Cumque
2760 3378 2966 3434 utilium
3004 3378 3171 3435 alium
3192 3388 3356 3452 quam
3389 3388 3447 3437 s‘e
3475 3382 3673 3439 solum
3702 3384 3829 3439 intra

2230 3473 2473 3545 parietes
2500 3471 2749 3528 basilica:
2772 3480 2896 3528 esse
2922 3478 3192 3533 cerneret.
3220 3475 3418 3530 iterum
3441 3484 3500 3531 Se
3523 3474 3603 3531 ad
3635 3477 3831 3533 oratio-

2226 3582 2356 3623 nem
2378 3565 2681 3633 inclinavit,
2708 3578 2772 3621 ac
2791 3564 3082 3637 psalmum,
3100 3580 3261 3636 quem
3285 3568 3431 3637 prius
3450 3567 3828 3634 inchoaverat.

2231 3657 2526 3728 repetivit;
2560 3657 2680 3723 sed,
2733 3663 3023 3726 antequam
3058 3668 3228 3712 unum
3266 3657 3383 3726 ejus
3409 3672 3645 3715 versum
3701 3675 3830 3716 com«

2224 3752 2380 3825 plere
2422 3750 2707 3821 potuisset,
2758 3762 2919 3820 capsa
2966 3758 3087 3819 quae
3132 3747 3289 3804 altari
3337 3748 3597 3819 imposita
3659 3766 3831 3808 sacras

2228 3845 2377 3902 beati
2418 3841 2717 3898 Marcellini
2748 3842 3009 3912 reliquias
3034 3841 3366 3910 continebat,
3399 3845 3705 3915 repentino
3728 3861 3833 3902 cre-

2232 3937 2350 4009 pitu
2377 3942 2491 3990 tam
2519 3937 2871 3991 vehementer
2919 3934 3177 4001 insOnuit,
3214 3942 3273 3989 ut
3298 3935 3448 4005 quasi
3481 3935 3700 3994 malleo
3726 3954 3833 4010 per—

2234 4044 2398 4085 cussa
2422 4028 2723 4084 dissiluisse
2751 4034 3054 4097 putaretur.
3083 4025 3199 4083 Duo
3226 4038 3439 4097 quoque
3478 4029 3631 4084 ostia
3656 4030 3837 4086 basiii:

2236 4135 2336 4187 cat,
2388 4134 2509 4190 qua:
2549 4117 2668 4186 jam
2718 4116 2901 4173 clausa
2957 4124 3146 4184 erant,
3199 4117 3538 4174 occidentale
3580 4120 3834 4176 videiicet

2235 4219 2399 4282 atque
2447 4211 2699 4275 australe,
2733 4210 2881 4266 veiut
2922 4208 3104 4281 aliquo
3142 4209 3394 4283 pulsante
3440 4221 3614 4285 atque
3654 4215 3834 4287 iurpel-

2235 4304 2401 4371 leute,
2436 4303 2602 4359 simili
2622 4302 2786 4359 modo
2805 4309 3107 4359 sonuerunt

2238 4380 2278 4415 ’⁸
2308 4394 2398 4454 '53.
2438 4398 2647 4468 Quibus
2687 4399 2983 4455 esterritus
3028 4408 3093 4455 ac
3130 4396 3483 4471 stupeiactus,
3530 4412 3667 4457 cum
3716 4398 3832 4473 quid

2236 4493 2342 4551 sibi
2357 4495 2620 4567 agendum
2641 4500 2785 4550 esset
2802 4493 3017 4565 penitus
3043 4493 3339 4566 ignoraret,
3361 4492 3541 4564 surgit
3560 4490 3636 4551 ab
3656 4490 3830 4557 altari,

618 4581 708 4649 si.
732 4588 839 4645 iiic
866 4586 959 4644 illa
981 4576 1161 4652 turba,
1193 4592 1318 4655 quae
1341 4585 1623 4640 nobiscum
1664 4584 1731 4640 de
1766 4576 1973 4656 palatio
2015 4581 2135 4641 fue-
2164 4576 2212 4604 "
2234 4597 2296 4645 et
2320 4588 2377 4644 in
2413 4588 2612 4644 lectum
2646 4596 2806 4642 suum
2850 4599 2911 4641 se
2933 4586 3227 4655 pavitandc
3253 4584 3513 4657 proiecit;
3542 4586 3833 4657 subitoque

548 4690 639 4741 rat
660 4692 903 4755 egressa,
932 4678 1171 4735 adoratis
1199 4685 1362 4748 atque
1388 4676 1647 4732 oscuiatis
1668 4676 1841 4732 sacris
1862 4675 2132 4748 reliquiis,

550 4776 677 4834 eum
712 4775 898 4832 multis
922 4772 1200 4845 lacrymis,
1226 4782 1364 4841 quas
1391 4782 1505 4842 pm
1534 4770 1702 4826 nimio
1728 4769 1926 4842 gaudio
1953 4771 2132 4826 conti-

554 4878 683 4927 uere
706 4882 818 4926 non
847 4874 1082 4940 poterat,
1114 4865 1335 4921 domum
1379 4863 1673 4920 revertitur
1705 4872 1719 4917 :‘
1753 4862 1859 4918 alia
1891 4862 2133 4918 multitu-

546 4959 703 5027 ‘dine,
733 4974 856 5031 quae
890 4958 967 5014 ibi
994 4956 1152 5013 nobis
1190 4952 1450 5019 obviavit,
1490 4962 1590 5010 nos
1628 4953 1943 5020 comitante,
1971 4958 2135 5025 atque

556 5048 724 5122 Hyrie
750 5047 946 5106 eleison
972 5050 1092 5106 sine
1130 5047 1540 5104 intermissione
1563 5050 1821 5104 cantante
1863 5058 2037 5117 usque
2068 5047 2137 5104 ad

551 5150 685 5199 eum
715 5140 916 5208 locum,
942 5141 1008 5196 'in
1032 5148 1142 5211 quo
1171 5138 1336 5195 simili
1370 5139 1530 5194 modo
1557 5135 1625 5195 ab
1650 5138 1773 5194 aliis
1802 5138 2140 5195 occurrenti-

555 5234 662 5291 bus
679 5231 1109 5304 excipiebamur;
1134 5242 1257 5304 quae
1278 5236 1413 5289 tunc
1440 5228 1710 5299 similiter,
1730 5237 1795 5286 ut
1820 5231 1993 5301 prior,
2015 5244 2139 5304 Sup-

2230 4692 2437 4750 sopore
2461 4679 2749 4749 depressus
2768 4719 2783 4745 ,
2810 4676 2948 4733 vidit
2984 4677 3090 4733 sibi
3118 4677 3407 4750 quemdam
3452 4676 3630 4749 ignoti
3663 4681 3834 4734 vultus

2237 4774 2416 4830 virum
2444 4772 2719 4840 assistere,
2740 4771 2837 4843 qui
2873 4782 2934 4828 se
2975 4771 3176 4827 talibus
3211 4771 3394 4828 verbis
3419 4771 3784 4844 compellaret
3817 4788 3833 4824 :

2245 4885 2267 4923 ι
2300 4867 2525 4924 Certum
2557 4882 2627 4923 ne
2671 4876 2774 4936 est,
2814 4868 2911 4934 ait,
2939 4864 3305 4939 Eginhardum
3337 4866 3423 4924 sic
3463 4864 3534 4922 ad
3572 4867 3835 4938 palatium

2237 4964 2535 5035 properare
2571 4959 2729 5028 velle,
2759 4970 2822 5017 ut
2850 4960 3108 5032 reliquias
3142 4962 3314 5018 sancti
3340 4951 3677 5027 Marcellini,
3708 4974 3837 5033 quas

2237 5056 2348 5114 huc
2370 5050 2579 5120 detulit,
2614 5053 2768 5126 prius
2788 5053 2853 5111 in
2891 5054 3088 5121 locum,
3113 5052 3179 5111 de
3204 5068 3312 5125 quo
3338 5050 3566 5109 sublata:
3594 5040 3835 5118 fuerant,

2239 5164 2351 5206 non
2374 5140 2639 5221 reponat?
2658 5166 2677 5201 ι
2699 5160 2769 5187 —'-
2786 5142 2924 5205 Cum
2950 5144 3039 5204 ille
3066 5156 3124 5204 se
3148 5147 3310 5220 hujus
3330 5147 3409 5203 rei
3430 5147 3693 5219 ignarum
3723 5156 3839 5203 esse

2240 5240 2634 5313 respondisset,
2658 5269 2730 5280 —
2763 5256 2784 5292 t
2812 5230 3004 5312 Surge,
3038 5240 3233 5311 inquit,
3261 5239 3441 5312 primo
3466 5238 3735 5304 diluculo,
3766 5239 3836 5294 ei-

558 5325 851 5398 plicatione
878 5322 1048 5393 facta,
1085 5325 1154 5382 ad
1183 5340 1280 5381 sua
1315 5339 1533 5382 reversa
1571 5330 1674 5379 est.
1698 5322 1814 5379 Hoc
1851 5323 2011 5381 modo
2047 5340 2145 5397 per
2243 5350 2351 5406 que
2376 5350 2442 5389 ex
2476 5333 2799 5388 auctoritate
2823 5332 3117 5404 Martyrum
3141 5333 3398 5405 pnncipe,
3429 5345 3499 5387 ne
3527 5332 3657 5388 hinc
3688 5333 3840 5388 abire

563 5417 804 5491 singulos
847 5414 979 5483 dies,
1014 5434 1043 5474 a
1066 5420 1243 5491 prima
1268 5420 1390 5476 luce
1412 5434 1582 5491 usque
1610 5415 1679 5474 ad
1714 5432 2015 5490 vesperam,
2047 5436 2143 5476 co-

2245 5427 2331 5482 vel
2378 5424 2573 5482 alicubi
2617 5438 2843 5496 pergere
2874 5433 3184 5495 praesumat,
3238 5434 3530 5496 antequam
3574 5425 3839 5497 reliquias

563 5509 880 5592 mitantibus
924 5520 993 5567 ac
1038 5510 1268 5568 Domino
1318 5509 1535 5567 Christo
1578 5508 1794 5566 laudem
1840 5510 2147 5567 dicentibus
2242 5514 2367 5573 illas
2393 5515 2513 5573 loco
2536 5529 2642 5572 suo
2670 5516 2936 5572 restituat.
2970 5534 2992 5569 ι
3030 5515 3458 5591 Erpergefactus
3486 5518 3763 5583 surrexit,
3791 5524 3840 5574 et

634 5662 663 5693 ι
708 5650 874 5723 Vulgo
897 5649 1105 5723 ii'orgn,
1127 5647 1273 5723 haud
1297 5646 1462 5723 longe
1494 5661 1657 5723 supra
1672 5644 1976 5723 .civitatem
1992 5661 2141 5723 ero-

564 5721 732 5801 riens,
765 5714 838 5778 ac
852 5723 1001 5778 circa
1029 5714 1860 5801 Hengbergatn'Rprm‘inlluens.
1906 5716 2144 5801 lllabilio,

568 5785 754 5850 nescio
774 5809 882 5864 quo
906 5806 1111 5858 errore,
1136 5785 1459 5846 Wimiobum
1476 5787 1631 5859 legit,
1662 5787 1731 5844 ad
1748 5802 1979 5858 eumque
2002 5785 2146 5845 locat

2248 5652 2677 5782 gziiietgtéggm
2702 5655 2902 5723 victim,
2952 5661 3145 5712 contra
3170 5664 3494 5726 expressam
3522 5652 3693 5724 huius
3734 5650 3841 5706 inci

2312 5741 2328 5780 ι
2585 5763 2600 5782 ο

2312 5741 2600 5782 ntenuam.
