3960 6346
139 370 250 433 557

958 366 1135 424 HIST.
1178 364 1569 424 TRANSLAT.
1611 356 1719 422 BB.
1756 353 2179 423 MARCELle
2212 363 2304 421 ET
2339 362 2565 421 PETRI.

3310 368 3417 430 558

137 490 235 548 ubi
262 502 348 544 me
370 495 607 558 primum
634 479 925 539 convenire
951 486 1148 551 potuit,
1172 480 1279 536 hoc
1308 481 1453 551 quod
1475 480 1580 537 sibi
1610 479 1727 537 fue-
1754 478 1807 544 Α
1902 478 1989 535 55.
2018 478 2313 551 Postquam
2333 492 2491 534 sacra
2513 477 2955 537 beatissimorum
2976 492 3277 557 martyrum
3300 502 3426 545 cor-
3450 554 3460 562 η

140 590 231 637 rat
249 572 743 649 imperatum,mihi
763 574 1014 629 intimare
1043 574 1270 628 curavit.
1298 571 1404 627 Sed
1433 588 1607 642 neque
1626 588 1728 645 ego

141 673 379 743 segniter
429 671 483 725 in
532 668 755 738 huiusce
791 667 937 723 modi
982 667 1198 738 negotio
1229 666 1434 737 aliquid
1461 669 1728 738 agendum

142 766 455 829 arbitratus,
484 763 596 817 imo
622 758 677 816 id
702 760 844 832 quod
864 761 1158 830 jubebatur
1179 762 1297 817 sine
1323 761 1430 817 ulla
1453 776 1729 817 morarum

140 858 550 929 interpositione
594 854 996 925 adimplendnm
1021 870 1142 913 esse
1172 856 1439 927 iudicans,
1465 857 1581 927 ipsa
1617 857 1733 927 qui-
1778 873 1791 912 :

144 952 269 1008 dem
301 950 385 1005 die
421 963 485 1003 ea
526 962 649 1019 qum
683 948 748 1002 ad
779 944 883 1003 hoc
904 948 1210 1003 necessaria
1234 949 1559 1004 videbantur
1584 963 1731 1018 prae-

142 1058 336 1115 parare
379 1039 547 1110 iussi;
603 1041 852 1110 sequenti
896 1054 1027 1095 vero
1076 1055 1262 1096 sacras
1312 1041 1433 1097 illas
1470 1041 1732 1113 reliquias

144 1136 377 1208 corpori,
415 1133 485 1190 de
519 1144 626 1204 quo
667 1143 897 1203 sumpta:
938 1131 1172 1199 fuerant,
1209 1148 1331 1189 cum
1374 1148 1585 1189 summa
1613 1133 1733 1189 dili-

146 1228 324 1299 gentia
360 1224 569 1281 sociare
620 1224 828 1279 curavi.
878 1221 1035 1291 Quod
1082 1222 1286 1278 factum
1320 1239 1483 1294 quam
1516 1233 1732 1295 gratum

143 1317 468 1374 heatissimis
518 1315 852 1387 martyribus
889 1313 1053 1381 foret,
1096 1312 1443 1372 attestatione
1486 1316 1734 1373 miraculi

145 1408 520 1479 subsequentis
564 1406 771 1478 liquido
823 1409 1230 1479 comprobatur.
1285 1406 1423 1464 Nam
1484 1410 1734 1480 proxima

146 1514 324 1569 nocte,
347 1516 470 1559 eum
497 1501 565 1557 ad
584 1502 909 1557 matutinum
937 1500 1173 1558 oﬁieium
1202 1503 1256 1558 in
1285 1503 1513 1558 basilica
1539 1504 1735 1559 solem-

144 1598 293 1653 niter
334 1594 677 1661 sederemus,
734 1608 901 1650 senex
954 1595 1174 1666 quidam
1223 1597 1508 1667 gressudm
1553 1596 1735 1652 ofﬁcio

146 1689 454 1752 destitutus,
487 1687 819 1759 genibusque
850 1701 914 1743 ac
962 1688 1213 1743 manibus
1239 1689 1437 1754 nitens,
1471 1690 1734 1762 reptando

144 1779 219 1834 ad
252 1779 544 1834 orationem
583 1777 825 1832 intravit.
856 1776 908 1832 ls
933 1792 1116 1833 coram
1145 1778 1396 1833 omnibus
1422 1779 1599 1843 nobis,
1631 1792 1732 1849 per

1832 588 1985 645 pora,
2015 573 2156 628 sicut
2186 571 2301 639 iam
2341 573 2395 627 in
2440 573 2813 643 superioribus
2851 574 3278 635 demonstratum
3317 590 3423 650 est,

1832 664 1966 737 ipsis
2000 663 2314 733 iubentibus
2341 673 2398 721 et
2437 665 2597 721 nobis
2623 681 2831 722 morem
2858 669 3189 739 gerentibus,
3236 673 3304 727 ad
3347 673 3431 730 lo-

1834 768 1978 819 cum,
2011 755 2066 809 in
2090 770 2202 825 quo
2228 770 2373 810 nunc
2396 756 2767 826 requiescunt,
2800 772 2921 813 cum
2954 759 3159 831 ingenti
3186 759 3430 821 ﬁdelium

1830 845 2153 916 populorum
2204 847 2543 903 exultatione
2591 849 2801 920 perlata
2824 890 2840 917 ,
2889 858 2981 917 et,
3033 851 3322 910 celebratis
3373 856 3432 914 in

1833 953 2025 1009 campo
2071 939 2360 995 missarum
2404 940 2706 1010 solemniis,
2746 942 3001 999 manibus
3047 946 3429 1015 sacerdotum,

1833 1048 2065 1106 quorum
2091 1035 2166 1091 ibi
2210 1043 2338 1090 tunc
2376 1051 2482 1091 non
2524 1052 2729 1108 parvus
2768 1053 3031 1094 numerus
3059 1047 3178 1095 erat
3205 1054 3433 1114 congre-

1834 1136 2010 1199 gatus,
2044 1128 2097 1182 in
2129 1128 2409 1183 basilicam
2436 1128 2719 1200 deportata
2750 1138 2897 1197 sunt,
2923 1129 3298 1204 feretrumque
3320 1144 3432 1203 quo

1835 1220 2176 1277 vehebantur
2193 1219 2348 1288 juxta
2377 1218 2548 1275 altare
2570 1222 2802 1292 positum
2830 1231 2944 1289 est,
2977 1229 3034 1279 et
3059 1225 3259 1279 iterum
3285 1212 3433 1282 aliud

1835 1311 2068 1368 cilicium
2115 1311 2317 1368 ibidem
2364 1312 2631 1368 celebrari
2674 1324 2934 1386 coeptum,
2984 1316 3163 1372 subito
3209 1317 3433 1389 quidam

1838 1406 2175 1473 adolescens,
2208 1422 2399 1461 renum
2442 1407 2797 1463 dissolutione
2842 1406 3066 1466 affectus
3109 1417 3272 1481 atque
3311 1411 3435 1467 ideo

1837 1510 2039 1554 Curvus
2066 1513 2132 1554 ac
2170 1497 2383 1554 baculis
2422 1498 2684 1564 innitens,
2729 1500 2796 1556 de
2824 1500 3001 1556 media
3027 1502 3436 1559 circumstantis

1834 1590 2018 1662 populi
2068 1588 2415 1645 multitudine
2460 1592 2730 1661 prorupit,
2775 1606 2940 1661 seque
2985 1592 3053 1648 ad
3098 1592 3437 1651 adorandum

1836 1681 2108 1737 inclinare
2132 1681 2378 1751 cupiens,
2402 1681 2456 1736 in
2486 1696 2660 1753 genua
2688 1684 3003 1753 procubuit;
3028 1685 3122 1740 sed
3148 1686 3346 1741 mirum
3376 1686 3435 1743 in

1835 1773 2079 1840 modum,
2106 1772 2257 1829 velut
2296 1771 2480 1844 aliquo
2507 1788 2567 1828 se
2608 1774 2903 1831 revellente
2928 1777 3015 1832 vel
3052 1778 3235 1848 potius
3262 1787 3438 1834 retra-

141 1870 401 1925 virtutem
436 1869 533 1924 Dei
576 1876 632 1923 et
682 1868 879 1924 merita
930 1867 1367 1924 beatissimorum
1413 1876 1732 1940 martyrum,
1762 1854 1810 1919 Β
1838 1867 2022 1932 hente,
2062 1868 2287 1938 supinus
2325 1867 2540 1932 cecidit,
2583 1867 2881 1938 similisque
2924 1869 3215 1926 dormienti
3246 1871 3437 1928 diutis-

147 1961 335 2017 eadem
363 1975 473 2030 qua
518 1961 796 2031 ingressus
836 1968 923 2015 est
950 1960 1105 2027 hora,
1149 1961 1223 2016 ita
1251 1959 1490 2032 perfecte
1517 1969 1740 2017 curatus

149 2062 253 2119 est,
274 2062 335 2109 ut
349 2055 416 2107 ad
434 2051 789 2109 incedendum
813 2068 885 2109 ne
905 2053 1085 2109 baculi
1107 2054 1326 2123 quidem
1347 2055 1743 2112 sustentatione

150 2147 379 2205 ulterius
400 2148 690 2218 indigeret.
721 2148 823 2217 Qui
846 2148 1012 2203 etiam
1034 2157 1090 2204 et
1115 2149 1341 2203 surdum
1368 2163 1427 2204 se
1446 2141 1742 2218 per'eonti-

153 2260 322 2300 unum
367 2242 797 2314 quinquennium
844 2241 1029 2309 fuisse,
1077 2242 1343 2313 simulque
1392 2257 1515 2297 cum
1562 2241 1744 2298 ofﬁcio

148 2337 346 2408 pedum
368 2337 605 2392 auditum
629 2337 734 2392 sibi
759 2335 1029 2392 redditum
1050 2336 1381 2392 afﬁrmabat.
1406 2336 1503 2391 His
1522 2337 1596 2391 ita
1620 2352 1744 2407 per-

153 2430 313 2494 actis,
355 2429 420 2483 ad
464 2428 817 2494 comitatum,
868 2427 1010 2483 sicut
1049 2429 1297 2499 superius
1326 2444 1411 2483 me
1449 2428 1629 2485 facere
1648 2444 1743 2484 vo-

150 2517 319 2574 luisse
341 2519 521 2585 retuli,
547 2519 749 2574 ibidem
776 2520 1137 2589 hiematurus,
1160 2520 1328 2576 multa
1350 2535 1563 2576 meeum
1590 2536 1745 2593 repu-

151 2609 322 2666 tando
347 2608 625 2682 profectus
653 2626 795 2666 sum.

770 2721 1002 2780 CAPUT
1032 2723 1123 2781 IV.

150 2834 420 2910 [ignauia
439 2837 497 2910 in
523 2836 699 2891 surdis
724 2844 774 2892 et
801 2837 982 2910 mutis,
1013 2838 1295 2910 contractis
1322 2845 1372 2892 et
1405 2837 1529 2893 aliis
1557 2838 1741 2910 agris,

225 2906 538 2977 yulinheim
566 2916 796 2977 patrata.
814 2906 1130 2964 —Cervisia
1152 2909 1208 2965 in
1232 2910 1408 2965 vinum
1434 2906 1744 2965 mutatu.—

222 2975 416 3033 Cereus
447 2975 589 3031 ultro
611 2994 883 3033 accensus.

224 3070 318 3124 54.
361 3068 677 3141 Scripturus
700 3071 931 3128 virtutes
958 3079 1120 3143 atque
1144 3072 1429 3140 miracula,
1458 3090 1579 3146 quae
1615 3073 1746 3130 bea-

152 3161 356 3219 tissimi
380 3172 649 3236 martyres
673 3162 898 3232 Christi,
928 3164 1267 3222 Marcellinus
1291 3175 1347 3222 et
1364 3166 1577 3234 Petrus,
1598 3174 1745 3239 post-

1842 1957 1981 2012 sime
1995 1954 2189 2025 iacuit.
2207 1959 2341 2012 Tum
2366 1958 2520 2028 quasi
2542 1957 2826 2029 evigilans,
2844 1960 2899 2014 in
2921 1975 3130 2015 sessum
3151 1975 3211 2017 se
3230 1962 3436 2032 erexit;

1842 2062 1908 2106 ac
1938 2050 2132 2106 deinde
2160 2059 2284 2121 post
2306 2050 2613 2122 paululum,
2646 2050 2799 2108 nullo
2829 2052 3277 2122 adminiculante,
3310 2072 3435 2113 sur-

1842 2142 2018 2210 rexit,
2061 2152 2320 2214 stansque
2363 2145 2418 2200 in
2460 2145 2640 2201 medio
2668 2144 3013 2203 circumfusa:
3053 2148 3436 2219 multitudinis,

1843 2252 1952 2293 una
1980 2250 2103 2293 cum
2124 2239 2339 2294 exteris
2362 2238 2429 2294 de
2456 2248 2677 2310 recepta
2710 2240 2943 2296 sanitate
2971 2242 3174 2313 gratias
3203 2243 3437 2314 agendo,

1843 2329 1942 2385 Dei
1972 2331 2404 2386 misericordiam
2434 2332 2780 2388 collaudavit.
2822 2331 2924 2389 Hie
2951 2349 3012 2389 se
3040 2334 3108 2390 de
3135 2350 3270 2406 pago
3303 2333 3442 2391 Por-

1845 2421 1996 2475 tiano
2020 2435 2046 2462 α
2076 2438 2198 2477 cum
2228 2423 2351 2479 aliis
2389 2425 2719 2495 pauperibus
2746 2441 2811 2481 ac
2846 2427 3152 2498 peregrinis
3185 2428 3315 2484 illuc
3338 2442 3442 2484 ve-

1843 2515 2014 2581 nisse,
2045 2515 2433 2587 Danielemque
2457 2519 2663 2583 vocari,
2691 2519 2846 2573 nobis
2876 2514 3323 2588 percontantibus
3353 2520 3440 2576 in-

1847 2605 2067 2661 dicavit.
2112 2607 2312 2663 Eadem
2356 2608 2471 2664 fere
2516 2610 2673 2675 hora,
2719 2611 3019 2682 eodemque
3057 2620 3117 2667 ut
3154 2614 3228 2668 ita
3264 2614 3443 2671 dicam

1843 2706 2142 2765 momento,
2177 2714 2284 2769 quo
2309 2699 2356 2755 is
2380 2699 2448 2756 de
2474 2716 2581 2771 quo
2611 2717 2756 2757 nunc
2784 2702 3043 2770 diximus,
3084 2703 3229 2759 intra
3261 2705 3443 2763 eccle-

1848 2788 1985 2845 siam
2030 2798 2087 2846 et
2125 2806 2308 2847 coram
2356 2791 2474 2861 ipso
2517 2793 2696 2857 altari,
2739 2809 2839 2863 per
2864 2795 3123 2852 virtutem
3160 2795 3363 2854 Christi
3386 2805 3445 2854 et

1847 2879 2294 2937 intercessionem
2319 2890 2643 2953 martyrum,
2676 2886 2963 2941 sanitatem
2989 2895 3072 2942 est
3098 2895 3445 2960 consecutus,

1846 2971 2046 3026 mulier
2073 2972 2317 3044 quaedam
2348 2973 2666 3046 paralytiea,
2711 2984 2766 3031 et
2804 2993 2944 3047 pene
2982 2980 3227 3036 omnium
3266 2998 3444 3039 mem-

1847 3062 2073 3118 brorum
2099 3064 2277 3120 otlicio
2303 3065 2583 3133 destituta,
2614 3083 2712 3138 pro
2739 3067 2947 3127 foribus
2971 3072 3209 3128 ecclesiae
3229 3070 3444 3145 iacens,

1851 3156 1907 3212 in
1940 3158 2201 3213 auxilium
2228 3159 2310 3214 sui
2336 3168 2554 3217 sanctos
2582 3171 2853 3235 martyres
2883 3166 3183 3235 invocavit;
3213 3176 3268 3224 et
3293 3184 3443 3240 mox,

152 3269 327 3326 quam
354 3234 538 3311 eorum'
560 3256 925 3313 sacratissima
954 3273 1179 3329 corpora
1212 3259 1277 3314 de
1293 3257 1469 3315 Roma
1493 3261 1547 3314 in
1578 3259 1746 3315 Fran-
1771 3234 1817 3304 C
1851 3250 2062 3306 cunctis
2090 3254 2440 3310 cernentibus
2481 3257 2574 3326 qui
2604 3257 2750 3314 circa
2778 3268 3064 3331 steterant,
3109 3263 3276 3335 οωρίι
3300 3279 3448 3321 conp

149 3347 309 3404 ciam
327 3346 502 3402 delata
528 3352 669 3416 sunt,
692 3364 791 3419 per
814 3348 1031 3406 diversa
1042 3349 1160 3406 loca
1189 3349 1449 3417 fecerunt,
1471 3352 1580 3408 imo
1600 3367 1741 3422 quat,

146 3454 262 3512 per
288 3437 498 3493 illorum
524 3438 686 3495 beata
717 3440 914 3496 merita
942 3449 997 3498 et
1020 3443 1148 3514 pias
1178 3443 1471 3510 orationes,
1504 3442 1618 3513 ipse
1647 3456 1747 3499 rex

149 3538 464 3602 martyrum
507 3532 651 3588 Deus
688 3539 746 3588 et
771 3533 1032 3591 Dominus
1068 3544 1252 3591 noster
1276 3533 1433 3592 Iesus
1472 3535 1744 3604 Christus,

154 3625 232 3679 ad
260 3623 491 3681 salutem
519 3625 821 3693 hominum,
849 3629 1061 3699 operari
1092 3626 1341 3699 dignatus
1362 3638 1464 3695 est,
1494 3645 1748 3686 necessa-

151 3717 303 3773 rium
334 3716 571 3785 iudicavi
590 3718 741 3775 brevi
770 3719 1087 3790 praafatione
1116 3722 1480 3792 perstringere
1505 3722 1649 3793 quod
1679 3738 1748 3777 ex

150 3810 267 3875 his,
301 3824 422 3878 qua:
462 3810 705 3865 scribere
731 3811 989 3881 disposui,
1023 3810 1196 3881 major
1230 3827 1355 3883 pars
1400 3812 1467 3866 ad
1498 3813 1747 3867 notitiam

150 3915 345 3957 meam
382 3898 610 3955 aliorum
641 3900 902 3956 relatione
938 3902 1146 3972 perlata
1173 3910 1288 3969 est;
1332 3901 1530 3973 quibus
1564 3909 1748 3957 tamen

150 4001 221 4048 ut
247 3992 413 4048 fidem
439 3993 721 4060 haberem,
746 4008 813 4048 ex
836 3994 922 4049 his
943 4010 1062 4065 qua:
1089 3994 1201 4064 ipse
1224 3995 1332 4049 vidi
1360 4004 1414 4049 et
1438 4010 1621 4049 coram
1652 4009 1751 4064 po-

152 4085 307 4141 situs
346 4086 569 4157 agnovi,
608 4093 723 4140 tam
756 4084 985 4141 firmiter
1019 4085 1147 4141 mihi
1175 4101 1495 4157 persuasum
1534 4093 1646 4152 est,
1688 4090 1751 4139 ut

151 4180 285 4238 sine
312 4180 421 4236 ullo
461 4180 816 4236 dubitationis
845 4179 1098 4250 scrupulo
1128 4194 1256 4235 vera
1299 4194 1419 4236 esse
1448 4179 1747 4245 crederem,

150 4290 285 4347 quae
327 4274 395 4329 ab
438 4274 527 4329 his
569 4272 926 4339 dicebantur,
958 4273 1051 4343 qui
1092 4288 1150 4329 se
1194 4272 1287 4327 illa
1326 4272 1527 4329 vidisse
1567 4270 1752 4327 testati

152 4373 327 4431 sunt,
358 4365 572 4423 tametsi
598 4380 977 4436 personarum,
1008 4380 1039 4419 a
1068 4365 1263 4435 quibus
1293 4365 1412 4420 base
1449 4363 1751 4433 audieram,

152 4468 258 4514 aut
297 4472 524 4528 parvam
573 4464 667 4513 aut
704 4456 905 4512 nullam
935 4463 1161 4512 eatenus
1196 4457 1441 4511 notitiam
1470 4457 1749 4513 haberem.

146 4552 441 4609 Caeterum
474 4551 541 4608 de
563 4550 651 4607 his
686 4551 937 4607 omnibus
963 4565 1026 4606 ea
1054 4550 1290 4622 primum
1337 4548 1625 4605 scribenda
1666 4548 1751 4604 vi-

1848 3343 2014 3399 motis
2067 3343 2370 3400 visceribus
2424 3347 2574 3403 velut
2624 3351 3005 3407 nauseabunda
3067 3353 3284 3410 concuti
3306 3395 3322 3422 ,
3379 3370 3450 3415 ac

1850 3433 2046 3490 deinde
2091 3450 2346 3508 magnam
2386 3438 2495 3492 vim
2533 3439 2860 3513 phlegmatis
2900 3458 2965 3500 ac
3008 3443 3135 3502 bilis
3178 3448 3450 3506 vomenda

1847 3525 2133 3597 proiicere.
2187 3528 2304 3595 Quo
2353 3527 2520 3599 facto,
2567 3533 2848 3604 paululum
2892 3550 3048 3606 aqua:
3093 3536 3305 3611 frigidae
3351 3554 3448 3596 su-

1848 3633 2023 3685 mens,
2065 3618 2134 3675 de
2173 3618 2294 3676 loco
2326 3620 2381 3676 in
2411 3638 2517 3693 quo
2554 3624 2776 3696 iacebat
2814 3641 2874 3682 se
2916 3625 3085 3684 levari
3131 3630 3361 3703 rogavit,
3393 3635 3452 3687 et

1848 3707 2043 3765 baculo
2072 3711 2251 3768 nitens
2280 3712 2565 3771 basilicam
2610 3716 2880 3785 introivit,
2925 3718 3273 3792 adoratisque
3300 3737 3452 3777 mar-

1851 3800 2063 3871 tyribus
2103 3817 2170 3858 ac
2207 3813 2425 3876 recepto
2468 3808 2840 3864 membrorum
2880 3811 3086 3882 vigore,
3134 3813 3202 3869 ad
3225 3815 3451 3886 propria

1852 3889 2157 3962 repedavit.

1923 3982 2011 4038 56.
2052 3985 2265 4040 Interea
2310 3985 2532 4055 quidam
2581 3988 2763 4056 homo,
2807 3988 3158 4047 Vuillibertus
3204 3995 3448 4066 nomine,

1852 4076 1997 4131 haud
2031 4076 2187 4148 longe
2213 4092 2244 4130 a
2272 4077 2522 4145 basilica,
2548 4078 2602 4134 in
2630 4096 2737 4151 qua
2767 4098 2911 4138 nunc
2938 4082 3219 4141 beatorum
3245 4096 3451 4163 marty-

1854 4183 1975 4223 rum
2004 4183 2232 4240 corpora
2267 4172 2633 4241 requiescunt,
2668 4175 2887 4230 domum
2916 4177 3143 4246 habens,
3176 4178 3319 4236 inter
3348 4196 3452 4236 cte-

1854 4268 2020 4329 teros,
2049 4264 2141 4332 qui
2164 4263 2233 4319 ad
2262 4265 2671 4323 venerationem
2704 4269 2907 4325 sanctis
2934 4270 3295 4328 exhibendam
3321 4288 3452 4330 con-

1854 4365 2139 4424 venerant,
2189 4359 2257 4414 ad
2303 4358 2565 4415 feretrum
2608 4363 2859 4431 accessit,
2902 4372 2957 4420 et
2985 4366 3141 4436 quasi
3183 4381 3284 4437 pro
3310 4365 3453 4423 dono
3535 4373 3544 4381 ‘

1857 4452 2219 4524 quadraginta
2244 4452 2496 4511 denarios
2521 4457 2738 4514 obtulit.
2765 4458 2891 4528 Qui,
2920 4476 3045 4517 cum
3073 4475 3106 4516 a
3135 4460 3294 4519 nobis
3318 4460 3454 4519 fuis-

1859 4553 1943 4601 set
1973 4544 2340 4617 interrogatus
2368 4548 2491 4618 quis
2532 4559 2705 4619 esset,
2747 4553 2985 4625 quidque
3020 4555 3124 4611 sibi
3153 4553 3315 4611 vellet
3350 4556 3453 4611 hu-

151 4646 369 4703 dentur
411 4660 531 4715 qua:
572 4644 625 4700 in
650 4658 717 4700 eo
745 4644 864 4700 loco
894 4616 1127 4716 gesta'et
1159 4658 1191 4699 a
1216 4642 1422 4714 meipso
1450 4641 1568 4697 visa
1603 4650 1749 4709 sunt,
1776 4616 1832 4678 Β
1851 4639 2006 4710 iusce
2046 4616 2288 4697 muneris
2328 4616 2553 4712 oblatio,
2585 4616 2784 4702 retulit.
2811 4662 2870 4703 se
2896 4616 3037 4703 ante
3080 4661 3284 4719 paucos
3332 4647 3454 4706 dies

154 4740 235 4796 ad
284 4753 451 4809 quem
484 4754 614 4794 suos
646 4738 1044 4793 saeratissimos
1073 4736 1285 4793 cineres
1312 4736 1474 4791 iidem
1503 4735 1755 4792 beatissi-

148 4830 239 4887 mi
294 4838 566 4903 martyres
599 4828 899 4906 transferri
934 4836 1323 4900 praaceperunt.
1371 4827 1576 4883 Deinde
1626 4827 1751 4895 illa,

149 4937 290 4995 qua:
322 4923 379 4977 in
409 4922 648 4994 Aquensi
678 4921 901 4994 palatio,
937 4922 1037 4976 sub
1069 4921 1201 4991 ipsis
1226 4919 1527 4975 aulicorum
1554 4918 1758 4975 obtuti-

146 5014 267 5069 bus
323 5012 467 5068 facta
512 5021 900 5069 memorantur.
954 5011 1092 5067 Tum
1132 5027 1197 5067 ea
1240 5016 1361 5082 quae
1403 5025 1503 5082 per
1541 5009 1757 5066 diversa

145 5104 313 5169 loca,
343 5105 409 5161 ad
434 5121 575 5175 quae,
618 5104 888 5177 religiosis
924 5104 1059 5159 viris
1094 5103 1402 5175 petentibus
1431 5118 1497 5158 ae
1524 5117 1614 5157 me
1651 5101 1754 5157 tri-

138 5200 396 5265 buente,
446 5214 615 5255 sacrae
638 5198 855 5255 illorum
888 5198 1133 5270 reliquiae
1177 5198 1367 5254 delata:
1410 5206 1556 5265 sunt,
1602 5204 1758 5271 gesta

149 5289 508 5359 referuntur,
541 5291 727 5348 censui
769 5304 888 5348 esse
908 5291 1186 5362 ponenda;
1228 5299 1309 5358 ut,
1348 5291 1453 5346 hoe
1483 5290 1672 5346 ordine
1699 5291 1756 5347 in

145 5382 442 5437 relatione
475 5390 711 5450 servato,
748 5383 886 5439 nihil
919 5390 1197 5437 remaneat
1215 5398 1282 5438 ex
1308 5381 1561 5437 omnibus
1588 5380 1758 5453 signis

144 5480 345 5546 atque
381 5473 691 5543 miraculis,
721 5491 843 5547 quae
872 5470 938 5529 ad
965 5483 1166 5530 nostrae
1189 5474 1473 5545 parvitatis
1509 5475 1758 5531 notitiam

139 5567 465 5640 pervenire
489 5574 799 5639 potuerunt.
820 5562 927 5622 Sed
946 5564 1081 5635 iam,
1110 5581 1253 5622 nunc
1280 5564 1593 5637 praefatione
1614 5581 1762 5622 com-

1859 4734 2180 4806 gravissimo
2204 4734 2466 4807 languore
2504 4747 2838 4810 correptum,
2885 4741 2955 4796 ad
2996 4748 3240 4796 extrema
3284 4739 3454 4800 fuisse

1856 4830 2206 4903 perductum,
2246 4831 2383 4889 adeo
2423 4840 2484 4889 ut
2519 4834 2588 4890 ab
2631 4835 2904 4903 omnibus,
2947 4824 3040 4905 qui
3079 4849 3138 4891 se
3177 4835 3453 4906 viderant,

1859 4923 2198 4998 desperatus,
2245 4928 2628 4985 admoneretur
2665 4937 2727 4984 ut
2768 4944 2957 4986 omnes
2998 4928 3281 4987 facultates
3321 4944 3452 4988 suas

1859 5032 1961 5089 pro
2003 5019 2243 5076 remedio
2281 5021 2477 5078 animas
2516 5036 2631 5077 sua:
2671 5020 2922 5078 celeriter
2965 5030 3254 5093 erogaret:
3284 5038 3454 5095 seque

1857 5106 1935 5163 ita
1958 5107 2173 5166 fecisse.
2215 5109 2445 5183 Jamque
2482 5112 2736 5170 omnibus
2764 5126 2884 5183 qua
2915 5112 3184 5182 habebat,
3220 5115 3291 5170 ad
3332 5130 3454 5185 quat

1858 5199 1948 5273 pia
1975 5200 2096 5259 loca
2118 5200 2294 5258 danda
2323 5202 2505 5260 forent
2526 5203 2824 5275 dispositis,
2849 5221 3020 5262 unum
3046 5221 3114 5262 ex
3139 5208 3313 5264 servis
3339 5208 3453 5264 suis

1860 5306 1985 5349 cum
2012 5291 2218 5365 ingenti
2244 5293 2450 5367 gemitu
2472 5291 2642 5351 fuisse
2671 5307 3060 5367 conquestum,
3091 5299 3235 5370 quod
3258 5314 3453 5371 perpe-

1860 5398 1977 5439 ram
2008 5399 2072 5440 ae
2108 5384 2264 5442 valde
2308 5384 2642 5456 negligenter
2670 5387 2739 5442 ab
2768 5388 2848 5443 eis
2874 5387 3080 5446 factum
3120 5398 3265 5448 esset
3296 5390 3353 5446 in
3386 5405 3453 5448 eo

1862 5475 2005 5546 quod
2030 5473 2168 5529 nihil
2193 5474 2258 5530 de
2277 5474 2435 5529 bonis
2463 5473 2580 5543 eius
2604 5476 2808 5533 sanctis
2845 5493 3019 5550 nuper
3046 5481 3115 5536 de
3157 5479 3332 5537 Roma
3359 5497 3454 5537 ve-

1861 5565 2136 5621 nientibus
2158 5566 2342 5621 datum
2385 5574 2547 5622 esset.
2579 5566 2715 5623 Tum
2754 5584 2813 5626 se
2840 5572 3254 5629 circumstantes
3287 5574 3455 5630 inter-

142 5660 357 5732 picta,
400 5660 519 5731 ipsa
563 5677 683 5719 uua:
732 5660 961 5716 dicenda
1000 5668 1126 5717 sunt
1212 5660 1473 5717 miracula
1521 5660 1766 5719 nrofcra-
1865 5671 2110 5728 rogasse,
2149 5656 2197 5712 si
2227 5656 2431 5727 aliquid
2469 5659 2535 5714 de
2568 5660 2731 5715 rebus
2760 5661 2877 5718 suis
2906 5678 3190 5734 superesse
3228 5664 3450 5728 scirent,

140 5763 324 5807 mus.

1860 5749 2013 5820 quod
2042 5750 2112 5805 ad
2140 5759 2407 5822 martyres
2425 5752 2878 5825 mini-Mnsset.
2898 5780 2975 5799 -
2994 5757 3165 5814 Erant
3188 5757 3331 5813 enim
3358 5754 3450 5816 ad-

239 5878 272 5908 ι
315 5864 381 5922 Id
404 5865 522 5939 iam
547 5876 709 5942 supra
727 5866 971 5944 num._20
996 5865 1269 5944 legimus;
1300 5867 1597 5946 sengagus
1623 5863 2067 5940 Portunus-quis
2081 5866 2171 5936 sit,
2194 5867 2744 5945 adhucﬁrequirimus.
