3960 6346
520 339 628 398 559

1851 338 2225 400 EGINHARDI
2257 339 2552 397 ABBATIS

3715 336 3820 396 560

515 455 630 524 huc
658 454 713 509 in
739 453 1151 521 Michilinstadt,
1183 461 1239 511 et
1264 455 1505 512 nondum
1540 457 1806 527 aliquibus
1831 455 1997 527 signis
2026 456 2110 509 in-
2135 461 2189 517 Α
2213 455 2407 525 gratia,
2441 469 2539 524 per
2563 451 2731 507 multa
2761 457 3073 507 sanctorum
3098 447 3217 507 loca
3257 445 3561 514 trahentes,
3591 451 3818 507 tandem

515 548 818 613 claruerat,
874 549 1015 618 quod
1073 549 1200 604 inde
1247 550 1479 621 migrare
1529 551 1804 605 deberent.
1849 579 1921 588 ——
1970 549 2108 603 Tum

517 639 809 712 quemdam
853 639 1222 708 respondisse,
1269 640 1525 709 quoniam
1565 639 1630 693 de
1665 639 1917 694 omnibus
1948 639 2109 692 rebus

513 729 634 800 ejus
663 745 805 784 unus
849 737 1057 783 tantum
1087 744 1286 799 porcus
1331 728 1702 793 remansisset,
1749 737 1803 783 et
1845 743 1953 782 non
1989 742 2109 782 esse

515 823 832 893 deputatum
857 837 964 892 quo
986 823 1105 877 dari
1135 823 1384 887 deberet,
1409 830 1540 876 tunc
1569 821 1670 876 sibi
1695 819 2104 890 complacuisse,

513 897 684 986 seque
719 914 1065 986 prmcepisse,
1097 921 1158 968 ut
1186 912 1607 976 venundaretur,
1649 919 1704 965 et
1741 918 1863 981 post
1902 909 2108 964 obitum

511 1024 673 1067 suum
703 1008 937 1080 pretium
967 1007 1100 1060 illud
1126 1006 1191 1060 ad
1219 1013 1517 1076 martyrum
1543 1004 1833 1058 luminaria
1861 1002 2107 1057 mittere-

510 1109 625 1158 tur.
673 1099 883 1168 Quibus
916 1098 1095 1154 verbis
1123 1099 1373 1169 expletis,
1407 1107 1517 1152 tam
1547 1098 1781 1152 subitam
1813 1111 1871 1150 se
1913 1093 2109 1149 asserit

511 1195 752 1250 sensisse
791 1193 1086 1257 medelam,
1127 1200 1186 1246 ut
1214 1191 1479 1261 protinus,
1516 1189 1662 1246 omni
1691 1189 1875 1243 dolore
1900 1187 2104 1259 fugato,

512 1285 680 1341 etiam
708 1283 900 1339 edendi
940 1283 1266 1338 desiderium
1299 1281 1578 1345 habuerit,
1611 1279 1840 1349 ciboque
1867 1286 2104 1348 sumpto,

512 1376 571 1434 in
596 1386 818 1455 gantum
862 1376 1012 1431 brevi
1045 1375 1384 1431 confortatus
1414 1375 1505 1440 sit,
1533 1382 1593 1427 ut
1625 1373 1679 1427 in
1709 1373 2007 1429 crastinum
2039 1372 2106 1426 ad

512 1486 677 1526 omne
709 1486 864 1540 opus,
894 1469 1037 1540 quod
1078 1469 1156 1523 rei
1186 1467 1472 1524 familiaris
1517 1468 1814 1522 necessitas
1842 1467 2108 1538 postulas—

513 1571 630 1628 set,
677 1562 1075 1633 procurandum
1120 1560 1202 1614 vel
1247 1558 1551 1614 faciendum
1599 1562 1979 1630 percommode
2026 1559 2107 1614 ire

508 1653 797 1725 potuisset.
841 1652 970 1708 Post
1000 1653 1105 1708 hoc
1141 1667 1367 1722 porcum
1412 1650 1562 1705 illum
1596 1650 1763 1706 fuisse
1802 1651 2102 1717 venditum,

511 1752 569 1799 et
596 1745 700 1800 hoc
729 1759 851 1799 esse
885 1744 1117 1814 pretium
1145 1743 1282 1813 eius,
1312 1742 1458 1813 quod
1488 1758 1555 1797 ex
1596 1752 1724 1799 voto
1753 1743 1928 1798 beatis
1958 1759 2104 1798 mar-

512 1835 722 1906 tyribus
746 1836 1027 1891 offerebat.

581 1927 668 1981 37.
712 1927 969 1998 Reliquas
991 1927 1220 1982 virtutes
1240 1934 1404 1996 atque
1433 1927 1715 1993 miracula,
1742 1943 1862 1998 qua:
1887 1923 1985 1998 p'er
2009 1941 2104 1983 eos

508 2020 771 2078 Dominus
791 2022 859 2076 ad
884 2022 1112 2076 salutem
1139 2021 1419 2075 hominum
1443 2029 1698 2090 operatus
1719 2027 1821 2084 est,
1846 2019 2104 2089 quoniam

508 2129 618 2184 quo
642 2113 834 2169 ordine
863 2113 1118 2168 dicantur
1142 2112 1279 2167 nihil
1308 2111 1513 2166 referre
1552 2111 1730 2176 video,
1779 2112 1853 2166 ita
1897 2120 1958 2166 ut
1986 2127 2104 2166 me-

506 2206 698 2260 moriae
725 2205 1062 2261 occurrerint
1108 2203 1295 2258 censui
1321 2202 1708 2269 describenda;
1756 2203 1882 2272 quia
1928 2203 1983 2257 in
2012 2218 2106 2258 ea-

509 2309 632 2348 rum
665 2293 928 2349 relatione
975 2296 1147 2363 magis
1181 2293 1309 2362 quid
1359 2301 1414 2346 et
1451 2308 1640 2362 quare,
1687 2307 1850 2362 quam
1891 2291 2106 2362 quando

508 2383 713 2453 aliquid
743 2392 952 2454 gestum
982 2383 1074 2446 sit,
1106 2383 1560 2439 considerandum
1592 2391 1694 2438 est.

578 2475 869 2530 Collocatis
911 2476 1074 2546 igitur
1119 2477 1172 2530 in
1215 2476 1405 2531 eadem
1435 2476 1659 2531 basilica
1699 2491 1849 2532 more
1879 2475 2106 2532 solemni

506 2564 792 2621 beatorum
824 2555 1124 2638 martyrum
1150 2568 1416 2638 reliquiis,
1448 2583 1571 2623 cum
1603 2569 1899 2624 secundum
1928 2568 2106 2623 eccle-

505 2659 741 2714 siastica:
772 2659 1130 2714 institutionis
1153 2661 1604 2716 consuetudinem
1628 2677 1782 2716 sacra
1815 2660 2107 2715 missarum

503 2751 766 2807 solemnia
797 2751 1037 2821 quotidie
1067 2751 1498 2816 celebrarentur,
1530 2751 1760 2822 conligit
1787 2760 1847 2804 ut
1871 2751 2105 2820 quadam

503 2843 612 2908 die,
639 2859 764 2898 cum
799 2843 980 2898 divina
1010 2860 1098 2898 res
1129 2852 1405 2914 ageretur,
1437 2853 1493 2896 et
1523 2858 1621 2897 nos
1651 2843 1704 2896 in
1735 2842 2106 2911 superioribus

505 2932 750 3001 ejusdem
794 2933 1036 2986 ecclesiae
1077 2933 1210 2987 locis
1257 2934 1559 2997 constituti,
1602 2949 1764 3003 super
1803 2933 2106 3001 subjectum

505 3030 670 3093 atque
705 3022 759 3077 in
804 3023 1153 3078 inferioribus
1179 3024 1532 3079 constitutum
1565 3024 1821 3094 populum
1854 3023 2103 3078 intende-

502 3129 708 3178 remus,
738 3113 967 3168 clericus
985 3113 1204 3183 quidam
1226 3113 1562 3178 seminudus,
1587 3113 1678 3183 qui
1703 3114 1845 3168 inter
1871 3119 2097 3167 caeteros

2129 1817 2180 1877 B

2211 545 2337 599 illuc
2385 543 2700 616 perductam
2754 544 2899 597 inter
2943 551 3168 598 caeteros
3225 542 3281 596 in
3331 542 3526 597 eadem
3582 543 3820 600 ecclesia

2211 643 2353 691 stare
2384 634 2646 700 fecerunt,
2676 634 2857 689 subito
2877 633 3023 688 velut
3049 633 3257 688 insania
3287 635 3521 705 quadam
3550 637 3818 703 excitata,

2208 726 2418 781 tabulas
2451 742 2681 798 quarum
2723 726 2932 796 crepitu
2977 727 3043 782 ad
3085 725 3491 798 eleemosynam
3518 728 3819 798 petendam

2208 820 2480 886 utebatur,
2513 828 2717 890 quanta
2745 821 2921 891 potuit
2956 820 3158 875 virtute
3204 822 3498 886 concussit,
3556 830 3731 893 atque
3768 823 3818 879 in

2207 909 2465 979 populum
2517 919 2643 976 ante
2697 927 2756 967 se
2811 912 3165 967 constitutum
3222 911 3515 968 furibunda
3563 913 3817 985 proiecit.

2209 1001 2344 1056 Tum
2370 1004 2438 1058 ad
2465 1004 2746 1059 sinistrum
2769 1004 3014 1060 ecclesia:
3032 1005 3294 1075 parietem
3321 1020 3650 1073 accurrens,
3670 1008 3820 1062 velut

2206 1091 2261 1146 in
2287 1094 2536 1150 eumdem
2576 1110 2889 1161 ascensura,
2924 1096 3089 1150 trium
3123 1095 3209 1152 vel
3251 1111 3316 1152 eo
3347 1097 3591 1168 amplius
3621 1099 3818 1167 pedum

2207 1185 2346 1241 saltu
2391 1187 2444 1240 in
2493 1185 2663 1241 altum
2708 1187 2858 1252 dato,
2915 1187 3107 1257 supina
3150 1187 3397 1253 corruit;
3447 1195 3524 1252 et,
3571 1203 3698 1242 cum
3749 1189 3817 1244 ibi

2205 1279 2481 1350 paululum
2530 1288 2744 1335 mortuo
2794 1280 2976 1350 potius
3027 1296 3192 1351 quam
3237 1281 3534 1336 dormienti
3587 1281 3818 1337 similior

2198 1370 2477 1439 iacuisset,
2505 1378 2666 1440 atque
2706 1372 2988 1440 eruptione
3016 1371 3318 1441 sanguinis,
3349 1371 3444 1442 qui
3485 1387 3560 1427 ex
3609 1385 3710 1427 ore
3759 1387 3815 1427 ac

2208 1461 2434 1517 naribus
2459 1461 2662 1518 nimius
2689 1461 3012 1532 proﬂuebat,
3041 1471 3186 1518 esset
3213 1477 3352 1534 pene
3393 1471 3508 1519 tota
3541 1479 3815 1534 reSpersa,

2206 1569 2238 1609 a
2263 1554 2741 1610 circumstantibus
2768 1553 2980 1610 sublata
3020 1563 3184 1624 atque
3215 1556 3269 1610 in
3299 1556 3541 1612 medium
3571 1555 3815 1612 basilica:

2206 1647 2488 1717 deportata
2535 1656 2637 1702 est.
2687 1645 2932 1717 Cumque
2973 1655 3030 1702 et
3059 1647 3133 1702 ibi
3179 1648 3495 1719 aliquandiu
3521 1649 3811 1719 iacuisset,

2207 1740 2354 1795 velut
2382 1740 2448 1794 de
2478 1739 2629 1812 gravi
2679 1754 2870 1794 somno
2896 1751 3216 1810 experrecta
3245 1741 3490 1796 resedit:
3524 1757 3604 1798 ac
3629 1741 3816 1799 deinde

2207 1847 2400 1886 manus
2429 1832 2515 1886 bis
2549 1831 2641 1901 qui
2670 1832 2957 1886 astiterant
2985 1833 3293 1904 porrigens,
3327 1842 3390 1888 ut
3414 1833 3474 1888 in
3507 1835 3693 1904 pedes
3717 1835 3816 1890 eri-

2205 1932 2444 1995 geretur,
2487 1924 2685 1994 quibus
2726 1932 2943 1994 poterat
2983 1925 3204 1980 nutibus
3250 1927 3446 1981 oravit.
3493 1925 3711 1982 Erecta
3757 1927 3817 1982 ad

2207 2015 2379 2070 altare
2427 2013 2713 2071 deducitur
2756 2031 2772 2070 :
2820 2016 2911 2070 ubi
2962 2032 3085 2072 cum
3139 2016 3439 2073 Ratleicum
3487 2016 3652 2073 inter
3695 2016 3815 2074 alios

2207 2109 2456 2173 clericos,
2485 2109 2579 2179 qui
2601 2107 2756 2178 iuxta
2787 2109 2957 2166 altare
2985 2111 3366 2174 constiterant,
3392 2119 3646 2166 stantem
3675 2128 3742 2166 ac
3767 2128 3817 2169 se

2207 2201 2589 2270 respicientem
2636 2210 2906 2266 cerneret,
2953 2202 3201 2271 protinus
3242 2202 3296 2256 in
3333 2203 3448 2257 ham
3476 2204 3662 2257 verba
3700 2218 3815 2273 pm-

2207 2291 2391 2361 rupit:
2428 2307 2449 2344 ‹
2488 2290 2567 2345 Tu
2597 2305 2677 2355 es,
2711 2291 2905 2361 inquit,
2954 2290 3263 2356 Ratleicus;
3305 2299 3380 2357 tu,
3424 2292 3520 2358 ait,
3559 2293 3681 2348 hoc
3726 2308 3818 2348 o-

2204 2382 2354 2438 mine
2397 2382 2655 2437 vocitaris
2701 2392 2758 2436 tu
2809 2397 2869 2437 es
2919 2398 3111 2438 servus
3169 2385 3366 2438 horum
3407 2394 3765 2440 sanctorum.
3798 2405 3814 2437 ι

2209 2472 2382 2539 Quam
2417 2488 2540 2527 cum
2572 2472 2660 2528 ille
2686 2481 3101 2544 percontaretur
3126 2476 3269 2531 unde
3313 2477 3413 2531 hoc
3460 2477 3700 2543 scisset,
3743 2478 3819 2532 vel

2207 2565 2332 2634 quis
2371 2565 2423 2618 ei
2475 2580 2670 2618 nomen
2713 2581 2869 2620 suum
2913 2566 3204 2622 indicasset
3245 2586 3259 2621 :
3307 2586 3326 2618 ‹
3370 2567 3598 2634 Sancti,
3653 2569 3819 2639 inquit

2209 2657 2323 2723 isli,
2352 2657 2445 2727 qui
2473 2657 2560 2712 bic
2587 2657 2956 2726 requiescunt,
2993 2659 3210 2728 quando
3236 2659 3380 2714 velut
3422 2659 3728 2715 dormiens
3746 2659 3819 2729 ia-

2210 2750 2318 2812 cui,
2362 2755 2712 2803 accesserunt
2740 2747 2807 2802 ad
2841 2763 2928 2804 me
2956 2758 3011 2804 et
3043 2749 3310 2804 miserunt
3352 2750 3547 2820 digitos
3607 2766 3752 2806 suos
3773 2752 3820 2808 in

2209 2840 2482 2896 auriculas
2515 2855 2666 2896 meas
2704 2840 3066 2910 dixeruntque
3107 2841 3240 2896 mihi
3269 2859 3282 2895 :
3314 2840 3444 2897 Cum
3477 2844 3815 2906 sun-exeris,

2209 2943 2264 2990 et
2291 2933 2358 2987 ad
2394 2933 2566 2988 altare
2605 2934 2923 2998 accesseris,
2971 2933 3203 2989 clericus
3250 2933 3339 2989 ille
3379 2933 3629 3003 iuvenis,
3664 2951 3819 3005 quem

2209 3037 2394 3077 coram
2421 3030 2473 3076 te
2500 3022 2758 3077 assistere
2781 3038 2845 3078 ac
2869 3031 2922 3078 te
2951 3023 3228 3078 intendere
3245 3022 3464 3087 videris,
3494 3023 3649 3078 scito
3681 3025 3818 3094 quod

2212 3113 2301 3169 ille
2349 3113 2626 3168 Ratleicus
2673 3123 2921 3180 vocatur,
2971 3122 3026 3170 et
3066 3113 3154 3168 ille
3208 3129 3394 3168 servus
3438 3123 3638 3170 noster
3687 3125 3774 3172 est
3805 3179 3818 3192 ,

503 3202 575 3257 ad
603 3202 746 3257 idem
777 3179 1020 3257 cilicium
1042 3212 1294 3269 venerat,
1326 3210 1490 3272 atque
1536 3179 1812 3259 iii—media
1848 3202 2096 3258 multitu-
2125 3179 2170 3242 Ο
2210 3220 2339 3260 nam
2365 3205 2480 3273 ipse
2509 3205 2701 3274 estqui
2725 3203 2793 3258 ad
2814 3179 2957 3259 hunc
2987 3204 3164 3259 locum
3193 3220 3420 3274 corpora
3447 3213 3639 3259 nostra
3666 3179 3821 3262 dem:

503 3293 632 3349 dine
655 3295 1021 3358 consistebat,
1075 3303 1184 3348 tam
1217 3295 1368 3366 gravi
1404 3295 1560 3348 ruina
1610 3295 1789 3350 subito
1831 3294 2102 3365 collapsus

504 3393 613 3450 est,
660 3395 720 3440 ut
765 3395 980 3440 mortuo
1008 3387 1201 3440 similis
1232 3387 1285 3439 in
1319 3387 1628 3457 pavimento
1670 3387 1973 3443 diutissime
2017 3387 2103 3454 ja-

505 3479 730 3534 cuisset.
754 3477 923 3545 Quem
953 3495 1078 3533 cum
1107 3487 1425 3534 stertentem
1452 3479 1618 3549 aliqui
1649 3496 1716 3535 ex
1745 3481 2103 3534 circumstan-

503 3569 654 3626 tibus
680 3569 862 3625 levare
890 3579 1051 3641 atque
1080 3571 1288 3642 erigere
1315 3581 1665 3637 conarentur,
1691 3581 1843 3626 tanta
1867 3573 1951 3626 vis
1977 3587 2103 3627 san-

505 3661 686 3732 guinis
710 3677 777 3717 ex
796 3676 890 3717 ore
916 3672 970 3717 et
999 3664 1224 3719 naribus
1249 3663 1448 3734 erupit,
1471 3673 1533 3719 ut
1565 3673 1680 3719 tota
1706 3664 1946 3719 anterior
1972 3679 2102 3733 pars

503 3757 768 3825 corporis,
800 3755 852 3811 id
876 3766 978 3822 est,
1004 3765 1193 3828 pectus
1214 3765 1270 3812 et
1289 3765 1498 3821 venter,
1526 3769 1580 3811 et
1606 3773 1775 3826 usque
1801 3757 1868 3812 ad
1893 3765 2101 3812 vestem

503 3859 610 3916 qua
639 3845 858 3916 inguina
888 3847 1228 3918 tegebantur,
1262 3848 1365 3901 hac
1393 3855 1541 3902 esset
1565 3847 1954 3902 exuberatione
1980 3863 2103 3917 per-

503 3935 644 3992 fusa.
697 3937 800 4006 Qui
841 3955 963 3994 cum
1007 3939 1170 3994 allata
1215 3954 1353 4009 aqua
1385 3937 1578 3994 fuisset
1609 3939 1964 4004 refocillatus,
2015 3955 2102 3995 re-

503 4033 734 4101 sumptis
776 4033 986 4087 viribus
1013 4033 1162 4088 clare
1192 4033 1403 4088 locutus
1429 4042 1532 4088 est.
1576 4033 1712 4087 Nam
1755 4033 2101 4104 postmodum

503 4137 537 4176 a
566 4123 730 4177 nobis
755 4123 1136 4194 interrogatus,
1170 4132 1400 4179 testatus
1431 4135 1517 4179 est
1547 4140 1604 4179 se
1636 4126 1704 4178 ab
1748 4125 1975 4179 infantia
2001 4139 2100 4180 sua

502 4229 677 4283 usque
722 4215 775 4267 in
809 4229 1047 4284 praesens
1093 4231 1268 4284 neque
1317 4215 1503 4269 audire
1546 4215 1770 4283 aliquid,
1809 4231 1910 4270 nec
1952 4216 2101 4286 loqui

501 4305 761 4378 potuisse.
797 4305 1036 4360 Patriam
1065 4307 1168 4361 sibi
1198 4322 1319 4362 esse
1365 4306 1726 4370 Britanniam,
1774 4322 1833 4361 se
1880 4307 2101 4362 natione

501 4399 769 4470 Anglum;
810 4407 1042 4452 matrem
1072 4414 1222 4453 suam
1259 4398 1516 4452 visitandi
1548 4397 1741 4468 gratia,
1771 4413 1890 4466 qua:
1911 4396 2100 4452 Roma

501 4491 964 4561 peregrinaretur,
993 4490 1099 4544 iter
1121 4491 1437 4560 arripuisse,
1471 4499 1634 4560 atque
1672 4490 1745 4543 ita
1771 4490 1912 4543 inter
1940 4498 2100 4544 caete-

503 4596 594 4636 ros
622 4581 959 4650 peregrinos,
989 4581 1080 4650 qui
1123 4597 1230 4634 una
1258 4581 1486 4634 Romam
1515 4582 1595 4636 ire
1623 4581 1905 4647 volebant,
1936 4583 1989 4636 in
2036 4581 2101 4635 il-

499 4673 612 4729 lum
646 4673 821 4729 locum
864 4673 1198 4743 pervenisse,
1241 4674 1358 4738 sed,
1397 4673 1560 4728 sociis
1601 4674 1713 4728 suis
1755 4673 2095 4741 abeuntibus,

502 4779 561 4820 se
591 4766 931 4829 substitisse;
959 4765 1242 4834 ipsumque
1272 4763 1438 4828 diem,
1465 4779 1571 4832 quo
1597 4779 1762 4818 sanus
1791 4763 1965 4819 factus
1990 4771 2094 4828 est,

503 4857 792 4926 septimum
818 4872 938 4911 esse
959 4872 1025 4910 ex
1050 4872 1156 4926 quo
1192 4857 1247 4911 in
1279 4856 1454 4910 locum
1482 4857 1631 4910 illum
1661 4867 1904 4912 venerat.
1933 4857 2098 4912 Cum-

503 4965 610 5020 que
639 4951 706 5005 ab
734 4966 800 5005 co
830 4965 1023 5006 nomen
1051 4949 1170 5020 eius
1197 4965 1587 5020 quaereremus,
1614 4952 1889 5021 respondit
1912 4967 1969 5005 se
1991 4959 2091 5006 n‘o-

502 5058 629 5099 men
677 5059 834 5097 suum
865 5044 1079 5113 penitus
1127 5045 1395 5114 ignorare,
1431 5060 1533 5113 pro
1561 5061 1626 5100 eo
1668 5045 1811 5114 quod
1849 5061 1915 5100 ex
1949 5055 2088 5102 tem-

502 5151 668 5206 pore,
711 5150 820 5206 quo
868 5137 1186 5196 obsurduit,
1229 5152 1507 5208 nunquam
1553 5153 1747 5192 nomen
1797 5153 1955 5193 suum
1999 5154 2094 5194 au-

505 5228 688 5283 dierit.

577 5322 667 5377 58.
707 5320 846 5374 Exin
873 5329 998 5392 post
1026 5321 1230 5391 aliquot
1256 5323 1393 5387 dies,
1433 5339 1556 5378 cum
1589 5338 1738 5379 more
1773 5325 1998 5380 solemni
2030 5327 2100 5383 ad

506 5413 875 5485 vespertinum
903 5412 1135 5470 oflicium
1175 5415 1229 5470 in
1273 5416 1502 5471 ecclesia
1541 5415 1829 5472 fuissemus
1865 5433 2094 5490 congre-

509 5505 644 5577 gati,
675 5503 851 5576 puella
886 5507 1138 5577 quzedam
1179 5507 1345 5561 surda
1373 5515 1430 5562 et
1473 5516 1644 5572 muta,
1675 5523 1836 5578 quam
1867 5508 1933 5564 de
1960 5493 2098 5582 pago

509 5597 812 5670 Biturigum
845 5611 871 5640 ι
899 5606 1054 5672 pater
1076 5599 1194 5670 eius
1236 5613 1302 5654 ac
1337 5597 1529 5665 frater,
1561 5599 1789 5657 salutem
1825 5601 2099 5672 quierendi

582 5747 610 5809 ξ
637 5732 856 5809 Scilicet
879 5735 934 5790 in
949 5735 1242 5806 Aquitania
1265 5735 1466 5807 prima,
1491 5737 1561 5793 ad
1581 5753 1745 5809 quam
1770 5737 1917 5796 fama
1939 5740 2103 5797 mira-

490 5805 760 5878 .c'ulorum
783 5805 1094 5863 devenerat.

2207 3293 2292 3350 lit.
2331 3315 2351 3347 ι
2387 3294 2453 3348 Et
2481 3308 2673 3349 revera
2704 3293 2779 3348 ita
2808 3301 2945 3348 erat.
2976 3292 3034 3348 Si
3070 3293 3283 3364 quidem
3310 3295 3422 3365 ipse
3450 3303 3591 3360 erat,
3629 3311 3813 3366 quem,

2207 3391 2430 3455 propter
2457 3393 2773 3438 sanctorum
2800 3383 3059 3454 reliquias
3091 3399 3124 3438 a
3146 3384 3380 3454 quodam
3409 3384 3654 3441 diacono
3685 3387 3818 3443 red-

2206 3477 2434 3547 piendas
2483 3476 2748 3547 nobisque
2793 3475 3135 3542 deferendas,
3185 3475 3412 3531 Romam
3449 3492 3550 3532 nos
3603 3479 3819 3534 misisse

2208 3568 2262 3622 in
2295 3569 2472 3638 primo
2514 3568 2653 3624 libro
2678 3567 3118 3624 memoravimus.
3168 3567 3236 3621 Et
3282 3568 3403 3623 bzec
3443 3569 3686 3638 quidem
3727 3572 3816 3627 hoc

2206 3659 2368 3715 modo
2417 3675 2601 3715 coram
2658 3660 2852 3727 nobis,
2909 3674 3008 3730 per
3052 3659 3308 3715 virtutem
3368 3660 3816 3720 beatissimorum

2205 3759 2530 3823 martyrum,
2555 3751 2778 3822 depulso
2799 3753 3133 3807 infirmitatis
3155 3753 3372 3824 spiritu,
3397 3753 3813 3826 inlegerriman

2205 3846 2450 3916 corporis
2479 3845 2560 3900 sui
2605 3846 2894 3901 sanitatem
2942 3854 3027 3901 est
3070 3857 3391 3914 consecuta;
3440 3863 3612 3918 quam
3668 3863 3816 3923 pater

2206 3953 2270 3992 ac
2317 3937 2501 4003 frater,
2525 3938 2618 4007 qui
2654 3953 2773 3992 eam
2804 3937 2894 3992 illo
2924 3938 3285 4005 deduxerunt,
3313 3955 3344 3994 a
3380 3948 3637 4011 tempore
3677 3945 3812 3999 nati-

2205 4031 2390 4085 vitatis
2436 4044 2548 4084 sua:
2589 4029 2814 4084 surdam
2840 4037 2896 4084 et
2931 4037 3140 4085 mutam
3178 4045 3394 4102 semper
3427 4031 3599 4088 fuisse
3629 4036 3812 4092 testati

2205 4134 2357 4180 sunt.

2275 4218 2364 4273 59.
2396 4217 2714 4272 Miraculum
2745 4226 2946 4284 autem,
2980 4220 3125 4290 quod
3149 4236 3294 4276 nunc
3314 4232 3644 4277 narraturus
3673 4239 3807 4286 sum,

2203 4322 2303 4379 ego
2329 4310 2442 4379 ipse
2474 4325 2578 4363 non
2604 4310 2736 4375 vidi,
2774 4311 2870 4366 sed
2889 4311 3072 4366 verbis
3100 4327 3288 4367 eorum
3317 4329 3554 4383 quorum
3584 4313 3699 4369 hoc
3729 4328 3812 4367 re-

2203 4402 2403 4456 latione
2445 4403 2576 4458 mihi
2605 4412 2944 4473 compertum
2985 4413 3087 4470 est,
3117 4421 3222 4460 non
3271 4407 3453 4462 minus
3484 4421 3659 4476 quam
3692 4421 3815 4478 pro-

2124 4531 2178 4591 Β
2203 4495 2340 4564 priis
2359 4495 2530 4549 oculis
2552 4496 2776 4551 credere
2791 4511 3044 4566 possum;
3070 4496 3298 4567 ideoque
3319 4513 3430 4552 non
3452 4506 3514 4553 ut
3540 4500 3810 4564 auditum,

2208 4585 2303 4639 sed
2331 4585 2508 4655 potius
2538 4593 2596 4639 ut
2623 4600 2652 4638 a
2688 4600 2774 4639 me
2799 4586 2915 4655 ipso
2939 4587 3133 4653 visum,
3184 4588 3572 4646 incunctanter
3595 4605 3667 4646 ac
3701 4590 3814 4646 sine

2208 4677 2315 4732 ulla
2340 4677 2677 4732 dubitatione
2703 4677 2951 4748 proferre
2974 4678 3210 4734 decrevi.

2277 4768 2607 4824 Mercatores
2650 4769 2870 4838 quidam
2919 4771 2986 4827 de
3032 4769 3252 4825 civitate
3304 4770 3684 4843 Moguntiaca,
3726 4772 3812 4841 qui

2202 4860 2534 4918 frumentum
2586 4863 2639 4918 in
2685 4864 3054 4933 superioribus
3110 4863 3418 4920 Germania:
3485 4869 3749 4936 partibus
3788 4867 3813 4905 δ

2200 4969 2408 5018 emere,
2439 4970 2504 5010 ac
2529 4971 2628 5028 per
2653 4955 2874 5012 fluvium
2909 4957 3144 5012 Moenum
3188 4959 3257 5013 ad
3303 4959 3495 5014 urbem
3545 4960 3816 5015 devehere

2197 5049 2472 5115 solebant,
2500 5064 2702 5104 caecum
2743 5051 3031 5118 quemdam
3073 5051 3292 5105 natione
3334 5048 3696 5120 Aquitanum,
3724 5066 3814 5105 no-

2198 5141 2348 5195 mine
2394 5140 2697 5206 Albricum,
2729 5141 2998 5196 mercedis
3024 5156 3052 5195 a
3080 5141 3192 5196 Deo
3215 5143 3597 5211 promerendm
3634 5143 3814 5213 gratia

2198 5237 2323 5291 navi
2355 5251 2464 5290 suae
2493 5235 2825 5306 impositum,
2869 5237 3011 5291 sicut
3056 5235 3171 5305 ipse
3196 5235 3488 5306 petiverat,
3530 5236 3602 5289 ad
3626 5234 3814 5289 basili-

2201 5345 2323 5385 cam
2361 5329 2644 5384 beatorum
2689 5338 2991 5401 martyrum
3033 5328 3390 5385 deduxerunt.
3427 5327 3694 5396 Quicum
3741 5327 3811 5383 ibi

2198 5436 2472 5492 egressus,
2502 5429 2665 5492 atque
2709 5421 2766 5476 in
2795 5421 2956 5478 domo
2985 5421 3228 5478 custodis
3249 5421 3494 5478 ecclesia
3534 5430 3683 5478 esset
3717 5420 3813 5476 ho-

2201 5515 2363 5587 spitio
2402 5525 2674 5584 receptus,
2710 5523 2917 5585 septem
2945 5515 3032 5572 vel
3065 5529 3132 5572 eo
3163 5515 3393 5586 amplius
3437 5515 3556 5571 dies
3600 5513 3811 5569 ibidem

2203 5614 2449 5662 moratus
2471 5614 2571 5661 est.
2596 5603 2841 5661 Habebat
2864 5606 3010 5661 enim
3030 5615 3230 5678 praeter
3256 5607 3564 5691 caecitatem
3585 5635 3663 5648 -
3686 5620 3813 5678 qua

2278 5743 2308 5783 ι’
2347 5741 2568 5815 scilicet
2611 5758 2677 5798 ex
2729 5743 3110 5815 marchionatu
3139 5742 3557 5815 culembachio,
3581 5742 3811 5815 episco-

2213 5823 2342 5886 patu
2368 5813 2771 5885 Bambergensi,
2804 5821 2859 5870 et
2888 5814 3158 5888 contiguis
3189 5813 3462 5872 Bohemiae
3489 5813 3646 5870 locis.
