3960 6346
139 355 246 416 set

1000 355 1178 415 HIST.
1220 353 1611 413 TRANSLAT.
1655 355 1762 413 BB.
1802 355 2222 415 MARCELLINI
2257 356 2347 413 ET
2384 353 2609 428 PETRI.

3326 354 3435 414 582

140 485 196 526 et
217 473 507 541 propterea
539 465 682 541 quod
717 469 888 526 oculis
916 471 1157 538 carebat,
1193 471 1452 527 naturalis
1480 471 1594 542 jam
1617 487 1737 526 esse
1765 473 1816 531 A
1839 474 2208 543 quiescebant,
2238 488 2406 544 parvo
2427 474 2604 545 spatio
2637 467 2892 539 distabat,
2925 473 3116 530 orandi
3144 475 3318 546 gratia
3346 493 3438 532 ve-

140 561 532 618 videbatur—
566 562 884 619 horribilem
926 579 990 620 ac
1036 563 1235 620 foedam
1284 565 1451 620 totius
1499 567 1741 636 corporis

143 657 544 713 inﬁmitatem.
575 658 708 714 Erat
728 660 873 714 enim
894 662 1134 716 omnium
1159 663 1524 718 membrorum
1554 667 1742 732 ingens

143 758 377 819 tremor,
433 751 526 822 qui
576 751 825 807 eumdem
866 761 976 807 tam
1016 755 1165 825 gravi
1213 753 1490 824 quatiebat
1540 753 1744 806 incom-

142 842 335 908 modo,
363 850 421 897 ut
447 843 686 914 propriis
729 844 979 900 manibus
1006 845 1188 901 cibum
1227 845 1310 900 ori
1348 859 1444 900 suo
1467 843 1744 915 porrigere

142 934 365 1006 penitus
391 949 498 989 non
529 934 754 991 valeret.
786 936 836 992 Is
862 951 984 991 cum
1012 937 1099 992 die
1133 939 1384 1008 quadam,
1414 937 1564 992 horis
1592 944 1744 991 ante-

146 1026 466 1082 meridianis
496 1025 552 1081 in
580 1027 814 1098 hospitio
837 1028 1047 1098 jacens,
1075 1029 1450 1093 obdormisset,
1483 1028 1619 1083 vidit
1645 1041 1744 1098 per

147 1133 402 1179 sonorem
428 1123 719 1190 quemdam
743 1119 845 1174 sibi
875 1120 1218 1176 assistentem
1247 1137 1412 1192 seque
1435 1128 1742 1176 monentem

145 1219 210 1265 ut
237 1209 348 1264 cito
377 1217 644 1280 surgeret,
674 1216 834 1280 atque
863 1209 931 1265 ad
957 1211 1241 1267 ecclesiam
1263 1210 1573 1277 festinaret;
1608 1219 1745 1265 tem-

148 1318 253 1373 pus
290 1303 477 1358 dicens
501 1301 808 1367 advenisse,
834 1319 941 1375 quo
966 1305 1032 1359 de
1059 1304 1147 1359 illa
1175 1303 1467 1360 miserabili
1494 1304 1746 1374 passione

148 1388 250 1465 per
270 1395 528 1449 virtutem
568 1393 875 1464 sanctorum
922 1393 1142 1450 liberari
1187 1394 1427 1450 deberet.
1474 1394 1746 1464 Experge-

149 1486 328 1542 factus
371 1495 534 1556 atque
583 1486 652 1542 ad
694 1484 979 1542 ecclesiam
1036 1487 1248 1550 ductus,
1297 1501 1396 1556 pro
1443 1484 1648 1540 foribus
1688 1485 1746 1541 in

147 1579 388 1651 quodam
418 1577 594 1649 lapide
638 1578 901 1634 consedit.
951 1576 1225 1650 Agebatur
1253 1586 1382 1633 tunc
1404 1578 1458 1632 in
1494 1579 1742 1643 ecclesia,

145 1685 310 1725 more
341 1669 586 1734 solemni,
635 1669 878 1724 divinum
903 1667 1159 1733 ofﬁcium,
1205 1676 1261 1722 et
1287 1668 1515 1738 expletis
1545 1667 1745 1723 oratio-

144 1764 318 1819 nibus
363 1779 480 1833 qua:
522 1778 734 1818 sacram
781 1762 1055 1834 Evangelii
1103 1761 1390 1817 lectionem
1439 1761 1747 1830 praecedere

1845 567 2013 633 nissc,
2035 575 2091 622 et
2116 583 2239 622 cum
2263 583 2386 623 eam
2427 567 2666 622 clausam
2711 565 3048 632 offendisset,
3090 584 3188 638 pro
3230 569 3438 625 foribus

1844 675 2048 717 orasse.
2089 661 2292 717 Deinde
2314 678 2435 717 cum
2462 677 2520 716 se
2545 661 2828 725 erexisset,
2857 671 2911 716 et
2943 661 3012 716 ad
3043 661 3328 718 ecclesiam
3355 666 3436 720 ire

1846 754 2122 821 coepisset,
2151 753 2348 808 vidisse
2378 754 2664 824 quemdam
2693 753 2972 818 clericum,
3001 755 3309 809 veneranda
3350 768 3442 810 ca-

1844 845 2000 911 nitie,
2027 845 2162 900 stola
2190 845 2307 900 alba
2335 845 2602 910 indutum,
2631 860 2700 900 eo
2738 860 2845 915 quo
2873 853 2929 900 et
2965 845 3080 915 ipse
3105 844 3185 900 ire
3220 845 3440 902 volebat

1847 952 1907 994 se
1951 935 2366 1008 prtecedentem.
2400 936 2590 1004 Quem,
2626 945 2686 991 ut
2711 937 2825 1006 ipse
2853 935 3072 1000 asserit,
3107 943 3326 990 secutus
3360 942 3448 992 est

1846 1045 2018 1099 usque
2047 1029 2116 1084 ad
2133 1029 2330 1084 ostium
2359 1029 2616 1084 basilicze.
2647 1027 2764 1096 Quo
2793 1045 2914 1084 cum
2947 1030 3109 1084 ambo
3141 1029 3443 1096 venissent,

1849 1121 1896 1177 is
1917 1122 2008 1191 qui
2045 1121 2385 1192 praecedebat
2413 1121 2670 1184 substitit,
2722 1121 2946 1176 sinistro
2986 1120 3129 1191 posti
3169 1135 3228 1176 se
3278 1119 3446 1191 appli-

1849 1229 1998 1276 cans,
2050 1213 2216 1282 quasi
2234 1210 2393 1266 vellet
2437 1223 2496 1265 ut
2533 1211 2625 1266 ille
2659 1210 2812 1281 prius
2851 1211 3248 1282 ingrederetur,
3283 1226 3448 1281 quem

1851 1307 1965 1377 ipse
2005 1307 2164 1378 paulo
2208 1313 2334 1362 ante
2373 1315 2728 1376 praecesserat
2754 1322 2770 1360 τ
2801 1309 3186 1378 cunctantique
3224 1315 3283 1363 ut
3319 1316 3448 1366 ante

1852 1414 1910 1455 se
1952 1400 2200 1464 intraret,
2245 1399 2532 1453 annuendo
2576 1398 2883 1467 imperavit.
2914 1397 3014 1466 Qui
3040 1415 3165 1454 cum
3191 1399 3452 1454 intrasset

1851 1500 1908 1549 et
1926 1492 1993 1547 ad
2012 1492 2279 1546 orandum
2307 1506 2364 1546 se
2390 1491 2723 1556 inclinasset,
2754 1499 2877 1562 post
2902 1499 3110 1562 tergum
3133 1492 3250 1564 ejus
3277 1492 3448 1560 stetit,

1853 1595 1908 1643 et
1941 1602 2064 1641 cum
2088 1602 2268 1656 pugno
2296 1585 2350 1639 in
2377 1585 2644 1640 cervicem
2686 1586 2955 1655 percussit
3002 1597 3164 1656 atque
3202 1593 3450 1656 prostra-

1851 1679 1952 1745 vit,
1982 1687 2036 1734 et
2073 1676 2360 1733 confestim
2389 1676 2629 1730 evanuit.
2669 1674 2839 1743 Quem
2871 1685 3050 1731 tamen
3095 1691 3255 1731 nemo
3284 1675 3450 1744 alius,

1853 1768 1959 1824 nisi
1997 1769 2144 1823 solus
2170 1767 2257 1822 ille
2283 1767 2376 1837 qui
2406 1777 2628 1821 sanatus
2657 1774 2762 1832 est,
2800 1767 2984 1821 videre
3009 1767 3204 1835 potuit.

148 1854 350 1921 solent,
401 1854 577 1924 ipsum
615 1853 720 1924 legi
753 1862 988 1924 coeptum
1030 1862 1132 1908 est.
1165 1852 1332 1922 Cujus
1373 1867 1495 1908 cum
1521 1853 1609 1906 Vix
1641 1852 1748 1906 duo
1775 1868 1824 1930 B
1920 1860 2009 1914 Al.
2054 1857 2166 1914 Sub
2217 1858 2360 1913 idem
2415 1857 2530 1912 fere
2578 1867 2809 1928 tempus,
2857 1873 2978 1913 cum
3007 1860 3242 1928 quadam
3288 1865 3454 1914 nocte

149 1959 347 2000 versus
376 1943 608 2000 fuissent
630 1943 859 2015 legendo
885 1944 1164 2014 completi,
1191 1958 1320 1999 ecce
1346 1952 1588 2014 repente,
1605 1942 1754 1998 velut

149 2041 266 2095 vim
299 2039 535 2111 patiens,
562 2038 888 2095 tremulosus
920 2037 1008 2094 ille
1039 2038 1366 2094 vociferatus
1390 2048 1496 2105 est,
1525 2040 1711 2095 dicens
1736 2057 1750 2095 :

157 2149 178 2182 ι
214 2129 426 2200 Adjuva
474 2144 594 2197 me,
639 2139 826 2186 sancte
874 2127 1213 2187 Marcelline!
1270 2153 1289 2185 )
1333 2132 1452 2200 Quo
1514 2132 1755 2190 clamore

153 2224 373 2279 tametsi
399 2239 590 2280 omnes
615 2224 707 2294 qui
738 2223 794 2278 in
829 2224 1059 2280 ecclesia
1095 2233 1274 2291 erant,
1305 2225 1450 2280 haud
1476 2241 1642 2296 parva
1673 2225 1759 2282 fo-

149 2322 277 2370 rent
318 2313 727 2384 perturbatione
768 2315 1067 2380 commoti,
1119 2313 1325 2384 majore
1374 2323 1554 2370 tamen
1600 2323 1756 2386 parte

149 2417 377 2478 propter
404 2408 764 2462 reverentiam
794 2407 1119 2479 evangelica:
1161 2408 1412 2464 lectionis
1439 2409 1493 2465 in
1521 2409 1641 2464 loco
1667 2423 1756 2463 re-

153 2511 432 2567 manente,
467 2501 652 2572 plures
671 2502 738 2556 ad
763 2501 1053 2557 videndum
1075 2517 1323 2572 quaenam
1348 2517 1510 2558 causa
1532 2503 1758 2572 hujusce

155 2595 416 2650 clamoris
443 2595 704 2650 existeret
731 2603 1118 2660 accurrerunt;
1149 2603 1223 2661 et,
1254 2603 1316 2650 ut
1341 2603 1529 2666 postea
1573 2596 1758 2651 testati

155 2694 310 2752 sunt,
362 2685 679 2741 invenerun'
732 2685 1013 2754 eumdem,
1061 2687 1118 2741 in
1167 2701 1234 2742 eo
1277 2703 1386 2759 quo
1434 2690 1759 2745 consederat

151 2776 302 2843 loco,
327 2786 550 2833 extento
578 2793 640 2834 ac
665 2779 981 2848 resupinato
1016 2794 1245 2849 corpore
1282 2780 1576 2851 iacentem,
1607 2797 1761 2838 men-

153 2876 386 2939 tumque
409 2884 473 2923 ac
499 2879 689 2940 pectus
713 2885 910 2926 cruore
936 2885 1000 2926 ex
1024 2870 1246 2927 naribus
1269 2871 1572 2943 profluente
1598 2873 1759 2928 inul-

151 2961 369 3017 datum.
406 2961 664 3030 Quicum
706 2961 776 3017 ab
817 2963 896 3018 eis
939 2971 1174 3030 erectus,
1204 2971 1258 3019 et
1297 2964 1577 3035 paululum
1607 2980 1762 3035 aqua:

151 3053 375 3126 frigida:
403 3071 625 3112 sumens
653 3055 841 3111 fuisset
889 3065 1186 3123 recreatus,
1223 3057 1410 3112 retulit
1455 3057 1560 3113 sibi
1587 3057 1762 3113 visum

148 3146 348 3214 fuisse,
374 3156 509 3203 tunc
539 3163 664 3204 cum
691 3148 838 3203 illam
861 3163 1049 3204 vocem
1089 3149 1364 3215 emiserat,
1393 3149 1538 3220 quod
1568 3149 1763 3219 aliquis

1854 1960 2157 2023 surgentes,
2195 1951 2263 2006 ad
2291 1950 2578 2006 ecclesiam
2623 1951 2843 2015 iremus,
2889 1949 3196 2005 invenimus
3241 1964 3342 2019 pro
3370 1947 3453 2004 fo-

1853 2046 2006 2100 ribus
2033 2042 2277 2099 ecclesia:
2306 2042 2594 2112 quemdam
2628 2057 2880 2112 puerum,
2913 2042 2967 2096 in
2997 2042 3210 2112 porticu
3249 2042 3444 2111 jacen-

1855 2143 1986 2201 tem,
2019 2135 2154 2189 adeo
2183 2133 2576 2188 miserabiliter
2602 2141 2960 2197 contractum,
2992 2140 3051 2186 ut
3074 2142 3256 2187 mento
3277 2147 3456 2204 genua

1851 2231 2229 2303 jungerentur.
2263 2229 2366 2296 Qui
2391 2245 2579 2294 unum,
2611 2243 2674 2282 ex
2705 2229 2792 2283 his
2821 2227 2913 2298 qui
2933 2242 3033 2282 nos
3061 2227 3447 2296 sequebantur,

1856 2323 2089 2395 rogavit,
2114 2329 2174 2376 ut
2198 2336 2256 2376 se
2287 2321 2343 2374 in
2369 2321 2655 2376 ecclesiam
2684 2321 3024 2390 deportaret;
3059 2326 3113 2374 et
3139 2318 3254 2385 ille,
3285 2318 3452 2372 mise-

1857 2417 2091 2471 ricordia
2125 2423 2328 2478 motus,
2375 2413 2593 2468 sustulit
2639 2428 2786 2477 eum,
2835 2422 2893 2468 et
2923 2414 2976 2467 in
3025 2411 3255 2467 ecclesia
3299 2410 3458 2480 juxta

1857 2505 2130 2562 cancellos
2145 2506 2330 2576 jacere
2355 2505 2504 2559 fecit.
2532 2505 2634 2572 Qui
2657 2503 2942 2559 confestim
2965 2506 3209 2559 irruente
3229 2519 3447 2574 sopore,

1858 2597 1951 2653 ubi
1992 2597 2167 2668 jacuit
2194 2595 2554 2660 obdormivit;
2607 2611 2708 2650 nec
2743 2597 2897 2665 prius
2933 2595 3209 2666 evigilavit
3256 2595 3450 2665 plene,

1860 2703 2025 2759 quam
2069 2687 2138 2743 de
2170 2687 2260 2742 illa
2307 2686 2605 2742 miserabili
2635 2686 3029 2751 contractione,
3066 2699 3166 2756 per
3194 2684 3456 2756 suffragia

1861 2789 2211 2845 sanctorum,
2263 2780 2336 2834 ita
2383 2779 2624 2849 perfecte
2676 2786 2901 2834 sanatus
2948 2788 3052 2843 est,
3084 2787 3145 2834 ut
3192 2776 3459 2846 evigilaus

1859 2886 1961 2942 per
1984 2885 2061 2936 se,
2096 2872 2163 2924 de
2197 2870 2319 2925 loco
2350 2870 2404 2923 iu
2458 2885 2619 2939 quem
2651 2869 2758 2923 alio
2789 2878 3043 2938 portante
3092 2869 3302 2923 delatus
3330 2876 3453 2933 est,

1864 2971 2138 3034 surgeret,
2172 2972 2334 3032 atque
2365 2963 2433 3016 ad
2464 2963 2636 3016 altare
2667 2961 2780 3017 Deo
2808 2963 3010 3033 gratias
3040 2971 3262 3017 acturus
3296 2977 3457 3016 acce-

1864 3054 2039 3110 deret.
2076 3055 2127 3110 Is
2157 3064 2361 3119 tamen,
2398 3055 2488 3108 ubi
2518 3054 2636 3110 dies
2666 3053 2864 3119 illuxit,
2899 3062 2955 3110 et
2985 3069 3086 3109 nos
3111 3069 3236 3110 cum
3263 3068 3329 3109 eo
3367 3054 3451 3108 lo-

1865 3144 1958 3214 qui
2007 3145 2305 3215 potuimus,
2356 3144 2538 3199 retulit
2579 3160 2637 3199 se
2666 3145 2842 3200 tribus
2882 3144 3110 3210 vicibus,
3136 3143 3459 3214 priusquam

148 3253 287 3294 eum
338 3253 518 3310 pugno
564 3239 619 3294 in
665 3239 931 3295 cervicem
984 3240 1382 3310 percussisset,
1426 3251 1588 3310 atque
1634 3232 1830 3296 ideoC
1861 3237 2074 3306 signum
2130 3236 2377 3291 ecclesiae
2411 3235 2703 3301 sonuisset,
2754 3251 2785 3289 a
2831 3235 3065 3305 quodam
3118 3235 3222 3290 sibi
3268 3236 3456 3306 ignoto

146 3330 310 3386 beati
345 3331 594 3402 martyris
635 3331 897 3386 auxilium
933 3331 1270 3403 implorasse.
1306 3331 1577 3388 Caeterum
1606 3332 1753 3387 hunc

147 3424 329 3480 ictum
373 3433 482 3479 tam
524 3425 816 3480 salutarem
869 3425 920 3481 ei
966 3424 1134 3481 fuisse
1179 3433 1390 3481 constat
1418 3433 1499 3491 ut,
1551 3440 1619 3481 et
1661 3425 1752 3482 illo

149 3516 417 3588 temporis
465 3526 761 3585 momento,
805 3517 1012 3573 nullum
1059 3517 1203 3573 illius
1251 3516 1407 3574 foedze
1443 3517 1754 3588 agitationis

148 3610 445 3681 vestigium
504 3611 562 3666 in
609 3612 727 3683 ejus
777 3626 1004 3683 corpore
1056 3611 1282 3667 ulterius
1343 3619 1646 3682 appareret.
1703 3610 1756 3668 Is

147 3712 344 3774 postea
369 3718 472 3774 per
508 3703 644 3759 duos
671 3702 784 3760 fere
816 3719 988 3760 annos
1025 3720 1080 3759 in
1128 3705 1318 3761 eodem
1358 3704 1479 3760 loco
1529 3705 1754 3771 mansit,

149 3803 209 3850 et
236 3803 298 3849 ut
322 3795 442 3864 ipse
468 3801 700 3851 testatus
727 3803 831 3861 est,
863 3796 1006 3852 nulla
1037 3813 1143 3852 nox
1176 3797 1230 3852 in
1258 3798 1362 3853 hoc
1387 3798 1607 3854 biennio
1631 3796 1752 3861 fuit,

150 3883 208 3938 in
234 3899 342 3955 qua
382 3900 482 3954 per
509 3886 780 3942 somnium
818 3887 1060 3953 eosdem,
1092 3887 1185 3957 qui
1211 3902 1334 3942 eum
1366 3888 1576 3943 salvum
1607 3888 1756 3945 fece-

151 3984 310 4041 runt,
353 3984 623 4048 martyres
660 3993 767 4032 non
808 3978 1060 4045 vidisset;
1104 3977 1271 4033 multa
1305 3993 1520 4049 quoque
1561 3981 1630 4035 ab
1677 3979 1758 4036 eis

149 4068 423 4135 audisset,
445 4085 565 4140 qua:
594 4070 715 4127 aliis
739 4070 918 4126 dicere
940 4069 1269 4140 jubebatur:
1294 4088 1361 4128 ex
1407 4071 1603 4141 quibus
1648 4072 1761 4142 ple-

150 4179 329 4234 raque
355 4181 496 4222 nunc
539 4166 763 4236 implere
789 4165 1086 4233 cernimus,
1132 4181 1254 4237 quae
1296 4165 1387 4222 ille
1419 4174 1550 4222 tunc
1575 4165 1758 4222 futura

152 4269 287 4312 esse
313 4257 584 4328 praedixit.

227 4348 320 4403 ω.
360 4349 488 4404 Post
512 4365 715 4421 paucos
750 4350 866 4408 dies
897 4351 1130 4407 vidimus
1169 4359 1224 4406 et
1250 4351 1415 4406 alium
1445 4351 1756 4422 quemdam,

148 4441 327 4498 simili
350 4445 538 4500 morbo
569 4443 911 4516 implicitum,
954 4445 1009 4500 in
1045 4445 1235 4502 eadem
1264 4445 1512 4510 basilica,
1550 4460 1648 4514 per
1671 4459 1763 4500 eo-

146 4535 407 4591 rumdem
427 4546 741 4593 sanctorum
764 4539 977 4603 merita,
1005 4553 1117 4592 non
1137 4537 1384 4592 dissimili
1408 4535 1569 4592 modo
1597 4551 1756 4591 cura-

1857 3327 2058 3383 clerico
2085 3327 2404 3393 excitatum,
2454 3336 2616 3397 atque
2647 3327 2981 3383 admonitum
3012 3335 3071 3383 ut
3106 3342 3455 3397 nequaquam

1855 3421 2301 3490 prmtermitteret
2329 3420 2460 3491 quin
2514 3428 2760 3491 tempore
2805 3421 3060 3475 matutini
3087 3419 3248 3476 ofﬁcii
3280 3422 3334 3474 in
3364 3436 3458 3476 ec-

1857 3513 2082 3568 clesiam
2121 3511 2349 3568 veniret.
2389 3510 2462 3566 Se
2491 3526 2708 3582 quoque
2735 3511 2807 3566 ita
2855 3511 3073 3579 fecisse,
3125 3524 3190 3567 ac
3226 3519 3456 3582 postea,

1857 3607 2000 3661 sicut
2033 3621 2131 3661 nos
2160 3604 2417 3672 vidimus,
2445 3605 2499 3658 in
2523 3603 2754 3660 ecclesia
2785 3603 3148 3659 dormientem
3179 3604 3452 3675 integram

1858 3696 1942 3753 sui
1977 3697 2224 3767 corporis
2251 3698 2541 3753 sanitatem
2570 3696 2860 3766 recepisse.
2891 3695 2959 3750 Et
2986 3696 3075 3752 hic
3102 3695 3324 3766 quidem
3352 3711 3453 3750 an-

1859 3805 2053 3844 norum
2083 3789 2305 3844 circiter
2332 3789 2647 3859 quindecim
2675 3803 2796 3843 esse
2822 3787 3128 3842 videbatur.

1930 3879 2022 3932 42.
2062 3878 2242 3933 Alium
2293 3878 2482 3932 itidem
2527 3877 2785 3942 vidimus,
2825 3892 2933 3931 non
2982 3892 3232 3945 puerum,
3264 3883 3325 3928 ut
3362 3875 3455 3932 hic

1860 3978 2003 4035 erat,
2034 3970 2128 4025 scd
2151 3969 2306 4024 valde
2332 3984 2517 4024 senem
2544 3976 2706 4038 atque
2733 3966 3088 4036 decrepitum,
3119 3966 3235 4036 pari
3265 3965 3460 4022 morbo

1861 4064 2139 4129 affectum,
2172 4064 2365 4119 eodem
2395 4064 2450 4117 in
2481 4063 2624 4129 loco,
2656 4052 2822 4117 simili
2849 4062 3027 4124 modo,
3061 4061 3225 4116 simili
3251 4062 3305 4117 in
3326 4070 3461 4118 tem-

1861 4173 1994 4228 pore
2033 4166 2304 4213 curatum.
2345 4156 2516 4225 Quem
2544 4164 2601 4211 et
2626 4156 2802 4226 ipsum
2831 4164 2992 4211 nocte
3023 4157 3291 4225 quadam,
3333 4171 3460 4212 cum

1863 4267 2088 4325 propter
2115 4254 2443 4309 matutinum
2471 4251 2705 4318 officium
2733 4252 3120 4309 celebrandum
3153 4253 3221 4308 ad
3256 4254 3460 4310 ostium

1865 4347 2110 4404 ecclesia:
2139 4348 2492 4410 venissemus,
2527 4347 2582 4401 in
2616 4347 2733 4417 ipso
2765 4346 2954 4400 limine
2991 4346 3310 4416 reperimus.
3354 4344 3460 4412 Qui

1865 4443 2096 4514 genibus
2123 4441 2322 4505 nitens,
2356 4440 2566 4496 duobus
2591 4454 2649 4494 se
2671 4437 2881 4494 baculis
2906 4439 3271 4502 sustentabat,
3295 4453 3360 4492 ac
3379 4437 3460 4493 sic

1855 4535 1959 4590 illo
1991 4534 2302 4589 tardissimo
2329 4540 2479 4589 motu
2509 4532 2577 4588 ad
2607 4533 3018 4604 ingrediendum
3057 4547 3158 4587 nos
3201 4531 3457 4586 moraba-

145 4637 295 4682 tum.
325 4625 461 4682 Nam
501 4629 735 4698 quadam
775 4601 970 4696 nocte,
999 4643 1122 4684 cum
1166 4629 1234 4684 ad
1272 4627 1599 4683 matutinum
1641 4627 1758 4682 olIi-
1783 4601 1837 4662 D
1865 4639 1974 4686 tur.
2004 4627 2250 4699 Cumque
2287 4635 2411 4698 post
2439 4634 2651 4698 tergum
2671 4601 2816 4696 'ejus
2853 4623 3156 4688 constituti,
3197 4621 3343 4676 illam
3372 4622 3458 4691 pi-

147 4717 304 4772 cium
333 4717 719 4773 celebrandum
764 4726 820 4774 et
856 4719 1044 4774 livina:
1082 4718 1217 4790 legis
1247 4718 1507 4774 lectiones
1532 4717 1758 4773 audien-

144 4809 254 4865 das
301 4810 357 4865 in
378 4810 608 4866 ecclesia
653 4810 984 4878 sederemus,
1035 4811 1261 4866 intravit
1305 4810 1528 4880 quidam
1567 4810 1759 4866 habitu

145 4901 422 4969 clericali,
474 4903 832 4960 trementibus
880 4903 1160 4968 membris,
1208 4902 1510 4973 baculoque
1555 4902 1756 4969 nitens,

144 4995 452 5051 titubantia
503 4996 735 5068 vestigia
781 5011 923 5068 aegre
983 4996 1337 5068 gubernabat.
1406 4996 1652 5068 Cumque
1701 5011 1761 5052 se

135 5084 313 5158 juxta
349 5089 613 5159 parietem
642 5090 711 5146 ad
743 5089 1008 5146 orandum
1039 5091 1348 5155 inclinaret,
1394 5091 1600 5163 ingenti
1626 5105 1762 5146 voce

144 5182 398 5246 emissa,
459 5183 744 5254 repentino
793 5199 921 5239 casu
974 5198 1209 5239 cernuus
1263 5183 1412 5248 ruit,
1473 5198 1538 5238 ac
1591 5197 1761 5252 parva

145 5274 427 5344 temporis
455 5291 608 5331 mora
638 5275 978 5348 interposita,
1009 5277 1078 5332 ab
1119 5292 1184 5333 eo
1219 5293 1326 5346 quo
1368 5276 1655 5331 tenebatur
1681 5276 1761 5332 in-

144 5370 452 5426 commodo
477 5387 640 5428 sanus
665 5373 920 5428 surrexit.
946 5371 1019 5440 Is,
1051 5389 1174 5430 cum
1206 5373 1275 5428 ab
1300 5388 1365 5429 eo
1395 5387 1762 5443 quaereremus

143 5461 202 5516 si
230 5461 383 5518 aliud
414 5463 636 5534 aliquid,
667 5473 864 5536 praater
889 5465 1032 5535 quod
1075 5480 1174 5520 nos
1215 5479 1407 5521 omnes
1439 5463 1623 5518 videre
1663 5477 1760 5534 ρος

145 5554 389 5621 tuimus,
421 5555 524 5610 sibi
559 5557 732 5611 visum
760 5555 955 5613 fuisset
984 5571 1049 5612 ea
1076 5557 1234 5623 hora,
1278 5570 1384 5628 qua
1422 5554 1650 5611 salutem
1679 5563 1766 5610 est

144 5655 510 5711 consecutus,
535 5647 672 5702 dixit
699 5664 778 5714 se,
802 5647 961 5719 paulo
993 5655 1118 5702 ante
1140 5662 1299 5718 quam
1323 5645 1602 5702 basilicam
1632 5645 1764 5700 fuis-

144 5747 246 5795 set
273 5739 575 5810 ingressus,
611 5743 679 5796 ad
708 5740 993 5797 ecclesiam
1034 5749 1298 5805 veterem,
1346 5756 1467 5810 qua:
1511 5739 1763 5795 occiden—

142 5839 276 5889 tem
323 5846 515 5890 versus
548 5847 580 5889 a
621 5847 762 5890 nova
804 5830 1049 5904 basilica,
1095 5831 1151 5888 in
1179 5845 1288 5904 qua
1338 5839 1607 5904 martyres
1637 5839 1766 5888 tunc

1864 4738 2018 4796 gram
2055 4721 2452 4795 promotionem
2481 4720 2937 4792 praestolaremur,
2967 4723 3116 4771 tanta
3144 4713 3454 4776 suavissimi

1866 4816 2051 4873 odoris
2078 4813 2398 4886 fragrantia,
2428 4812 2495 4868 de
2523 4811 2747 4867 basilica
2782 4809 3106 4880 procedens,
3148 4819 3309 4860 nares
3353 4819 3456 4860 no-

1868 4916 2012 4965 stras
2040 4906 2302 4976 implevit,
2333 4913 2394 4960 ut
2422 4905 2665 4960 omnium
2698 4909 3004 4957 aromatum
3031 4915 3096 4954 ac
3125 4897 3452 4968 thymiama-

1870 5007 1988 5054 tum
2019 4997 2370 5053 artificiosam
2407 4995 2857 5063 compositionem
2885 5006 2982 5045 sua
3015 4989 3328 5061 praestantia
3358 5003 3456 5043 su-

1863 5098 2100 5162 peraret.
2137 5089 2365 5144 Intravit
2391 5089 2633 5152 tandem,
2661 5094 2717 5141 et
2747 5098 2934 5139 coram
2963 5083 3121 5140 nobis
3144 5081 3300 5152 juxta
3323 5097 3457 5138 can-

1863 5183 2030 5239 cellos
2054 5181 2211 5252 quasi
2241 5181 2310 5235 ad
2340 5177 2716 5236 dormiendum
2745 5174 3036 5247 procubuit
3064 5193 3076 5228 :
3109 5189 3209 5229 nos
3236 5188 3454 5244 quoque

1861 5274 2142 5330 basilicam
2170 5271 2424 5343 ingressi,
2453 5268 2653 5325 nostris
2681 5267 2815 5322 locis
2844 5266 3210 5333 constitimus,
3261 5280 3323 5321 ac
3369 5264 3448 5320 si-

1862 5367 1974 5423 mul
2027 5382 2151 5422 cum
2197 5366 2318 5422 aliis
2359 5363 2619 5435 psalmos,
2671 5361 2765 5432 qui
2813 5359 3165 5424 dicebantur,
3223 5355 3454 5414 solemni

1863 5474 2018 5515 more
2046 5459 2406 5514 cantavimus.
2432 5455 2502 5510 At
2528 5455 2620 5510 ubi
2641 5455 2818 5524 prima
2841 5453 3002 5510 lectio
3028 5452 3248 5508 recitari
3270 5459 3452 5521 empta

1863 5563 1971 5621 est,
2026 5552 2330 5607 audivimus
2375 5550 2624 5605 eumdem
2675 5564 2861 5605 senem
2911 5564 3150 5618 gemere,
3182 5555 3258 5613 et,
3295 5543 3455 5616 quasi

1865 5643 1958 5715 qui
2009 5643 2119 5696 vim
2148 5650 2444 5712 pateretur,
2483 5641 2744 5696 auxilium
2777 5640 3099 5712 implorare;
3150 5654 3214 5693 ac
3253 5635 3451 5693 deinde

1864 5735 2148 5804 interjecto
2183 5733 2334 5804 parvi
2365 5734 2624 5804 temporis
2651 5734 2854 5804 spatio,
2889 5733 3125 5787 vidimus
3152 5731 3206 5784 in
3233 5741 3446 5806 sessum

1866 5843 1926 5887 se
1953 5826 2194 5901 erigere,
2226 5842 2291 5884 ac
2317 5829 2565 5904 protinus
2593 5827 2820 5897 baculis,
2843 5826 3042 5898 quibus
3069 5825 3340 5881 incessum
3366 5836 3449 5879 re-
