3960 6346
448 255 555 314 565

1800 239 2178 298 EGINHABDI
2212 233 2506 293 ABBATIS

3666 218 3790 286 564

449 383 579 440 gere
609 366 837 431 solebat,
871 364 1184 436 assumptis,
1217 359 1384 420 etiam
1423 359 1479 415 in
1512 358 1679 430 pedes
1704 357 2038 413 constitisse.
2069 360 2123 422 Α
2145 353 2459 409 bibendum.
2517 347 2713 403 Datum
2744 351 2828 402 est
2873 343 2928 399 in
2957 356 3108 409 vase,
3147 340 3293 413 quod
3343 352 3479 395 casu
3516 350 3785 392 vacuum

447 459 518 517 Et
561 474 660 515 nos
688 458 908 528 quidem
956 457 1073 512 haec
1097 455 1350 510 vidimus.
1390 452 1511 523 Ipse
1548 458 1727 504 autem
1772 447 2044 502 fatebatur

450 550 555 606 sibi
588 549 764 605 visum
796 547 987 613 fuisse,
1038 545 1184 616 quod
1209 560 1267 599 se
1302 543 1572 613 jacentem
1604 540 1757 610 quasi
1783 539 1889 595 duo
1919 538 2043 608 qui-

452 643 577 698 dam
603 639 1112 712 apprehendissent,
1131 653 1272 692 unus
1291 652 1390 707 per
1411 635 1668 690 humeros
1697 633 1764 688 ad
1787 631 1940 705 [Ms.,
1965 632 2044 706 et]

449 733 702 800 brachia,
733 733 870 788 alter
897 746 996 804 per
1025 747 1186 788 crura
1213 737 1268 786 et
1300 729 1486 800 pedes,
1543 744 1606 784 ac
1656 727 1701 782 si
1756 725 1912 798 [Ms.,
1943 723 2048 798 sic]

454 824 753 892 trahendo,
782 838 980 878 nervos
1026 836 1155 877 suos
1181 819 1272 891 qui
1301 817 1564 874 contracti
1595 823 1753 871 erant
1776 814 2050 869 extendis-

457 925 602 973 sent.
625 915 693 971 Et
715 915 843 987 quia
869 922 1065 985 praeter
1097 914 1201 968 hoc
1225 909 1614 967 contractionis
1646 908 2049 962 incommodum

455 1007 622 1063 etiam
655 1006 880 1062 surdum
906 1020 963 1060 se
992 1003 1156 1061 fuisse
1185 1003 1486 1066 asserebat,
1517 1001 1653 1055 dixit
1681 999 1802 1062 sibi,
1837 1014 1959 1052 cum
1997 998 2053 1052 in

458 1115 671 1156 sessum
699 1097 892 1153 fuisset
913 1105 1148 1160 erectus,
1169 1093 1316 1150 velut
1342 1094 1506 1148 ictum
1531 1093 1693 1164 pugni
1721 1090 2052 1145 validissime

458 1192 707 1249 ferientis
748 1191 804 1246 in
847 1197 1010 1262 caput
1061 1187 1441 1265 supervenisse
1486 1184 1627 1258 [Ms,
1682 1199 1913 1254 superne
1956 1198 2052 1237 ve-

459 1283 694 1359 nisse];
759 1298 1057 1354 vocemque
1120 1280 1281 1336 simul
1343 1288 1404 1334 ut
1468 1279 1522 1333 in
1584 1277 1824 1332 futurum
1895 1276 2052 1331 audi-

461 1384 552 1433 ret
600 1375 922 1447 imperantis
967 1374 1202 1428 audisse.
1258 1371 1357 1425 Hic
1395 1385 1561 1425 senex
1616 1369 1718 1422 hoc
1766 1367 1926 1422 modo
1968 1382 2055 1420 sa—

463 1475 648 1533 natus,
687 1468 752 1523 de
783 1483 920 1538 pago
964 1465 1334 1520 Helvetiorum
1387 1461 1481 1533 qui
1513 1475 1659 1514 nunc
1687 1457 1995 1528 Aragaovin
2027 1469 2053 1498 ι

457 1568 712 1627 vocatur,
765 1572 824 1613 se
873 1557 1118 1624 venisse,
1168 1565 1223 1611 et
1270 1554 1489 1609 natione
1540 1551 1900 1605 Alamannum
1937 1562 2057 1603 esse

460 1658 696 1708 testatus
724 1656 829 1704 est.

2148 463 2311 518 supra
2342 459 2555 514 eupam,
2590 443 2644 496 in
2677 457 2783 511 qua
2827 438 3058 495 cervisia
3102 443 3243 501 erat,
3277 433 3529 505 positum
3557 428 3781 484 fuerat.

2151 535 2256 592 Sed
2278 536 2368 590 ubi
2396 536 2498 588 hoc
2529 534 2820 587 hausturus
2845 530 2927 584 ori
2960 528 3220 591 admovit,
3259 540 3387 581 cum
3418 523 3650 593 ingenti
3685 521 3787 575 ad-

2151 630 2461 695 miratione,
2495 628 2681 682 vinum
2711 626 2834 690 hoc,
2887 638 2993 677 non
3045 620 3331 675 cervisiam
3372 632 3523 681 esse,
3563 614 3785 670 clama-

2151 725 2250 778 vit.
2283 723 2526 792 Cumque
2554 735 2677 775 eum
2707 719 2772 783 is,
2801 716 2894 786 qui
2924 723 2980 769 et
3009 713 3301 769 ﬂasconem
3325 711 3707 780 impleverat,
3729 717 3784 763 et

2152 816 2407 886 idipsum,
2461 812 2604 884 quod
2650 811 2726 866 illi
2754 812 2940 863 datum
2989 806 3114 872 fuit,
3145 805 3211 860 de
3240 804 3438 861 eodem
3485 799 3784 856 foramine

2152 915 2416 973 traxerat,
2455 904 2722 961 mendacii
2758 902 3013 972 cmpisset
3042 913 3271 971 arguere
3298 916 3312 951 :
3337 928 3412 937 —
3449 896 3664 958 Sume,
3703 893 3784 947 in-

2154 999 2291 1070 quit,
2326 1007 2379 1051 et
2428 1005 2617 1069 gusta;
2660 1004 2714 1050 et
2739 1004 2866 1048 tunc
2901 1009 2987 1048 me
3017 1007 3128 1047 non
3174 988 3406 1056 falsum‘,
3445 987 3556 1046 sed
3591 985 3785 1056 potius

2155 1109 2344 1147 verum
2371 1091 2574 1146 dixisse
2629 1087 2904 1159 probabis.
2937 1116 3008 1126 —
3047 1084 3292 1156 Sumpsit
3314 1082 3405 1138 ille
3434 1089 3624 1151 atque
3653 1093 3784 1148 gus-

2155 1188 2314 1252 tavit,
2344 1187 2553 1255 sibique
2581 1183 2832 1238 similiter
2855 1182 3040 1236 vinum
3065 1181 3191 1247 hoc,
3214 1193 3322 1234 non
3348 1175 3672 1235 cervisiam
3696 1188 3782 1230 sa-

2157 1296 2288 1354 pere
2333 1288 2564 1336 testatus
2595 1287 2697 1334 est.
2753 1276 2904 1332 Tunc
2935 1274 3130 1331 tertius
3157 1281 3213 1330 et
3246 1280 3499 1343 quartus,
3562 1267 3782 1323 caeteri-

2159 1388 2265 1445 que
2297 1370 2391 1442 qui
2421 1371 2670 1434 aderant,
2723 1365 3038 1438 singillatim
3081 1363 3347 1432 gustando
3380 1370 3440 1418 et
3468 1358 3780 1422 mirando,

2161 1473 2334 1524 totum
2363 1463 2507 1533 quod
2553 1463 2607 1516 in
2635 1474 2766 1516 vase
2791 1458 2970 1520 fuerat
2995 1457 3303 1517 ebiberant.
3334 1455 3648 1524 Quotquot
3689 1467 3779 1506 au-

2161 1564 2268 1612 tem
2309 1557 2432 1610 inde
2465 1558 2840 1625 gustavcrunt,
2891 1550 3050 1620 meri,
3081 1564 3190 1606 non
3219 1547 3470 1604 cervisia:
3523 1543 3595 1599 id
3627 1558 3778 1614 sapo-

2161 1663 2279 1703 rem
2314 1646 2586 1710 habuisse,
2616 1646 2800 1700 testati
2828 1649 2975 1698 sunt.

539 1740 634 1794 45.
676 1739 831 1794 Alius
881 1745 1060 1792 autem
1098 1736 1263 1790 simili
1299 1735 1460 1790 modo
1503 1748 1793 1788 nervorum
1841 1739 2058 1786 contra-

2232 1741 2321 1794 45.
2373 1741 2585 1795 Interea
2616 1780 2630 1803 ,
2658 1753 2781 1794 cum
2815 1737 2871 1792 in
2899 1734 3058 1805 hujus
3105 1734 3244 1806 signi
3281 1731 3672 1788 admiratione
3702 1739 3776 1784 at-

459 1832 641 1888 ctione
673 1831 1012 1894 debilitatus,
1044 1829 1136 1898 qui
1180 1843 1238 1882 se
1265 1828 1329 1881 de
1357 1825 1476 1879 vico
1505 1824 1765 1888 Leodico,
1811 1823 1902 1876 ubi
1927 1838 2055 1877 san-

461 1931 582 1980 ctus
628 1921 957 1977 Lambertus
981 1921 1010 1959 b
1043 1935 1272 1990 corpore
1307 1919 1626 1988 requiescit,
1672 1916 1887 1971 venisse
1917 1915 2060 1970 dice-

458 2015 576 2080 bat,
608 2016 843 2084 quadam
870 2013 1140 2068 dominica
1174 2021 1354 2075 nocte,
1383 2020 1506 2080 post
1532 2018 1811 2071 peractum
1844 2006 2060 2060 matuti-

462 2106 588 2160 nale
615 2104 877 2170 cilicium,
915 2104 1072 2159 nobis
1095 2118 1208 2171 jam
1240 2103 1306 2156 de
1338 2102 1568 2156 ecclesia
1603 2100 1898 2172 regressis,
1935 2113 2058 2152 cum

462 2203 686 2266 propter
717 2210 811 2249 eos
838 2195 931 2264 qui
961 2195 1027 2248 de
1054 2194 1212 2262 longe
1242 2200 1524 2266 venerant,
1558 2202 1614 2248 et
1641 2192 1708 2245 ad
1754 2207 1851 2245 sua
1882 2189 2061 2244 redire

466 2285 826 2351 festinabant,
876 2287 1070 2340 hostia:
1120 2286 1375 2340 salutaris
1403 2290 1744 2339 sacramenta
1776 2281 2060 2352 presbyter

464 2393 532 2432 ex
566 2394 715 2432 more
747 2377 1066 2444 celebraret,
1097 2393 1280 2434 coram
1323 2379 1576 2433 omnibus
1601 2377 1692 2447 qui
1722 2375 1968 2439 aderant,
2005 2375 2059 2428 in

459 2471 833 2539 pavimentum
882 2470 1096 2536 cecidit,
1150 2470 1332 2540 ibique
1378 2486 1546 2540 parvo
1581 2468 1841 2538 temporis
1881 2466 2060 2537 spatio

467 2561 617 2616 velut
645 2569 935 2630 soporatus
958 2560 1133 2629 jacuit
1156 2578 1170 2626 ;
1192 2562 1340 2625 dein,
1363 2562 1518 2631 quasi
1549 2561 1616 2615 de
1646 2575 1836 2614 somno
1865 2575 2061 2629 exper-

459 2651 726 2723 gefactus,
776 2653 993 2707 nemine
1025 2669 1084 2708 se
1115 2653 1458 2718 sublevante,
1509 2653 1766 2707 surrexit.
1813 2650 2060 2721 Cumque

460 2759 606 2798 unus
636 2760 705 2799 ex
751 2744 1235 2800 circumstantibus
1265 2745 1512 2810 baculos,
1563 2745 1762 2813 quibus
1807 2752 1933 2798 ante
1981 2743 2062 2796 uti

462 2835 690 2900 solebat,
737 2843 813 2900 et,
867 2851 990 2889 cum
1038 2837 1278 2900 caderet,
1328 2836 1394 2890 de
1441 2836 1692 2888 manibus
1721 2832 1840 2902 ejus
1887 2833 2059 2903 elapsi

461 2925 655 2995 procul
679 2924 950 2993 iacebant,
983 2935 1246 2991 sumeret,
1278 2926 1439 2995 eique
1484 2927 1811 2996 porrigeret,
1858 2927 2058 2992 renuit,

453 3014 694 3076 dicens:
733 3039 753 3072 ‹
787 3020 946 3076 Absit
990 3037 1022 3075 a
1053 3036 1159 3086 me,
1215 3029 1272 3075 ut
1295 3036 1390 3076 eos
1435 3021 1666 3076 ulterius
1711 3023 1997 3091 attingam.
2035 3040 2054 3073 ι

2166 1834 2325 1890 toniti
2351 1840 2652 1902 stuperent,
2703 1831 2933 1901 contigit
2983 1838 3043 1885 ut
3085 1843 3295 1893 cereus,
3360 1824 3521 1895 cujus
3571 1825 3780 1880 lumine

2163 1925 2364 1981 ibidem
2418 1925 2732 1988 utebantur,
2779 1930 2834 1978 et
2865 1931 2995 1978 tunc
3041 1929 3262 1992 propter
3304 1935 3500 1991 cupam
3578 1918 3779 1990 parieti

2163 2016 2355 2076 allixus
2407 2017 2655 2080 ardebat,
2716 2016 2936 2072 nemine
2990 2014 3366 2086 contingente,
3415 2013 3473 2066 in
3535 2010 3778 2066 madens

2162 2110 2391 2172 humore
2427 2107 2800 2179 pavimentum
2851 2107 3101 2170 caderet;
3151 2114 3314 2175 atque
3352 2103 3427 2158 ita
3461 2111 3634 2158 esset
3683 2118 3775 2156 ex-

2163 2203 2386 2266 tinctus,
2436 2207 2498 2254 ut
2550 2215 2618 2254 ne
2668 2198 2993 2269 parvissima
3036 2195 3256 2267 quidem
3298 2196 3354 2250 in
3407 2210 3478 2250 eo
3521 2191 3778 2248 scintan

2163 2299 2492 2352 remaneret.
2542 2291 2715 2358 Quem
2736 2307 2875 2346 unus
2902 2305 3091 2346 eorum
3135 2288 3422 2358 arripiens,
3454 2285 3522 2342 ad
3558 2286 3776 2339 ostium

2163 2385 2438 2449 cucurrit;
2473 2383 2567 2438 sed
2593 2383 2821 2439 horrore
2861 2382 3207 2438 tenebrarum
3234 2386 3536 2451 permotus,
3595 2377 3775 2447 prius-

2166 2493 2332 2548 quam
2389 2476 2762 2547 egrederetur,
2813 2474 2866 2528 in
2913 2474 3030 2543 ipso
3075 2472 3262 2528 limine
3320 2480 3519 2526 stans:
3561 2467 3775 2534 Sancti,

2165 2571 2363 2641 inquit,
2416 2578 2685 2641 martyres
2737 2567 3079 2626 Marcellinus
3131 2573 3188 2621 et
3242 2564 3437 2620 Petrus
3471 2578 3584 2618 nos
3635 2559 3780 2631 adju-

2166 2663 2328 2717 vent!
2375 2661 2457 2716 Ad
2487 2676 2650 2731 quam
2677 2659 3075 2714 invocationem
3103 2671 3297 2714 cereus
3320 2655 3428 2720 ille,
3456 2670 3644 2724 quem
3677 2668 3781 2708 ma-

2165 2769 2238 2809 nu
2265 2753 2503 2818 tenebat,
2560 2766 2820 2806 accensus
2849 2757 2950 2806 est.
2991 2769 3010 2802 ι
3059 2748 3185 2806 Haec
3214 2747 3306 2802 ubi
3337 2747 3542 2810 audivi,
3582 2745 3777 2799 conle-

2167 2845 2295 2900 slim
2345 2844 2456 2899 Deo
2501 2842 2882 2912 omnipotenti,
2927 2848 2986 2894 ut
3033 2855 3132 2910 par
3186 2845 3326 2902 erat,
3388 2837 3620 2894 laudem
3679 2834 3776 2890 disi

2168 2947 2224 2995 et
2275 2937 2484 3009 gratias
2511 2936 2596 3007 egi
2642 2976 2656 3002 ,
2721 2934 2811 3004 qui
2846 2942 3064 2990 sanctos
3090 2948 3217 2988 suos
3246 2944 3461 3000 semper
3490 2937 3546 2984 et
3570 2929 3780 2997 ubique

2170 3029 2464 3102 glorificat,
2517 3035 2573 3081 et
2607 3042 2706 3081 nos
2739 3025 2968 3081 famulos
3023 3039 3169 3089 suos,
3223 3023 3314 3093 qui
3354 3036 3538 3076 sacras
3581 3035 3781 3075 eontm

468 3109 579 3168 sed
607 3121 663 3167 εί
688 3113 790 3168 is“?
819 3115 888 3168 ad
916 3115 1061 3169 hunc
1091 3115 1310 3169 mOdum
1334 3123 1576 3180 ουτθιυε,
1619 3114 1674 3167 in
1710 3113 1942 3184 Patriam
1976 3128 2063 3168 ΓΘ·-
2090 3119 2136 3182 C
2169 3120 2429 3190 reliquias
2456 3126 2580 3172 tunc
2601 3117 2882 3174 nobiseum
2915 3115 3271 3180 habebamus,
3310 3113 3377 3170 de
3404 3111 3569 3168 tantis
3596 3112 3779 3164 virtu-

466 3205 705 3277 pedavit,
736 3205 816 3262 de.
855 3222 982 3276 qua,
1016 3206 1280 3276 reptando
1303 3207 1480 3278 potius
1520 3221 1686 3277 quam
1717 3205 2018 3263 incedendo
2046 3247 2061 3276 ,

468 3299 537 3354 ad
566 3307 866 3370 martyrum
894 3301 1081 3354 limina
1116 3307 1460 3371 pervenerat.

536 3391 628 3446 44.
670 3390 780 3446 Nec
829 3393 1000 3447 multo
1025 3401 1169 3461 post,
1202 3407 1326 3448 eum
1359 3407 1459 3464 ego
1498 3406 1685 3446 mense
1713 3388 2064 3456 novembrio,

469 3482 772 3540 secundum
804 3484 1250 3538 consuetudinem
1285 3484 1339 3538 in
1363 3484 1567 3554 palatio
1591 3484 1965 3546 hiematurus,
1999 3479 2068 3534 ad

472 3577 792 3634 comitatum
821 3577 901 3632 ire
942 3577 1316 3648 disponerent;
1342 3577 1566 3648 jamque
1615 3577 1716 3631 iter
1743 3577 2025 3647 ingressus
2049 3615 2064 3639 ,

471 3669 798 3725 transmisso
845 3668 1066 3725 flumine
1109 3670 1309 3737 llrcno,
1363 3671 1420 3724 in
1471 3669 1653 3724 villam
1696 3669 1925 3739 regiam,
1980 3666 2068 3722 cui

471 3758 762 3817 Sineiacns
809 3770 832 3800 ο
889 3761 1208 3817 vocabulum
1262 3770 1365 3828 est,
1414 3761 1483 3816 ad
1539 3760 1865 3815 manendum
1919 3759 2070 3812 veni-

472 3867 611 3918 rem,
641 3861 697 3908 et
743 3862 866 3924 post
894 3868 1127 3922 cumam,
1181 3871 1301 3926 qua:
1352 3853 1590 3925 aliquam
1638 3854 1816 3909 noctis
1854 3860 2069 3924 partem

473 3955 856 4016 occupaverat,
908 3948 964 4002 in
1012 3948 1246 4003 cubiculi
1299 3957 1592 4014 secretum,
1643 3947 1733 4002 ubi
1785 3945 2070 4016 quieturus

480 4039 657 4105 eram,
691 4058 812 4096 eum
845 4042 1206 4098 familiaribus
1231 4043 1367 4098 meis
1399 4059 1485 4097 me
1517 4043 1877 4112 recepissem;
1907 4038 2068 4094 mini-

477 4143 593 4191 ster
618 4135 711 4204 qui
757 4143 942 4205 potum
993 4136 1150 4191 nobis
1179 4136 1455 4206 porrigere
1489 4134 1712 4198 solebat,
1760 4133 1915 4205 quasi
1944 4134 2070 4187 novi

479 4225 688 4296 aliquid
719 4226 1088 4292 nuntiaturus,
1128 4224 1453 4281 festinanter
1483 4225 1725 4278 intravit.
1760 4223 1933 4291 Quem
1968 4237 2070 4294 ego

479 4319 710 4376 intuitus
739 4335 754 4373 :
792 4337 811 4369 ‹
850 4318 990 4386 Quid
1025 4326 1104 4384 tu,
1139 4319 1385 4388 inquam,
1434 4330 1657 4371 narrare
1692 4315 1808 4370 vis?
1849 4313 1983 4368 Nam
2012 4321 2073 4368 ut

480 4412 659 4477 video,
689 4410 860 4466 habes
891 4409 1076 4465 nescio
1103 4409 1253 4479 quid,
1289 4409 1435 4479 quod
1461 4409 1530 4464 ad
1558 4415 1802 4463 nostram
1834 4407 1918 4464 vis
1948 4423 2072 4478 per—

2172 3213 2319 3270 tibus
2369 3211 2648 3267 Iretificare
2678 3209 2932 3281 dignatus
2957 3216 3060 3264 est.
3105 3207 3262 3264 Illum
3303 3214 3512 3268 autem,
3536 3203 3643 3273 qui
3670 3203 3777 3258 haec

2170 3306 2308 3363 inihi
2346 3303 2636 3367 nuntiavit,
2697 3301 2912 3372 expleta
2957 3300 3295 3364 narratione,
3328 3297 3395 3352 ad
3423 3296 3776 3356 mansionem

2171 3413 2329 3454 suam
2389 3396 2643 3456 secedere
2667 3394 2826 3464 jussi.
2888 3391 3160 3447 Caeterum
3211 3405 3334 3446 cum
3360 3404 3447 3444 me
3477 3388 3547 3444 ad
3600 3389 3778 3457 quies-

2173 3489 2404 3546 cendum
2436 3487 2490 3541 in
2532 3486 2732 3542 lectulo
2769 3485 3145 3551 collocassem,
3175 3483 3315 3553 ccepi
3355 3496 3576 3537 mecum
3606 3479 3776 3534 multa

2172 3581 2438 3636 volvendo
2463 3588 2700 3636 tractare
2730 3588 2893 3650 atque
2920 3578 3132 3643 mirari,
3163 3575 3423 3647 quidnam
3449 3573 3556 3630 sibi
3589 3572 3772 3636 vellet,

2174 3673 2372 3744 quidve
2396 3672 2720 3743 portendere
2742 3678 2925 3742 posset
2947 3668 3035 3722 illa
3062 3667 3292 3724 cervisia
3317 3664 3475 3738 [Ms.,
3504 3659 3774 3733 CBI'ViSiif]

2173 3763 2230 3820 in
2252 3765 2460 3830 vinum,
2487 3763 2537 3818 id
2557 3771 2642 3818 est
2665 3763 2950 3818 deterioris
2980 3760 3216 3831 potionis
3237 3760 3291 3814 in
3319 3757 3604 3815 meliorem
3638 3755 3772 3809 facta

2173 3857 2434 3923 mutatio;
2459 3864 2552 3911 aut
2574 3872 2671 3911 cur
2701 3856 2754 3912 in
2783 3872 2847 3911 eo
2871 3856 3008 3920 loco,
3038 3855 3092 3910 id
3119 3861 3225 3920 est,
3249 3853 3303 3908 in
3326 3852 3474 3923 regia
3501 3851 3693 3915 domo,
3720 3864 3772 3903 ac

2173 3971 2282 4011 non
2311 3955 2490 4024 potius
2514 3954 2565 4008 in
2597 3969 2684 4018 eo,
2727 3951 2820 4007 ubi
2845 3951 3130 4012 beatorum
3168 3956 3489 4020 martyrum,
3519 3945 3614 4016 qui
3666 3946 3771 4000 haec

2173 4046 2418 4118 prodigia
2443 4061 2540 4117 per
2569 4045 2828 4100 virtutem
2871 4043 3073 4099 Christi
3103 4042 3372 4104 fecerunt,
3402 4038 3770 4094 sacratissima

2175 4151 2405 4206 corpora
2457 4137 2739 4192 recondita
2789 4142 2937 4201 sunt,
2985 4135 3212 4205 hujusce
3254 4131 3400 4188 modi
3451 4130 3772 4186 miraculum

2176 4229 2492 4285 evenisset?
2547 4226 2656 4282 Sed
2678 4226 2808 4284 licet
2854 4228 2921 4282 ad
2968 4225 3128 4296 hujus
3184 4222 3504 4294 quaestionis
3571 4229 3770 4276 certam

2177 4317 2487 4390 indaginem
2556 4317 2712 4390 longa
2742 4333 2807 4373 ac
2849 4315 3082 4372 sollicita
3126 4313 3460 4386 cogitatione
3489 4310 3770 4383 pervenire

2177 4411 2481 4482 nequirem,
2546 4419 2756 4465 certum
2786 4418 2969 4464 tamen
3009 4407 3171 4463 habui
3216 4415 3272 4464 et
3314 4413 3532 4462 certum
3567 4415 3771 4472 semper

481 4503 629 4560 ferre
656 4503 928 4559 notitiam.
966 4522 987 4556 ι
1019 4533 1091 4544 -
1119 4502 1256 4558 Tum
1282 4501 1371 4558 ille
1400 4521 1412 4556 :
1464 4520 1483 4554 ‹
1519 4501 1707 4572 Signa,
1741 4501 1937 4571 inquit,
1967 4501 2075 4555 duo
2100 4483 2155 4545 Ῑ)
2181 4503 2414 4570 habebo,
2469 4502 2614 4558 illam
2644 4503 2884 4558 divinam
2937 4511 3100 4575 atque
3145 4515 3440 4572 supernam
3496 4499 3770 4560 virtutem,

483 4612 670 4653 coram
718 4597 876 4654 nobis
905 4595 1066 4652 modo
1095 4596 1240 4652 facta
1274 4603 1423 4662 sunt,
1475 4611 1596 4666 quae
1644 4595 1800 4650 vobis
1829 4593 2073 4649 indicare

481 4692 628 4745 veni.
661 4711 681 4744 ι
721 4691 966 4762 Cumque
1015 4707 1164 4759 eum,
1213 4689 1475 4762 quidquid
1522 4689 1704 4756 vellet,
1745 4687 1926 4743 dicere
1951 4683 2072 4753 jus—

485 4779 680 4835 sissem
713 4798 726 4835 :
766 4799 786 4832 (
830 4780 1012 4848 Modo,
1042 4781 1138 4848 ait,
1174 4796 1297 4837 eum
1348 4779 1416 4837 de
1461 4795 1616 4836 omna
1657 4785 1940 4849 surgentes
1969 4776 2075 4830 hoc

487 4870 794 4926 cubiculum
840 4871 1106 4940 intrastis,
1141 4887 1242 4942 ego
1272 4887 1395 4928 cum
1444 4870 1609 4925 sociis
1655 4870 1795 4924 meis
1821 4864 2076 4922 descendi

488 4963 548 5019 in
598 4963 897 5033 cellarium,
947 4966 1092 5037 quod
1129 4967 1256 5022 huic
1303 4963 1584 5021 euanaculo
1625 4961 1933 5031 subjectum
1970 4966 2076 5012 est.

491 5053 595 5111 Ubi
623 5071 750 5110 cum
787 5058 1075 5112 cervisiam
1108 5058 1373 5113 ministris
1399 5055 1710 5127 petentibus
1747 5052 2080 5108 distribuere

492 5148 872 5218 coepissemus,
907 5151 1218 5221 supervenit
1245 5165 1379 5222 puer
1410 5150 1610 5204 missus
1637 5163 1666 5200 a
1699 5146 1934 5218 quodam
1950 5158 2080 5200 con—

492 5254 654 5296 servo
699 5247 911 5307 nostro,
965 5238 1260 5297 ﬂasconem
1309 5240 1491 5295 ferens
1531 5253 1694 5309 quem
1734 5236 1837 5291 sibi
1867 5233 2082 5305 impleri

492 5329 793 5406 flagitabat.
832 5331 937 5401 Qui
983 5350 1107 5390 cum
1135 5341 1280 5389 esset
1326 5331 1598 5404 impletus,
1644 5328 1801 5400 petiit
1826 5336 1886 5381 ut
1915 5326 2080 5382 etiam

495 5428 599 5486 sibi
643 5429 709 5483 de
734 5427 924 5485 eadem
947 5428 1178 5485 cervisia
1205 5425 1738 5498 quantulumcunque
1767 5421 1991 5476 daretur
2013 5417 2082 5473 ad

571 5554 596 5614 ιε
625 5540 995 5614 NuncArgow,
1019 5543 1086 5598 ab
1111 5539 1453 5614 interfluente
1465 5538 1572 5593 Ara
1590 5538 1670 5594 sic
1687 5539 1862 5614 dictus
1889 5551 2079 5607 pagus,

497 5613 666 5739 :oltins
698 5609 953 5673 Ilclveiia:
972 5609 1141 5672 Veluti
1161 5621 1411 5670 centrum
1448 5619 1697 5684 occupat,
1724 5627 1788 5666 ac
1807 5609 2084 5665 Lucerna-

523 5700 540 5738 ι
580 5701 644 5739 us
667 5696 837 5739 naret.

523 5696 644 5741 lDUS
667 5696 837 5757 paret.

2182 4611 2284 4669 per
2335 4611 2497 4668 quam
2550 4597 2666 4652 haec
2711 4603 2872 4667 atque
2919 4594 3026 4650 alia
3085 4591 3246 4664 hujus
3302 4591 3452 4646 modi
3513 4586 3768 4655 miracula

2183 4687 2306 4746 ﬁeri
2352 4689 2670 4754 creduntur,
2726 4687 2861 4742 nihil
2909 4700 3147 4758 unquam
3195 4684 3313 4740 sine
3355 4697 3530 4738 causa
3581 4680 3661 4738 vel
3689 4679 3764 4734 fa-

2186 4795 2311 4836 cere
2366 4780 2452 4835 vel
2502 4780 2621 4835 fieri
2675 4781 2855 4836 sinere
2898 4781 2952 4835 in
3000 4778 3291 4844 creaturis,
3339 4791 3480 4848 quas
3528 4775 3599 4830 ad
3627 4785 3768 4832 suam

2185 4876 2582 4951 providentiam
2603 4884 2660 4934 et
2675 4876 3124 4947 gubernationem
3136 4875 3414 4949 pertinere
3437 4887 3553 4932 non
3569 4870 3764 4930 dubito.

2822 5007 3048 5063 CAPUT
3085 5007 3149 5064 ν.

2184 5100 2306 5159 Alia
2340 5099 2598 5156 miracula
2633 5098 2945 5154 Huiinheim
2979 5099 3141 5167 facta,
3165 5101 3342 5153 surdis
3382 5109 3430 5154 et
3460 5098 3647 5162 mutis,
3675 5111 3762 5165 pa—

2286 5172 2492 5244 alyticis
2530 5181 2580 5227 et
2601 5171 2893 5225 amentibus
2914 5170 3136 5244 sanatis.
3165 5171 3459 5244 -——__Lumcn
3483 5171 3584 5225 iter
3614 5183 3761 5244 agen-

2257 5237 2396 5298 tibus
2449 5253 2594 5298 nocte
2640 5259 2940 5298 concessum
2984 5272 3055 5282 -—
3094 5241 3323 5295 Libellus
3352 5241 3661 5313 imperatori
3683 5237 3764 5290 ob—

2259 5314 2420 5369 latus.

2261 5407 2349 5463 46.
2375 5407 2543 5478 igitur
2567 5406 2693 5462 inde
2727 5405 3024 5478 digressus,
3066 5406 3206 5460 sicut
3254 5405 3505 5475 superius
3531 5403 3658 5467 dixi,
3698 5399 3763 5453 ad

2261 5523 2292 5563 ι)
2334 5521 2566 5576 Sanctus
2593 5519 2932 5588 Lambertus,
2955 5520 3240 5591 cpiscopus
3262 5517 3650 5587 Trajectensis,
3680 5529 3763 5571 co-

2191 5594 2322 5650 litur
2357 5593 2421 5646 l7
2454 5591 2808 5662 Septembris.

2270 5678 2292 5706 ιε
2337 5656 2638 5728 Sinciacus,
2661 5663 2822 5733 vulgo
2845 5659 3056 5716 Zinsiclt
3075 5701 3089 5725 ,
3120 5677 3153 5716 o
3191 5661 3378 5733 pidum
3404 5660 3653 5718 dioecesis
3670 5656 3762 5713 Co-

2270 5736 2474 5792 iiensis.
2494 5749 2659 5792 supra
2683 5731 2930 5792 Bonnam
2962 5732 3132 5792 leueis

2191 5736 2474 5808 loniensis,
2494 5749 2659 5809 supra
2683 5731 2930 5798 Bonnam
2962 5732 3132 5794 leucis
3154 5731 3208 5792 λζ
