3960 6346
167 299 270 364 565

1013 297 1193 354 HIST.
1237 297 1626 360 TRAMLAT.
1667 301 1782 364 an.
1818 298 2238 362 MARCELLINI
2278 302 2366 358 ET
2405 302 2634 360 PETRl.

3337 293 3441 364 sec

167 413 478 486 comitatum
517 411 753 484 perrexi.
803 409 940 470 Nam
973 411 1260 484 imperator
1311 413 1662 476 Hludovvieus
1685 429 1753 480 eo
1779 415 1834 480 Α
1855 416 2354 488 pavimentumque,
2383 423 2530 490 quod
2549 423 2636 476 ori
2674 423 2789 492 ejus
2834 419 3136 494 subjectum
3165 434 3305 490 erat,
3329 427 3442 497 plu-

169 515 408 578 tempore
434 505 762 576 Aquisgrani
813 505 1018 576 palatio
1062 507 1392 574 consistens,
1419 515 1748 570 conventum

168 611 196 640 ι
221 615 504 672 procerum
533 599 608 654 ibi
653 598 774 656 fieri
812 601 990 658 media
1021 599 1136 656 fere
1163 601 1343 656 hieme
1376 608 1747 671 praeceperat;

166 690 334 748 ubiet
359 705 458 760 ego
481 689 626 746 inter
670 697 897 748 caeteros
937 691 1126 748 adesse
1153 693 1360 762 jussus,
1411 694 1540 764 quia
1567 694 1636 748 de
1669 694 1749 752 vi—

165 785 306 843 cinia
333 783 620 842 beatorum
659 795 964 855 martyrum
1001 785 1194 842 abesse
1237 787 1492 857 cogebar,
1553 802 1748 856 parum

161 879 424 950 jucundas
452 878 509 934 in
537 877 742 948 palatio
781 893 962 938 moras
1001 879 1286 936 faciebam.
1345 880 1578 948 Ideoque
1623 887 1746 949 post

171 987 354 1038 unum,
386 987 456 1028 ex
489 987 596 1042 quo
621 970 714 1026 illo
739 986 1018 1038 veneram,
1050 989 1290 1028 mensem
1319 983 1593 1037 exactum,
1619 973 1743 1029 misi

169 1066 452 1134 quemdam
484 1079 551 1120 ex
577 1064 800 1130 nostris,
851 1065 1072 1120 nomine
1099 1065 1500 1132 Ellenhardum,
1554 1067 1746 1135 praeci-

165 1155 322 1226 piens
366 1155 416 1210 ei
461 1162 520 1210 ut
567 1156 633 1210 ad
663 1155 850 1212 limina
879 1155 1160 1214 beatorum
1191 1165 1492 1229 martyrum
1542 1165 1746 1226 quanta

165 1256 350 1322 posset
393 1247 674 1304 celeritate
730 1247 1046 1314 festinaret,
1101 1249 1444 1318 visitatisque
1483 1247 1746 1305 fratribus

169 1340 384 1405 nostris,
447 1354 583 1408 quos
613 1337 738 1394 inde
767 1339 1072 1408 digrediens
1098 1339 1167 1396 ad
1192 1339 1434 1394 divinum
1463 1340 1746 1398 servitium

167 1431 470 1487 faciendum
501 1431 574 1486 ibi
624 1431 962 1497 dimiseram,
1024 1439 1190 1499 atque
1210 1431 1465 1486 erunibus
1499 1446 1622 1500 quae
1642 1430 1744 1488 ibi-.-

166 1525 290 1580 deni
335 1533 623 1596 agerentur
669 1523 954 1594 diligenter
1006 1522 1320 1593 exploratis,
1379 1523 1450 1578 ad
1487 1538 1586 1578 nos
1633 1521 1744 1576 cito

168 1625 488 1673 recurreret.
533 1615 784 1683 Quicum
813 1616 940 1670 illuc
977 1616 1233 1683 venisset,
1274 1614 1448 1670 tribus
1477 1614 1552 1668 ibi
1589 1629 1744 1668 man-

167 1713 236 1768 sit
292 1712 482 1768 liebus.
524 1710 730 1778 Quarto
755 1726 882 1765 vero
904 1725 1026 1764 cum
1050 1709 1160 1780 jam
1188 1708 1256 1764 ad
1281 1722 1380 1764 nos
1407 1707 1608 1764 reverti
1631 1707 1742 1764 dis-

165 1811 412 1876 poneret,
447 1817 620 1858 czecus
653 1801 764 1866 ille,
813 1801 1030 1856 nomine
1074 1799 1345 1866 Albricus,
1389 1797 1544 1867 cujus
1571 1799 1628 1856 in
1653 1814 1745 1854 su-

165 1897 468 1966 perioribus
489 1894 718 1951 fecimus
762 1895 1088 1950 mentionem
1117 1894 1166 1960 b,
1196 1893 1428 1956 detinuit
1456 1893 1610 1948 abire
1647 1908 1746 1962 pa-

165 1999 406 2054 rantem;
455 1987 732 2044 afﬁrmans
756 2001 878 2040 eum
905 2003 1018 2042 non
1045 1985 1196 2054 prius
1223 1985 1328 2040 iter
1349 1971 1508 2040 suum
1537 1985 1746 2057 ingres-a

164 2099 346 2138 surum
393 2095 556 2150 quam
587 2077 691 2134 tale
741 2078 954 2148 signum
1001 2077 1118 2130 fieri
1155 2077 1400 2142 vidisset,
1458 2074 1612 2143 Cujus
1656 2090 1746 2132 re-

161 2175 359 2230 latione
383 2189 468 2228 me
501 2171 676 2226 [unum
707 2179 868 2240 atque
894 2170 1090 2240 oppido
1127 2171 1454 2240 gaudentem
1477 2167 1737 2226 elliceret.

159 2265 378 2320 Addidit
411 2264 576 2320 etiam
603 2263 948 2320 beatissimos
977 2271 1246 2332 martyres
1277 2261 1552 2332 praeterita
1577 2267 1746 2316 nocte

159 2361 262 2418 sibi
293 2361 348 2415 in
395 2360 604 2416 somnis
663 2358 1004 2429 apparuisse,
1037 2369 1200 2428 atque
1249 2358 1354 2414 hoc
1385 2359 1442 2414 in
1466 2357 1742 2414 mandatis

159 2453 372 2508 dedisse
416 2461 478 2508 ut
527 2450 866 2522 perquireret
907 2451 1192 2520 quemdam
1249 2463 1542 2520 pauperem
1570 2489 1586 2515 ,
1638 2464 1742 2504 no-

157 2545 305 2599 mine
351 2541 738 2608 Gisalbertum,
803 2541 1028 2604 immani
1071 2539 1236 2611 gibbo
1287 2540 1623 2609 depressum,
1676 2555 1744 2596 ac

153 2637 382 2714 proinde
429 2651 660 2692 cunmm
707 2642 764 2692 et
817 2635 1072 2702 brevibus
1124 2633 1334 2692 baculis
1381 2633 1738 2698 innitentem;

155 2739 322 2800 atque
364 2729 644 2794 inventum
673 2727 730 2782 in
757 2727 1058 2792 caenaculo,
1111 2727 1254 2796 quod
1282 2741 1444 2795 supra
1464 2725 1742 2794 porticum

153 2823 392 2878 basilica:
441 2831 548 2887 est,
601 2829 846 2892 tempore
895 2821 1150 2886 matutini
1181 2819 1366 2886 ofﬁcii,
1403 2817 1562 2886 juxta
1607 2817 1738 2876 reli~

153 2915 313 2986 quias
355 2899 476 2984 quze
526 2913 602 2970 ibi
650 2920 830 2979 erant,
873 2912 1208 2972 collocaret:
1237 2927 1304 2966 eo
1333 2912 1476 2980 quoi
1517 2909 1612 2976 ibi,
1641 2923 1742 2978 per

151 2991 352 3062 merita
401 3013 455 3060 et
501 3004 762 3066 virtutem
814 3012 1144 3070 sanctorum,
1215 3017 1448 3073 quorum
1499 3000 1606 3056 illae
1647 3013 1736 3056 re-

151 3097 338 3168 liquiae
360 3106 562 3164 essent,
595 3098 662 3160 de
685 3097 776 3152 illa
814 3096 960 3170 gibbi
989 3095 1338 3151 deformitate
1365 3101 1528 3164 atque
1557 3093 1740 3158 curvie

1855 509 1996 592 rimo
2035 511 2298 580 sanguine
2353 513 2596 570 madens.
2641 513 2813 580 Quem
2861 513 3126 584 levantes,
3174 528 3232 574 et
3279 521 3440 576 allata

1853 614 1998 670 aqua
2031 600 2420 670 refocillantes,
2489 620 2682 660 sanum
2739 599 2798 661 et
2836 617 3067 675 rectum,
3113 626 3290 681 neque
3333 613 3441 669 ulla

1854 693 2136 756 camelinte
2189 695 2332 752 illius
2379 697 2718 756 tortitudiuis
2769 699 2921 770 signa
2978 701 3333 769 retinentem,
3382 705 3440 760 in

1851 783 2142 850 inferiores
2165 788 2410 846 ecclesiae
2443 799 2630 860 partes
2657 793 3044 863 gratulabundi
3073 795 3436 854 deduxerunt.

1852 874 1970 942 Quo
1995 877 2256 934 miraculo
2299 880 2358 936 in
2401 881 2546 939 hunc
2593 883 2814 940 modum
2863 893 3110 956 peracto,
3165 887 3214 943 is
3269 905 3438 960 quem

1849 965 1978 1028 illuc
2029 968 2312 1037 miseram,
2364 972 2434 1028 ad
2456 988 2544 1029 me
2569 989 2694 1030 cum
2722 992 2936 1030 summa
2965 976 3318 1036 festinatione
3346 999 3435 1038 re-

1849 1071 2092 1132 gressus,
2143 1077 2268 1116 cum
2299 1077 2361 1122 ea
2387 1079 2506 1133 Quae
2531 1065 2742 1122 viderat
2767 1067 3060 1138 retulisset,
3102 1086 3302 1143 magno
3335 1088 3438 1129 nos

1849 1151 2048 1222 gaudio
2072 1159 2237 1224 atque
2269 1153 2608 1212 exultatione
2639 1157 2886 1226 replevit.

1919 1244 1986 1302 47
2047 1243 2158 1302 Nec
2208 1247 2380 1302 multo
2407 1258 2530 1318 post
2559 1249 2834 1307 Ratleicus
2868 1253 2960 1322 qui
2997 1267 3186 1310 sacros
3234 1265 3438 1329 marty-

1849 1351 1970 1402 rum
2009 1340 2242 1408 cineres,
2277 1343 2418 1398 sicut
2441 1345 2502 1400 in
2521 1349 2894 1416 superioribus
2923 1349 3432 1423 demonstravimus,

1850 1429 2022 1488 Roma
2033 1435 2241 1501 detulit,
2270 1445 2328 1491 ut
2348 1438 2463 1507 ipse
2483 1442 2978 1510 asscrebat,jussus
2997 1445 3166 1510 venit,
3188 1433 3436 1502 deferens

1848 1523 2105 1592 libellum,
2132 1529 2410 1600 complura
2447 1534 2682 1602 capitula
2720 1536 3117 1602 continentem;
3163 1539 3318 1606 cujus
3345 1556 3433 1594 ra-

1847 1615 2052 1670 tionem
2083 1617 2246 1674 talem
2285 1635 2408 1677 esse
2456 1623 2660 1691 retulit,
2714 1626 2900 1683 dicens
2928 1647 2940 1680 :
2968 1628 3069 1686 sibi
3116 1645 3316 1686 caecum
3369 1630 3434 1685 il-

1850 1707 1992 1776 lum,
2049 1711 2202 1780 cujus
2247 1715 2410 1770 modo
2441 1715 2668 1771 fecimus
2715 1721 3064 1790 mentionem,
3115 1739 3179 1778 ex
3207 1723 3439 1776 auctori-

1771 1787 1820 1848 Β
1853 1809 1966 1856 tate
2011 1811 2314 1873 martyrum
2357 1808 2682 1877 praecepisse
2717 1817 2776 1864 ut
2826 1827 2890 1866 ea
2949 1787 3182 1884 capitula
3227 1814 3436 1870 descri-

1849 1899 2027 1966 beret,
2069 1901 2314 1970 mihique
2341 1901 2598 1968 deferret,
2643 1920 2710 1960 ac
2757 1907 2960 1963 diceret
3001 1917 3061 1963 ut
3097 1926 3160 1966 ea
3189 1909 3433 1978 suscipe-

1849 2005 1990 2056 rem,
2033 1997 2200 2060 atque
2239 1993 2554 2064 imperatori
2595 1997 2820 2069 legenda
2875 2001 3148 2057 oﬂerrem.
3209 2000 3434 2070 Suscepi

1851 2083 1922 2146 ab
1956 2099 2022 2140 eo
2050 2083 2292 2142 libellum
2316 2095 2478 2156 atque
2507 2089 2733 2161 perlegi,
2767 2093 3218 2163 emendatnmque
3241 2109 3304 2147 ac
3335 2107 3432 2147 no-

1849 2177 1992 2232 viter
2040 2177 2302 2248 scriptum
2329 2179 2668 2250 imperatori,
2723 2191 2784 2237 ut
2821 2182 3078 2250 iusserat,
3127 2183 3315 2242 obtuli.
3369 2183 3436 2240 Et

1848 2268 1948 2330 ille
1988 2269 2208 2340 quidem
2256 2273 2493 2342 suscepit
2527 2281 2692 2342 atque
2737 2276 3013 2348 perlegit:
3052 2277 3146 2331 sed
3193 2276 3262 2330 de
3315 2275 3426 2340 his,

1849 2378 1972 2433 quat
1991 2378 2088 2434 per
2132 2364 2280 2422 hunc
2315 2365 2554 2422 libellum
2595 2365 2778 2424 facere
2810 2367 3000 2438 jussus
3038 2369 3124 2425 vel
3179 2368 3424 2426 admoni-

1849 2461 1940 2520 tus
1993 2454 2190 2522 fuerat,
2247 2472 2517 2527 perpauca
2550 2458 2845 2529 adimplere
2899 2461 3130 2517 curavit.
3163 2460 3306 2528 Quid
3330 2475 3432 2514 au-

1849 2554 1962 2604 tem
1993 2546 2084 2604 illa
2127 2549 2366 2617 capitula
2409 2551 2770 2616 continerent,
2827 2559 2920 2606 aut
2970 2551 3100 2622 quid
3128 2552 3196 2606 ab
3237 2565 3304 2606 eo
3355 2549 3432 2604 fa-

1849 2645 2016 2708 ctum,
2073 2639 2270 2709 quidve
2316 2641 2598 2696 dimissum
2656 2642 2751 2708 sit,
2803 2643 2910 2698 alio
2960 2643 3141 2711 potius
3187 2641 3246 2695 in
3288 2641 3428 2706 loco,

1850 2745 2018 2802 quam
2065 2731 2120 2786 in
2173 2731 2298 2796 isto,
2352 2734 2884 2788 conuuemorandum
2927 2744 3029 2788 est.
3083 2733 3215 2788 lllud
3251 2743 3432 2788 tamen

1849 2835 1958 2878 non
2003 2821 2178 2876 solum
2205 2837 2314 2876 non
2345 2811 2800 2892 praetereundum,
2851 2825 2988 2893 quin
3013 2824 3124 2877 imo
3160 2833 3348 2892 aperte
3371 2839 3438 2879 ac

1849 2913 2084 2972 dilucide
2123 2929 2322 2974 censeo
2347 2916 2826 2980 conscribendum,
2871 2916 3106 2985 qualiter
3127 2915 3426 2992 revelatum

1848 3013 1905 3060 et
1942 3003 2158 3073 iussum
2205 3007 2276 3064 sit
2319 3016 2380 3064 ut
2425 3007 2638 3064 libellus
2667 3007 2758 3063 ille
2809 3007 2931 3063 ﬁeri
2981 3016 3148 3078 atque
3189 3007 3303 3079 regi
3341 3007 3436 3062 da-

1849 3097 1900 3154 ri
1954 3099 2246 3166 debuerit;
2296 3115 2418 3170 quae
2457 3098 2732 3156 Ilatleicus
2788 3099 2894 3156 hoc
2933 3100 3096 3154 modo
3135 3097 3432 3170 contigisse

1848 3189 2049 3246 retulit.

1924 3299 1943 3332 ι
1977 3281 2117 3337 Ante
2150 3296 2371 3352 paucos,
2401 3281 2594 3351 inquit,
2624 3281 2761 3348 dies,
2800 3296 2928 3338 eum
2951 3282 3010 3337 in
3045 3280 3332 3337 ecclesiam
3364 3280 3434 3337 ad

1847 3376 2116 3448 agendum
2159 3382 2486 3436 aceturnum
2515 3375 2752 3432 cilicium
2797 3391 2863 3432 ex
2904 3389 3060 3432 more
3084 3375 3431 3432 convenisse-

1846 3483 1988 3533 mus,
2021 3467 2156 3530 adiit.
2177 3481 2264 3524 me
2296 3483 2476 3536 caecus
2500 3468 2610 3536 ille,
2655 3485 2818 3539 quem
2845 3469 3036 3538 nostis,
3066 3483 3264 3542 rogans
3286 3477 3346 3524 ut
3375 3469 3432 3524 in

151 3141 337 3168 -..ν-..η
361 3141 562 3164 ν..-ν.-.,
596 3141 662 3160 ..ν
685 3141 776 3152 .....
814 3141 960 3170 νη...
991 3141 1337 3151 ηψπ---ν
1365 3141 1527 3164 _-.,--
1562 3141 1648 3158 ψ-

150 3193 286 3248 tatis
337 3191 677 3248 incommodo
719 3190 944 3248 liberari
995 3191 1236 3246 deberet.
1285 3188 1472 3244 Paruit
1493 3187 1584 3242 ille
1610 3202 1740 3248 sua-
1769 3141 1820 3208 Ο

147 3285 330 3350 denti,
367 3292 526 3354 atque
571 3285 696 3350 iter,
746 3283 892 3356 quod
920 3281 1140 3356 aggredi
1167 3289 1476 3350 paraverat,
1529 3277 1766 3334 distulit
1799 3329 1802 3332 .

147 3381 210 3434 in
245 3378 564 3434 crastinum.
603 3376 683 3436 Ac
705 3391 882 3432 caecus
911 3376 1000 3432 ille
1034 3375 1246 3446 jnssum
1269 3387 1564 3444 pauperem
1609 3385 1736 3441 per-
1765 3407 1772 3418 .

147 3475 384 3546 quit-ens
439 3472 672 3536 invenit;
738 3477 814 3536 et,
859 3479 920 3526 ut
961 3469 1064 3526 sibi
1097 3475 1434 3538 prmceptum
1487 3473 1626 3531 erat,
1679 3463 1772 3524 in.

147 3565 530 3636 superioribus
575 3563 820 3620 ecclesia:
847 3559 1093 3634 partibus
1131 3562 1286 3632 juxta
1336 3560 1620 3630 prmdietas
1651 3572 1740 3614 re-

147 3655 376 3728 liquias,
425 3655 586 3710 cilicii
617 3653 872 3716 matutini
910 3662 1176 3724 tempore,
1224 3651 1528 3718 collocavit.
1567 3649 1741 3706 Erant

146 3760 339 3808 autem
385 3748 486 3804 illa:
525 3748 787 3819 reliquiae,
831 3747 976 3818 quod
1009 3746 1254 3808 nondum
1295 3759 1622 3802 noveramus
1685 3753 1738 3810 ε,

145 3842 300 3898 beati
353 3840 508 3896 Marii
549 3840 826 3912 martyris,
879 3848 934 3896 et
985 3839 1173 3908 uxoris
1220 3854 1286 3900 ac
1329 3837 1567 3904 ﬁliorum
1594 3833 1736 3904 ejus,

145 3937 382 3992 Marthae
443 3936 710 4002 videlicet,
765 3934 1040 3992 Andifacis
1069 3942 1126 3990 et
1163 3932 1436 3998 llabacuc.
1472 3931 1603 3997 Quae
1629 3928 1741 3990 uti-

143 4045 262 4106 que
305 4027 466 4083 simul
493 4043 616 4084 cum
662 4035 978 4092 sanctorum
1028 4023 1324 4090 Marcellini
1352 4029 1406 4078 et
1435 4021 1584 4076 Petri
1619 4035 1741 4076 cor-

141 4120 404 4193 poribus,
449 4128 505 4178 et
539 4119 598 4172 in
633 4119 824 4182 eodem
873 4117 1054 4184 loculo
1077 4117 1148 4182 ad
1168 4131 1270 4180 nos
1307 4113 1530 4186 perlatae
1586 4119 1734 4168 sunt.

149 4211 264 4268 Sed
314 4212 362 4266 is
387 4212 480 4282 qui
508 4227 604 4268 eas
635 4209 847 4276 detulit,
883 4207 1037 4278 cujus
1076 4215 1258 4268 essent
1283 4205 1526 4276 reliquis:
1553 4203 1736 4260 nesci-

145 4308 266 4372 vit;
315 4323 442 4362 nam
482 4306 589 4376 ille,
636 4307 730 4378 qui
773 4321 868 4364 eas
907 4305 1043 4368 milii
1091 4305 1342 4368 miserat,
1387 4299 1638 4376 promisit
1680 4315 1742 4358 se

143 4401 224 4456 ad
253 4416 342 4466 me
363 4417 488 4456 esse
512 4407 824 4465 venturum,
876 4415 940 4460 ac
985 4398 1206 4456 nomina
1239 4403 1577 4460 sanctorum,
1605 4407 1742 4463 quo—

1843 3563 2058 3628 partem
2099 3557 2340 3628 aliquam
2392 3558 2748 3614 secretiore.
2792 3574 2916 3614 cum
2963 3559 3056 3614 illo
3101 3560 3440 3624 secederem.

1845 3651 1974 3708 Feci
2003 3659 2062 3706 ut
2086 3651 2340 3717 volebat,
2377 3659 2434 3708 et
2463 3668 2586 3708 cum
2629 3667 2692 3708 eo
2724 3651 2994 3718 cellulam,
3039 3650 3096 3705 in
3121 3665 3228 3720 qua
3253 3651 3434 3720 maies-

1844 3759 1976 3802 cere
2001 3745 2262 3811 solebam,
2285 3744 2564 3814 ingressus
2589 3759 2728 3799 sum.
2763 3741 2900 3796 Tum
2921 3743 3012 3798 ille
3037 3742 3187 3810 prior
3211 3760 3226 3795 :
3256 3758 3276 3791 ι
3295 3739 3428 3808 Hac,

1846 3837 2047 3908 inquit,
2077 3845 2258 3902 nocte,
2295 3836 2458 3906 paulo
2501 3845 2792 3904 antequam
2819 3849 2954 3888 sono
2981 3834 3258 3902 signorum
3287 3823 3433 3886 exci-

1845 3931 1950 3988 tati
1979 3943 2326 4000 surgeremus
2348 3969 2364 3994 ,
2404 3927 2656 3997 apparuit
2697 3925 2834 3980 mihi
2865 3939 2964 3992 per
2994 3925 3172 3978 visum
3209 3921 3430 3992 quidam

1844 4024 1950 4090 vir,
1981 4021 2180 4077 canitie
2207 4019 2552 4086 venerabilis,
2605 4025 2760 4074 veste
2784 4016 3014 4073 candida
3051 4015 3290 4082 indutus,
3322 4015 3434 4070 vir-

1845 4129 1972 4188 gam
1992 4129 2218 4170 auream
2237 4129 2404 4168 manu
2425 4121 2634 4178 tenens,
2665 4127 2732 4170 ac
2751 4109 2952 4164 talibus
2973 4125 3062 4164 me
3080 4109 3266 4165 verbis
3285 4123 3432 4165 com-

1844 4209 2064 4280 pellavit
2089 4226 2106 4261 :
2165 4226 2186 4260 ι
2212 4204 2374 4273 Vide,
2415 4205 2632 4276 inquit,
2669 4203 2888 4274 _Albrice
2911 4245 2924 4270 ,
2975 4211 3038 4258 ut
3071 4211 3265 4258 etincta
3313 4217 3432 4270 qua:

1847 4303 1946 4358 tibi
1986 4304 2193 4368 dixero,
2243 4302 2380 4356 bene
2407 4299 2708 4372 intelligas,
2747 4312 2920 4368 eaque
2948 4297 3086 4352 adeo
3112 4294 3286 4350 tenaci
3312 4307 3429 4347 me—

1845 4395 2022 4450 moria
2071 4395 2308 4450 retineas
2329 4433 2344 4459 ,
2393 4399 2454 4450 ut
2496 4391 2664 4446 etiam
2709 4389 2848 4456 aliis,
2901 4388 2996 4458 qui
3035 4387 3128 4442 illa
3174 4381 3430 4452 scripturi

141 4511 276 4550 rum
329 4495 412 4548 hae
441 4494 684 4564 reliquiae.
726 4491 924 4557 forent,
961 4505 1060 4560 per
1091 4488 1444 4560 semetipsum
1475 4483 1612 4540 mihi
1656 4483 1741 4538 il-
1763 4517 1819 4580 D
1847 4498 2002 4556 sunt,
2037 4500 2310 4558 exponere
2333 4484 2536 4540 valeas.
2587 4481 2718 4539 Volo
2760 4481 2904 4538 enim
2933 4487 2994 4534 ut
3029 4476 3342 4580 scribantur
3377 4481 3432 4528 et

139 4591 466 4646 dicaturum
505 4607 518 4642 :
547 4587 692 4658 quod
727 4594 915 4658 postea
961 4583 1168 4642 factum
1193 4588 1294 4638 est.
1343 4579 1558 4650 Pauper
1582 4589 1734 4642 vero,

141 4684 244 4754 qui
277 4683 442 4751 juxta
467 4681 588 4738 illas
637 4697 668 4738 a
691 4687 992 4738 memorato
1017 4693 1162 4736 caeco
1215 4675 1394 4731 fuerat
1415 4673 1736 4740 collocatus,

139 4791 276 4834 cum
309 4775 550 4834 secunda
575 4773 735 4830 lectio
779 4771 848 4828 ad
873 4779 1198 4828 nocturnum
1223 4767 1460 4824 ofﬁcium
1483 4781 1551 4821 ex
1588 4779 1748 4821 more.

137 4869 446 4944 legeretur,
469 4868 618 4926 edito.
665 4865 872 4936 ingenti
898 4864 1156 4928 clamore,
1209 4877 1322 4916 non
1349 4859 1624 4915 modicum
1641 4873 1739 4928 pa-

137 4977 348 5024 vorem
389 4961 734 5018 audientibus
778 4959 1022 5016 incussit.
1071 4957 1156 5012 Ad
1203 4972 1368 5030 quem
1429 4969 1556 5012 cum
1605 4969 1741 5010 non-

137 5055 284 5112 nulli
341 5054 684 5120 clericorum,
721 5067 830 5108 una
872 5067 994 5108 cum
1038 5049 1132 5106 illo
1181 5049 1275 5120 qui
1305 5050 1412 5104 hoc
1445 5047 1520 5102 ibi
1567 5059 1737 5118 oppe—

135 5152 248 5208 riri
287 5153 483 5220 jussus
529 5148 726 5215 fuerat,
773 5145 1168 5212 accurrissent,
1235 5137 1562 5198 invenerunt
1613 5154 1742 5194 eum

129 5259 390 5318 pronum
433 5247 596 5311 atque
669 5247 926 5295 .xtentum
971 5244 1192 5308 propter
1230 5235 1400 5290 altare
1435 5231 1738 5302 jucentem,

215 5393 248 5422 ι
281 5379 632 5450 Eginhardus
673 5373 1060 5450 inqAnnalibus
1081 5373 1148 5430 de
1170 5371 1353 5450 Gestis
1381 5365 1639 5450 Ludovici
1657 5364 1746 5422 Pii

1847 4581 2166 4639 Illudowico
2210 4576 2528 4648 imperatori
2567 4576 2636 4631 ad
2689 4573 2978 4646 legendum
3014 4585 3112 4642 per
3159 4567 3430 4624 seniorem

1849 4683 2093 4731 vestrum
2122 4671 2480 4732 ostendantur
2508 4688 2522 4724 :
2562 4673 2690 4724 sunt
2713 4655 2910 4738 quippe
2941 4663 3098 4718 valde
3121 4659 3428 4714 necessaria

1848 4770 1878 4813 ει
1915 4785 2024 4826 non
2051 4767 2224 4824 solum
2246 4766 2320 4822 ad
2341 4762 2790 4837 cognoscendum,
2837 4771 3028 4814 verum
3061 4755 3226 4810 etiam
3255 4751 3323 4808 ad
3351 4751 3430 4806 lla-

1849 4864 2103 4922 ciendum
2136 4858 2386 4931 principi,
2432 4857 2490 4911 in
2515 4854 2668 4924 cujus
2691 4865 2918 4924 regnum
2943 4847 3033 4906 isti
3057 4852 3324 4917 martyres
3349 4843 3430 4898 di-

1847 4957 1978 5014 vina
1989 4955 2234 5025 jussione
2255 4957 2539 5006 venerunt.
2577 4966 2596 4999 ι

1917 5049 2009 5105 48.
2067 5065 2088 5099 ς
2125 5045 2278 5100 Tunc
2321 5041 2586 5113 incipiens
2611 5077 2627 5104 ,
2676 5033 2920 5092 duodena
2964 5031 3050 5086 vel
3097 5043 3164 5086 eo
3200 5027 3428 5100 amplius

1847 5139 2082 5214 capitula
2107 5153 2206 5209 per
2239 5135 2486 5192 ordinem
2526 5126 2932 5202 pronuntiavit;
2965 5123 3206 5194 mihique
3225 5135 3430 5192 praece-

1845 5235 1948 5308 pit,
1973 5241 2035 5289 ut
2063 5231 2160 5287 tibi
2189 5237 2244 5284 et
2269 5228 2389 5284 aliis
2427 5233 2676 5298 quatuor,
2723 5235 2860 5290 quos
2885 5219 2984 5275 tibi
3019 5218 3262 5274 dicturus
3283 5229 3423 5282 sum,

1919 5369 1950 5410 ει
1987 5361 2281 5422 Annalium
2321 5354 2691 5426 Fuldensiump
2719 5359 2928 5417 auctor,
2953 5349 3022 5406 ad
3055 5363 3144 5404 an.
3177 5347 3304 5426 874‘,
3329 5360 3436 5426 pun

1857 5447 1942 5496 tat
1973 5417 2538 5510 quo—(ihsiLudovicus.
2551 5441 2616 5510 ea
2644 5424 2934 5510 observare
2945 5417 3428 5510 curassem-fors}:

95 5479 112 5486 -
127 5437 373 5517 asserit,
393 5451 460 5506 ad
473 5466 672 5526 aurium
695 5449 824 5526 82$,
846 5453 1172 5502 conventum
1186 5441 1514 5514 Aquisgrani
1535 5437 1744 5526 factum

127 5539 274 5580 esse
315 5537 506 5577 mense
539 5519 858 5576 Februario.

217 5595 254 5636 ιι
297 5591 628 5662 Videsupra
651 5632 666 5656 ,
693 5604 842 5662 num.
869 5587 958 5644 59.

217 5677 246 5704 ο
293 5663 432 5720 Haec
451 5653 560 5718 late
581 5653 900 5718 deduximus
931 5659 998 5712 ad
1023 5656 1166 5712 diem
1209 5654 1276 5710 19
1321 5653 1594 5718 Januarii,
1638 5669 1750 5723 quo

123 5737 422 5794 coluntur
452 5734 512 5792 hi
553 5741 825 5805 martyres
856 5727 1086 5796 Marius,
1139 5724 1384 5793 Martha,
1421 5725 1656 5780 Audifax
1693 5733 1750 5778 et

125 5807 448 5870 Habacuc.

277 5820 448 5865 acuc.

1975 5485 2372 5579 Biés'uihgpoh
2405 5495 2645 5579 fuerit‘in
2667 5495 2996 5579 'purgnat‘orio
3028 5485 3430 5579 perpannoséf

1853 5562 2064 5653 Eﬁiie'se'
2079 5577 2188 5648 pati
2217 5573 2326 5653 ﬁlio
2353 5585 2450 5653 suo
2479 5562 3180 5653 Ludovico,“Seligenstat<l‘ii
3210 5562 3430 5653 esurit?

1855 5625 2424 5716 iiii'eiiif"£év"e’1avii,
2467 5648 2658 5712 petens
2700 5625 2826 5694 inde
2848 5625 3070 5694 suorum
3089 5629 3340 5704 precibus
3364 5625 3431 5680 li-

1855 5722 2040 5784 berari
