3960 6346
481 303 586 366 86⁵1

1772 293 2153 358 EGINHARDI
2188 293 2481 354 ABBATIS

3675 297 3782 361 568

481 423 574 480 illa
596 435 912 480 enumerem
938 423 1102 493 atque
1134 434 1440 494 eXponam;
1469 427 1527 477 et
1547 417 1808 492 posthaec
1841 424 1899 471 tu
1923 414 2073 470 libel-
2096 414 2151 476 Α
2172 428 2423 484 possessa
2446 456 2461 481 ,
2499 416 2567 471 ad
2595 415 2876 472 basilicam
2919 418 3221 492 martyrum
3247 433 3277 472 a
3307 379 3636 490 parentibus
3666 421 3783 476 suis

479 523 593 578 lum
621 519 809 588 facias,
845 535 1080 591 eumque
1108 518 1309 575 seniori
1337 528 1449 583 tuo,
1498 517 1588 586 qui
1615 530 1760 570 nunc
1791 515 1844 569 in
1868 512 2070 582 palatio

479 624 745 680 moratur,
786 611 1037 679 deferas;
1094 613 1250 683 eique
1287 626 1356 666 ex
1401 618 1701 679 martyrum
1751 605 2072 660 auctoritate

476 705 783 780 praecipias,
832 711 894 759 ut
926 705 1198 769 eumdem,
1237 709 1438 773 quanto
1487 699 1716 755 celerius
1740 698 1931 769 possit,
1969 697 2072 751 im-

475 798 720 870 peratori
747 795 957 852 offerat.
1005 795 1212 852 Deinde
1243 794 1609 866 subjungens:
1659 810 1678 842 ί
1711 791 1955 855 Nostine,
1989 790 2072 844 in-

477 894 612 964 quit,
645 893 768 963 quis
794 907 896 964 ego
921 891 1048 957 sim,
1094 890 1186 962 qui
1216 890 1313 944 tibi
1359 888 1460 944 ista
1505 886 1802 958 praecipio?
1835 916 1907 929 —
1931 884 2068 939 Tum

479 1000 579 1057 ego
609 984 746 1040 nihil
786 984 1066 1049 haesitans,
1108 990 1357 1038 sanctum
1404 979 1771 1034 Marcellinum
1799 994 1922 1033 eum
1950 993 2070 1033 esse

479 1075 755 1148 respondi.
785 1106 838 1117 —
883 1075 951 1130 Et
979 1074 1069 1130 ille
1097 1092 1112 1128 :
1163 1089 1270 1129 non
1300 1073 1374 1128 ita
1401 1081 1514 1138 est,
1553 1071 1758 1141 inquit,
1790 1077 1851 1123 ut
1879 1069 2069 1140 opina-

482 1169 578 1235 ris,
608 1167 702 1225 sed
737 1166 957 1225 Gabriel
1004 1166 1361 1237 archangelus
1402 1179 1502 1236 ego
1537 1178 1653 1218 sum
1685 1179 1700 1227 ;
1747 1176 2066 1232 personam-

479 1275 585 1331 que
619 1276 684 1316 ac
720 1259 950 1316 formam
997 1257 1292 1313 Marcellini
1339 1255 1542 1312 idcirco
1589 1254 1888 1323 assumpsi,
1939 1253 2066 1322 quia

477 1353 740 1410 Dominus
784 1352 930 1407 Deus
969 1351 1211 1406 omnium
1251 1364 1436 1404 rerum
1467 1355 1631 1416 atque
1681 1361 1967 1401 causarum
1999 1343 2068 1399 ad

478 1446 614 1502 istos
642 1452 911 1515 martyres
935 1441 1322 1514 pertinentium
1355 1454 1544 1495 curam
1575 1437 1708 1492 mihi
1751 1435 2063 1501 commisit;

479 1549 536 1596 et
563 1555 709 1595 nunc
735 1539 878 1603 veni,
930 1545 992 1592 ut
1017 1537 1136 1592 haec
1181 1534 1281 1589 tibi
1318 1533 1616 1588 indicarem
1663 1545 1784 1600 qua:
1828 1529 2069 1584 scribere

476 1634 733 1706 praecepi,
786 1632 1043 1704 quoniam
1092 1630 1288 1686 divinae
1339 1627 1633 1683 voluntatis
1675 1633 1758 1681 est
1806 1631 1865 1678 ut
1907 1640 1970 1680 ea
2000 1637 2069 1679 ex

479 1727 803 1783 auctoritate
835 1740 1024 1780 eorum
1067 1723 1135 1778 ad
1166 1721 1413 1777 notitiam
1445 1721 1608 1789 regis,
1644 1718 1761 1773 sine
1789 1733 2068 1773 morarum

479 1819 912 1890 interpositione,
945 1816 1282 1887 perveniant.
1336 1812 1416 1867 Tu
1442 1826 1591 1877 vero,
1625 1811 1767 1867 sicut
1806 1810 1902 1864 tibi
1932 1825 2071 1880 prae-

478 1909 638 1978 cepi,
684 1909 862 1980 primo
911 1905 1147 1962 diluculo
1192 1911 1316 1974 post
1373 1901 1698 1971 completum
1744 1899 2073 1954 matutinum

478 1999 736 2067 ofﬁcium,
775 1999 963 2055 nuntia
988 2013 1110 2068 quae
1149 1993 1345 2051 audisti
1378 1993 1463 2048 his
1494 1993 1692 2064 quibus
1722 2006 1786 2047 ea
1818 1992 2073 2047 nuntiare

473 2091 631 2161 jussi.
653 2125 726 2135 —
747 2093 884 2148 Tum
911 2107 1010 2162 ego
1035 2110 1048 2144 :
1103 2087 1272 2145 Nemo
1298 2096 1404 2153 est,
1459 2087 1702 2156 inquam,
1747 2084 1839 2154 qui
1861 2086 2069 2152 credat,

478 2188 624 2257 quod
653 2186 878 2258 angelus
911 2199 1126 2241 mecum
1167 2183 1380 2239 locutus
1407 2181 1499 2247 sit,
1553 2187 1648 2235 aut
1683 2195 1770 2235 me
1801 2180 1904 2234 ista
1933 2196 2072 2234 nun-

479 2279 616 2333 tiare
667 2277 1022 2333 mandaverit.
1069 2307 1141 2317 —
1180 2273 1300 2330 Non
1347 2275 1504 2350 erit,
1539 2273 1749 2343 inquit,
1805 2273 1922 2338 ita;
1975 2270 2071 2327 sed

479 2371 620 2426 dabo
647 2372 878 2443 signum,
911 2371 1054 2442 quod
1081 2370 1248 2426 facias
1283 2384 1467 2426 coram
1494 2368 1574 2423 eis
1601 2387 1614 2421 :
1642 2381 1752 2437 quo
1777 2367 1917 2432 viso,
1950 2366 2071 2420 nul-

478 2463 586 2518 lam
610 2464 752 2520 ultra
785 2466 1175 2520 dubitationem
1206 2463 1484 2518 habebunt
1514 2463 1581 2518 de
1609 2462 1695 2518 his
1724 2476 1846 2532 quae
1871 2461 1939 2516 ad
1974 2477 2072 2517 eos

476 2569 542 2610 ex
569 2570 689 2610 mea
714 2554 956 2623 jussione
989 2555 1296 2625 pertuleris.
1346 2555 1581 2609 Proinde
1609 2554 1732 2609 volo
1769 2555 1918 2610 dicas
1941 2554 2074 2609 Rat-

475 2645 614 2703 leieo
641 2655 700 2702 ut
723 2648 976 2704 exhibeat
1006 2649 1105 2705 tibi
1135 2650 1269 2704 duos
1295 2663 1483 2705 cereos
1520 2663 1690 2704 novos
1712 2649 1802 2718 qui
1831 2648 2070 2704 nondum

479 2739 695 2794 accensi
742 2739 1003 2806 fuissent;
1057 2747 1114 2794 et
1163 2755 1329 2794 unum
1361 2755 1427 2794 ex
1464 2739 1546 2794 eis
1576 2739 1801 2803 dextra,
1838 2738 2071 2794 alterum

477 2829 695 2884 sinistra
738 2837 959 2895 tenens,
1008 2838 1092 2884 sta
1133 2844 1318 2884 coram
1359 2829 1560 2892 altari;
1605 2838 1660 2883 et
1695 2844 1819 2883 cum
1866 2830 2067 2896 omnia,

477 2935 599 2990 quae
625 2921 720 2975 tibi
752 2921 1004 2991 praecepi,
1032 2920 1308 2975 narrando
1331 2919 1718 2990 compleveris,
1763 2919 1849 2975 dic
1877 2921 1958 2975 eis
1978 2920 2070 2991 qui

477 3010 595 3067 haec
642 3011 894 3077 audiunt,
930 3019 992 3066 ut
1041 3011 1097 3065 in
1129 3011 1233 3066 hoc
1273 3012 1500 3067 credant
1528 3027 1656 3067 vera
1696 3019 1751 3066 et
1783 3011 1850 3066 ab
1878 3011 2070 3082 angelo

478 3097 575 3157 Dei
603 3114 724 3157 esse
757 3101 1009 3156 mandata
1035 3141 1050 3168 ,
1083 3116 1204 3171 qua:
1229 3101 1430 3167 dixisti,
1482 3101 1528 3156 si
1563 3101 1616 3156 hi
1645 3101 1789 3156 cerei
1819 3101 1873 3156 in
1897 3101 2071 3156 mani-
2099 3131 2144 3195 Ο

477 3193 579 3250 bus
602 3194 729 3258 tuis,
762 3193 878 3249 sine
908 3191 1241 3248 adhibitione
1277 3192 1418 3265 ignis
1445 3191 1709 3259 visibilis,
1760 3192 1961 3248 fuerint
1986 3193 2071 3248 vi-

478 3283 729 3339 dentibus
757 3283 864 3339 illis
891 3283 1201 3338 illuminati.
1242 3303 1262 3336 ι

549 3375 663 3443 Quc
699 3374 864 3442 facto,
900 3378 1136 3447 scriptus
1168 3383 1251 3433 est
1295 3375 1532 3444 libellus,
1581 3378 1822 3450 mihique
1851 3378 2071 3447 allatus,

480 3485 546 3525 ac
570 3483 672 3540 per
698 3483 787 3525 me
821 3468 937 3540 regi
964 3469 1198 3533 oblatus,
1241 3469 1309 3524 ab
1331 3468 1424 3524 illo
1462 3483 1680 3541 quoque
1707 3479 1962 3541 acceptus
1991 3480 2074 3526 at-

480 3577 588 3634 que
624 3562 896 3632 perlectus
919 3569 1021 3616 est.
1051 3561 1258 3616 Idcirco
1284 3562 1458 3616 visum
1495 3569 1578 3616 est
1607 3562 1759 3628 mihi,
1794 3561 1935 3616 inter
1963 3577 2070 3617 eae-

479 3667 598 3713 tera
626 3655 910 3723 miracula,
939 3654 1106 3711 libelli
1132 3653 1290 3724 hujus
1333 3654 1514 3710 facere
1547 3653 1876 3710 mentionem
1902 3672 1916 3720 ;
1947 3655 2074 3726 quia

477 3764 579 3820 per
605 3749 977 3814 occasionem,
1023 3762 1130 3817 qua
1167 3746 1256 3801 ille
1295 3745 1459 3802 scribi
1486 3746 1808 3817 jubebatur,
1847 3745 2076 3816 contigit

477 3840 570 3896 illa
594 3839 861 3896 mirabilis
900 3846 956 3896 et
979 3838 1238 3894 inusitata
1282 3851 1567 3893 cereorum
1596 3837 1869 3902 accensio,
1910 3853 2075 3907 quam

477 3946 577 4002 per
621 3931 816 3987 merita
862 3931 1150 3986 beatorum
1184 3936 1488 4000 martyrum
1535 3927 1650 3983 ﬁeri
1701 3929 1899 3984 debere
1935 3928 2071 3998 ipse,
2119 3973 2134 3982 ς

479 4024 573 4094 qui
604 4039 698 4078 eos
723 4021 1069 4087 illuminavit,
1095 4020 1320 4092 angelus
1348 4020 1752 4090 praenuntiavit.

551 4111 642 4167 49.
685 4111 800 4167 Sub
823 4111 964 4166 idem
994 4108 1109 4164 fere
1133 4118 1367 4180 tempus,
1405 4125 1530 4164 eum
1557 4109 1834 4165 Ratleieus
1855 4125 1885 4164 a
1915 4110 2074 4166 nobis

482 4202 552 4258 ad
599 4202 881 4258 basilicam
928 4208 1230 4271 martyrum
1274 4215 1556 4270 regressus
1603 4207 1713 4264 est,
1767 4200 1963 4256 allatus
1991 4207 2076 4257 est

481 4293 638 4350 nobis
680 4294 806 4350 inde
829 4292 968 4348 alter
1016 4291 1250 4357 libellus,
1300 4292 1584 4346 continens
1622 4292 1788 4348 verba
1817 4300 1872 4347 et
1908 4293 2076 4348 ratio-

483 4385 810 4440 cinationem
859 4383 1143 4454 cujusdam
1191 4382 1483 4450 damonis,
1534 4384 1629 4454 qui
1658 4399 1718 4439 se
1752 4383 2074 4456 Wiggonem

2176 507 2407 563 adducta
2439 515 2543 564 est.
2596 507 2727 575 Quae
2757 525 2882 564 cum
2908 519 3036 564 ante
3078 512 3321 566 tumbam
3351 527 3510 567 sacra
3537 528 3783 584 corpora

2174 598 2540 656 continentem
2569 600 2827 665 venisset,
2875 608 2928 656 et
2959 602 3244 673 presbyter
3277 618 3442 672 super
3467 612 3642 674 caput
3665 603 3785 672 ejus

2172 691 2572 758 exorcismum,
2624 693 2919 748 secundum
2973 695 3464 761 consuetudinem,
3509 695 3785 765 perlegiso

2172 789 2293 848 set;
2339 797 2404 836 ac
2455 783 2647 838 deinde
2674 783 2972 838 daemonem
2998 825 3014 850 ,
3059 785 3297 854 qualiter
3336 794 3394 841 et
3440 787 3674 856 quando
3726 789 3780 843 in

2172 890 2293 930 eam
2344 874 2534 930 fuisset
2581 875 2889 946 ingressus,
2949 877 3259 946 percontari
3307 879 3575 948 coepisset
3599 921 3615 944 ,
3680 894 3784 935 non

2175 966 2407 1020 barbara
2437 966 2639 1037 lingua,
2684 982 2848 1036 quam
2878 967 3046 1022 solam
3083 967 3257 1038 puella
3285 977 3540 1032 noverat,
3573 970 3675 1024 sed
3701 987 3786 1026 ro-

2172 1073 2333 1113 mana
2355 1058 2626 1114 locutione
2653 1060 2972 1130 presbytero
3000 1060 3300 1130 respondit.
3343 1059 3596 1130 Cumque
3630 1077 3784 1131 pres-

2170 1148 2329 1220 byter
2356 1149 2650 1204 miraretur
2681 1159 2844 1220 atque
2868 1151 3253 1222 interrogaret,
3299 1152 3446 1206 unde
3477 1152 3561 1206 illi
3603 1152 3786 1208 latim:

2172 1239 2368 1310 lingua:
2403 1241 2614 1306 notitia,
2665 1258 2788 1297 cum
2815 1250 3069 1313 parentes
3111 1244 3262 1314 ejus,
3315 1245 3408 1316 qui
3440 1245 3518 1300 ibi
3546 1261 3786 1317 praesen-

2172 1342 2256 1390 tes
2291 1335 2577 1401 astabant,
2610 1335 2924 1405 hujusmodi
2967 1353 3274 1394 sermonem
3304 1340 3530 1409 penitus
3571 1340 3785 1409 ignora-

2173 1435 2295 1482 rent
2312 1427 2336 1480 ?
2356 1457 2428 1466 —-
2462 1446 2480 1478 ι
2500 1428 2781 1493 Parentes,
2815 1430 3010 1498 inquit,
3046 1446 3198 1486 meos
3223 1447 3508 1503 nunquam
3531 1433 3741 1488 vidisti.
3761 1453 3780 1486 ι

2173 1546 2244 1558 -
2279 1515 2414 1572 Τυω
2444 1518 2763 1589 presbyter:
2822 1539 2840 1570 ‹
2879 1519 2958 1573 Tu
2991 1537 3146 1591 ergo,
3196 1522 3394 1594 inquit,
3434 1524 3594 1580 unde
3626 1539 3706 1592 es,
3742 1526 3782 1582 si

2173 1608 2265 1663 isti
2295 1625 2402 1664 non
2433 1619 2558 1664 sunt
2596 1619 2848 1680 parentes
2877 1613 3002 1666 tui?
3033 1634 3050 1665 ι

2245 1702 2335 1756 50.
2369 1702 2436 1756 Et
2465 1703 2672 1757 daemon
2701 1720 2797 1774 per
2819 1704 3050 1774 puellam
3083 1725 3094 1760 :
3134 1725 3153 1758 ι
3180 1707 3312 1779 Ego,
3346 1709 3445 1775 ait,
3476 1725 3610 1766 sum
3634 1710 3784 1767 satel-

2098 1779 2146 1838 Β
2175 1795 2254 1849 les
2279 1802 2442 1864 atque
2467 1795 2763 1865 discipulus
2812 1794 3058 1863 Satanae,
3106 1807 3162 1853 et
3191 1799 3361 1854 multo
3385 1800 3506 1870 jam
3542 1809 3785 1871 tempore

2175 1887 2318 1959 apud
2367 1885 2570 1942 inferos
2608 1885 2813 1955 janitor
2855 1887 2972 1952 fui;
3027 1889 3120 1944 sed
3162 1892 3323 1946 modo
3348 1907 3451 1962 per
3479 1908 3669 1948 annos
3697 1893 3785 1948 ali-

2175 1986 2326 2048 quot,
2357 1993 2480 2033 cum
2509 1979 2676 2033 sociis
2701 1979 2839 2034 meis
2871 1980 3143 2047 undecim,
3186 1997 3413 2054 regnum
3440 1982 3784 2039 Francorum

2174 2070 2404 2124 vastavi.
2437 2069 2793 2125 Frumentum
2819 2079 2874 2126 et
2897 2072 3103 2138 vinum,
3127 2083 3181 2128 et
3203 2089 3394 2128 omnes
3417 2075 3562 2131 alias
3584 2075 3782 2147 fruges,

2175 2176 2296 2231 quae
2322 2161 2390 2215 ad
2419 2177 2577 2216 usum
2632 2163 2916 2218 hominum
2947 2164 3015 2219 de
3063 2174 3210 2220 terra
3260 2176 3596 2233 nascuntur,
3641 2167 3788 2236 juxta

2175 2254 2319 2322 quod
2361 2253 2500 2322 jussi
2542 2269 2797 2321 eramus,
2849 2256 3128 2311 enecando
3177 2256 3523 2324 delevimus;
3592 2273 3784 2329 pecora

2175 2345 2379 2402 morbis
2423 2344 2833 2413 interfecimus,
2879 2347 3023 2402 luem
3059 2362 3124 2402 ac
3149 2348 3522 2419 pestilentiam
3558 2351 3620 2404 in
3647 2351 3786 2420 ipsos

2175 2439 2426 2495 homines
2473 2440 2840 2505 immisimus;
2905 2455 3096 2495 omnes
3151 2456 3368 2512 quoque
3418 2441 3787 2504 adversitates

2175 2542 2231 2589 et
2256 2543 2453 2590 cuncta
2495 2535 2654 2598 mala,
2707 2549 2828 2604 qua:
2864 2534 2978 2603 jam
3027 2535 3118 2590 diu
3152 2549 3252 2604 pro
3289 2535 3506 2590 meritis
3540 2536 3670 2590 suis
3700 2551 3786 2606 pa-

2175 2626 2403 2691 tiuntur,
2456 2625 2612 2680 nobis
2657 2625 2988 2682 facientibus
3029 2635 3192 2697 atque
3242 2627 3668 2696 ingerentibus,
3717 2629 3788 2682 eis

2176 2717 2511 2772 acciderunt.
2546 2738 2564 2770 ι
2597 2747 2667 2756 ——
2694 2716 2797 2773 Hic
2832 2733 2955 2773 cum
2981 2719 3266 2790 presbyter
3301 2720 3370 2775 ab
3403 2734 3471 2773 eo
3505 2729 3788 2789 quaereret

2175 2825 2410 2880 quanam
2435 2810 2503 2865 de
2531 2825 2694 2865 causa
2721 2811 2771 2866 ei
2813 2809 3007 2866 fuisset
3035 2811 3345 2882 hujusmodi
3381 2827 3663 2867 concessa
3699 2827 3788 2882 po-

2175 2906 2386 2960 testas?
2438 2923 2457 2956 (
2495 2903 2726 2976 Propter
2753 2904 3040 2970 malitiam,
3070 2905 3267 2974 inquit,
3297 2904 3478 2975 populi
3510 2903 3714 2973 hujus,
3739 2913 3788 2960 et

2174 2996 2522 3052 multimodas
2562 2996 2880 3067 iniquitates
2929 3011 3120 3052 eorum
3155 2998 3248 3066 qui
3302 3011 3466 3068 super
3492 3011 3640 3051 eum
3671 3011 3789 3051 eou-

2175 3086 2351 3145 stituti
2382 3098 2525 3146 sunt.
2579 3088 2682 3156 Qui
2710 3105 2938 3146 munera
2983 3099 3039 3146 et
3081 3106 3188 3145 non
3224 3091 3491 3161 justitiam
3521 3091 3789 3162 diligunt,

2175 3185 2269 3256 qui
2298 3184 2419 3254 plus
2445 3183 2719 3240 hominem
2747 3199 2911 3254 quam
2945 3184 3118 3239 Deum
3144 3192 3411 3247 metuunt,
3453 3184 3548 3254 qui
3585 3198 3794 3254 paupe-

2177 3291 2266 3332 res
2295 3277 2628 3346 opprimunt,
2656 3275 2850 3330 viduas
2881 3283 2937 3331 et
2957 3275 3192 3347 pupillos
3237 3275 3306 3330 ad
3332 3289 3389 3330 se
3412 3274 3790 3330 vociferantes

2176 3367 2436 3423 exaudire
2479 3366 2692 3432 nolunt,
2743 3365 2876 3420 nulli
2909 3366 3185 3437 justitiam
3229 3365 3334 3420 nisi
3378 3368 3671 3422 mercanti
3715 3366 3791 3420 fa-

2176 3459 2345 3515 ciunt.
2394 3458 2599 3514 Praeter
2629 3460 2746 3514 haec
2785 3467 2911 3514 sunt
2940 3467 2996 3514 et
3019 3458 3126 3513 alia
3153 3457 3324 3513 multa
3359 3473 3420 3513 ac
3448 3473 3607 3529 pene
3640 3460 3794 3514 innu—

2175 3553 2478 3619 merabilia,
2506 3570 2625 3624 qua:
2652 3563 2764 3609 tam
2795 3554 2864 3608 ab
2886 3554 3003 3623 ipso
3030 3553 3253 3624 populo,
3305 3568 3463 3623 quam
3487 3569 3518 3606 a
3554 3553 3792 3609 rectori-

2175 3647 2280 3702 bus
2309 3644 2425 3716 ejus
2460 3629 2704 3717 quotidie
2751 3647 3204 3711 committuntur;
3253 3654 3313 3700 ut
3339 3652 3465 3700 sunt
3511 3645 3791 3716 periuria,

2177 3741 2492 3805 ebrietates,
2525 3738 2812 3806 adulteria,
2852 3739 3180 3804 homicidia,
3213 3737 3376 3803 furta,
3406 3739 3650 3809 rapinae,
3681 3755 3792 3811 qua

2177 3848 2339 3889 nemo
2369 3832 2486 3887 fieri
2527 3832 2803 3904 prohibet,
2845 3840 2919 3899 et,
2953 3846 3075 3886 cum
3113 3830 3258 3886 facta
3285 3830 3508 3896 fuerint,
3560 3849 3690 3889 non
3714 3842 3794 3888 est

2179 3927 2272 3997 qui
2299 3926 2560 3980 vindicet.
2589 3923 2933 3980 Potentiores
2979 3924 3181 3995 quique
3226 3923 3471 3993 turpibus
3495 3923 3688 3980 lucris
3716 3927 3794 3980 in-

2179 4016 2458 4081 serviunt;
2489 4022 2544 4070 et
2566 4013 2687 4070 loco
2716 4013 3028 4084 superiore,
3070 4027 3232 4083 quem
3263 4020 3483 4083 propter
3508 4013 3792 4085 regendos

2179 4109 2466 4166 inferiores
2502 4115 2850 4178 acceperunt,
2903 4107 2972 4162 ad
3000 4106 3312 4178 superbiam
3337 4116 3393 4163 et
3420 4106 3658 4162 inanem
3682 4107 3792 4178 glo-

2180 4201 2320 4256 riam
2349 4201 2682 4264 abutuntur;
2725 4199 2909 4254 odium
2939 4206 2995 4254 et
3023 4197 3305 4264 invidiam,
3337 4213 3441 4254 non
3488 4207 3606 4252 tam
3653 4202 3793 4253 inter

2180 4299 2490 4357 extraneos,
2542 4305 2704 4361 quam
2749 4289 2893 4345 inter
2919 4290 3254 4360 propinquos
3285 4299 3341 4345 et
3363 4288 3634 4345 afﬁnitate
3664 4305 3792 4345 cou—

2179 4381 2396 4438 iunctos
2431 4387 2691 4436 exercent
2716 4396 2730 4445 ;
2791 4381 2998 4436 amicus
3023 4381 3198 4437 amico
3225 4396 3334 4437 non
3361 4381 3559 4446 credit,
3616 4380 3794 4435 frater

483 4474 801 4531 nominavit.
839 4473 968 4541 Quae
1003 4473 1148 4530 facta
1179 4481 1264 4530 est
1289 4475 1358 4530 ab
1400 4489 1466 4530 eo
1488 4489 1672 4530 coram
1700 4475 1885 4531 multis
1915 4476 2073 4532 testi-
2099 4487 2153 4546 1)
2180 4471 2402 4529 fratrem
2449 4473 2594 4539 odit,
2652 4480 2807 4543 pater
2840 4471 3010 4527 ﬁlium
3062 4489 3170 4529 non
3210 4475 3406 4547 diligit.
3459 4473 3600 4529 Rari
3640 4482 3789 4538 sunt,

482 4566 584 4622 bus
617 4574 742 4622 ante
763 4565 954 4633 altare,
984 4566 1140 4637 juxta
1174 4565 1319 4635 quod
1354 4566 1498 4621 sacri
1527 4575 1829 4637 martyrum
1857 4567 2075 4622 cineres

483 4661 705 4733 repositi
753 4668 900 4727 sunt,
944 4659 1013 4715 ad
1060 4660 1549 4731 interrogationem
1593 4659 1928 4731 presbyteri,
1981 4661 2075 4730 qui

485 4754 849 4809 exorcismum
906 4765 1072 4822 super
1131 4766 1560 4823 energumenum
1624 4751 1876 4822 legerat:
1931 4752 2074 4822 quod

485 4845 590 4900 hoc
615 4846 775 4900 modo
803 4843 1095 4918 contigisse
1121 4851 1396 4899 narratur.
1432 4843 1702 4900 Praedium
1738 4853 1823 4899 est
1851 4844 1906 4898 in
1933 4858 2074 4914 pago

486 4933 807 5008 Nithagome
837 4949 890 5004 ι,
923 4935 1188 4993 vocabulo
1213 4935 1504 5007 Hecgstat,
1551 4938 1832 5006 pertinens
1868 4937 1936 4991 ad
1962 4952 2078 4992 mo-

486 5026 786 5082 nasterium
820 5025 878 5082 S.
906 5027 1123 5083 Nazarii
1150 5028 1202 5094 ι),
1251 5028 1317 5084 de
1337 5043 1446 5098 quo
1469 5027 1644 5099 puella
1680 5029 1946 5099 quaedam,
1980 5044 2076 5085 an-

487 5132 684 5174 norum
709 5118 928 5173 circiter
953 5118 1221 5185 sedecim,
1270 5119 1340 5174 ab
1365 5119 1557 5175 eodem
1603 5121 1842 5176 erratico
1879 5120 2074 5190 spiritu

559 5305 590 5337 ι
621 5293 890 5350 Existimo
931 5293 1219 5365 legendum
1242 5336 1255 5358 ,
1285 5304 1396 5350 tum
1424 5297 1531 5360 hic,
1568 5303 1683 5349 tum
1708 5294 1849 5350 infra
1871 5337 1885 5360 ,
1920 5314 2069 5355 num.

487 5368 580 5432 55,
622 5365 953 5437 Nithagouve
991 5374 1128 5437 :est
1159 5375 1341 5437 autem
1381 5375 1587 5437 tractus
1615 5365 1702 5437 ille
1734 5367 1813 5421 sic
1837 5368 2011 5422 dictus
2041 5385 2073 5426 a

488 5438 652 5497 Nitha
691 5435 854 5492 fluvio
881 5477 896 5500 ,
947 5436 1108 5505 vulgo
1151 5435 1260 5491 Nid
1287 5479 1301 5500 ,
1362 5439 1454 5507 qui
1492 5436 1662 5491 Maano
1687 5435 1940 5492 illabitur
1988 5441 2072 5494 iu-

488 5513 571 5566 fra
613 5507 1026 5563 Francofurtum
1054 5548 1068 5573 ,
1108 5523 1172 5564 eo
1213 5509 1332 5564 loco
1375 5509 1464 5562 ubi
1503 5523 1644 5561 nunc
1681 5517 1766 5562 est
1810 5509 2066 5578 oppidum

490 5582 745 5644 lluechst;
788 5580 929 5648 quod
962 5579 1048 5632 hic
1079 5581 1346 5633 nominari
1378 5579 1677 5641 Heccostat,
1730 5578 1894 5632 nolim
1929 5581 2067 5634 divi-

489 5655 669 5707 nando
703 5664 1026 5721 suggerere;
1069 5665 1188 5703 cum
1231 5652 1373 5705 inter
1411 5650 1734 5721 Moguntina:
1765 5650 2065 5706 diceccseos

489 5725 604 5780 loca
638 5723 905 5776 inveniam
931 5722 1197 5776 nominari
1224 5721 1432 5776 Hetstat
1455 5763 1468 5786 ,
1498 5721 1640 5775 haud
1670 5736 1891 5790 prorsus
1919 5723 2064 5777 absi-

489 5793 603 5856 mili
625 5793 907 5868 veeabulo,
936 5791 1031 5851 sed
1055 5791 1108 5848 in
1133 5793 1519 5870 topographica
1558 5791 1735 5849 tabula
1758 5792 2057 5868 praeterito.

2184 4566 2276 4635 qui
2327 4564 2557 4620 fideliter
2602 4580 2666 4619 ae
2696 4565 2887 4620 devote
2935 4565 3175 4620 decimas
3206 4565 3354 4633 dent,
3401 4567 3650 4622 rariores
3697 4567 3791 4636 qui

2183 4656 2554 4727 elecmosyuas
2579 4654 2818 4720 faciant;
2851 4663 2906 4709 et
2931 4655 3034 4710 hoc
3061 4655 3204 4721 ideo,
3230 4655 3358 4725 quia
3386 4657 3659 4726 quidquid
3683 4656 3794 4710 Deo

2182 4747 2268 4801 vel
2296 4747 2623 4818 pauperibus
2675 4746 2806 4801 dare
2849 4743 3128 4814 iubentur,
3179 4746 3233 4800 id
3278 4745 3382 4800 sibi
3422 4747 3611 4816 perire
3643 4745 3791 4800 arbi-

2182 4847 2419 4894 trantur.
2471 4838 2690 4908 lniquas
2719 4853 3007 4894 mensuras
3031 4847 3088 4894 et
3112 4837 3314 4908 injusta
3350 4838 3592 4908 pondera
3614 4879 3629 4903 ,
3663 4853 3797 4894 oon—

2181 4944 2268 4987 tra
2297 4932 2395 4987 Dei
2424 4941 2774 5002 praeceptum,
2809 4931 3010 4988 habere
3035 4949 3143 4988 non
3172 4941 3468 5000 verentur;
3500 4932 3702 4988 fraude
3734 4946 3795 4987 se

2184 5025 2504 5080 alterutrum
2549 5024 3020 5090 circumveniunt;
3074 5023 3213 5080 falsa
3259 5025 3572 5080 testimonia
3601 5025 3794 5080 dicere

2182 5133 2294 5174 non
2319 5118 2679 5184 erubescunt;
2711 5117 2829 5174 dies
2859 5117 3160 5175 dominicos
3203 5133 3267 5172 ac
3291 5118 3519 5174 feriatos
3544 5133 3656 5173 non
3689 5135 3792 5174 eu-

2255 5300 2282 5340 b
2322 5298 2708 5356 Monasterium
2742 5296 2800 5351 S.
2842 5295 3059 5352 Nazarii
3086 5297 3228 5352 ultra
3256 5295 3480 5352 fluvium
3505 5296 3792 5357 Rhenum,

2182 5371 2342 5440 vulgo
2373 5371 2684 5424 Lnun’sham
2707 5377 2800 5423 aut
2821 5368 3140 5440 Loris/tofm3
3171 5368 3262 5440 ubi
3287 5382 3490 5436 corpus
3523 5366 3584 5440 8ἶ
3608 5364 3797 5418 Naza-

2181 5443 2248 5495 rii
2281 5437 2608 5511 depositum
2639 5453 2761 5511 esse
2800 5457 2828 5491 a
2871 5448 3061 5511 sancto
3100 5437 3476 5511 Godegranglo
3503 5439 3794 5511 episcopo,

2178 5507 2415 5566 diximus
2433 5513 2498 5565 ad
2524 5509 2682 5578 hujus
2704 5507 2902 5573 Vitam,
2928 5510 2960 5562 6
2983 5510 3160 5564 Martii
3189 5528 3199 5561 :
3224 5507 3364 5562 idem
3387 5509 3553 5578 latius
3575 5507 3794 5560 dictum

2175 5583 2242 5635 ad
2288 5583 2465 5635 Vitam
2497 5581 2555 5635 S.
2589 5577 2832 5642 Nazarii,
2892 5580 2959 5634 1‘2
3005 5579 3178 5652 Junii.
3207 5578 3442 5652 Consule
3496 5577 3797 5652 alarque;-

2173 5654 2300 5706 duui
2330 5652 2695 5777 6Freherum,
2761 5661 2915 5720 parte
2971 5668 2986 5706 ι
3036 5646 3102 5706 de
3147 5649 3466 5722 Originibus
3510 5646 3793 5705 Palatinis

2173 5738 2290 5777 can.
2372 5762 2384 5777 .

2171 5738 2290 5792 cap.
2330 5738 2384 5778 υ.
