3960 6346
173 301 285 364 569

1004 308 1180 367 HIST.
1222 307 1613 368 TRANSLAT.
1650 310 1757 368 BB.
1801 311 2223 372 MARCELLINI
2257 312 2347 371 ET
2383 311 2614 370 PETRI.

3242 323 3253 334 '
3351 304 3459 369 570

169 422 446 486 stodiunt,
485 420 582 476 sed
619 420 676 477 in
719 420 825 488 his,
874 436 940 478 ac
968 425 1014 481 si
1042 427 1097 481 in
1121 426 1366 492 caeteris,
1398 437 1556 497 prout
1582 428 1770 483 volun-
1797 433 1850 492 Α
1874 429 2155 486 commodo
2180 427 2485 484 liberatam.
2517 425 2650 494 Quae
2676 436 2781 494 res
2819 423 2926 482 hoc
2961 422 3125 482 modo
3154 430 3307 496 gesta
3337 436 3459 480 esse

173 522 266 570 tas
299 528 491 570 eorum
530 512 738 580 tulerit,
788 526 1102 584 operantur.
1151 517 1380 588 Propter
1427 518 1544 573 haec
1570 527 1626 573 et
1669 519 1774 574 alia

171 606 377 671 multa,
421 621 542 676 qua:
585 605 728 661 Deus
757 613 849 660 aut
890 609 1143 680 praecepit
1189 609 1498 663 hominibus
1524 617 1586 663 ut
1627 609 1774 665 face-

171 708 326 763 rent,
357 707 451 752 aut
478 697 755 767 prohibuit
775 713 843 753 ne
870 699 1130 763 facerent,
1163 700 1288 772 quia
1312 702 1538 772 populus
1563 703 1652 758 hic
1675 718 1774 773 per

171 790 585 847 contumaciam
622 792 891 848 mandatis
915 792 1031 861 ejus
1060 793 1375 850 inobediens
1403 794 1626 850 ell'ectus
1665 804 1770 863 est,

169 887 468 960 permissi,
518 886 629 942 imo
663 885 801 955 jussi
846 903 1032 943 sumus
1072 903 1138 944 ea
1167 888 1347 946 facere
1377 891 1432 945 in
1468 890 1630 945 rebus
1672 891 1774 945 hu-

171 980 387 1044 manis,
436 993 559 1048 quze
606 978 853 1048 superius
888 979 1240 1045 enumeravi,
1287 988 1348 1035 ut
1375 979 1616 1051 perﬁdiae
1661 994 1772 1035 suae

172 1084 374 1142 ptenas
409 1068 587 1129 luant.
644 1067 783 1123 Sunt
825 1070 971 1125 enim
1015 1071 1207 1140 perﬁdi
1250 1080 1411 1142 atque
1460 1073 1768 1139 mendaces,

175 1178 307 1218 cum
334 1162 438 1218 hoc
473 1177 695 1217 servare
725 1177 834 1216 non
864 1171 1078 1228 curant,
1106 1163 1248 1232 quod
1279 1164 1332 1218 in
1363 1164 1630 1234 baptismo
1649 1178 1773 1234 pro-

173 1254 466 1309 miserunt.
513 1272 532 1305 ›
591 1251 721 1308 Haec
776 1253 960 1307 omnia
1009 1254 1218 1309 daemon
1269 1269 1368 1324 per
1415 1270 1478 1310 os
1527 1255 1771 1311 barbarae

171 1341 372 1412 puellae
393 1341 566 1396 latine
594 1340 807 1396 locutus
827 1349 928 1396 est.

251 1457 342 1511 51.
377 1457 591 1512 Etcum
623 1457 906 1529 presbyter
939 1459 1254 1530 imperando
1287 1477 1480 1532 urgere
1518 1463 1773 1532 cmpisset

172 1555 240 1602 ut
285 1547 479 1604 exiret.
518 1567 537 1600 ι
575 1549 776 1616 Exibo,
802 1551 998 1620 inquit,
1031 1568 1135 1607 non
1176 1563 1397 1623 propter
1424 1562 1573 1609 tuum
1602 1556 1772 1624 impe-

173 1639 348 1704 rium,
377 1640 470 1694 sed
498 1649 721 1710 propter
746 1651 1054 1698 sanctorum
1082 1652 1406 1714 potestatem
1424 1688 1438 1712 ,
1472 1647 1562 1715 qui
1589 1662 1676 1701 me
1712 1648 1768 1702 in

172 1729 275 1785 illa
298 1731 493 1786 diutius
511 1747 734 1788 manere
758 1749 865 1790 non
885 1735 1222 1804 permittunt.
1255 1758 1274 1790 ›
1305 1738 1402 1793 His
1422 1739 1600 1804 dictis,
1618 1739 1769 1808 puel-

173 1822 288 1878 lam
320 1824 375 1878 in
405 1825 771 1895 pavimentum
810 1828 1078 1898 projecit;
1129 1842 1290 1901 atque
1335 1832 1409 1886 ibi
1456 1833 1766 1903 aliquantu-

173 1913 312 1976 lnni.
342 1915 493 1969 velut
516 1917 896 1984 dormientem,
929 1937 1100 1991 prono
1130 1937 1357 1993 corpore
1392 1925 1577 1994 jacere
1616 1924 1764 1980 fecit.

176 2007 313 2062 Post
339 2009 617 2077 paululum
655 2027 784 2066 vero
811 2012 905 2068 illo
932 2014 1250 2081 recedente,
1280 2017 1433 2088 quasi
1475 2019 1542 2073 de
1578 2035 1769 2075 somno

173 2098 462 2168 evigilans,
504 2114 602 2169 per
643 2101 898 2157 virtutem
938 2103 1139 2158 Christi
1166 2113 1220 2160 et
1256 2107 1452 2161 merita
1485 2108 1770 2164 beatorum

173 2199 506 2260 martyrum,
537 2191 736 2261 puella,
767 2194 978 2249 cunctis
1021 2196 1113 2266 qui
1152 2197 1380 2252 aderant
1423 2201 1770 2257 cernentibus

174 2290 343 2351 atque
392 2283 750 2352 mirantibus,
785 2301 914 2341 sana
943 2289 1197 2351 surrexit,
1237 2305 1338 2344 nec
1366 2300 1489 2361 post
1515 2300 1769 2348 exactum

175 2389 208 2428 a
238 2390 298 2428 se
321 2375 624 2431 dmmonem
651 2376 818 2434 latine
849 2379 996 2450 loqui
1027 2381 1242 2448 potuit;
1284 2390 1344 2436 ut
1367 2383 1545 2452 palam
1585 2394 1770 2455 posset

176 2465 426 2536 intelligi,
460 2483 568 2522 non
597 2468 744 2523 illam
770 2485 867 2540 per
891 2486 968 2537 se,
997 2473 1091 2527 sed
1117 2475 1412 2529 daemonem
1441 2491 1540 2545 per
1566 2492 1628 2531 os
1650 2477 1769 2548 ejus

179 2554 349 2612 fuisse
385 2559 648 2617 locutum.
677 2561 790 2617 Heu
818 2565 831 2618 !
863 2566 997 2634 proh
1030 2565 1185 2622 dolor
1211 2569 1222 2620 !
1261 2568 1328 2622 ad
1355 2577 1586 2638 quantas
1616 2570 1772 2625 inise-

177 2649 294 2703 rias
334 2658 581 2721 tempora
629 2662 815 2708 nostra
862 2663 988 2711 sunt
1019 2657 1286 2723 devoluta,
1327 2659 1380 2713 in
1425 2660 1620 2730 quibus
1660 2677 1768 2718 non

173 2741 306 2798 boni
332 2743 602 2812 homines,
629 2749 724 2803 sed
761 2749 890 2804 mali
929 2752 1200 2808 daemones
1239 2754 1486 2811 doctores
1514 2767 1673 2823 sunt;
1713 2768 1769 2815 et

177 2833 495 2892 incentores
518 2839 770 2894 vitiorum
799 2856 862 2896 ac
889 2857 1241 2912 persuasores
1265 2847 1556 2904 criminum
1581 2853 1647 2906 de
1671 2866 1769 2907 no-

173 2935 292 2982 stra
321 2944 422 2984 nos
454 2932 790 2988 correctione
814 2944 1178 2992 commonent.

246 3042 339 3097 52.
383 3043 586 3101 Eodem
614 3046 728 3104 fere
758 3057 1000 3122 tempore
1034 3056 1460 3114 sanctimonialis
1486 3060 1761 3130 quaedam,

170 3139 398 3195 nomine
423 3140 806 3210 Marethrudis,
833 3145 900 3200 de
921 3163 1058 3218 pago
1083 3147 1394 3207 Wetareiba
1420 3164 1445 3192 α

167 3231 445 3302 paralysis
480 3238 799 3307 aegritudine
825 3254 924 3308 per
953 3242 1138 3296 decem
1174 3259 1344 3299 annos
1374 3253 1486 3300 tam
1517 3247 1766 3302 immani—

174 3331 269 3380 ter
293 3329 590 3395 tenebatur,
615 3338 677 3384 ut
706 3339 858 3386 tanto
885 3335 1143 3403 temporis
1170 3337 1346 3406 spatio
1373 3352 1510 3406 pene
1532 3339 1678 3394 nullo
1698 3341 1766 3396 ad

173 3415 450 3474 humanos
475 3435 598 3476 usus
623 3425 866 3492 corporis
899 3425 1075 3481 ollicio
1109 3425 1459 3500 fungeretur;
1501 3438 1557 3485 et
1582 3430 1696 3502 jam
1734 3446 1766 3486 a

172 3509 496 3575 parentibus
530 3513 642 3568 suis
687 3523 808 3569 erat
835 3517 1144 3587 desperata,
1185 3520 1441 3588 quoniam
1480 3523 1546 3577 ad
1583 3523 1766 3580 omnia

175 3606 491 3654 sanctorum
536 3601 687 3669 loca,
741 3605 808 3660 ad
843 3621 962 3675 qua:
1006 3608 1106 3678 ipsi
1147 3618 1398 3678 poterant
1443 3614 1762 3682 pervenire,

173 3691 422 3747 eamdem
447 3695 802 3753 deduxerant.
832 3697 938 3755 Sed
969 3700 1183 3758 tandem
1211 3703 1279 3758 ab
1309 3705 1512 3761 eisdem
1541 3716 1668 3763 tunc
1696 3707 1766 3764 ad

172 3782 460 3840 basilicam
485 3797 790 3859 martyrum
815 3791 1068 3860 adducta,
1091 3803 1148 3850 et
1168 3803 1408 3866 tempore
1428 3799 1765 3858 nocturnalis

169 3872 335 3930 ofﬁcii
357 3877 513 3948 juxta
545 3881 816 3937 cancellos
844 3885 1044 3953 posita,
1074 3902 1172 3956 per
1203 3890 1397 3944 merita
1425 3900 1479 3946 et
1502 3891 1766 3950 interces-

171 3966 384 4023 sionem
410 3972 724 4028 eorumdem
764 3985 1098 4044 sanctorum,
1129 3980 1220 4034 diu
1267 3981 1572 4038 desiderata
1619 3985 1766 4041 sani-

168 4063 289 4112 tate
318 4059 434 4116 sine
459 4078 610 4118 mora
642 4065 838 4121 donata
866 4076 969 4132 est,
1004 4070 1140 4125 adeo
1161 4071 1369 4143 integre
1397 4083 1558 4144 atque
1586 4075 1764 4144 perfe—

169 4159 264 4206 cte
291 4160 369 4217 ut,
398 4156 636 4210 omnium
668 4159 1035 4216 membrorum
1071 4162 1326 4219 ﬁrmitate
1353 4175 1566 4237 recepta
1587 4208 1602 4232 ,
1643 4183 1763 4238 quae

167 4241 300 4298 illuc
322 4241 511 4300 lectica
555 4256 796 4315 venerat,
828 4251 1056 4321 pedibus
1098 4254 1167 4308 ad
1213 4257 1433 4327 pr0pria
1472 4268 1756 4315 remearet.

171 4331 284 4387 Sed
307 4333 398 4388 ubi
421 4334 638 4392 domum
665 4338 843 4394 redire
873 4343 1056 4412 coepit,
1086 4344 1142 4398 in
1183 4346 1298 4415 ipso
1327 4347 1520 4403 itinere
1546 4349 1757 4420 eadem,

168 4439 280 4496 qna
321 4425 608 4484 liberatam
638 4447 696 4487 se
742 4434 1044 4504 gaudebat,
1092 4437 1406 4496 infirmitate
1446 4442 1757 4512 corripitur.

1875 523 2235 594 cognoscitur.
2267 523 2324 577 In
2350 537 2487 594 pago
2523 521 2842 589 Nithagowe
2869 519 3069 574 fundus
3109 525 3211 585 est,
3243 517 3460 575 Ursella

1871 623 2118 679 vocatus,
2149 615 2242 686 qui
2269 631 2299 669 a
2325 614 2550 670 basilica
2580 621 2883 685 martyrum
2913 626 3008 666 sex
3038 612 3153 667 fere
3179 611 3458 694 leucarum

1873 705 2157 761 intervallo
2205 706 2496 762 dirimitur.
2529 704 2586 760 In
2633 719 2741 776 quo
2786 703 2979 759 mulier
3007 701 3286 772 quaedam,
3334 716 3462 758 cum

1873 813 2034 852 mane
2066 797 2211 852 facto
2251 796 2319 853 de
2349 813 2539 852 somno
2568 795 2828 866 evigilans
2865 796 2920 850 in
2949 794 3089 850 lecto
3119 809 3218 850 suo
3247 793 3456 850 reside-

1874 900 1979 958 ret,
1996 901 2051 947 et
2065 892 2222 962 juxta
2246 885 3219 960 consuetudinem‘expergiScentium,
3245 895 3464 959 proten-

1874 981 2028 1036 sione
2059 981 2408 1036 brachiorum
2456 988 2511 1034 et
2553 979 2767 1033 assidua
2804 976 3142 1039 oscitatione,
3178 974 3246 1029 ad
3281 973 3465 1028 discu-

1874 1071 2115 1127 tiendum
2155 1085 2479 1135 marcorem,
2512 1084 2571 1123 se
2604 1067 2954 1133 extenderet,
3004 1081 3066 1120 os
3109 1064 3269 1136 paulo
3309 1063 3466 1119 didua

1873 1165 2038 1230 ctius,
2061 1179 2224 1234 quam
2247 1163 2495 1226 debebat,
2519 1160 2750 1231 aperuit,
2779 1158 3170 1229 disjunctisque
3187 1156 3342 1227 juxta
3365 1172 3462 1212 au-

1873 1269 1962 1310 res
2004 1254 2347 1308 maxillarum
2396 1253 2750 1323 coagmentis,
2794 1251 2952 1306 hians
3001 1250 3171 1306 rictus
3217 1249 3465 1305 constitit

1872 1347 2204 1413 immobilis;
2243 1362 2343 1402 nec
2371 1345 2484 1415 jam
2522 1361 2584 1402 os
2622 1347 2874 1402 claudere
2915 1346 3132 1412 valens,
3163 1342 3464 1418 persona:b

1873 1453 2036 1508 quam
2066 1438 2273 1492 homini
2320 1438 2548 1493 similior
2585 1437 2804 1503 ell‘ecta',
2839 1439 3189 1510 gravissimas
3231 1439 3463 1494 incauta:

1871 1532 2209 1587 oscitationis
2234 1546 2426 1601 poenas
2455 1532 2655 1587 luebat.
2687 1533 2801 1588 Hoc
2824 1533 2915 1588 ubi
2943 1532 3274 1588 mulierculis
3297 1533 3352 1587 in
3371 1547 3465 1588 eo-

1873 1625 1994 1681 dem
2024 1625 2190 1680 fundo
2217 1625 2590 1681 habitantibus
2619 1611 2873 1689 innotuit,
2911 1634 3222 1692 accurrunt,
3256 1625 3465 1689 herbis;

1872 1733 1978 1786 que
2016 1727 2072 1772 et
2099 1716 2308 1772 frivolis
2342 1717 2802 1773 incantationibus
2827 1717 2968 1773 male
2994 1717 3214 1773 habenti
3237 1733 3464 1773 succurv

1871 1827 1995 1866 rere
2021 1810 2336 1866 moliuntur.
2369 1809 2476 1864 Sed
2497 1826 2604 1865 non
2625 1810 2815 1865 habuit
2841 1810 3094 1867 effectum
3120 1826 3258 1865 vana
3287 1826 3350 1866 ac
3374 1827 3466 1866 su-

1869 1903 2182 1972 perstitiosa
2210 1903 2594 1973 prazsumptio;
2633 1904 2971 1974 vexabatque
2994 1904 3174 1974 potius
3203 1904 3461 1959 laboran-

1871 2001 1982 2049 tem
2023 2002 2183 2062 atque
2223 1992 2450 2048 ltedebat
2479 1993 2740 2064 quidquid
2780 1994 3045 2065 imperitae
3073 2010 3286 2060 manus,
3317 1994 3466 2049 velut

1871 2085 2051 2140 studio
2092 2084 2372 2149 medendi,
2417 2085 2593 2140 eidem
2622 2085 3006 2141 adhibuerunt.
3049 2085 3258 2142 Interea
3295 2084 3467 2141 frater

1870 2175 2052 2230 mariti
2079 2175 2321 2246 ejusdem
2350 2176 2592 2231 mulieris
2621 2177 2953 2247 supervenit,
2983 2176 3297 2248 salubrique
3329 2192 3462 2232 con-

1872 2269 1994 2324 silio
2029 2269 2238 2340 rogavit
2279 2277 2342 2323 ut
2384 2269 2452 2323 ad
2492 2269 2774 2325 basilicam
2805 2276 3106 2341 martyrum
3149 2270 3266 2326 sine
3311 2284 3466 2326 mora

1871 2359 2163 2415 duceretur
2187 2377 2201 2426 ;
2243 2361 2316 2415 ibi
2343 2359 2618 2417 afﬁrmans
2644 2376 2764 2416 esse
2789 2361 3084 2417 sanandam
3105 2403 3120 2428 ,
3149 2361 3194 2418 si
3223 2377 3464 2432 unquam

1871 2448 2012 2504 foret
2040 2457 2326 2519 receptura
2348 2452 2657 2506 sanitatem.
2694 2449 2999 2522 Statimque
3021 2453 3269 2523 jumerito
3294 2452 3467 2524 impo-

1871 2539 2031 2595 sitam
2063 2542 2262 2596 ducere
2291 2541 2557 2611 incipiunt
2582 2558 2596 2606 ;
2636 2543 3134 2613 appropinquantes
3160 2551 3340 2598 autem
3369 2543 3466 2598 ba-

1871 2633 2058 2699 silic:e,
2088 2633 2152 2688 de
2176 2633 2425 2703 jumento
2467 2632 2770 2704 depositam
2817 2634 3046 2703 pedibus
3086 2635 3336 2690 incedere
3380 2633 3466 2689 fa-

1872 2727 2039 2780 ciunt.
2063 2725 2306 2794 Cumque
2332 2739 2397 2780 eo
2422 2725 2522 2779 loci
2552 2734 2773 2780 ventum
2793 2734 2938 2780 esset
2960 2725 3148 2796 utjam
3178 2722 3465 2793 turricula,

1871 2831 1991 2887 quae
2009 2816 2161 2887 signa
2185 2816 2422 2871 basilicae
2445 2817 2776 2882 continebat,
2802 2817 2871 2871 ah
2894 2817 2975 2870 eis
2995 2815 3235 2886 conspici
3257 2815 3465 2886 potuis-

1872 2919 1986 2976 set,
2031 2911 2190 2980 eique
2224 2918 2284 2964 ut
2312 2910 2381 2964 ad
2430 2926 2551 2964 eam
2595 2909 2882 2965 videndam
2917 2910 3104 2965 oculos
3147 2909 3375 2974 levaret,
3407 2908 3466 2964 hi

1871 3003 1966 3074 qui
2015 3019 2133 3058 eam
2173 3004 2440 3059 ducebant
2488 3003 2838 3074 imperarent,
2886 3004 3128 3074 aspexit,
3186 3003 3356 3068 vidit,
3398 3017 3465 3060 ac

1873 3093 1991 3149 sine
2019 3094 2126 3148 ulla
2153 3096 2471 3164 interposita
2499 3110 2654 3150 mora
2681 3095 2971 3151 sanitatem
3001 3097 3224 3166 recepit.
3250 3096 3326 3151 lbi
3347 3111 3467 3152 om-

1453 3194 1468 3218 ’
1501 3170 1620 3258 qua?
1647 3155 1766 3260 d‘rf‘
1794 3165 1839 3228 (ἶ
1871 3201 1968 3241 nes
2008 3187 2216 3256 pariter
2240 3186 2294 3240 in
2323 3194 2526 3241 terram
2553 3194 2833 3252 corruunt,
2863 3187 3104 3260 divinam
3146 3186 3460 3243 misericor-

1867 3278 2012 3333 diam
2036 3279 2233 3348 quibus
2259 3279 2440 3333 valent
2466 3279 2715 3334 laudibus
2747 3278 3035 3344 extollunt,
3068 3287 3465 3351 surgentesque

1868 3371 1936 3426 ad
1975 3371 2256 3427 basilicam
2280 3380 2636 3443 properanter
2663 3381 2932 3443 pergunt;
2965 3381 3044 3435 et,
3068 3372 3310 3428 adoratis
3339 3386 3464 3427 san-

1867 3462 2126 3518 ctissimis
2155 3463 2505 3535 martyribus,
2548 3479 2613 3519 ac
2638 3463 2781 3519 votis
2812 3479 2910 3534 pro
2945 3463 3106 3518 modo
3143 3462 3463 3518 facultatum

1866 3553 2172 3623 persolutis,
2193 3555 2261 3609 ad
2296 3554 2514 3626 propria
2545 3571 2667 3610 cum
2695 3555 2864 3610 multa
2890 3555 3252 3612 exsultatione
3281 3569 3466 3611 rever-

1871 3654 2072 3701 tuntur.
2109 3647 2353 3704 Vidimus
2383 3664 2482 3705 nos
2512 3649 2759 3705 eamdem
2790 3648 3070 3715 feminam,
3119 3657 3170 3704 et
3209 3665 3334 3705 cum
3370 3646 3462 3705 illa

1865 3741 2032 3798 locuti
2062 3758 2280 3810 sumus;
2313 3751 2369 3798 et
2395 3759 2481 3809 ea,
2511 3760 2631 3814 quae
2665 3745 2812 3800 circa
2841 3744 2990 3800 illam
3020 3753 3173 3816 gesta
3209 3743 3462 3809 fuerunt,

1866 3833 1984 3903 ipsa
2015 3843 2274 3889 narrante
2296 3835 2603 3890 didicimus.

1937 3991 2026 4046 54.
2059 3991 2214 4046 Nunc
2236 3991 2367 4045 illud
2398 3989 2603 4048 referre
2627 3990 2769 4054 volo,
2800 3989 2946 4060 quod
2976 3990 3089 4061 ipse
3115 3989 3170 4045 in
3199 3989 3286 4044 die
3309 3997 3464 4045 nata-

1864 4087 1984 4143 litio
2011 4087 2290 4142 beatorum
2322 4092 2620 4155 martyrum
2649 4083 2943 4154 contigisse
2975 4083 3107 4138 vidi.
3158 4081 3300 4139 Puer
3336 4082 3459 4155 qui-

1866 4182 1991 4237 dam
2021 4179 2216 4236 surdus
2242 4187 2296 4233 et
2323 4186 2522 4243 mutus,
2547 4177 2640 4248 qui
2671 4186 2796 4232 ante
2825 4177 3119 4232 triennium
3148 4177 3274 4232 illuc
3296 4191 3460 4233 vene-

1864 4283 1972 4340 rat,
2003 4283 2058 4328 et
2084 4274 2139 4328 in
2164 4273 2322 4328 domo
2350 4271 2590 4326 custodis
2619 4269 2862 4326 ecclesiae
2883 4271 3139 4325 ostiarius
3163 4271 3231 4324 ab
3252 4284 3317 4324 eo
3341 4267 3457 4324 fue-

1864 4373 1950 4420 rat
1980 4364 2325 4428 constitutus,
2354 4361 2493 4417 festo
2528 4360 2618 4416 die
2637 4359 2750 4430 jam
2776 4362 2929 4416 finito
2951 4371 3007 4416 et
3029 4359 3206 4417 ollicio
3232 4374 3458 4430 vesper-

1866 4459 1985 4513 tino
2015 4464 2410 4520 consummato,
2439 4469 2561 4509 cum
2581 4453 2735 4522 juxta
2756 4454 2955 4511 ostium
2981 4452 3218 4519 sederet,
3235 4459 3459 4522 repente

167 4515 358 4587 Itaque
402 4522 727 4578 reversionis
764 4541 875 4581 suae
921 4528 1296 4596 paenitentiam
1330 4547 1523 4602 agens,
1566 4534 1762 4589 iterum

1871 4564 2202 4618 consurgens
2239 4546 2519 4602 basilicam
2559 4545 2816 4612 intravit,
2846 4552 2902 4600 et
2944 4560 2974 4599 a
3017 4544 3225 4601 dextris
3272 4542 3460 4599 altaris

165 4621 228 4662 se
251 4609 322 4663 ad
347 4619 646 4682 martyrum
675 4614 838 4670 limen
862 4618 1046 4673 reduci
1075 4621 1304 4691 rogavit.
1336 4621 1564 4692 Moxque
1587 4632 1648 4678 ut
1677 4639 1763 4681 re-

167 4699 333 4754 ducta
357 4710 464 4767 est,
486 4719 649 4773 quam
676 4707 1006 4766 discedendo
1035 4711 1292 4767 amiserat
1315 4713 1622 4781 sanitatem,
1645 4715 1762 4771 sine

164 4789 280 4844 ulla
306 4791 566 4850 dilatione
589 4800 813 4869 recepit.
833 4801 970 4856 Voto
991 4803 1159 4870 igitur
1179 4803 1344 4870 facto,
1370 4814 1428 4858 ut
1450 4820 1544 4860 sua
1570 4816 1760 4875 sponte

165 4882 235 4936 de
266 4893 578 4942 sanctorum
620 4889 880 4962 obsequio
909 4892 1025 4962 jam
1069 4895 1300 4966 amplius
1347 4897 1624 4952 discedere
1652 4914 1759 4953 non

165 4973 419 5042 deberet,
445 4993 667 5048 parvam
692 4983 795 5038 sibi
815 4984 1063 5040 cellulam
1090 4987 1232 5042 haud
1269 4989 1458 5058 procul
1485 4990 1554 5044 ah
1584 4989 1759 5045 eccle-

164 5063 251 5118 sia
283 5066 353 5120 ad
382 5070 706 5126 manendum
741 5077 1063 5142 construxit,
1097 5093 1162 5131 ac
1188 5079 1474 5150 deinceps,
1509 5079 1758 5150 religiose

164 5169 496 5214 conversata
517 5161 571 5215 in
586 5164 848 5235 obsequio
868 5168 1151 5225 beatorum
1171 5180 1490 5243 martyrum,
1508 5187 1630 5227 cum
1644 5189 1758 5229 ma-

164 5261 277 5316 gna
307 5248 593 5309 devotione
619 5260 938 5326 permansit.

236 5362 332 5418 53.
362 5366 543 5424 Aliam
589 5386 802 5444 quoque
849 5374 1104 5432 feminam
1149 5387 1399 5445 constat,
1437 5395 1543 5435 non
1585 5381 1757 5436 multo

1867 4657 2072 4712 pronus
2094 4639 2317 4694 corruit.
2358 4637 2602 4708 Cumque
2625 4654 2749 4693 eum
2779 4638 3041 4700 aedituus,
3079 4636 3171 4706 qui
3201 4633 3457 4690 candela-

1867 4735 2022 4789 brum
2056 4748 2176 4788 cum
2202 4747 2360 4787 cereo
2387 4739 2512 4785 ante
2558 4730 2728 4785 altare
2769 4729 3025 4800 ponebat,
3072 4726 3146 4782 ibi
3184 4726 3457 4797 jacentem

1867 4827 2177 4886 invenisset,
2216 4825 2471 4880 continuo
2514 4822 2645 4876 mihi
2673 4823 2776 4876 hoc
2809 4819 3050 4875 indicare
3085 4818 3315 4873 curavit.
3346 4817 3456 4875 Nos

1871 4927 2074 4984 autem,
2106 4918 2198 4987 qui
2227 4925 2356 4971 tunc
2381 4932 2488 4971 una
2523 4930 2759 4977 eramus,
2785 4912 3072 4968 ecclesiam
3091 4912 3343 4967 celeriter
3370 4913 3455 4970 in-

1866 5010 2059 5081 gressi,
2089 5009 2360 5074 eumdem,
2387 5009 2527 5062 sicut
2552 5007 2618 5061 ab
2643 5004 2840 5060 aedituo
2861 5011 3108 5073 repertus
3137 5011 3240 5072 est,
3263 5002 3452 5074 jacen-

1861 5105 1973 5152 tem
2021 5099 2346 5152 invenimus.
2383 5096 2553 5163 Quem
2601 5109 2723 5150 cum
2751 5094 2918 5149 levari
2942 5093 3278 5164 juberemus,
3307 5095 3454 5152 velut

1862 5191 2188 5264 gravissimo
2235 5203 2427 5260 50pore
2463 5189 2779 5258 depressus,
2821 5187 3050 5242 excitari
3094 5203 3200 5242 non
3247 5187 3445 5257 potuit.

1865 5283 2104 5338 Tandem
2136 5281 2301 5353 igitur
2337 5279 2491 5350 quasi
2521 5277 2780 5348 evigilans
2806 5279 2979 5333 erexit
3008 5294 3084 5342 se,
3115 5293 3455 5350 cernensque
3481 5303 3484 5305 λ

1863 5396 1964 5436 nos
1988 5380 2400 5435 circumstantes
2426 5373 2682 5438 surrexit,
2712 5383 2873 5444 atque
2913 5374 2980 5428 ad
3029 5390 3124 5430 eos
3151 5374 3244 5444 qui
3281 5388 3452 5446 prope

1864 5473 1970 5529 sibi
1999 5470 2344 5533 assistebant,
2384 5466 2551 5521 latine
2580 5465 2791 5521 locutus
2816 5473 2918 5522 est.
2950 5465 3089 5522 Sunt
3123 5464 3342 5536 quidam
3377 5478 3450 5521 ex

155 5464 314 5530 post,
336 5473 440 5531 per
470 5464 688 5520 eosdem
725 5467 1070 5524 beatissimos
1107 5479 1406 5544 martyres,
1445 5487 1642 5544 magno
1670 5471 1757 5528 in-

1866 5673 2028 5744 (ἰιῃηζ
2030 5669 2120 5724 ubi
2138 5667 2223 5723 his
2237 5666 2430 5732 oritur,
2453 5666 2855 5744 etAssenheim,
2872 5665 2966 5744 ubi
2980 5681 3037 5721 se
3059 5660 3443 5744 Nithaejungit.
3487 5645 3490 5647 Δ

1935 5741 1962 5780 δ
2004 5732 2265 5803 Persona,
2292 5740 2505 5808 proprie
2546 5753 2609 5793 ac
2635 5738 2821 5809 latine,
2852 5739 3054 5796 dicitur
3080 5736 3262 5801 larva;
3315 5732 3444 5796 hinc

1865 5820 2193 5893 personatus,
2221 5810 2278 5868 id
2303 5819 2386 5867 est
2417 5810 2676 5871 larvatus.

238 5677 267 5707 ι
311 5662 428 5720 Hoc
475 5683 690 5742 quoque
753 5687 948 5727 nomen
1021 5682 1084 5728 ut
1136 5681 1282 5729 recte
1343 5673 1605 5742 scriptum
1656 5673 1754 5739 sit,

156 5749 401 5816 vereor;
425 5739 551 5816 quia
572 5743 834 5816 suspicor,
857 5744 1230 5806 Weueraviam
1253 5739 1598 5816 lcgiﬁdehere,
1613 5744 1759 5816 Wet-

162 5813 294 5865 tera
334 5807 500 5867 ﬂuvio
531 5807 793 5887 irrigiiam
822 5807 1141 5902 regionem,
1173 5807 1332 5874 inter"
1350 5807 1759 5890 Licham’oppi-
