3960 6346
452 190 575 307 6.7.1
622 259 626 267 -

1743 197 2125 265 EGINHARDI
2160 195 2454 261 ABBATIS

3648 194 3771 259 επ

451 323 660 401 nostris
683 322 779 401 qui
817 321 1004 395 dicunt
1046 318 1299 389 eumdem
1337 330 1568 401 puerum
1611 317 1727 373 fere
1762 326 1887 373 ante
1935 331 2033 371 sex
2059 316 2107 379 Α
2136 328 2296 385 quam
2324 327 2505 375 moras
2534 311 2739 378 facere,
2774 311 3094 369 decernunt.
3124 310 3295 387 igitur
3326 308 3621 383 paululum
3661 325 3769 382 per

451 431 687 483 menses,
717 430 842 472 cum
866 414 922 469 in
949 412 1227 487 cuiusdam
1247 411 1481 468 hominis
1501 409 1672 464 nostri
1694 409 1853 464 domo
1874 416 2039 461 noctu

454 509 782 581 dormisset,
823 507 931 573 duo
975 505 1221 576 quaedam
1264 504 1430 559 verba
1470 516 1566 572 per
1593 514 1841 569 soporem
1873 496 2039 551 fuisse

451 601 699 668 locutum
727 607 783 657 et
823 598 1087 663 auditum,
1115 613 1222 667 quo
1250 602 1476 651 eatenus
1508 592 1694 647 itidem
1729 597 1789 646 ut
1827 588 2037 661 loquela

453 694 698 759 carebat,
729 691 784 757 in
811 690 905 746 illa
929 690 1064 746 bora
1090 686 1381 759 recepisse.
1406 682 1560 752 Quod
1587 682 1661 738 ita
1690 681 1890 747 factum
1914 679 2039 733 inde
2061 678 2073 689 '

454 785 878 863 conjiciebatur,
909 782 1057 865 quia,
1089 788 1374 855 postquam
1404 777 1469 832 de
1505 775 1594 830 illo
1633 788 1822 843 somno
1848 786 2039 841 exper-

452 888 640 953 rectus
667 885 773 943 est,
799 883 991 943 cuncta
1021 887 1141 949 qua!
1179 872 1229 927 ei
1268 886 1299 926 a
1343 868 1581 940 quolibet
1610 866 2035 953 imperabantur,

455 952 522 1031 ac
549 970 596 1027 si
626 968 975 1040 intelligeret,
1003 964 1183 1021 facere
1210 960 1437 1029 curavit.
1472 958 1578 1021 Sed
1606 957 1711 1012 hoc
1738 955 1952 1010 videtur
1982 952 2038 1007 in

455 1060 561 1117 hac
586 1060 790 1119 virtute
815 1054 1167 1132 prmcipuum,
1201 1053 1344 1124 quod
1374 1052 1537 1116 idem,
1578 1065 1687 1105 non
1712 1047 1909 1108 latine,
1943 1043 2037 1099 sed

455 1151 742 1213 barbarice
782 1150 887 1215 sibi
925 1148 1235 1220 loquentem
1265 1141 1633 1213 intelligebat;
1672 1145 1893 1195 curatus
1937 1151 2035 1189 au-

458 1249 593 1310 tem,
618 1257 730 1298 non
741 1241 997 1311 barbaro,
1015 1236 1111 1293 sed
1134 1236 1303 1291 latino
1319 1247 1569 1305 sermone
1583 1231 1919 1302 loquebatur.
1936 1225 2039 1295 Qui

457 1335 623 1392 etiam
656 1336 846 1392 beatos
873 1340 1141 1404 martyres
1169 1344 1228 1385 se
1252 1327 1468 1390 vidisse,
1494 1334 1550 1380 et
1578 1323 1745 1379 multa
1774 1338 1894 1397 quae
1917 1320 2038 1376 aliis

389 1410 393 1415 ’
457 1425 642 1483 dicere
666 1426 904 1492 deberet,
929 1425 996 1479 ab
1028 1422 1134 1478 illis
1163 1436 1222 1477 se
1243 1418 1459 1475 audisse
1486 1417 1748 1471 narravit.
1784 1414 1891 1469 Sed
1915 1428 2037 1469 cum

411 1576 414 1579 Α
458 1533 542 1584 ea,
569 1518 718 1581 velut
740 1495 800 1572 in
830 1516 1127 1573 crastinum
1154 1512 1397 1569 dicturus
1415 1551 1429 1576 ,
1465 1509 1519 1563 in
1547 1506 1798 1581 prmsenti
1829 1504 2037 1561 referre

457 1609 776 1678 distulisset,
802 1610 857 1666 in
883 1616 1093 1666 tantum
1116 1606 1192 1662 illi
1217 1620 1314 1677 per
1335 1604 1661 1660 oblivionem
1685 1600 1860 1655 deleta
1888 1606 2032 1665 sunt,

2140 406 2394 467 tenebras
2421 405 2777 485 procedentes
2798 447 2812 467 ,
2842 405 2911 469 ad
2932 420 3170 470 crucem,
3223 421 3343 476 qua:
3380 406 3440 462 in
3481 406 3608 471 via,
3663 421 3766 476 per

2141 511 2304 567 quam
2351 498 2481 553 ituri
2531 506 2709 564 erant,
2761 498 2831 554 ob
2877 500 3197 557 memoriam
3242 498 3389 557 beati
3438 498 3766 561 Marcellini

2141 590 2476 660 eratposita,
2512 591 2853 661 perveniunt.
2896 589 3074 647 Causa
3107 599 3287 646 autem
3326 590 3590 659 ejusdem
3635 607 3768 650 cnt-

2141 679 2220 735 cis
2243 680 2315 735 i1.i
2342 682 2602 750 ponendre
2633 690 2774 748 erat,
2800 683 2941 752 quod
2968 683 3021 737 in
3046 698 3110 737 eo
3136 682 3255 738 loco
3291 683 3655 743 habitatores
3682 685 3765 741 vi-

2138 772 2209 836 ci,
2242 772 2293 827 in
2322 788 2428 857 quo
2458 773 2646 829 eadem
2670 782 2828 833 nocte
2869 772 3190 839 mansimus,
3230 775 3365 829 mibi
3402 785 3543 830 ante
3594 775 3763 837 hicn.

2138 865 2288 925 nium
2315 865 2381 920 de
2402 865 2601 935 palatio
2631 866 2945 930 revertenti,
2979 873 3033 922 et
3067 866 3324 938 reliquias
3353 868 3498 927 beati
3541 878 3766 938 mar-ty-

2138 957 2215 1015 ris
2246 956 2563 1023 Marcellini,
2596 972 2717 1027 quae
2746 966 2875 1013 tunc
2895 957 3026 1013 mihi
3058 957 3282 1013 reddita:
3311 957 3563 1023 fuerunt,
3608 956 3764 1013 defe-

2138 1048 2301 1115 renti,
2332 1059 2720 1115 occurrerunt;
2752 1064 2981 1121 eamque
3008 1049 3077 1105 ob
3106 1050 3546 1109 recordationem
3586 1049 3759 1118 hujus

2138 1140 2291 1211 facti,
2322 1140 2392 1196 ad
2423 1139 2827 1197 venerationem
2863 1139 3008 1195 beati
3037 1140 3315 1210 martyris,
3347 1142 3503 1211 quasi
3546 1155 3667 1211 pro
3695 1142 3759 1195 ti-

2140 1231 2252 1287 tulo
2297 1231 2381 1287 vel
2423 1232 2755 1287 monimento
2798 1247 2999 1303 ponere
3037 1240 3382 1293 curaverunt.
3444 1231 3577 1301 Quo
3626 1248 3757 1301 cum

2136 1324 2376 1397 praedicti
2420 1325 2595 1394 pueri,
2644 1325 2877 1379 errando
2922 1325 3103 1399 potius
3142 1341 3304 1395 quam
3350 1324 3454 1381 iter
3499 1327 3748 1397 agendo,

2136 1402 2532 1485 pervenissent,
2572 1416 2809 1470 inierunt
2844 1416 3126 1470 consilium
3169 1423 3228 1470 ut
3277 1416 3348 1471 ibi
3389 1418 3581 1472 socios
3622 1432 3751 1477 suos

2138 1506 2231 1576 qui
2260 1506 2625 1578 sequebantur
2648 1506 2883 1576 opperiri
2905 1507 3191 1571 deberent;
3218 1522 3439 1576 eosque,
3469 1524 3535 1561 ne
3584 1509 3751 1562 alter.

2140 1606 2346 1662 rarent,
2377 1599 2558 1654 sonitu
2590 1599 2828 1654 buccinae
2855 1599 2922 1652 ad
2953 1613 3011 1653 sc
3039 1608 3461 1675 congregarcut;
3493 1615 3564 1654 ac
3597 1598 3751 1654 dein.

456 1711 520 1759 ut
564 1702 698 1758 nihil
741 1702 809 1758 de
841 1702 927 1759 his
952 1700 1172 1757 omnino
1213 1715 1272 1755 se
1309 1698 1525 1753 audisse
1555 1693 1835 1751 recoleret.
1883 1691 2040 1745 Hunc
2068 1680 2117 1741 B
2143 1692 2228 1757 de,
2262 1707 2383 1747 cum
2412 1692 2571 1747 simul
2598 1700 2803 1758 essent,
2833 1692 3022 1747 beatos
3044 1701 3310 1764 martyres
3342 1694 3407 1747 ad
3437 1709 3611 1762 opem
3646 1694 3752 1748 sibi

456 1809 575 1866 ego,
597 1795 723 1868 quia
743 1811 943 1852 nomen
964 1810 1118 1849 suum
1146 1791 1446 1865 ignorabat,
1477 1798 1698 1862 propter
1717 1800 2037 1858 prosperum

455 1887 674 1944 virtutis
700 1885 973 1954 eﬂ'ectum,
1002 1886 1330 1957 Prosperum
1351 1884 1534 1940 vocari
1552 1880 1712 1953 jussi.
1739 1879 1840 1948 Qui
1862 1878 2039 1933 adhuc

457 1988 727 2055 superest,
762 1987 819 2035 et
841 1978 982 2048 apud
1010 1976 1288 2033 custodem
1315 1974 1578 2041 ecclesiae,
1608 1973 1665 2030 in
1693 1971 1902 2036 eodem,
1933 1983 2040 2038 quo

456 2070 610 2143 prius
638 2069 834 2138 fuerat,
866 2079 1147 2145 permanet
1170 2068 1366 2125 ollicio.

462 2150 477 2158 ’
529 2158 618 2216 55.
657 2158 837 2217 Pridie
866 2175 995 2214 vero
1030 2174 1191 2231 quam
1220 2158 1309 2212 hic
1335 2155 1568 2228 Prosper
1594 2153 1862 2225 loquelam
1892 2166 2042 2208 rece-

456 2251 649 2343 pisset,
677 2252 782 2309 hoc
807 2259 893 2308 est
929 2253 983 2311 in
1020 2251 1201 2327 vigilia
1233 2251 1476 2323 ejusdem
1518 2249 1849 2315 festivitatis,
1895 2247 2043 2305 venit

458 2341 677 2416 quidam
694 2344 927 2415 juvenis,
959 2345 1206 2401 similiter
1232 2347 1427 2411 surdus
1460 2353 1514 2402 et
1540 2350 1741 2421 mutus,
1775 2343 1831 2399 in
1857 2341 2040 2399 basili-

456 2448 610 2501 cam;
642 2442 716 2502 et,
745 2450 870 2501 cum
892 2435 1119 2509 supplici
1148 2444 1300 2513 gestu
1325 2451 1481 2506 opem
1512 2434 1837 2501 Sanctorum
1858 2430 2045 2504 implo-

457 2534 627 2593 raret,
652 2526 938 2598 adiuvante
962 2530 1209 2597 Domino,
1235 2538 1290 2599 et
1318 2529 1437 2609 ipse
1457 2528 1759 2600 plenariam
1790 2528 1855 2583 de
1892 2533 2041 2580 utro-

456 2632 562 2689 que
586 2619 773 2674 morbo
800 2619 998 2675 meruit
1020 2619 1264 2690 recipere
1292 2618 1601 2674 sanitatem.
1643 2619 1800 2673 Hunc
1828 2614 2039 2682 itidem,

452 2719 517 2768 ut
558 2713 824 2784 priorem,
867 2713 993 2785 quia
1031 2727 1231 2769 nomen
1269 2728 1427 2768 suum
1457 2726 1735 2782 nunquam
1773 2708 2040 2774 audierat,

456 2792 843 2871 Codescalcum
880 2805 1162 2876 appellavi.
1209 2804 1259 2869 Is
1296 2812 1502 2871 tamen,
1544 2819 1655 2869 non
1693 2809 1753 2857 ut
1787 2800 2040 2870 Prosper,

458 2896 576 2964 sed,
598 2906 659 2951 ut
685 2896 786 2953 sibi
812 2898 1135 2969 gentilitium
1154 2904 1293 2963 erat,
1321 2898 1551 2965 barbaro
1574 2909 1826 2951 sermone
1856 2893 2045 2964 loque-

458 2985 638 3056 batur,
670 2998 954 3063 postquam
982 2990 1032 3045 ei
1060 3004 1159 3061 per
1179 2989 1372 3057 merita
1393 2998 1711 3057 sanctorum
1738 2986 1895 3061 copia
1923 2985 2042 3041 fan-

461 3072 515 3136 di
539 3094 801 3137 concessa
827 3089 930 3137 est.

531 3172 619 3229 56.
662 3172 795 3229 Cum
828 3190 913 3241 me
942 3176 1189 3249 quaedam
1218 3176 1539 3242 necessitas,
1580 3173 1876 3231 secundum
1911 3186 2043 3228 con-

459 3265 818 3333 suetudinem,
834 3268 1146 3323 comitatum
1162 3269 1302 3341 regis
1324 3269 1473 3325 adire
1495 3267 1839 3338 compelleret
1856 3278 2041 3320 mense

463 3357 793 3427 decembrio,
822 3358 879 3425 in
908 3359 1062 3430 ipsis,
1089 3360 1134 3417 si
1155 3362 1292 3417 bene
1320 3360 1519 3426 recolo,
1550 3359 1818 3424 kalendis,
1839 3358 1906 3421 de
1926 3357 2043 3411 loco

460 3456 761 3519 martyrum
779 3462 1124 3519 promovens,
1147 3451 1393 3521 sequenti
1417 3450 1503 3505 die
1527 3450 1595 3505 ad
1615 3457 1876 3515 castrum,
1899 3447 2043 3520 quod

459 3545 722 3600 moderno
758 3552 999 3616 tempore
1038 3532 1315 3605 Wisibada
1347 3558 1373 3587 α
1406 3553 1650 3611 vocatur,
1692 3545 1768 3600 ibi
1807 3544 2043 3599 mansio-

460 3647 586 3688 nem
614 3631 914 3703 habiturus,
938 3635 1150 3695 adveni.
1186 3635 1263 3691 lbi
1293 3652 1438 3701 cum,
1472 3643 1690 3707 propter
1712 3634 1928 3700 saltum,
1950 3634 2044 3707 qui

460 3724 635 3780 eidem
670 3723 787 3781 loco
806 3727 1090 3797 contiguus
1123 3735 1225 3793 est,
1264 3726 1597 3796 commodius
1628 3724 2038 3791 transeundum,

448 3816 622 3897 ε)ιίῑο
647 3819 910 3875 maturius
938 3835 1301 3890 surgeremus,
1332 3819 1560 3890 profecti
1589 3828 1713 3875 sunt
1743 3818 1916 3889 pueri,
1948 3818 2042 3886 qui

460 3924 563 3976 nos
603 3926 726 3967 cum
771 3911 1171 3985 impedimentis
1216 3911 1522 3983 praecedere
1566 3911 1885 3973 debuerunt.
1935 3907 2057 3967 Sed.

462 4006 771 4071 postquam,
805 4001 873 4057 de
898 4005 1019 4065 vico
1054 4002 1109 4061 in
1138 4018 1246 4074 quo
1290 4002 1589 4061 mansimus
1629 4001 1856 4071 egressi,
1896 4001 2040 4065 viam

463 4104 689 4161 carpere
718 4100 1015 4162 coeperunt,
1048 4100 1197 4151 tanta
1235 4108 1328 4150 eos
1362 4101 1513 4155 tetrae
1542 4093 1715 4160 noctis
1744 4092 1917 4163 caligo
1942 4092 2044 4149 cir-

462 4179 757 4251 cumdedit,
784 4190 843 4238 ut
870 4198 976 4254 quo
1006 4198 1065 4241 se
1095 4191 1307 4241 vertere
1335 4184 1618 4247 deberent,
1649 4185 1871 4251 omnino
1900 4185 2045 4243 scire

462 4292 575 4343 nﬂon
607 4283 845 4351 possent.
889 4276 1021 4333 Erat
1052 4284 1312 4349 praeterea
1348 4277 1521 4348 frigus.
1548 4278 1768 4347 ingens;
1799 4286 1856 4337 et
1896 4285 2041 4342 tecta

2139 1784 2417 1840 ferendam
2457 1785 2793 1852 invocarent,
2835 1785 3169 1858 sublatisque
3205 1786 3261 1841 in
3305 1786 3473 1841 altum
3515 1788 3753 1844 vocibus

2140 1877 2303 1950 Kyrie
2328 1878 2531 1935 eleison
2554 1888 2637 1935 ter
2658 1881 3025 1936 decantarent.

2212 1970 2299 2025 57.
2343 1971 2461 2040 Quo
2499 1972 2664 2038 facto,
2708 1981 2891 2028 tantus
2935 1989 3098 2043 super
3132 1990 3225 2029 eos
3260 1974 3489 2037 totidem
3526 1974 3749 2031 vicibus

2140 2066 2356 2123 coalitus
2382 2067 2565 2122 emissi
2594 2066 2813 2122 luminis
2839 2067 3017 2139 fulgor
3045 2068 3287 2133 emicuit,
3313 2077 3371 2123 ut
3395 2068 3616 2127 diurna:
3636 2069 3747 2124 cla-

2137 2161 2318 2235 ritatis
2368 2160 2656 2215 candorem
2710 2160 3038 2230 adaequaret.
3097 2160 3227 2228 Quae
3267 2162 3582 2217 coruscatio
3634 2170 3747 2217 tan-

2140 2261 2255 2307 tum
2286 2253 2365 2307 eis
2392 2252 2658 2307 commodi
2685 2252 2757 2307 ad
2791 2252 2894 2307 iter
2921 2268 3080 2307 suum
3115 2252 3383 2324 agendum
3413 2252 3625 2317 attulit,
3662 2262 3742 2319 ut,

2140 2351 2459 2413 consumpta
2490 2342 2684 2398 nebula
2717 2343 3061 2414 tenebrisque
3090 2344 3369 2409 discussis,
3401 2344 3493 2398 via
3518 2360 3743 2415 quoque

2141 2449 2248 2504 qua
2272 2434 2351 2489 ire
2375 2434 2643 2489 debebant
2679 2432 2824 2489 clare
2853 2443 3160 2504 conspecta,
3192 2433 3297 2489 iter
3333 2450 3516 2499 suum,
3547 2450 3743 2504 quam-

2140 2524 2224 2580 vis
2261 2539 2358 2595 per
2387 2525 2550 2580 silvas
2589 2533 2646 2580 et
2678 2540 2875 2595 opacos
2906 2527 3220 2581 nemoribus
3255 2536 3493 2591 montes,
3534 2528 3747 2605 absque

2142 2618 2343 2673 erroris
2366 2618 2770 2689 impedimento,
2792 2634 2964 2690 usque
2992 2620 3059 2675 ad
3080 2629 3259 2675 ortum
3282 2636 3494 2677 aurora:
3516 2637 3742 2701 perage:

2143 2719 2284 2767 rent.
2338 2712 2395 2766 ln
2436 2713 2612 2783 prima
2649 2712 2914 2791 siquidem
2952 2713 3331 2791 coruscatione
3369 2723 3563 2779 tantus
3590 2714 3742 2777 calor

2142 2822 2251 2862 una
2281 2822 2402 2861 cum
2435 2802 2525 2861 illo
2550 2806 2753 2862 lumine
2780 2807 2949 2873 venit,
2982 2816 3041 2862 ut
3075 2822 3199 2867 eum
3234 2822 3292 2863 se
3321 2807 3467 2865 velut
3494 2822 3743 2875 accensae

2143 2896 2384 2953 fornacis
2423 2913 2677 2969 vaporem
2725 2900 2928 2954 sentire
2966 2898 3287 2953 faterentur.
3345 2897 3515 2967 Cujus
3560 2900 3739 2963 alliam

2145 3005 2253 3045 non
2277 2990 2451 3045 solum
2492 2990 2705 3056 nebula,
2750 3006 2938 3046 verum
2981 2991 3142 3045 etiam
3188 2989 3300 3056 illa,
3350 3006 3471 3060 qua:
3521 2999 3637 3046 tum
3686 3001 3740 3048 et

2068 3059 2114 3123 (εἶ
2144 3093 2357 3137 montes
2381 3090 2657 3153 totamque
2707 3084 2898 3138 silvam
2935 3092 3245 3154 operuerat,
3271 3059 3467 3154 pruina
3502 3085 3574 3140 ita
3600 3101 3735 3143 con-

2145 3182 2359 3244 sumpta
2402 3183 2487 3230 est
2511 3181 2569 3229 ut
2588 3216 2602 3238 ,
2634 3175 2793 3229 tertia
2822 3176 3201 3230 coruscatione
3230 3184 3451 3246 peracta
3471 3216 3486 3241 ,
3529 3177 3736 3231 nullum

2143 3264 2288 3320 illius
2307 3266 2506 3337 algoris
2531 3266 2821 3337 vestigium
2842 3268 3054 3338 penitus
3079 3278 3386 3339 appareret.
3430 3269 3560 3325 Haec
3583 3271 3733 3325 nobis

2145 3353 2213 3410 ad
2241 3371 2522 3425 vesperam
2556 3356 2797 3426 ejusdem
2827 3356 2954 3422 diei,
2983 3367 3269 3429 postquam
3296 3360 3365 3415 ad
3394 3362 3733 3417 mansionem

2143 3445 2411 3511 venimus,
2442 3446 2500 3500 hi
2528 3447 2621 3516 qui
2651 3447 2904 3502 viderunt
2932 3456 3093 3519 atque
3126 3451 3334 3521 experti
3366 3459 3518 3517 sunt,
3554 3469 3734 3507 narra-

2142 3544 2356 3592 verunt.
2395 3535 2634 3603 Quorum
2659 3538 2842 3595 verbis
2872 3537 3031 3593 ﬁdem
3061 3540 3395 3604 adhibentes,
3434 3544 3533 3597 Dei
3564 3545 3730 3598 omni-

2142 3629 2377 3701 potentis
2405 3629 2837 3685 misericordiam
2868 3647 2988 3686 cum
3024 3634 3323 3702 gratiarum
3366 3635 3589 3691 actione
3625 3637 3728 3691 lau-

2144 3720 2412 3786 davimus,
2440 3737 2508 3779 eo
2535 3722 2681 3792 quod
2720 3737 2821 3777 nos
2867 3738 2965 3793 per
3010 3724 3204 3778 merita
3245 3732 3566 3781 sanctorum
3613 3742 3729 3793 suo-

2142 3827 2265 3869 rum
2304 3812 2362 3868 in
2396 3813 2650 3869 erunibus
2679 3815 3099 3872 necessitatibus
3138 3817 3342 3873 nostris
3381 3817 3643 3889 adjuvare
3682 3828 3730 3876 et

2141 3904 2415 3963 consolari
2442 3905 2694 3976 dignatus
2723 3914 2826 3961 est.

2211 3996 2302 4055 58.
2340 3996 2667 4068 Quanquam
2697 3998 2881 4054 omnia
2907 4014 3101 4073 magna
3128 4001 3260 4069 sint,
3295 4010 3351 4058 et
3388 4003 3459 4058 ad
3500 4003 3726 4059 divinam

2142 4091 2370 4148 debeant
2408 4091 2596 4147 referri
2640 4093 2957 4163 potentiam,
3003 4111 3123 4168 qua:
3162 4105 3386 4169 propter
3425 4098 3725 4163 mortalium

2140 4183 2369 4239 sahitem
2390 4200 2454 4239 ex
2489 4184 2699 4243 meritis
2728 4184 3012 4241 beatorum
3036 4197 3336 4260 martyrum
3360 4199 3516 4260 gesta
3541 4206 3725 4264 cogno-

2138 4274 2337 4340 vimus,
2366 4275 2420 4329 in
2457 4290 2522 4331 eo
2550 4282 2739 4332 tamen
2762 4276 3045 4343 miraculo,
3092 4280 3236 4348 quod
3270 4268 3417 4337 nunc
3458 4284 3723 4338 memoria:

460 4368 671 4440 pruinis
700 4378 844 4441 terra
877 4368 1123 4429 videndus
1161 4369 1262 4424 viae
1301 4370 1513 4441 copiam
1552 4371 1868 4441 denegabat.
1917 4371 2037 4442 Ipsa
2062 4441 2100 4445 _
2138 4364 2399 4433 mandare
2424 4369 2659 4435 decrevi,
2689 4377 2799 4424 tam
2818 4378 3068 4440 patenter
3090 4370 3187 4428 Dei
3209 4373 3605 4445 omnipotentis
3625 4376 3723 4429 vir-

460 4474 675 4537 quoque
711 4460 973 4515 montium
991 4458 1139 4531 juga,
1163 4477 1259 4532 per
1286 4476 1407 4532 qua:
1439 4460 1673 4517 eundum
1704 4472 1845 4529 erat,
1876 4441 2036 4520 nubi-
2062 4441 2117 4509 Π
2140 4472 2229 4521 tus
2256 4466 2400 4522 clare
2425 4466 2580 4539 μὴ,
2610 4465 2840 4539 clarere]
2863 4469 3229 4538 cognoscitur,
3262 4478 3321 4524 ut
3347 4441 3485 4525 nulli
3512 4471 3720 4537 dubium

459 4551 561 4617 bus
581 4552 826 4622 obsessa,
852 4569 1015 4625 quam
1041 4553 1196 4627 longe
1222 4555 1305 4611 vel
1332 4568 1497 4626 prope
1521 4564 1705 4610 essent
1730 4556 1900 4613 videri
1928 4573 2038 4614 non

460 4644 727 4714 pateram.
771 4646 1019 4715 Accessit
1064 4648 1131 4709 ad
1173 4648 1289 4704 haec
1329 4648 1494 4703 etiam
1531 4647 1759 4705 vallibus
1797 4647 2039 4705 insidens

463 4738 679 4807 nebula,
704 4756 843 4812 quae,
873 4757 969 4799 sua
998 4743 1358 4809 crassitudine
1385 4743 1559 4799 visum
1586 4741 1906 4812 impediens,
1935 4742 2039 4799 iter

464 4831 643 4897 moliri
678 4836 953 4906 cupientes
990 4838 1378 4897 remorabatur.
1431 4838 1536 4905 Qui
1580 4855 1702 4895 cum
1741 4846 1820 4894 tot
1854 4840 2039 4896 obsta-

464 4921 601 4987 culis
645 4938 703 4979 se
743 4926 1003 4996 impedire
1049 4939 1356 4995 cernerent,
1407 4945 1508 4986 nec
1556 4930 1684 5001 quid
1721 4938 1944 5002 agerent
1984 4931 2040 4987 in

464 5021 713 5086 promptu
748 5016 1025 5086 baberent,
1066 5022 1220 5091 equis
1258 5022 1535 5091 desiliunt,
1574 5032 1629 5081 et
1670 5025 1833 5091 viam,
1876 5040 2038 5095 quam

462 5105 649 5171 videre
676 5121 784 5163 non
813 5118 1083 5179 poterant.
1113 5114 1380 5185 palpaudo
1400 5132 1640 5188 quaerere
1661 5126 1889 5175 tentant.
1931 5119 2038 5176 Sed

463 5197 560 5261 ubi
591 5200 696 5263 hoc
716 5216 907 5272 parum
934 5207 1215 5271 successit,
1261 5211 1500 5267 ascensis
1538 5211 1715 5268 denuo
1750 5213 1923 5283 equis,
1959 5227 2043 5269 er-

465 5293 601 5363 rori,
641 5310 804 5369 quem
831 5296 1310 5369 abominabantur,
1344 5318 1407 5360 se
1438 5303 1619 5375 potius
1653 5303 1996 5361 committere
2019 5344 2035 5373 ,

538 5483 566 5512 ι
604 5470 775 5543 Vulgo
806 5472 1142 5543 Wt’csbaden,
1178 5477 1231 5532 id
1258 5487 1343 5534 est
1378 5480 1741 5542 alba-balnea,
1782 5480 1835 5535 in
1866 5479 2039 5534 Rhin-

463 5544 620 5675 ἓξὲξ
646 5584 661 5613 ,
702 5544 817 5609 fere
852 5560 884 5603 e
925 5546 1143 5619 regione
1188 5549 1509 5627 Moguntina,
1567 5551 1904 5624 sesquileuca
1970 5552 2037 5607 ab

535 5684 564 5730 δ
602 5687 873 5779 Fortassis
911 5688 1251 5766 Suntilinga,
1302 5694 1684 5752 terminatione
1718 5693 2035 5751 Alamannis

2139 4556 2506 4628 relinquatur,
2533 4558 2663 4628 quin
2687 4559 2741 4613 in
2766 4559 2914 4614 omni
2942 4567 3193 4615 creatura
3227 4576 3323 4616 sua
3350 4561 3616 4632 auidquid
3637 4576 3721 4615 vo-

2140 4647 2305 4705 luerit
2326 4650 2577 4706 facillime
2605 4651 2778 4721 possit
2802 4649 3034 4706 edicere.

2210 4742 2509 4811 Suntiligua
2550 4744 2579 4784 ι’
2616 4744 2811 4799 dicitur
2843 4744 2969 4799 villa
3008 4744 3061 4799 in
3096 4758 3235 4816 pago
3273 4743 3638 4819 Nithagonne,
3668 4746 3716 4799 in

2138 4848 2245 4905 qua
2272 4835 2557 4906 presbyter
2590 4836 2832 4905 quidam,
2863 4836 3083 4891 nomine
3115 4836 3473 4903 Waltbertus,
3510 4838 3716 4893 tenebat

2141 4924 2444 4981 ecclesiam.
2480 4925 2531 4982 Is
2555 4934 2735 4981 mente
2764 4934 2969 4995 captus,
2994 4940 3191 4998 magno
3218 4942 3442 4982 suorum
3470 4942 3715 4997 maerore,

2142 5020 2211 5076 ad
2254 5019 2533 5075 basilicam
2586 5028 2888 5092 martyrum
2936 5020 3200 5076 adductus
3245 5027 3347 5085 est.
3410 5020 3492 5076 Ex
3534 5021 3713 5092 quibus

2138 5118 2253 5167 tres
2277 5119 2434 5167 erant
2460 5110 2658 5169 fratres
2685 5111 2820 5181 ejus,
2857 5127 2997 5167 unus
3024 5112 3306 5184 presbyter
3340 5120 3398 5166 et
3434 5113 3544 5169 duo
3567 5112 3713 5181 laici;

2139 5215 2365 5276 quartus
2385 5213 2503 5261 erat
2525 5205 2845 5268 monachus,
2877 5206 3211 5275 propinquus
3233 5204 3425 5274 ipsius,
3449 5205 3519 5261 de
3541 5219 3713 5279 mona-

2144 5299 2313 5356 sterio
2337 5297 2630 5359 Hornbaclt
2658 5309 2708 5366 α,
2732 5299 2793 5353 in
2816 5313 2927 5370 quo
2958 5306 3016 5354 et
3040 5298 3156 5370 ipse
3186 5298 3472 5370 presbyter
3496 5313 3529 5353 α
3560 5310 3711 5370 parva

2143 5479 2433 5552 familiari;
2494 5480 2669 5550 ipsam
2720 5488 2903 5538 tamen
2958 5496 3226 5552 nusquam
3279 5480 3596 5552 exprimunt
3638 5485 3707 5534 ta~

2142 5551 2300 5617 bulas.

2217 5633 2239 5662 ε
2284 5620 2631 5687 Horenbach,
2687 5622 2893 5679 duabus
2933 5623 3105 5680 leucis
3131 5639 3162 5681 a
3184 5622 3473 5693 Bipontina
3502 5621 3708 5679 civitate

2144 5693 2369 5763 distans,
2418 5693 2673 5765 oppidum
2701 5695 2802 5757 sub
2831 5695 3055 5753 dioecesi
3104 5694 3331 5753 Metensi
3357 5736 3372 5764 ,
3419 5694 3477 5757 iu
3520 5694 3706 5765 ﬁnibus
