3960 6346
144 342 262 401 573

979 331 1155 389 HIST.
1198 328 1589 389 TRANSLAT.
1630 326 1736 383 BB.
1779 324 2198 386 MARCELLINI
2235 330 2325 386 ET
2364 328 2585 388 PETRI.

3322 333 3429 390 574

145 465 320 516 atate
342 455 518 512 fuerat
547 453 825 508 educatus.
866 449 913 504 A
946 458 1141 518 quibus
1162 465 1284 505 cum
1317 458 1670 517 requirerem,
1702 442 1747 497 si
1774 442 1829 505 Α
1851 453 2025 511 esset,
2062 446 2361 515 inquisivit.
2411 447 2479 501 Et
2506 446 2631 500 ille:
2669 463 2688 498 ‹
2717 447 2941 514 Catena,
2972 449 3178 521 inquit,
3206 466 3313 524 qua
3340 438 3429 507 me

145 550 338 607 adhuc
366 546 568 618 aliquid
595 544 818 600 medela:
849 557 878 597 a
906 543 1145 613 quolibet
1172 542 1385 597 medico
1415 541 1590 596 eidem
1619 537 1749 592 fuis-

92 663 111 670 ο
146 650 240 701 set
282 637 625 707 impensum?
679 633 934 700 «Statim,
991 634 1262 703 inquiunt,
1312 647 1435 687 cum
1478 646 1603 685 eum
1646 630 1750 685 hac

145 730 411 806 passione
439 727 807 798 comperimus
828 724 1000 781 fuisse
1021 734 1348 795 correptum,
1380 723 1449 778 ad
1476 730 1750 777 monaste-

148 825 325 889 rium,
356 823 411 878 in
431 836 541 892 quo
561 819 799 875 nutritus
824 817 945 883 fuit,
969 835 999 873 a
1030 815 1186 873 nobis
1206 816 1468 872 adductus
1496 821 1599 870 est.
1642 812 1747 868 Ubi

149 931 284 972 cum
310 915 361 970 ei
391 912 585 969 medici
629 912 923 967 secundum
962 910 1097 964 artis
1140 924 1250 963 sua:
1288 906 1539 978 peritiam
1576 904 1750 959 multa

148 1004 437 1070 fecissent,
466 1018 570 1059 nec
603 1002 850 1067 morbum
896 1000 965 1056 ab
1008 1014 1074 1056 eo
1114 996 1383 1068 depellere
1419 994 1744 1065 potuissent,

152 1106 449 1156 suaserunt
476 1096 633 1153 nobis
661 1097 824 1151 amici
852 1094 1044 1160 nostri,
1074 1102 1134 1148 ut
1155 1106 1282 1149 eum
1307 1091 1377 1147 ad
1399 1090 1594 1155 horum
1622 1103 1748 1144 san-

151 1202 372 1249 etot-um
401 1190 831 1248 miseriwrtﬁam
856 1191 1176 1249 duceremus
1205 1204 1218 1243 :
1251 1186 1573 1249 conﬁdimus
1599 1183 1750 1245 enim

151 1284 302 1355 quod
326 1284 479 1348 illum
506 1284 719 1340 salvare
744 1283 970 1355 possint,
997 1284 1140 1338 sicut
1174 1282 1313 1337 alios
1351 1279 1552 1336 multos
1586 1293 1749 1335 acce-

148 1379 335 1450 pimus
354 1380 446 1434 hic
471 1378 640 1435 fuisse
667 1377 919 1434 salvatos.
948 1398 968 1431 ι
1009 1376 1141 1432 Post
1172 1377 1291 1432 haec
1315 1374 1551 1445 hospitio
1587 1388 1745 1429 rece-

150 1473 257 1543 pti,
286 1481 522 1545 quatuor
560 1469 750 1526 diebus
786 1472 940 1525 fuere
980 1470 1285 1534 nobiscum,
1322 1468 1585 1523 ducentes
1621 1481 1747 1522 eum

150 1563 401 1634 quotidie
420 1562 489 1617 ad
516 1562 823 1627 ecclesiam,
856 1569 912 1615 et
936 1575 1120 1615 coram
1150 1558 1323 1614 sacris
1349 1566 1646 1627 martyrum
1674 1554 1749 1609 ci-

149 1644 576 1723 neribusjacere
596 1654 876 1709 facientes.
913 1652 1111 1721 Quinta
1139 1668 1272 1707 vero
1301 1651 1407 1717 die,
1434 1650 1604 1707 frater
1626 1647 1747 1717 ejus

144 1751 463 1822 presbyter,
491 1756 545 1805 et
567 1749 865 1804 monachus
899 1747 993 1818 qui
1020 1760 1142 1802 cum
1184 1759 1250 1800 eo
1284 1751 1529 1809 venerat,
1572 1742 1747 1812 petie-

1848 540 2091 605 vinxisti,
2117 540 2265 594 salva
2289 549 2372 595 est
2399 557 2413 594 :
2450 549 2505 595 et
2531 540 2576 595 si
2603 540 2686 596 vis
2712 541 2855 597 scire
2877 542 2967 597 ubi
2996 543 3084 608 sit,
3106 560 3287 615 quaere
3308 560 3433 601 eam

1846 641 1902 689 et
1951 633 2211 689 invenies.
2245 653 2265 685 ι
2323 634 2569 689 Accenso
2613 634 2797 705 itaque
2825 634 3060 699 lumine,
3109 637 3435 696 invenerunt

1846 740 1968 781 eam
1997 733 2125 781 ante
2152 726 2350 781 lectum
2369 767 2383 793 ,
2418 727 2472 780 in
2498 741 2607 796 quo
2647 727 2822 797 ipsum
2848 729 3129 799 quiescere
3155 728 3429 797 fecerant,

1841 819 2135 891 jacentem,
2164 834 2231 875 eo
2259 820 2419 874 modo
2445 820 2821 890 compositam,
2852 829 3016 893 atque
3042 820 3246 877 eisdem
3276 822 3433 878 nodis

1848 910 2195 976 adstrictam,
2241 910 2436 980 quibus
2476 919 2603 965 tunc
2633 909 2844 978 fuerat,
2887 913 3105 982 quando
3146 924 3269 967 eum
3308 926 3435 967 cum

1847 1014 1912 1057 ea
1942 1001 1997 1057 in
2025 1001 2216 1056 eodem
2245 1001 2386 1056 lecto
2413 1001 2765 1068 collocarunt,
2810 1018 2876 1059 ac
2922 1003 3095 1059 solum
3142 1004 3197 1058 in
3242 1003 3433 1058 eodem

1847 1094 2095 1150 cubiculo
2142 1093 2489 1150 dimiserunt.
2559 1095 2692 1163 Quis
2738 1096 2842 1152 hoc
2886 1095 3083 1151 fecisse
3128 1096 3433 1151 credendus

1847 1198 1959 1253 est,
2006 1189 2111 1243 nisi
2137 1188 2229 1244 ille
2259 1189 2350 1258 qui
2378 1189 2446 1245 de
2474 1189 2643 1244 nihilo
2668 1190 2879 1245 creavit
2908 1190 3122 1254 omnia;
3171 1196 3228 1244 et
3256 1187 3349 1258 qui
3378 1188 3435 1243 in

1848 1283 2012 1338 rebus
2056 1296 2193 1351 quas
2235 1281 2477 1336 condidit
2522 1280 2651 1336 talia
2691 1289 2870 1353 potest
2909 1280 3123 1347 facere,
3171 1294 3292 1351 quae
3332 1294 3436 1336 nee

1847 1376 2123 1433 intellectu
2154 1374 2573 1446 comprehendi,
2622 1389 2726 1429 nec
2768 1374 3020 1429 humanis
3056 1380 3286 1445 possunt
3323 1387 3437 1428 ser-

1847 1470 2100 1526 monibus
2126 1468 2425 1540 explicari?
2454 1468 2586 1535 Quis
2611 1469 2756 1524 enim
2784 1478 2879 1523 aut
2906 1469 3237 1541 cogitatione
3265 1467 3437 1537 conji-
3526 1476 3529 1479 '

1848 1577 2017 1628 cere,
2083 1569 2176 1616 aut
2227 1561 2410 1615 verbis
2459 1562 2640 1616 valeat
2692 1577 2993 1628 enarrare,
3062 1562 3298 1633 qualiter
3345 1561 3438 1618 ille

1844 1660 2131 1730 presbyter
2158 1658 2244 1714 his
2283 1655 2514 1712 vinculis
2558 1654 2724 1710 fuerit
2764 1653 3075 1721 absolutus;
3123 1669 3245 1710 cum
3279 1654 3443 1709 nobis

1848 1742 2216 1805 certissimum
2254 1748 2325 1803 sit
2365 1745 2641 1804 neminem
2680 1761 2806 1801 esse
2843 1747 2937 1817 qui
2979 1761 3039 1801 se
3078 1744 3223 1800 solus
3264 1744 3440 1815 possit

148 1849 283 1895 runt
313 1850 374 1894 ut
400 1854 520 1894 eum
550 1855 670 1894 cum
696 1840 907 1894 duobus
930 1836 1194 1897 fratribus
1218 1836 1334 1892 suis
1362 1835 1517 1890 laicis
1538 1834 1748 1904 recipe-

1854 1842 2117 1916 ejusmodi
2144 1842 2377 1898 nexibus
2406 1855 2627 1905 exuere,
2669 1838 2717 1894 si
2753 1839 2832 1893 eis
2860 1836 3029 1892 fuerit
3072 1837 3237 1893 simili
3278 1836 3439 1892 modo

149 1947 269 1988 rem
293 1929 449 2003 [Hs.,
482 1931 644 2001 recipi
658 1928 950 2002 iuberem],
975 1929 1146 1985 donec
1165 1928 1268 1998 ipsi
1291 1935 1696 1983 reverterentur
1728 1945 1741 1981 :

148 2039 280 2080 nam
306 2031 433 2095 post
460 2021 693 2077 triduum
730 2037 791 2077 se
820 2021 1072 2078 dicebant
1095 2035 1219 2077 esse
1248 2034 1584 2076 reversuros.
1617 2017 1747 2073 Feci

147 2122 209 2170 ut
220 2114 536 2179 voluerunt,
559 2127 792 2183 eumque
803 2114 1121 2183 presbytero
1136 2120 1323 2168 nostro
1337 2109 1592 2165 iiiltfrido
1605 2123 1749 2164 com—
1776 2175 1779 2178 p

146 2205 430 2263 mendavi.
446 2205 496 2261 is
506 2220 629 2261 cum
642 2221 671 2259 a
684 2205 1001 2275 presbytero
1016 2213 1286 2273 receptus,
1314 2212 1370 2257 et
1394 2202 1449 2257 in
1470 2200 1744 2266 cellulam,

154 2302 214 2355 in
231 2315 345 2369 qua
370 2298 488 2370 ipse
509 2300 779 2366 manebat,
798 2297 987 2353 fuisset
1008 2298 1278 2361 inductus,
1294 2296 1443 2353 circa
1463 2284 1748 2365 vesperam

142 2392 401 2462 ejusdem
415 2392 544 2458 diei,
562 2400 830 2447 commota
849 2390 1224 2447 vehementius
1240 2405 1346 2460 qua
1362 2389 1649 2444 tenebatur
1664 2387 1748 2441 inc

142 2488 329 2552 sauia,
348 2502 517 2543 unum
531 2501 563 2541 e
575 2484 836 2541 fratribus
857 2485 987 2551 suis,
1005 2485 1100 2555 qui
1113 2499 1237 2539 eum
1253 2482 1650 2544 custodiebant,
1666 2494 1748 2534 ar-

142 2589 311 2653 repto
339 2580 536 2647 cultro,
558 2581 701 2650 quod
722 2580 921 2635 furenti
938 2594 1107 2664 casus
1116 2575 1404 2641 obtulerat,
1418 2574 1591 2629 voluit
1611 2571 1751 2627 occi-

146 2675 312 2740 dere;
335 2676 433 2731 sed
446 2675 536 2729 ille
551 2688 739 2729 necem
761 2672 1014 2743 fugiendo
1029 2670 1340 2734 declinavit,
1358 2676 1414 2723 et
1425 2666 1631 2723 nostris
1651 2666 1751 2720 ho-

144 2769 419 2833 minibus,
448 2769 538 2839 qui
566 2781 734 2839 prope
755 2772 938 2831 erant,
973 2765 1039 2821 de
1059 2763 1281 2819 vesania
1303 2761 1446 2816 illitts
1466 2758 1745 2815 indicavit.

144 2862 293 2918 Tum
315 2860 626 2933 presbyter,
651 2860 736 2915 cui
751 2874 881 2914 cura
902 2873 1025 2914 eum
1048 2855 1387 2913 custodiendi
1408 2869 1439 2909 a
1463 2852 1618 2908 nobis
1631 2856 1750 2906 erat

143 2956 425 3027 injuncta,
444 2954 715 3026 suggessit
741 2952 898 3017 mihi,
928 2951 1196 3020 simulque
1223 2947 1510 3020 persuasit,
1541 2951 1602 2999 ut
1622 2956 1749 2999 eum

144 3047 352 3104 vinciri
391 3046 780 3117 permitterem.
821 3042 1048 3099 Vinctus
1086 3041 1251 3112 igitur
1288 3038 1496 3094 catenis
1533 3034 1746 3099 ferreis,

143 3140 204 3195 in
242 3138 391 3192 lecto
426 3134 750 3199 collocatur;
805 3132 1178 3202 obseratisque
1216 3129 1454 3195 foribus,
1501 3125 1648 3182 solus
1692 3124 1748 3179 in

143 3228 410 3287 cubiculo
447 3228 789 3299 relinquitur.
839 3195 1123 3282 Excubant
1151 3234 1279 3280 ante
1309 3222 1508 3279 ostium
1548 3195 1822 3275 fratresCI

142 3322 304 3391 ejus,
337 3330 396 3375 et
421 3321 563 3376 velut
586 3334 870 3390 erumpere
900 3318 1167 3374 valentem
1205 3315 1451 3389 pervigili
1490 3328 1622 3370 cura
1656 3327 1750 3367 cu-

142 3414 427 3472 stodiunt.
484 3412 747 3470 Caeterum
792 3412 1027 3480 vincula,
1074 3410 1271 3482 quibus
1320 3408 1607 3464 tenebatur
1656 3406 1751 3461 ad-

143 3508 407 3574 strictus,
434 3506 697 3578 ejusmodi
727 3515 885 3562 erant
911 3515 988 3570 ut,
1022 3506 1150 3560 dum
1172 3505 1226 3559 in
1252 3505 1337 3559 his
1363 3509 1525 3569 esset,
1560 3516 1666 3556 non
1693 3500 1751 3555 in

143 3599 416 3655 dextrum
440 3608 533 3653 aut
560 3599 840 3654 sinistrum
858 3597 1002 3652 latus
1022 3612 1081 3652 se
1100 3603 1436 3662 convertere,
1454 3607 1631 3665 neque
1652 3591 1752 3647 ali-

142 3703 239 3751 ter
273 3693 386 3749 nisi
410 3693 602 3763 supino
631 3706 861 3763 corpore
881 3688 1067 3760 jacere
1093 3690 1374 3761 potuisset.

225 3809 324 3865 59.
367 3808 636 3865 Dormivit
662 3807 872 3880 itaque,
908 3814 968 3861 ut
997 3806 1112 3879 ipse
1143 3813 1394 3873 testatur,
1420 3818 1598 3877 neque
1624 3809 1751 3859 ante

149 3905 406 3963 mediam
454 3912 672 3961 noctem
719 3901 1013 3972 evigilavit.
1087 3900 1159 3954 At
1204 3901 1297 3956 ubi
1348 3898 1473 3972 galli
1528 3906 1752 3953 cantare

147 4004 453 4068 cos-perunt
488 3992 934 4066 expergefactus,
975 3992 1112 4048 vidit
1126 4006 1199 4048 -se
1225 4007 1334 4047 non
1363 3991 1536 4046 solum
1563 3991 1753 4045 vincu-

144 4088 346 4146 lorum
377 4087 606 4143 nexibus
632 4086 864 4142 sulutum
891 4125 906 4151 ,
956 4100 1145 4139 verum
1189 4084 1353 4143 etiam
1393 4082 1580 4138 morbo
1610 4080 1753 4134 insa-

144 4179 289 4244 nire,
320 4193 431 4249 quo
464 4178 830 4244 laboraverat,
857 4176 1179 4242 liberatum;
1217 4175 1508 4245 statimque
1534 4173 1602 4229 ad
1631 4172 1751 4227 lau-

142 4273 255 4330 des
294 4272 410 4328 Deo
438 4272 697 4330 dicendas
726 4280 837 4327 tota
868 4279 1050 4326 mente
1077 4283 1403 4337 conversus,
1444 4266 1666 4342 psalmis
1696 4272 1753 4322 et

142 4366 405 4440 hymnis,
433 4381 589 4437 quos,
616 4382 729 4439 prae
754 4366 922 4425 nimia
952 4365 1329 4439 gratulatione,
1362 4362 1579 4419 tametsi
1606 4362 1752 4419 solus

139 4464 303 4523 erat,
354 4457 489 4512 satis
529 4457 673 4514 clare
714 4457 1056 4525 decantabat,
1088 4472 1277 4512 omnes
1305 4457 1358 4512 in
1385 4455 1581 4513 vicinia
1607 4453 1751 4529 ejus-

1847 1937 2199 2001 constrictus,
2229 1936 2371 2011 sicut
2400 1934 2543 1990 idem
2571 1933 2860 2003 presbyter
2892 1930 3016 1995 fuit,
3047 1929 3263 2000 quando
3292 1928 3439 1983 solus

1846 2031 1903 2087 in
1934 2030 2028 2085 illo
2068 2027 2318 2085 cubiculo
2359 2025 2602 2081 inclusus
2629 2024 2755 2081 est?
2792 2012 2866 2064 -ἔ-
2906 2020 2973 2075 Hi
3009 2036 3137 2077 vero
3179 2020 3271 2090 qui
3313 2034 3439 2074 eum

1847 2123 2051 2180 ibidem
2074 2121 2419 2187 dimiserunt,
2441 2126 2728 2189 postquam
2754 2116 2960 2171 reversi
2987 2130 3180 2170 sanum
3207 2121 3261 2168 et
3287 2128 3441 2168 men—

1847 2215 1920 2271 tis
1949 2231 2012 2270 ac
2048 2212 2330 2269 memoriae
2364 2226 2477 2267 suae
2505 2217 2813 2280 compotem
2843 2209 3200 2272 invenerunt,
3238 2203 3348 2259 laeti
3385 2210 3441 2259 et

1845 2306 2132 2363 laudantes
2167 2304 2340 2361 Deum
2359 2346 2373 2371 ,
2420 2303 2580 2359 simul
2610 2317 2735 2359 cum
2764 2317 2829 2357 eo
2855 2302 2923 2357 ad
2948 2300 3169 2373 propria
3203 2296 3441 2370 regressi

1848 2408 1994 2455 sunt.
2037 2429 2108 2439 —
2148 2397 2263 2453 Hoc
2293 2398 2366 2451 ita
2398 2407 2642 2468 gestum,
2685 2413 2793 2452 non
2823 2395 3191 2466 quorumlibet
3220 2394 3441 2449 testium

1846 2493 2110 2548 relatione
2158 2491 2445 2548 didicimus
2470 2533 2485 2557 ,
2534 2491 2630 2546 sed
2680 2491 2781 2562 ipsi
2812 2507 2909 2562 per
2937 2506 3054 2556 nos,
3084 2489 3213 2562 quia
3239 2488 3443 2544 ibidem

1848 2591 1978 2640 tunc
2006 2599 2250 2647 eramus,
2284 2582 2398 2637 Deo
2426 2581 2661 2649 volente,
2692 2582 3082 2652 cognovimus;
3128 2589 3292 2650 atque
3320 2578 3442 2633 ideo

1847 2676 2173 2734 ﬁducialiter
2200 2676 2514 2743 scribimus,
2543 2675 2689 2746 quod
2720 2691 2821 2730 nos
2845 2674 3073 2747 contigit
3104 2672 3351 2738 oculata,
3380 2677 3444 2726 ut

1849 2770 2056 2835 dicunt,
2089 2769 2193 2824 fide
2221 2783 2576 2838 cognoscere.
2611 2768 2813 2824 Verum
2841 2767 2967 2837 quia
2994 2773 3190 2823 cuncta
3219 2779 3340 2837 qua:
3367 2762 3436 2818 de

1846 2871 2151 2933 martyrum
2188 2860 2481 2927 virtutibus
2528 2858 2818 2915 scribenda
2863 2859 3206 2929 suscepimus
3238 2868 3444 2926 nequa-

1848 2970 2011 3026 quam
2041 2961 2269 3025 possunt
2295 2954 2551 3027 praesenti
2582 2966 2837 3008 sermone
2865 2949 3155 3021 compleri,
3188 2949 3277 3003 hic
3306 2944 3447 3005 liber

1849 3048 1952 3105 iste
1983 3047 2145 3103 ﬁnem
2175 3046 2427 3118 accipiat,
2454 3054 2515 3101 ut
2540 3061 2604 3101 ea
2634 3060 2755 3117 qua!
2786 3051 2996 3105 restant
3022 3044 3090 3099 ab
3117 3041 3224 3099 alio
3250 3052 3443 3099 rursus

1851 3140 2074 3197 exordio
2103 3139 2441 3197 commodius
2467 3138 2813 3194 inchoentur.

2460 3275 2690 3335 CAPUT
2744 3274 2815 3331 Vi

1850 3397 2118 3456 Hiracuia
2155 3398 2213 3453 in
2252 3396 2450 3470 palatio
2490 3396 2827 3470 imperatoris
2863 3395 2935 3450 ad
2975 3394 3225 3470 reliquias
3256 3393 3445 3470 horum

1919 3480 2229 3526 sanctorum
2252 3465 2435 3538 'facta.
2486 3465 2730 3534 Cmcitas,
2780 3465 3094 3532 contractio,
3142 3465 3445 3538 paralysis,

1921 3541 2087 3615 febris
2113 3539 2344 3596 sublata.

1924 3635 2013 3693 60.
2055 3635 2113 3695 in
2144 3633 2411 3692 relatione
2445 3634 2725 3707 signorum
2768 3642 2936 3706 atque
2972 3633 3267 3700 virtutum,
3310 3646 3447 3703 quas

1851 3743 1940 3793 me
1989 3728 2047 3787 in
2095 3728 2202 3789 hoc
2244 3727 2385 3784 libro
2429 3728 2674 3789 scribere
2715 3728 2855 3791 velle
2900 3720 3215 3798 proposui,
3244 3724 3348 3782 illa:
3392 3726 3449 3781 in

1852 3824 2032 3894 capite
2056 3822 2322 3895 ponendas
2350 3823 2623 3888 videntur,
2656 3838 2779 3892 quae
2805 3822 2861 3885 in
2888 3821 3090 3892 palatio
3121 3820 3308 3885 factae,
3338 3833 3448 3875 non

1851 3916 2029 3979 solum
2055 3916 2124 3975 ad
2148 3914 2342 3986 plebis,
2376 3929 2568 3970 verum
2597 3914 2766 3981 etiam
2794 3913 2862 3979 ad
2893 3911 3067 3981 ipsius
3093 3909 3357 3981 principis
3382 3922 3448 3964 ac

1849 4025 2140 4084 procerum
2167 4006 2315 4077 ejus,
2359 4006 2746 4076 omniumque,
2786 4013 2848 4071 ut
2874 4005 2952 4069 ita
2983 4004 3194 4069 dicam,
3235 4000 3444 4063 aulico-

1852 4117 1975 4161 rum
2023 4114 2327 4171 pervenere
2371 4098 2656 4166 notitiam;
2709 4106 2767 4155 et
2821 4114 2931 4157 non
2978 4104 3192 4161 tantum
3222 4100 3448 4166 propter

1851 4191 1988 4259 hoc,
2035 4191 2131 4247 sed
2168 4191 2334 4247 etiam
2367 4198 2591 4262 propter
2626 4189 2756 4245 illud
2780 4230 2795 4257 ,
2844 4188 2991 4261 quod
3039 4188 3096 4244 in
3141 4184 3445 4253 oratorioio

1851 4284 2088 4355 nostro,
2110 4282 2204 4339 ubi
2243 4283 2437 4343 eadem
2466 4280 2729 4337 miracula
2757 4288 2911 4354 gesta
2940 4287 3068 4343 sunt
3093 4292 3141 4345 ο,
3180 4294 3287 4337 non
3325 4276 3448 4332 alia:

1851 4386 1981 4439 tunc
2009 4377 2291 4446 temporis,
2334 4390 2499 4447 quam
2538 4374 2827 4435 beatorum
2858 4370 3155 4435 Marcellini
3196 4376 3253 4429 et
3293 4366 3445 4425 Petri

1851 4469 2092 4540 reliquiae
2120 4467 2383 4527 fuerunt:
2422 4474 2483 4525 ut
2523 4466 2788 4538 quidquid
2831 4466 2907 4522 ibi
2947 4465 3240 4530 sanitatum
3284 4467 3448 4530 atque

140 4550 284 4607 dem
327 4549 564 4604 cubiculi
606 4550 940 4607 dormientes
978 4548 1259 4604 excitavit.
1312 4546 1449 4605 Tum
1495 4561 1743 4618 surgens,
1772 4558 1826 4619 ι)
1852 4561 2131 4632 signorum
2160 4558 2362 4617 factum
2411 4573 2534 4617 esse
2576 4558 2941 4630 εοεηοεθίιωι,
2991 4552 3338 4625 singulatim,»
3382 4564 3449 4605 ac

141 4641 221 4698 ad
250 4641 463 4695 ostium
493 4642 756 4707 accessit,
793 4641 1100 4715 fratresque
1130 4656 1279 4706 suos,
1328 4640 1421 4710 qui
1465 4639 1541 4695 ibi
1587 4654 1750 4694 excu-

140 4732 408 4798 babant,
448 4742 507 4787 ut
546 4750 603 4788 se
640 4733 709 4788 ad
748 4734 1005 4803 requisita
1040 4741 1251 4788 natura:
1281 4731 1428 4788 foras
1451 4731 1600 4787 exire
1626 4746 1751 4802 per-

139 4829 483 4896 mitterent,
527 4830 756 4901 rogavit.
797 4830 877 4885 illi
909 4838 1086 4887 autem
1116 4830 1261 4884 hunc
1289 4829 1612 4885 insanientis
1649 4829 1749 4884 do-

136 4922 270 4978 lum
308 4921 450 4985 rati,
497 4937 839 4992 nequaquam
885 4922 934 4977 ci
983 4924 1245 4978 assentire
1291 4921 1409 4977 ausi
1448 4928 1612 4989 sunt;
1657 4920 1753 4977 sed

139 5015 439 5073 accersito
482 5015 693 5087 hospite
733 5032 851 5082 suo,
895 5015 988 5089 qui
1031 5031 1154 5071 eum
1196 5016 1397 5073 ibidem
1436 5014 1748 5081 incluserat,

137 5121 207 5169 ut
239 5126 378 5166 cum
409 5125 475 5166 eo
498 5109 751 5182 loquatur
776 5119 1023 5165 exorant.
1068 5109 1170 5178 Qui
1203 5118 1490 5182 postquam
1524 5123 1649 5164 eum
1684 5122 1749 5169 eo

137 5203 382 5259 locutus
410 5209 494 5256 est
512 5241 526 5267 ,
572 5210 734 5272 atque
758 5217 820 5256 ex
853 5203 1063 5258 ratione
1089 5202 1499 5273 responsionum
1529 5216 1751 5257 suarum

138 5308 313 5352 sanae
344 5294 548 5349 mentis
577 5308 698 5350 esse
727 5294 1022 5361 intellexit,
1069 5304 1257 5367 aperto
1287 5297 1446 5360 ostio,
1478 5311 1585 5365 quo
1610 5294 1756 5350 vole-

136 5388 253 5445 bat
286 5385 373 5440 ire
401 5385 685 5456 permisit;
733 5401 1124 5459 reversumque
1166 5388 1467 5459 recipiens,
1513 5387 1642 5457 quid
1688 5387 1756 5444 de

136 5475 432 5543 vinculis,
476 5477 673 5548 quibus
698 5493 822 5534 eum
852 5489 1135 5539 oneratum
1175 5480 1503 5549 incluserat,
1549 5478 1757 5538 factum

137 5656 534 5741 Palatinatus,
555 5658 717 5782 paulo
742 5660 1101 5744 propinquius
1129 5662 1195 5717 ad
1224 5662 1439 5729 urbem,
1467 5662 1630 5718 habet
1652 5661 1757 5719 sibi

141 5730 550 5782 continuumA
576 5739 592 5782 t
616 5729 951 5782 Harenbach.
977 5732 1030 5782 Id
1051 5731 1516 5782 est.Vetns:numi
1537 5734 1757 5782 ihifm-te

141 5729 492 5803 contiguum
507 5729 592 5784 Alt
616 5729 1031 5803 ῌονρηὺᾱεῌὰ
1051 5731 1329 5798 est,Vetus
1344 5750 1358 5803 ;
1375 5738 1516 5803 quod
1536 5735 1608 5791 ibi
1620 5734 1759 5792 forte

141 5752 492 5802 contiguum
507 5752 592 5784 At!
616 5752 951 5797 norenuacn,
977 5752 1031 5791 tu
1051 5752 1358 5803 85t,vetus;
1414 5753 1433 5789 ι

140 5801 574 5864 monasterium
619 5801 822 5873 fuerit,
861 5813 1083 5876 postea,
1132 5805 1330 5864 hzcresi

1852 4652 2072 4731 proprie
2100 4652 2168 4707 ad
2200 4650 2319 4707 illos
2347 4651 2626 4722 pertinere
2674 4666 2738 4707 ac
2783 4648 2982 4715 referri
3032 4647 3259 4712 debeat,
3307 4658 3443 4713 quo-

1856 4760 1976 4801 rum
2020 4743 2164 4799 solas
2210 4751 2426 4799 constat
2483 4742 2555 4797 ibi
2617 4741 2787 4799 fuisse
2834 4739 3116 4810 reliquias.
3172 4735 3447 4799 Fecerunt

1855 4841 2033 4897 eidem
2078 4838 2380 4895 beatissimi
2434 4846 2744 4909 martyres,
2804 4836 2946 4891 sicut
2990 4834 3046 4889 in
3094 4829 3447 4901 sequentibus

1858 4934 2367 4997 demonstrabimus,
2403 4932 2457 4986 in
2486 4931 2716 4991 aliorum
2744 4935 3056 4987 sanctorum
3080 4924 3215 4983 locis
3244 4921 3446 4981 multas

1858 5026 2087 5089 virtutes
2115 5034 2280 5093 atque
2307 5021 2588 5084 miracula,
2620 5035 2741 5091 quae
2772 5016 3095 5089 quibusdam
3124 5013 3271 5073 velut
3297 5028 3447 5069 com-

1859 5117 2043 5173 munia
2084 5116 2217 5183 illis,
2269 5130 2392 5171 cum
2441 5115 2528 5169 his
2577 5112 2782 5169 sanctis
2827 5110 2884 5167 in
2928 5124 3159 5180 quorum
3202 5106 3445 5164 basilicis

1859 5207 2005 5277 facta
2048 5216 2207 5274 sunt,
2255 5224 2368 5278 non
2409 5205 2685 5262 immerito
2712 5202 2887 5265 videri
2913 5210 3177 5273 possunt;
3223 5201 3294 5256 ob
3339 5200 3446 5265 hoc

1858 5303 2148 5375 prmcipue,
2177 5300 2431 5373 quoniam
2459 5298 2553 5369 qui
2582 5296 2723 5368 apud
2752 5295 2922 5351 Deum
2958 5293 3184 5365 aequalis
3211 5292 3446 5349 credun-

1862 5404 1950 5452 tur
1974 5394 2176 5461 meriti,
2209 5408 2315 5448 non
2343 5391 2574 5446 absurde
2600 5396 2860 5460 putantur
2887 5388 2942 5445 in
2969 5386 3250 5459 patrandis
3277 5385 3448 5443 mira-

1857 5490 1993 5549 culis
2018 5486 2380 5546 communiter
2403 5483 2638 5554 operari.
2671 5482 2777 5540 Sed
2800 5484 2906 5540 hoc
2928 5480 3085 5539 aliter
3113 5493 3236 5545 esse
3264 5493 3331 5539 ea
3359 5491 3447 5535 rae

1858 5666 2093 5731 valente,
2122 5664 2175 5719 in
2196 5659 2455 5734 profanos
2480 5674 2611 5716 usus
2630 5674 2973 5734 conversum,
3003 5662 3141 5715 teste
3161 5651 3441 5734 Bucelinfo’:

1930 5751 1957 5780 α
1999 5721 2116 5792 Huc
2141 5721 2387 5808 spectant
2406 5748 2526 5808 quze
2548 5748 2709 5803 supra
2731 5721 3005 5808 habentur
3031 5742 3180 5785 num.
3206 5725 3268 5781 21
3297 5732 3352 5783 et
3374 5721 3447 5781 22

1435 5808 1578 5875 idem
1617 5823 1762 5883 prte-
1862 5810 1931 5881 de
1947 5803 2194 5881 reliquiis
2219 5805 2279 5867 in
2305 5803 2608 5865 oratbrium
2626 5803 2873 5880 perlatis.
