3940 6340
563 366 675 428 575

1848 351 2225 412 EGINHARDI
2261 353 2555 410 ABBATIS
3664 365 3730 424 516

563 494 713 541 none
748 477 1111 544 convincitur,
1149 490 1258 547 qua
1285 473 1492 545 liquido
1517 471 1939 534 demonstratur,
1973 469 2151 524 nullas
2179 473 2232 533 Α
2256 471 2371 527 Hoc
2409 486 2507 526 cur
2548 486 2658 526 non
2711 469 2782 526 sit
2835 478 3211 541 percuratum,
3258 469 3433 527 dicant
3467 477 3546 545 qui
3583 479 3728 541 velint:

565 576 624 632 in
660 574 749 630 bis
782 573 920 630 locis
955 572 1132 627 factas
1162 569 1332 625 fuisse
1361 569 1624 633 virtutes,
1670 573 1958 634 antequam
1987 564 2043 618 in
2071 563 2162 618 illa

565 673 880 726 memoratae
920 665 1205 720 beatorum
1235 669 1538 731 martyrum
1585 667 1767 714 essent
1813 657 2005 712 delatae
2037 655 2164 710 reli-

568 756 728 826 quite.
765 753 872 810 Sed
893 751 1009 821 jam
1036 766 1202 816 nunc,
1233 759 1293 804 ut
1319 749 1691 820 promisimus,
1715 763 1776 803 ea
1801 763 1921 818 qua:
1950 746 2005 800 in
2031 761 2166 818 prte-

573 852 718 908 dicto
744 848 948 920 palatio
975 854 1103 902 sunt
1128 853 1283 916 gesta
1309 842 1569 898 miracula
1595 841 1953 913 proferamus.

646 942 737 998 61.
779 941 912 996 Erat
936 940 1158 1010 quidam
1191 935 1407 1006 juvenis
1436 937 1578 991 inter
1607 935 1970 992 cubicularios
1996 933 2162 1004 regis,

573 1035 798 1091 natione
837 1031 1092 1096 Grmcus,
1137 1031 1358 1086 nomine
1396 1029 1661 1100 Drogoa:
1711 1028 1804 1098 qui
1848 1025 2000 1082 febre
2038 1041 2162 1081 cor-

571 1139 791 1200 reptus,
841 1137 937 1183 aut
965 1126 1292 1198 negligentia
1321 1141 1542 1181 suorum
1561 1166 1576 1189 ,
1630 1132 1721 1178 aut
1751 1122 1966 1178 inscitia
1997 1119 2167 1176 medi-

572 1234 780 1283 corum,
809 1218 923 1289 jam
954 1233 1051 1288 per
1077 1215 1285 1294 aliquot
1311 1231 1530 1271 menses
1556 1215 1714 1284 longa
1743 1220 1908 1283 atque
1935 1211 2165 1266 adversa

574 1309 888 1364 valetudine
917 1307 1219 1363 laborabat.
1268 1305 1348 1372 Is,
1381 1314 1735 1376 posteaquam
1761 1304 2043 1358 Hildoinus
2071 1301 2166 1356 ab-

573 1402 674 1459 bas
701 1400 961 1470 reliquias
989 1401 1130 1455 beati
1161 1398 1483 1462 Marcellini,
1513 1398 1656 1453 sicut
1683 1397 1738 1451 in
1765 1395 2002 1452 secundo
2028 1395 2166 1449 libro

576 1493 1008 1548 demonstratum
1056 1500 1181 1558 est,
1234 1491 1390 1546 nobis
1437 1489 1709 1554 reddidit,
1763 1487 2070 1543 admonitus
2111 1486 2166 1540 in

580 1585 788 1640 somnis
823 1592 883 1638 ut
930 1584 998 1638 ad
1044 1584 1345 1639 oratorium
1394 1591 1641 1639 nostrum
1688 1582 1933 1647 veniret,
1985 1579 2168 1650 ibique

577 1690 797 1732 cereum
836 1685 1074 1746 quatuor
1110 1677 1348 1731 denariis
1397 1686 1636 1746 emptum
1686 1675 2047 1740 accenderet,
2103 1687 2168 1726 ac

577 1775 826 1823 sanctum
852 1766 1222 1822 Marcellinum
1250 1775 1568 1836 martyrem,
1588 1763 1744 1834 cujus
1762 1771 1925 1835 caput
1951 1763 2022 1818 ibi
2048 1777 2168 1818 esse

2264 580 2365 636 ego
2393 565 2540 619 enim
2585 563 2638 619 id
2664 579 2750 618 me
2785 561 2944 618 video
2989 579 3097 618 non
3147 563 3302 618 aliter
3340 579 3486 635 posse
3526 572 3728 643 conjicere,

2263 657 2369 712 nisi
2412 667 2470 711 ut
2517 654 2825 712 existimem
2858 655 3106 710 interiori
3148 653 3266 724 ejus
3311 655 3460 712 saluti
3498 673 3730 735 competere,

2264 754 2325 801 ut
2347 746 2524 817 aliqua
2569 746 2625 800 in
2651 760 2717 801 eo
2744 746 3029 802 exterioris
3065 745 3359 803 debilitatis
3391 750 3588 814 vestigia
3621 773 3730 814 rema-

2262 848 2473 896 nerent.

2336 932 2424 986 6'5.
2465 930 2706 988 Juliacus
2732 932 2762 972 ι’
2789 938 3018 998 vocatur
3068 931 3351 1002 antiquum
3393 935 3731 1006 municipium:

2263 1025 2384 1082 vico
2411 1025 2650 1096 Aquensi
2682 1034 2809 1081 octo
2852 1025 3136 1097 leugarum
3177 1025 3350 1094 spatio
3382 1026 3663 1096 disparatum.
3687 1032 3731 1089 De

2267 1119 2418 1189 cujus
2445 1119 2717 1174 territorio
2741 1118 2918 1188 puella
2949 1118 3220 1188 quaedam,
3264 1118 3420 1174 simili
3447 1121 3616 1185 morbo,
3637 1123 3729 1178 simi-

2264 1212 2412 1282 lique
2443 1211 2604 1268 modo
2640 1211 2853 1278 affecta,
2899 1226 2931 1265 a
2960 1219 3136 1265 matre
3181 1218 3341 1280 atque
3369 1209 3478 1265 aliis
3514 1213 3730 1283 propinquis

2267 1303 2379 1359 suis
2427 1303 2494 1357 ad
2539 1311 2899 1358 memoratum
2945 1301 3250 1358 oratorium
3297 1301 3528 1366 adducta,
3553 1318 3643 1357 cum
3667 1320 3730 1373 pra

2266 1395 2611 1451 multitudine
2648 1394 2954 1459 hominum,
2997 1392 3092 1461 qui
3128 1400 3242 1446 tum
3279 1389 3412 1446 forte
3456 1399 3632 1462 propter
3655 1395 3729 1446 mis-

2267 1502 2452 1543 sarum
2498 1486 2762 1541 audienda
2793 1484 3056 1540 solemnia
3106 1482 3237 1538 illuc
3269 1492 3608 1548 convenerant,
3631 1483 3728 1537 intro-

2267 1577 2401 1634 ferri
2424 1595 2531 1634 non
2555 1588 2756 1649 posset,
2781 1577 3126 1632 extrinsecus
3146 1591 3266 1630 eam
3291 1575 3356 1630 ad
3377 1574 3634 1632 orientalem
3653 1591 3724 1630 ora-

2272 1674 2397 1730 torii
2423 1672 2717 1729 fenestram
2743 1670 3102 1734 collocarunt,
3142 1675 3500 1739 exspectantes
3522 1668 3727 1739 opportuni-

2272 1774 2440 1823 tatem
2465 1807 2481 1834 ,
2533 1773 2593 1820 ut
2616 1806 2632 1832 ,
2679 1764 2965 1820 recedente
3015 1761 3204 1834 populi
3257 1761 3566 1832 frequentia,
3603 1759 3730 1814 facilius

578 1861 955 1924 asserebatur,
987 1860 1093 1915 sibi
1125 1859 1181 1914 in
1207 1859 1538 1930 adjutorium
1565 1859 1870 1924 invocaret,
1897 1856 2170 1926 sciretque
2196 1839 2245 1899 Β
2271 1858 2512 1914 oratorio
2539 1857 2728 1912 inferri
2755 1857 3044 1928 potuisset.
3086 1853 3195 1911 Sed
3241 1854 3331 1910 ubi
3373 1853 3436 1908 ad
3472 1851 3648 1908 medium
3663 1850 3728 1906 fere

575 1964 635 2005 se
657 1949 704 2006 si
727 1950 834 2006 hoc
857 1949 975 2006 loco
1000 1949 1222 2015 faceret,
1252 1965 1316 2004 ea
1339 1965 1445 2019 qua
1466 1949 1582 2020 jam
1604 1948 1696 2002 diu
1715 1947 2061 2002 laboraverat
2087 1947 2172 2002 in-

580 2039 839 2096 firmitate
864 2041 975 2098 cito
1001 2057 1124 2096 esse
1148 2041 1472 2106 cariturum,
1500 2040 1734 2096 credidit
1757 2039 2090 2105 admonenti,
2119 2047 2176 2095 et

580 2131 635 2185 id
672 2133 820 2202 quod
848 2133 1178 2202 imperatum
1207 2130 1386 2186 fuerat
1406 2172 1422 2197 ,
1462 2139 1663 2201 quanta
1694 2131 1871 2202 potuit
1899 2131 2177 2187 celeritate

579 2224 893 2294 complevit.
963 2223 1271 2294 Statimque
1331 2240 1497 2279 sanus
1552 2223 1730 2279 factus
1759 2265 1775 2290 ,
1837 2231 1894 2280 et
1943 2224 2178 2294 receptis

582 2316 954 2398 membrorum
977 2314 1206 2380 viribus,
1229 2315 1468 2388 propriis
1496 2315 1726 2386 pedibus
1754 2316 1822 2372 ad
1849 2331 1947 2373 sua
1971 2330 2180 2388 regres-

583 2417 680 2458 SllS
707 2411 813 2459 est.

653 2492 741 2547 62.
782 2493 915 2548 Erat
945 2494 1144 2551 ibidem
1171 2495 1310 2551 alter
1337 2512 1491 2568 atque
1509 2497 1750 2567 juvenis,
1779 2500 2001 2558 nomine
2039 2499 2182 2556 Ger-

581 2581 755 2648 lacus,
801 2584 870 2640 de
898 2586 1032 2640 urbe
1072 2585 1429 2655 Rhemorum,
1469 2590 1614 2645 inter
1647 2607 1742 2647 eos
1781 2593 1911 2662 qui,
1958 2600 2182 2663 propter

581 2676 813 2732 aedilicia
858 2679 1047 2749 palatii
1098 2683 1484 2748 construenda,
1524 2682 1667 2752 jnssi
1711 2685 1778 2739 de
1823 2685 1912 2739 illa
1961 2685 2184 2740 civitate

587 2778 872 2824 venerunt.
900 2771 950 2825 ls
989 2779 1116 2827 ante
1164 2773 1449 2829 dimidium
1493 2774 1608 2830 fere
1636 2791 1834 2830 annum
1884 2777 1939 2830 iu
1991 2777 2183 2832 eodem

582 2857 724 2923 vico,
776 2866 889 2912 tam
915 2858 1092 2914 valida
1138 2869 1304 2931 atque
1350 2862 1576 2917 immani
1617 2878 1908 2920 nervorum
1961 2876 2184 2922 contra-

585 2947 765 3001 ctione
817 2957 1104 3017 correptus
1150 2959 1255 3015 est,
1313 2959 1376 3005 ut
1422 2953 1589 3022 pedes
1638 2955 1856 3011 natibus
1903 2964 1959 3012 et
2009 2972 2184 3028 genua

503 3079 506 3081 .
589 3047 774 3094 mento
823 3039 1176 3097 cohmrerent.
1223 3042 1380 3099 Hunc
1417 3044 1551 3100 socii
1590 3054 1752 3117 atque
1792 3049 2082 3119 propinqui
2130 3050 2185 3104 in

587 3129 730 3187 ulnis
773 3133 887 3187 suis
910 3132 1166 3198 ferentes,
1209 3136 1277 3192 ad
1303 3145 1666 3194 memoratum
1691 3142 1990 3196 oratorium
2027 3141 2185 3197 detu-

586 3220 798 3288 lerunt;
843 3233 900 3280 et
942 3226 1068 3296 quia
1099 3227 1258 3297 aliter
1303 3244 1412 3284 non
1459 3239 1691 3300 poterat,
1724 3247 1954 3303 pronum
1995 3231 2182 3301 jacere
2211 3208 2256 3272 C

586 3314 858 3382 fecerunt,
898 3326 1256 3388 sanctumque
1297 3328 1616 3392 martyrem,
1643 3328 1705 3376 ut
1727 3321 1778 3377 ei
1817 3323 2025 3378 sanitas
2060 3323 2184 3379 red-

593 3405 836 3472 deretur,
887 3423 1012 3462 cum
1065 3424 1264 3481 magna
1317 3411 1604 3468 devotione
1654 3422 2000 3483 rogaverunt.
2058 3414 2186 3471 Dies

591 3506 713 3552 erat
741 3499 1029 3567 dominica,
1063 3509 1227 3572 atque
1271 3502 1407 3560 hora
1447 3503 1555 3559 diei
1585 3505 1765 3570 tertia,
1815 3505 2030 3575 quando
2060 3504 2187 3561 illuc

592 3593 792 3650 allatus
819 3602 903 3650 est
934 3613 947 3648 :
987 3594 1270 3667 jacuitque
1316 3597 1392 3653 ibi
1422 3614 1594 3669 usque
1633 3598 1700 3654 ad
1727 3599 1917 3653 horam
1963 3613 2184 3654 nonam.

593 3683 839 3757 Cumque
882 3686 1120 3743 officium
1166 3687 1408 3757 ejusdem
1451 3690 1600 3745 horae
1627 3705 1656 3744 a
1687 3689 1902 3746 clericis
1929 3698 2076 3746 esset
2101 3706 2189 3746 so-

592 3774 853 3834 lemniter
890 3779 1196 3850 impletum,
1227 3797 1356 3837 ecce
1381 3782 1448 3838 de
1479 3797 1668 3852 capsa,
1695 3799 1816 3854 quae
1839 3798 2023 3838 sacras
2042 3782 2188 3839 beati

592 3875 1150 3946 martyris'reliquias
1185 3877 1517 3943 continebat,
1555 3885 1701 3932 tanta
1747 3876 2055 3933 suavissimi
2103 3884 2190 3932 at-

593 3983 702 4039 que
746 3969 947 4025 insueti
998 3971 1183 4026 odoris
1223 3969 1518 4042 fragrantia
1569 3970 1854 4042 egrediens
1900 3971 1980 4026 sic
2021 3979 2193 4026 totam

599 4059 827 4112 oratorii
867 4059 1118 4114 cellulam
1142 4060 1404 4130 implevit,
1433 4073 1495 4115 ut
1530 4061 1583 4115 in
1609 4062 2024 4117 admirationem
2054 4059 2192 4130 ejus,

595 4167 790 4208 omnes
818 4152 913 4223 qui
939 4152 1188 4218 aderant,
1233 4153 1612 4209 incunctanter
1638 4166 2010 4224 assurgerent,
2042 4170 2106 4210 ac
2135 4170 2196 4210 se

593 4253 806 4310 mutuo,
835 4259 905 4299 an
932 4243 1076 4299 idem
1104 4258 1296 4300 omnes
1339 4246 1618 4314 aequaliter
1657 4246 1945 4312 sentirent,
1979 4247 2196 4303 curiosa

2273 1951 2507 2008 ofﬁcium
2539 1958 2758 2006 ventum
2791 1958 2894 2016 est,
2923 1956 2998 2016 et,
3051 1948 3271 2019 expleto
3310 1946 3581 2017 Evangelia,
3615 1945 3726 1999 hosti:

2275 2044 2530 2100 salutaris
2558 2043 2762 2098 oblatio
2804 2049 3024 2114 peracta
3073 2048 3173 2103 est,
3208 2047 3424 2095 cernunt
3446 2053 3544 2093 eam
3565 2035 3728 2107 angustiis

2277 2138 2438 2205 allici,
2471 2147 2549 2204 et,
2579 2144 2902 2207 erumpente
2942 2149 3046 2206 per
3095 2141 3272 2188 totum
3303 2147 3480 2202 corpus
3515 2131 3730 2193 sudaren-

2277 2223 2445 2290 lut'in
2487 2247 2738 2288 somnum
2784 2229 2915 2284 labi.
2949 2228 3162 2295 Quibus
3208 2225 3373 2298 signis
3396 2223 3588 2278 divinam
3619 2220 3728 2274 adesse
3815 2253 3817 2290 ε

2277 2327 2534 2380 virtutem
2572 2321 2718 2377 haud
2746 2321 2982 2377 inaniter
3012 2318 3383 2389 conjicieutes,
3407 2313 3466 2369 de
3496 2313 3568 2366 illo
3594 2308 3727 2365 locole-
3817 2303 3820 2320 '

2278 2425 2482 2483 vatam,
2513 2414 2720 2486 quadro
2748 2412 2934 2484 lapidi,
2963 2412 3061 2482 qui
3087 2417 3306 2480 propter
3323 2407 3530 2479 jacebat,
3560 2407 3725 2486 soporant

2281 2506 2514 2561 similem
2532 2485 2926 2575 superponunt.
2959 2500 3037 2556 lbi
3072 2513 3254 2556 coram
3279 2495 3522 2559 omnibus,
3549 2491 3616 2562 qui
3636 2485 3726 2553 huius

2281 2594 2530 2652 miraculi
2554 2576 3131 2664 conspiciendi'gratia
3152 2592 3531 2649 concurrerunt,
3551 2575 3725 2645 integeru-

2283 2703 2426 2744 mam
2449 2685 2691 2742 omnium
2719 2685 3094 2741 membrorum
3124 2682 3422 2744 sanitatem,
3445 2678 3492 2731 in
3515 2671 3725 2728 uninshort
3813 2663 3815 2678 '

2283 2785 2579 2841 momento,
2603 2776 2833 2832 Domino
2853 2775 3178 2845 opitulante,
3203 2771 3412 2842 rccepit.
3432 2769 3567 2823 Erant
3583 2762 3632 2819 ibi
3649 2761 3726 2814 inter

2284 2882 2511 2930 caeteros
2538 2879 2873 2942 spectatores
2899 2878 2954 2924 et
2991 2867 3200 2932 Judaei;
3251 2878 3461 2937 quorum
3499 2873 3602 2914 unus
3632 2849 3724 2906 David

2285 2962 2524 3026 nomine,
2557 2969 2678 3031 post
2711 2959 2871 3030 hujus
2899 2959 3038 3030 signi
3070 2956 3437 3028 erpletionem,
3464 2950 3518 3005 ad
3542 2947 3726 3001 fenestram

2289 3052 2548 3119 cubiculi,
2580 3052 2634 3106 in
2661 3067 2770 3122 quo
2795 3067 2895 3123 ego
2920 3061 3052 3106 tunc
3086 3064 3260 3114 eram,
3289 3044 3510 3102 celeriter
3531 3045 3724 3128 adcurrens

2290 3159 2487 3215 meque
2539 3119 2891 3212 compellans,
2935 3138 3265 3196 miraculum
3311 3134 3440 3205 quod
3472 3129 3622 3185 viderat
3649 3119 3728 3174 indi-
3813 3163 3815 3210 ἶ

2287 3239 2449 3302 cavit,
2500 3237 2705 3310 gratias
2744 3250 2910 3307 agens
2953 3235 3094 3301 Deo,
3153 3232 3244 3304 qui
3298 3245 3389 3301 per
3428 3225 3726 3314 martyrtsuslm
3813 3243 3815 3270 :

2287 3337 2442 3384 tanta
2469 3307 2735 3383 miracula
2761 3326 2829 3382 ad
2859 3325 3096 3382 salutem
3123 3321 3420 3381 mortalium
3438 3311 3602 3386 operari
3620 3307 3728 3374 digna-

2287 3428 2377 3476 ιιιε
2405 3428 2508 3476 εει.

2360 3509 2448 3564 64.
2489 3509 2621 3565 Erat
2648 3509 2704 3564 in
2748 3508 2942 3566 eodem
2967 3508 3097 3564 vico
3142 3521 3317 3565 caecus
3352 3500 3538 3574 quidam
3567 3492 3728 3585 provecta

2289 3603 2489 3669 aetatis,
2521 3601 2634 3672 qui,
2667 3610 2730 3656 ut
2758 3602 2876 3671 ipse
2908 3601 3218 3666 asserebat,
3241 3603 3362 3652 ante
3384 3587 3614 3648 triennium

2292 3695 2538 3750 caecitate
2585 3709 2880 3764 percussus
2903 3733 2917 3760 ,
2974 3692 3126 3749 inter
3176 3691 3308 3746 alios
3354 3692 3576 3757 pauperes
3616 3678 3728 3764 διικω

2291 3787 2534 3843 ostiatim
2561 3762 2874 3842 mendicare
2903 3783 3134 3840 solebat.
3167 3783 3218 3838 Is
3253 3794 3367 3836 cum
3396 3777 3443 3831 in
3466 3762 3730 3861 ιιιεβτί⁰¹ξ³⁵⁰⁰

2293 3875 2575 3942 dormiret,
2604 3876 2740 3931 vidit
2763 3891 2859 3946 per
2884 3889 3140 3944 soporem
3170 3870 3441 3944 quemdam
3467 3859 3550 3917 sibi
3574 3859 3730 3910 assisten-

2294 3977 2404 4025 tem
2447 3976 2608 4038 atque
2647 3953 2918 4024 dicentem
2960 3977 3040 4034 ut,
3080 3970 3130 4024 si
3165 3968 3342 4023 videre
3367 3959 3521 4022 vellet,
3557 3951 3605 4005 ad
3621 3949 3728 4038 orata:

2299 4060 2440 4114 rium
2481 4068 2725 4116 nostrum
2751 4059 2885 4126 iret;
2916 4060 2987 4115 ibi
3013 4074 3139 4116 esse
3159 4058 3430 4116 medicum,
3459 4046 3585 4119 qlliel
3606 4035 3730 4104 "3‘51""

2297 4150 2479 4207 lumen
2538 4151 2766 4207 reddere
2838 4152 3127 4222 potuisset.
3184 4147 3374 4204 Renuit
3425 4141 3518 4205 ille,
3555 4139 3595 4190 et
3631 4128 3732 4225 lum?

2299 4246 2446 4317 quod
2491 4215 3216 4302 offerebatur-abominatus
3262 4262 3275 4300 :
3326 4261 3344 4295 ι
3393 4234 3535 4306 Quid,
3567 4215 3733 4317 aibant.illi

596 4334 1029 4406 interrogatione
1096 4309 1499 4406 perquirerent.
1578 4335 1713 4392 Cum
1769 4309 1948 4392 subito
2011 4335 2199 4392 vident
2302 4309 2447 4394 nunc
2496 4355 2620 4394 cum
2654 4339 2792 4405 visu,
2844 4355 3006 4410 quem
3057 4337 3175 4411 jam
3217 4338 3342 4395 olim
3390 4309 3734 4411 perdidi?

594 4444 741 4494 eum,
768 4393 861 4499 ιιιιί
884 4427 1040 4497 juxta
1080 4393 1320 4498 jacebat,
1353 4430 1505 4485 velut
1535 4445 1565 4485 a
1596 4431 1923 4503 quibusdam
1959 4432 2199 4487 tenenti-
2303 4429 2435 4485 mihi
2463 4439 2565 4496 est,
2605 4431 2652 4486 si
2694 4393 3078 4496 eo'calruero:
3109 4444 3270 4503 quam
3315 4426 3360 4481 si
3403 4419 3609 4477 habuero.
3649 4393 3734 4503 Μοίξθ

598 4523 702 4578 bus
733 4521 877 4577 trabi
901 4538 916 4588 ;
953 4530 1009 4576 et
1039 4522 1308 4589 membra,
1337 4537 1457 4593 quae
1485 4524 1675 4580 morbo
1704 4533 1864 4580 erant
1888 4532 2194 4581 contracta:

597 4612 815 4668 extendi
849 4630 861 4666 :
901 4611 1373 4684 intelligentesque
1405 4614 1642 4669 divinam
1686 4616 1876 4672 adesse
1904 4617 2188 4683 virtutem,

599 4705 840 4760 tulerunt
878 4705 1176 4773 hominem,
1221 4715 1276 4761 et
1319 4723 1502 4763 coram
1549 4708 1708 4763 altari
1762 4707 2187 4766 collocaverunt.

600 4795 700 4864 Qui
732 4812 854 4853 cum
883 4797 957 4853 ibi
986 4800 1213 4869 positus,
1246 4816 1371 4855 cum
1411 4799 1595 4856 multis
1642 4801 1900 4873 lacrymis
1945 4802 2188 4858 divinum

599 4889 912 4961 imploraret
940 4894 1221 4961 auxilium,
1263 4896 1474 4951 cunctis
1515 4897 1862 4953 cernentibus
1891 4897 1964 4951 ita
2006 4912 2188 4954 corre-

601 4989 724 5036 ctus
751 4991 936 5049 estut,
969 4985 1060 5056 qui
1087 4987 1336 5043 manibus
1377 4987 1568 5042 alienis
1592 4989 1882 5045 subvectus
1916 4990 1972 5044 in
2007 4995 2189 5046 orato-

604 5072 743 5126 rium
767 5086 1012 5142 venerat,
1043 5078 1279 5148 propriis
1318 5079 1547 5149 pedibus
1572 5079 1640 5134 de
1663 5080 1902 5135 oratorio
1928 5078 2191 5150 procede-

602 5173 707 5220 ret.
742 5163 1136 5223 Testimonium
1167 5177 1346 5224 tamen
1373 5185 1539 5240 quam
1561 5186 1849 5242 perpessus
1876 5179 1959 5226 est
1981 5171 2193 5241 passio-

603 5254 714 5320 nis,
745 5255 922 5311 adhuc
948 5256 1004 5310 in
1036 5273 1134 5312 suo
1155 5275 1383 5329 corpore
1417 5259 1771 5316 circumferre
1798 5261 2149 5332 cognoscitur
2174 5279 2189 5316 :

604 5359 734 5400 nam
758 5361 919 5403 crure
944 5363 1008 5404 ac
1050 5348 1186 5419 pede
1211 5350 1432 5407 sinistro
1457 5352 1535 5407 sic
1573 5360 1759 5422 postea
1785 5351 2109 5409 claudicavit
2132 5362 2196 5409 ut

608 5439 676 5495 ad
724 5442 1019 5512 regendum
1067 5443 1342 5500 incessum
1384 5445 1577 5502 baculo
1620 5460 1832 5516 semper
1874 5445 2189 5517 indiguerit.

684 5632 711 5662 ι
749 5619 1108 5698 Teutonicum
1137 5641 1332 5698 nomen
1355 5643 1498 5698 aegre
1529 5625 1851 5682 crediderim
1880 5624 2100 5680 allatum
2130 5641 2198 5683 ex

613 5689 856 5766 Graecia,
911 5695 1004 5750 sed
1045 5697 1242 5766 potius,
1269 5699 1324 5752 in
1351 5689 1640 5754 GErmania
1687 5706 2058 5766 assumptum;
2092 5698 2200 5754 nisi

613 5760 758 5848 forte
785 5760 1083 5848 legentium.
1109 5767 1179 5823 sit
1207 5765 1446 5848 (ἱκεσίαις
1478 5785 1575 5826 seu
1614 5760 1959 5838 (insciens-is,
2010 5760 2064 5826 id
2091 5777 2198 5840 est,

619 5830 818 5893 Graecii
846 5830 903 5894 in
938 5836 1119 5914 Styria
1148 5846 1328 5898 natus.

2305 4524 2701 4580 mendicantem
2749 4540 2938 4580 omnes
2975 4499 3286 4586 exaudiunt,
3312 4525 3363 4574 et
3383 4529 3439 4571 ea
3466 4520 3562 4579 qua?
3587 4499 3734 4554 neces“

2297 4617 2377 4673 ria
2424 4626 2572 4684 sunt,
2620 4626 2918 4690 praestant:
2967 4634 3095 4674 nam
3121 4617 3380 4673 videntem
3414 4597 3652 4662 mendicare

2297 4710 2452 4764 decet
2474 4727 2488 4775 ;
2520 4685 2684 4765 senex
2713 4719 2893 4766 autem
2915 4719 2970 4766 et
3007 4709 3197 4766 debilis
3216 4700 3416 4778 operari
3438 4709 3526 4752 non
3545 4685 3732 4783 ροεξυιξς

2295 4833 2367 4843 -
2397 4765 2534 4856 Tum
2565 4801 2655 4855 ille
2692 4802 2934 4872 quicum
2956 4765 3034 4858 eo
3054 4765 3400 4871 loquebatur:
3429 4806 3446 4838 ‹
3469 4778 3601 4838 Vade,
3619 4765 3734 4872 inquii:

2296 4902 2352 4949 et
2378 4894 2489 4949 noli
2531 4894 2769 4959 morari;
2803 4908 2955 4959 nam,
2985 4892 3122 4948 velis
3164 4889 3318 4953 nolis,
3345 4881 3500 4938 visum
3533 4860 3736 4959 νεωρίῳ

2295 5002 2375 5043 es.
2415 5007 2434 5040 ι
2483 4985 2672 5041 Paruit
2714 4952 2803 5040 ille
2850 4952 3160 5057 imperanti,
3197 4975 3510 5053 perrexitque
3546 4952 3734 5064 03‘:

2298 5078 2460 5142 rium,
2497 5087 2661 5147 atque
2710 5077 2766 5131 in
2807 5092 2872 5132 eo
2917 5039 3281 5148 pernoctavit;
3327 5075 3378 5123 et
3416 5071 3519 5118 cum
3551 5049 3616 5105 illa
3644 5039 3735 5149 necf

2298 5173 2431 5228 nihil
2462 5181 2608 5228 esset
2637 5170 2863 5237 factum,
2903 5173 2971 5228 ad
2997 5169 3267 5243 tugurium
3297 5173 3440 5220 suum
3474 5131 3735 5265 reveﬁriste’;

2298 5262 2398 5319 Cui
2427 5264 2603 5321 denuo
2632 5264 2678 5318 is
2708 5264 2801 5334 qui
2851 5264 3006 5333 prius
3053 5277 3151 5334 per
3205 5263 3436 5328 εονονθπη
3479 5231 3733 5355 ΫῙἚἮᾌΞ

2300 5357 2551 5412 similiter
2574 5363 2635 5410 ut
2659 5363 2785 5410 ante
2811 5355 3193 5427 imperaverat,
3221 5347 3285 5404 ad
3310 5335 3565 5454 oratorium;
3590 5320 3734 5454 Erg:

2298 5450 2574 5520 Ρτίεοθρῑιι
2619 5450 2772 5505 Fecit
2816 5417 2926 5516 ille,
2971 5457 3034 5505 ut
3067 5446 3247 5518 jussus
3278 5438 3456 5495 fuerat.
3491 5417 3566 5480 sed
3590 5423 3638 5468 ηε

2371 5633 2400 5672 ι’
2437 5631 2736 5717 «Peliacas.
2764 5617 3446 5717 ρρνίξιιιω.ηιξι,τῐίὲἱεὲίξ“ὶξξ¹ιῖ
3467 5617 3730 5717 2ῗὲίὲἒῶ

2301 5677 2465 5773 caput
2473 5677 3328 5759 illustris,dvdcatus—Jnliacensis
3352 5680 3442 5741 sub
3472 5677 3588 5727 πεω

2300 5773 2628 5834 Coloniensi.
2737 5790 2742 5793 ·
2985 5784 2991 5789 ‘
3017 5785 3031 5787 “
3071 5778 3089 5787 ’
