3940 6340
94 325 207 388 577

928 311 1111 371 1118⁸1⁸.
1153 306 1544 368 TRANSLAT.
1586 306 1694 365 BB.
1734 299 2162 364 MARCELle
2197 299 2290 358 ET
2323 299 2551 359 PETRI.

3281 304 3389 366 578

97 439 326 515 quidem
359 429 566 505 aliquid
591 436 774 488 actum
807 434 910 486 est.
958 425 1145 483 Tertio
1175 440 1306 481 vero
1335 421 1699 480 commonitus
1725 431 1778 494 Α
1802 413 2768 515 nostrum-inquireret,inque-eoae
2797 413 3302 515 collocari-faceret,
3335 425 3394 474 et

96 536 274 599 venit,
303 540 359 588 et
384 529 476 584 ubi
501 542 686 584 coram
723 523 882 579 altari
907 522 976 578 ad
1002 520 1267 576 orandum
1297 533 1356 572 se
1383 516 1696 588 prostravit,

97 629 284 684 visum
325 621 550 692 recepit.
585 618 742 673 Hunc
767 631 888 681 nos,
933 617 1058 672 dum
1107 614 1285 669 adhuc
1323 627 1500 668 cmcus
1536 617 1701 676 esset,

99 720 251 780 inter
287 717 425 774 alios
466 725 736 785 pauperes
779 725 848 766 ac
877 709 1084 765 debiles
1123 706 1401 762 multoties
1444 705 1501 760 in
1545 703 1705 759 domo

101 826 296 876 nostra
320 808 723 868 mendicantem
749 802 984 858 vidimus
1009 818 1022 855 :
1051 801 1278 870 ideoque
1301 797 1470 852 alium
1503 794 1704 850 illumi-

101 903 345 966 nationis
370 900 490 972 ejus
518 904 714 953 testem
745 909 855 949 non
896 891 1264 962 quzesivimus,
1292 888 1419 959 quia
1456 885 1706 942 snﬁicere

101 999 266 1058 nobis
309 991 672 1051 credebamus
716 984 1089 1042 testimonium
1137 996 1248 1038 non
1295 978 1536 1036 fallentis
1572 992 1706 1034 con-

101 1089 352 1149 scientiae
376 1094 596 1143 nostrae.

176 1182 270 1240 65.
311 1180 448 1238 Cum
491 1193 560 1234 ex
605 1176 696 1233 his
737 1174 969 1247 aliisque
1020 1170 1393 1244 compluribus
1440 1169 1708 1225 virtutum

106 1273 534 1348 Operationibus,
584 1285 686 1341 per
737 1267 1154 1338 circumpositos
1206 1265 1357 1321 vicos
1403 1273 1459 1318 et
1510 1275 1706 1332 pagos,

106 1363 364 1422 salutaris
387 1361 532 1416 fama
561 1359 952 1421 crebresceret,
979 1355 1175 1412 mulier
1199 1354 1450 1427 quaedam
1479 1352 1545 1408 de
1567 1364 1708 1422 pago

107 1453 440 1512 Ribuarensi
475 1464 502 1493 α
521 1492 536 1516 ,
565 1448 737 1505 multo
754 1447 869 1518 jam
905 1456 1150 1520 tempore
1181 1461 1340 1510 caeca,
1374 1445 1551 1500 visum
1579 1442 1712 1498 reci-

1804 519 1932 567 ante
1966 509 2205 564 triduum
2254 507 2582 578 completum
2609 509 2734 565 inde
2771 525 2878 565 non
2905 512 3183 568 recederet
3232 531 3247 568 :
3287 513 3395 571 hoc

1803 603 1964 658 modo
1985 600 2284 672 plenariam
2313 615 2437 655 eum
2459 609 2880 656 consecuturum
2903 602 3214 659 sanitatem.
3237 603 3407 671 Quod-

1806 696 1902 752 ubi
1927 696 1977 750 ei
2011 695 2392 750 annuntiatum
2413 702 2518 760 est,
2561 694 2872 751 convocatis
2907 694 3098 751 amicis
3119 711 3186 752 ac
3212 696 3400 767 pmxi—

1805 787 1929 852 mis,
1961 786 2120 856 petiit
2141 797 2202 841 ut
2235 801 2366 858 erga
2395 800 2453 841 se
2477 784 2620 841 illius
2669 785 3019 842 revelationis
3051 786 3205 858 jussa
3249 802 3401 846 com-

1804 878 2037 951 plerent.
2078 877 2181 946 Qui
2211 893 2337 934 mox
2359 876 2608 948 jumento
2636 878 2970 949 impositum,
2997 879 3066 934 ad
3093 879 3396 936 oratorium

1807 975 2114 1042 adducunt;
2139 984 2302 1045 atque
2332 973 2387 1029 in
2429 990 2512 1040 eo,
2545 983 2607 1030 ut
2639 973 2852 1044 iussum
2882 973 3080 1041 fuerat,
3127 973 3400 1031 collocan-

1808 1079 1912 1137 tes,
1937 1071 2154 1134 abeunt,
2179 1078 2304 1141 post
2342 1069 2583 1126 triduum
2619 1071 2911 1127 reversuri.
2943 1070 3037 1128 llle
3071 1079 3254 1128 autem
3297 1072 3400 1128 ibi-

1809 1165 1934 1221 dem
1971 1165 2249 1230 dimissus,
2295 1178 2394 1234 per
2433 1173 2546 1220 tres
2568 1163 2684 1220 dies
2706 1173 2763 1221 et
2782 1175 2991 1233 noctes,
3038 1166 3269 1223 Domino
3304 1181 3404 1238 pro

1809 1256 2004 1314 salutis
2055 1270 2166 1312 suae
2193 1255 2607 1326 recuperatione
2630 1255 2774 1311 haud
2806 1255 3042 1312 inaniter
3066 1256 3406 1328 supplicans,

1811 1349 1887 1404 ita
1927 1348 2169 1420 perfecte
2197 1356 2423 1404 sanatus
2445 1356 2549 1416 est,
2600 1355 2662 1404 ut
2688 1347 2894 1404 nullum
2922 1348 2978 1403 in
3002 1349 3139 1404 .suis
3180 1349 3406 1406 visceri-

1810 1442 1914 1499 bus
1970 1443 2166 1508 morbi,
2208 1457 2316 1512 quo
2362 1440 2534 1497 multo
2569 1449 2815 1512 tempore
2869 1441 3176 1508 tenebatur,
3201 1456 3409 1498 assere-

110 1546 299 1618 piendi
345 1552 400 1600 et
441 1542 774 1599 desiderium
802 1540 966 1596 simul
993 1551 1049 1594 et
1090 1539 1342 1594 ﬁduciam
1370 1537 1602 1602 habens,
1643 1535 1712 1591 ad
1814 1541 1899 1589 ret
1924 1534 2250 1590 remansisse
2288 1533 2602 1606 vestigium.
2631 1532 2756 1590 Suis
2779 1533 2945 1605 igitur
2972 1534 3114 1590 sicut
3137 1534 3406 1606 promise-

113 1644 477 1694 memoratum
503 1633 807 1690 oratorium
849 1647 908 1688 se
950 1630 1164 1702 rogavit
1209 1629 1423 1685 adduci.
1469 1627 1712 1697 Cumque
1813 1633 1939 1682 rant
1963 1627 2032 1682 ad
2061 1640 2119 1681 se
2144 1625 2408 1691 reversis,
2456 1640 2520 1681 ac
2547 1641 2742 1682 sanum
2771 1625 2914 1682 sicut
2959 1635 3280 1699 optavevant
3327 1628 3412 1685 in-

110 1729 214 1786 illo
242 1716 497 1791 venisset,
525 1734 637 1782 tres
679 1733 824 1780 totos
850 1723 986 1789 dies,
1032 1722 1366 1791 totidemque
1396 1728 1584 1776 noctes
1610 1718 1713 1775 ibi-
1817 1721 2180 1786 venientibus,
2229 1734 2337 1775 non
2388 1719 2550 1774 dorso
2596 1718 2853 1789 jumenti,
2911 1729 2973 1775 ut
3025 1727 3272 1788 venerat,
3312 1720 3410 1778 sed

113 1823 245 1880 dem
283 1821 486 1877 orando
513 1827 571 1873 et
610 1816 906 1888 jejunando
935 1814 1293 1871 continuavit.
1343 1812 1451 1869 Sed
1491 1827 1614 1868 cum
1647 1812 1715 1868 ad
1742 1807 1790 1868 B
1817 1815 2015 1886 pedum
2039 1828 2262 1869 suorum
2304 1810 2480 1868 ollicio
2517 1812 2584 1867 ad
2630 1813 2870 1884 propria,
2925 1829 3048 1869 cum
3096 1814 3303 1886 ingenti
3356 1821 3414 1871 et

113 1928 363 1986 praesens
397 1909 605 1966 nullum
647 1907 702 1962 in
733 1922 792 1964 se
835 1914 1106 1976 exoptata:
1155 1904 1405 1960 sanitatis
1453 1903 1716 1960 sensisset

117 2006 400 2068 indicium,
441 2003 660 2058 domum
689 2000 914 2056 reducta
957 2006 1069 2065 est;
1103 1998 1400 2069 paucisque
1428 1995 1718 2069 interposig

120 2097 191 2153 tis
221 2096 432 2158 diebus,
473 2108 569 2164 spe
599 2091 897 2162 recipiendi
938 2090 1156 2146 luminis
1183 2090 1330 2146 haud
1355 2103 1494 2145 vane
1517 2100 1716 2144 conce-

118 2197 238 2260 pta,
277 2188 471 2241 iterum
512 2199 572 2239 se
616 2184 682 2238 ad
714 2196 902 2238 sacras
947 2180 1204 2252 reliquias
1249 2178 1444 2235 deduci
1480 2177 1714 2249 rogavit.

122 2281 242 2350 Quo
267 2295 391 2336 cum
419 2279 488 2334 ab
515 2292 622 2333 uno
661 2291 833 2348 puero
860 2275 1150 2330 duceretur
1185 2303 1256 2314 -—
1297 2288 1424 2328 nam
1449 2273 1542 2342 qui
1568 2271 1718 2342 prius

123 2386 248 2428 eam
297 2369 388 2425 illo
426 2367 789 2432 deduxerunt,
837 2379 990 2436 spem
1037 2364 1156 2436 ejus
1197 2363 1345 2418 velut
1395 2363 1612 2418 inanem
1653 2375 1719 2415 ac

124 2477 516 2534 supervacuam
535 2460 866 2532 judicantcs,
899 2458 1127 2514 ulterius
1154 2474 1277 2514 cum
1301 2457 1389 2513 illa
1423 2457 1504 2512 ire
1532 2455 1721 2510 nolue-

126 2564 260 2610 runt
283 2582 354 2594 —
393 2552 485 2606 ubi
516 2551 585 2607 ad
621 2550 996 2606 cmmeterium
1025 2549 1296 2620 Aquensis
1332 2548 1541 2619 palatii,
1576 2547 1720 2617 quod

124 2645 184 2702 in
225 2653 429 2708 monte,
462 2644 554 2714 qui
594 2642 770 2700 eidem
807 2642 929 2698 vico
961 2643 1029 2698 ab
1057 2642 1307 2697 orientali
1347 2649 1501 2712 parte
1534 2640 1719 2696 immi-

125 2747 242 2802 net,
292 2737 456 2791 situm
504 2745 610 2801 est,
663 2734 855 2790 eodem
906 2736 1202 2792 comitante
1255 2745 1421 2806 atque
1468 2736 1718 2800 ducente,

127 2828 396 2900 pervenit,
428 2828 523 2892 ibi,
570 2827 726 2897 quasi
752 2827 1008 2882 obviante
1035 2827 1136 2883 sibi
1174 2827 1357 2882 divina
1403 2827 1599 2898 gratia,
1629 2826 1722 2882 diu

129 2921 495 2977 desideratum
521 2919 702 2976 lumen
729 2918 954 2988 recepit.
988 2918 1126 2974 Tum
1150 2918 1360 2974 mirans
1387 2925 1552 2990 atque
1579 2925 1722 2972 atto-

128 3012 244 3066 nita
269 3009 535 3088 constitit,
562 3024 839 3081 pueroque
866 3010 1084 3064 ducenti
1111 3018 1170 3064 ut
1195 3018 1517 3080 sequeretur
1546 3010 1721 3080 impe-

127 3106 314 3162 ravit:
370 3123 389 3156 ‹
421 3103 716 3170 Hactenus,
749 3103 1020 3174 inquiens,
1050 3119 1157 3175 quo
1182 3112 1240 3158 tu
1278 3103 1593 3175 praecedens
1625 3101 1724 3158 du-

1815 1918 1914 1958 sua
1960 1910 2018 1957 et
2071 1901 2289 1958 illorum
2331 1901 2692 1973 gratulatione
2745 1910 2907 1974 atque
2954 1903 3162 1972 Iretitia,
3200 1919 3412 1978 regres-

1815 2009 1909 2050 SllS
1937 2003 2042 2050 est.
3095 2066 3100 2070 _

1887 2086 1975 2141 67.
2000 2087 2097 2143 Est
2132 2087 2262 2144 item
2292 2088 2492 2145 fundus
2522 2087 2704 2160 regius
2730 2088 2785 2144 in
2807 2103 2949 2160 pago
3001 2087 3246 2156 Mosano,
3283 2087 3409 2146 octo

1817 2177 2039 2234 circiter
2067 2179 2236 2236 leucis
2258 2180 2327 2235 ab
2355 2179 2597 2251 Aquensi
2641 2179 2760 2236 vico
2798 2179 3129 2250 disparatus,
3178 2179 3418 2251 Ganglu—

1817 2269 1922 2326 den
1947 2281 1970 2309 ο
1996 2269 2332 2327 habitatores
2357 2271 2638 2343 appellant
2665 2290 2678 2326 :
2711 2271 2768 2326 in
2794 2285 2902 2342 quo
2923 2270 3119 2327 mulier
3143 2273 3414 2342 quaedam,

1821 2378 1945 2434 quae
1981 2372 2106 2419 octo
2140 2364 2256 2418 fere
2279 2380 2546 2420 annorum
2575 2364 2741 2420 ﬁliam
2765 2365 2879 2420 dira
2903 2363 3172 2437 paralysns
3200 2368 3417 2438 aegritu-

1821 2455 1946 2511 dine
1977 2457 2112 2510 adeo
2141 2455 2448 2512 confectam
2477 2457 2734 2521 habebat,
2777 2455 2964 2525 utjam
2992 2471 3061 2512 ex
3090 2456 3253 2530 longo
3282 2465 3422 2519 tem-‘2

1819 2563 1954 2619 pore
1993 2546 2198 2602 nullum
2249 2563 2387 2619 pene
2425 2549 2730 2604 membrum
2754 2549 2821 2604 ad
2851 2549 3087 2606 cilicium
3117 2567 3276 2607 suum
3302 2566 3421 2608 mo-

1819 2653 1949 2696 vere
1997 2641 2284 2712 potuisset.
2337 2641 2537 2696 Audita
2581 2642 2843 2697 virtutum
2900 2641 3080 2710 fama,
3139 2659 3293 2715 spem
3352 2643 3423 2700 de

1820 2735 2192 2805 recuperanda
2222 2734 2345 2789 ﬁlia:
2365 2734 2538 2790 salute
2553 2736 2643 2806 pio
2665 2735 2828 2792 corde
2844 2737 3096 2807 concepit
3114 2753 3130 2803 ;
3147 2737 3424 2807 protinus-

1821 2842 1930 2898 que
1988 2826 2259 2882 sublatam
2287 2828 2434 2884 ulnis
2453 2829 2712 2900 propriis,
2735 2829 2804 2886 ad
2845 2839 3202 2886 memoratum
3232 2837 3422 2887 orato-

1823 2917 1965 2971 rium
1989 2916 2280 2987 deportare
2296 2919 2528 2973 curavit.
2567 2919 2701 2987 Quae
2728 2935 2852 2975 cum
2877 2919 2969 2975 illo
2993 2920 3426 2977 antemeridian

1825 3015 2090 3078 tempore,
2134 3009 2266 3064 hora
2290 3008 2544 3066 videlicet
2571 3010 2806 3082 prandii,
2839 3011 3197 3082 pervenisset,
3236 3022 3295 3068 et
3315 3011 3428 3070 cle-

1824 3097 2066 3154 ricorum
2115 3099 2391 3156 neminem
2429 3101 2632 3157 ibidem
2687 3102 2991 3159 invenisset
3022 3133 3093 3144 —
3127 3119 3254 3159 nam
3295 3105 3426 3161 reﬁ-

128 3198 299 3253 eebas
326 3203 510 3252 secuta
543 3210 686 3260 sum,
712 3194 872 3249 modo
903 3201 1084 3250 autem
1115 3202 1208 3250 tuo
1229 3193 1394 3249 ductu
1425 3209 1534 3249 non
1556 3207 1723 3264 egeo;
1753 3183 1799 3248 C
1831 3190 2008 3246 ciendi
2062 3206 2227 3247 causa
2265 3191 2428 3262 paulo
2456 3200 2582 3248 ante
2627 3191 2996 3248 discesserant
3022 3224 3093 3234 —
3119 3203 3303 3250 tamen
3347 3195 3430 3250 in-

130 3289 267 3360 quia
288 3287 451 3351 viam,
479 3301 583 3356 qua
628 3284 708 3340 ire
734 3283 1016 3350 debemus,
1061 3283 1217 3338 video
1241 3300 1257 3350 ;
1295 3291 1350 3338 et
1375 3285 1520 3340 hunc
1543 3283 1724 3338 vicum

130 3380 195 3435 in
225 3393 334 3447 quo
361 3391 524 3432 sacrae
547 3375 790 3446 reliquiae
815 3383 965 3442 sunt,
997 3375 1066 3430 ad
1086 3391 1222 3445 quas
1242 3375 1430 3430 venire
1462 3375 1727 3445 disposui,

132 3476 371 3534 Domino
418 3473 724 3544 adjuvante,
779 3471 1076 3543 conspicio.
1121 3471 1202 3526 Tu
1251 3479 1463 3526 tantum
1502 3470 1625 3526 vide
1677 3479 1732 3527 et

136 3580 298 3628 cura,
334 3571 396 3617 ut
425 3577 510 3617 me
551 3569 699 3616 recta
741 3560 830 3615 via
861 3559 929 3614 ad
976 3559 1274 3614 oratorium
1327 3568 1632 3631 martyrum
1676 3560 1732 3616 in

135 3657 261 3728 ipso
283 3654 404 3710 vico
441 3652 697 3708 adducas.
735 3671 754 3705 ι
795 3651 894 3706 His
941 3651 1124 3718 dictis,
1175 3651 1244 3707 ad
1271 3651 1572 3707 oratorium
1613 3666 1734 3723 per-

138 3745 306 3810 rexit,
347 3743 553 3815 gratias
597 3741 728 3812 egit,
778 3739 1019 3812 factique
1066 3742 1123 3797 in
1167 3757 1228 3798 se
1278 3741 1526 3798 miraculi
1575 3742 1736 3798 nobis

138 3839 400 3895 indicium
426 3836 576 3902 fecit,
606 3835 904 3907 vidensque
937 3843 990 3892 et
1028 3835 1270 3907 gaudens
1289 3836 1358 3892 ad
1395 3835 1615 3908 propria
1648 3850 1736 3893 re-

137 3930 366 3986 meavit.

226 4022 317 4078 66.
367 4019 702 4078 Ascvilarem
757 4022 787 4062 ιι
840 4027 1040 4077 vocant
1084 4021 1316 4076 fundum
1357 4019 1611 4092 regium,
1667 4019 1735 4076 ab

136 4113 384 4185 Aquensi
434 4113 638 4186 palatio
693 4120 930 4184 quatuor
974 4111 1256 4184 leugarum
1302 4112 1478 4182 spatio
1529 4111 1739 4168 distan-

139 4215 282 4271 tem,
304 4208 358 4261 in
381 4222 488 4278 quo
512 4207 728 4278 quidam
752 4207 915 4262 homo
935 4214 1055 4260 crat
1082 4205 1290 4261 diutina
1309 4205 1737 4276 praecordiorum

140 4298 464 4356 inﬁrmitate
511 4299 759 4354 detentus
786 4308 949 4370 atque
979 4299 1268 4363 laborans;
1293 4299 1516 4370 jamque
1546 4315 1576 4354 a
1621 4299 1739 4356 suis

141 4404 210 4445 eo
257 4389 418 4444 modo
461 4390 776 4460 desperatus
795 4431 810 4456 ,
848 4398 908 4444 ut
931 4407 1038 4445 non
1062 4391 1220 4446 aliter
1245 4391 1350 4445 nisi
1378 4391 1621 4446 cauterio
1643 4406 1738 4446 cu-

143 4482 259 4537 rari
310 4472 496 4552 posse"
515 4482 810 4537 videretur.
849 4481 1124 4549 Quaeritur
1146 4483 1214 4536 ad
1258 4483 1361 4538 hoc
1385 4483 1652 4548 medicus,
1684 4489 1739 4538 et

1835 3290 2134 3353 trogressa,
2185 3282 2351 3336 ﬁliam
2375 3283 2532 3354 juxta
2577 3297 2636 3339 se
2677 3299 2733 3338 tn
2770 3285 3081 3356 pavimento
3120 3285 3426 3344 collocavit.

1830 3372 1955 3444 Ipsa
1986 3382 2166 3429 autem
2192 3389 2520 3444 perparvum
2550 3390 2790 3442 cereum,
2851 3392 3014 3448 quem
3052 3395 3153 3451 pro
3203 3396 3433 3439 munere

1834 3464 2126 3534 detulerat,
2152 3466 2479 3532 accendens,
2507 3475 2634 3522 ante
2653 3467 2800 3523 illam
2824 3468 2880 3524 in
2901 3470 3093 3526 eodem
3119 3473 3432 3544 pavimento

1832 3557 2035 3627 posuit,
2059 3571 2224 3628 seque
2271 3557 2340 3612 ad
2373 3557 2640 3613 orandum
2664 3575 2848 3615 coram
2899 3562 3072 3618 sacris
3123 3563 3430 3632 cineribus,

1836 3661 1962 3702 cum
2013 3661 2226 3702 summa
2257 3647 2545 3704 devotione
2583 3652 2899 3720 prostravit.
2955 3653 3073 3721 Quo
3101 3654 3268 3723 facto,
3313 3657 3434 3714 sine

1836 3738 1945 3794 ulla
1973 3739 2292 3810 interposita
2318 3754 2490 3806 mora,
2524 3741 2726 3812 puella,
2763 3759 2864 3814 per
2891 3760 3179 3816 supernam
3201 3749 3432 3818 gratiam

1835 3830 2080 3887 omnium
2107 3831 2476 3887 membrorum
2529 3834 2766 3890 sanitate
2805 3851 2871 3892 ac
2896 3838 3154 3895 ﬁrmitate
3184 3850 3426 3912 recepta,

1837 3917 2014 3981 matre
2078 3940 2187 3980 non.
2235 3927 2505 3981 sentiente
2534 3967 2550 3992 ,
2607 3931 2895 3997 surrexit;
2955 3948 3282 4008 cereumqne
3336 3939 3432 4009 qui

1838 4031 2023 4074 coram
2045 4029 2108 4070 se
2138 4016 2360 4086 jacebat
2399 4017 2633 4083 sustulit,
2687 4034 2751 4074 ac
2775 4030 2900 4091 post
2949 4032 3161 4097 tergum
3195 4028 3432 4100 jacentis

1839 4110 2104 4166 constitit.
2133 4111 2264 4178 Quae
2287 4126 2411 4166 cum
2431 4111 2678 4168 oratione
2704 4115 2997 4186 completa,
3031 4130 3196 4191 caput
3224 4123 3290 4180 de
3336 4141 3434 4196 pa-

1839 4208 2080 4263 vimento
2131 4207 2380 4272 levasset,
2438 4217 2493 4264 et
2522 4223 2626 4265 nec
2658 4224 2898 4277 cereum,
2931 4227 3032 4268 nec
3077 4213 3243 4270 ﬁliam
3274 4217 3328 4271 in
3368 4233 3436 4274 eo

1840 4319 1948 4376 quo
2001 4312 2258 4375 posuerat
2298 4303 2416 4360 loco
2461 4319 2584 4360 esse
2629 4304 2876 4372 vidisset,
2909 4309 3172 4376 surrexit,
3205 4325 3436 4367 conver-

1841 4413 2030 4467 saque,
2054 4397 2220 4452 ﬁliam
2259 4413 2397 4467 pone
2420 4413 2477 4454 se
2499 4414 2622 4454 cum
2649 4414 2809 4454 cereo
2838 4407 3092 4467 stantem,
3132 4402 3301 4456 Deum
3324 4403 3437 4459 lan-

1844 4487 1980 4542 dans
2029 4503 2094 4542 ac
2125 4487 2450 4555 laztabunda,
2493 4493 2794 4561 conspexit.
2842 4493 3012 4565 Igitur
3059 4512 3182 4552 cum
3229 4498 3435 4556 nullum

142 4573 352 4630 ustioni
388 4589 495 4630 non
517 4573 816 4644 profutura:
845 4574 961 4630 dies
987 4574 1358 4630 constituitur.
1385 4575 1598 4632 Interea
1627 4577 1742 4634 cui-
1765 4570 1820 4632 D
1845 4579 1943 4646 ibi,
1993 4580 2080 4635 cui
2111 4580 2180 4636 de
2207 4579 2408 4636 virtute
2435 4597 2556 4652 qua:
2591 4592 2743 4655 gesta
2790 4584 2969 4643 fuerat
2996 4590 3200 4646 referre
3228 4599 3434 4661 posset,

144 4666 279 4722 dam
320 4665 557 4732 feminae,
602 4668 659 4722 in
707 4667 899 4724 eodem
925 4667 1090 4723 fundo
1112 4667 1396 4734 habitanti,
1445 4668 1499 4722 in
1530 4669 1744 4726 somnio
1845 4673 2038 4728 adesse
2063 4673 2290 4738 videret,
2320 4703 2391 4714 —
2411 4689 2537 4729 nam
2563 4681 2760 4746 praeter
2787 4694 3073 4750 pauperes,
3105 4681 3198 4752 qui
3229 4682 3430 4740 ibidem

141 4756 451 4814 revelatum
473 4766 572 4821 est,
607 4774 711 4814 non
733 4758 932 4814 debere
957 4758 1107 4813 illum
1138 4760 1206 4814 ad
1229 4773 1380 4814 suam
1405 4761 1745 4817 curationem
1846 4763 2189 4820 mendicandi
2221 4765 2396 4835 gratia
2424 4768 2788 4834 excubabant,
2838 4784 3000 4825 nemo
3044 4771 3185 4828 intra
3209 4775 3436 4831 oratorii

141 4849 417 4922 ejusmodi
463 4849 729 4906 medelam
774 4851 1082 4916 admittere,
1134 4866 1254 4921 quae
1283 4859 1338 4906 et
1362 4867 1460 4922 pro
1498 4853 1582 4908 sui
1630 4869 1746 4909 mo-
1844 4857 2103 4928 parietes,
2138 4865 2363 4927 excepta
2407 4873 2467 4915 se
2495 4874 2558 4914 ac
2596 4858 2704 4915 ﬁlia
2737 4876 2854 4926 sua,
2888 4873 3017 4918 tunc
3043 4873 3183 4932 erat,
3217 4868 3433 4938 quando

142 4942 312 4998 lestia
365 4943 456 4998 vix
485 4943 704 5000 tolerari
748 4953 953 5015 posset,
978 4952 1034 4999 et
1061 4944 1190 5015 quia
1214 4959 1547 5014 supervacua
1573 4956 1740 5012 esset,
1845 4948 1977 5005 illud
2002 4949 2323 5004 miraculum
2365 4947 2570 5006 factum
2597 4959 2685 5006 est
2710 4983 2780 4992 —
2807 4953 2950 5009 votis
2979 4970 3101 5011 cum
3137 4958 3435 5030 gratiarum

142 5034 387 5089 salutem
439 5035 669 5104 patienti
725 5051 834 5091 non
881 5035 1123 5092 aﬁ'erret.
1174 5033 1442 5092 Caeterum
1485 5037 1531 5092 si
1580 5054 1746 5094 sanus
1850 5032 2062 5096 actione
2084 5041 2294 5108 solutis,
2318 5041 2538 5098 domum
2565 5057 2688 5098 cum
2712 5042 2822 5099 ﬁlia
2839 5059 2971 5099 sana
2993 5054 3158 5118 atque
3180 5048 3438 5110 incolumi

142 5125 276 5182 ﬁeri
335 5126 518 5196 vellet,
573 5129 643 5184 ad
681 5129 935 5200 Aquense
978 5128 1239 5201 palatium
1274 5129 1398 5197 iret,
1447 5133 1750 5188 oratorium
1851 5133 2152 5204 repedavit.

225 5299 257 5328 ι
301 5285 550 5344 Ribuarii
587 5303 683 5345 seu
735 5287 1025 5360 Ripuarii,
1083 5305 1116 5344 a
1155 5289 1272 5415 ripa
1328 5288 1506 5344 Rheni
1570 5295 1753 5345 custo-

225 5357 359 5414 anda
390 5359 542 5415 dicti.
571 5375 803 5415 auorum
832 5361 982 5415 regia
1017 5359 1148 5415 olim
1226 5359 1408 5415 olonia
1453 5359 1753 5415 Aariunina

145 5357 359 5415 dienda
390 5359 542 5431 dicti,
563 5357 982 5431 quorum—regia
1017 5359 1148 5415 olim
1183 5357 1408 5415 Colonia
1453 5359 1753 5431 Agrippina

144 5438 283 5484 erat
319 5447 347 5502 εγ
382 5430 467 5502 sic
494 5429 634 5502 intra
676 5447 827 5487 num.
864 5429 934 5488 93
973 5431 1203 5495 dicitur,
1263 5431 1398 5502 haec
1424 5429 1751 5502 metropolis

143 5516 286 5584 esse
335 5501 393 5556 in
442 5500 642 5558 ﬁnibus
693 5501 1078 5559 Ribuariorum
1104 5543 1119 5570 ,
1165 5516 1330 5574 super
1369 5499 1628 5558 Rhenum
1657 5518 1755 5576 po-

143 5582 417 5730 ῗιῗήοε
451 5643 873 5730 fere'intervallo
894 5646 1062 5730 distat
1086 5645 1317 5730 loc-usin
1353 5644 1756 5730 Juliacensidi-

148 5716 316 5770 tione
360 5730 532 5799 prope
557 5717 934 5800 Linnichium,
963 5717 1124 5789 vulgo
1152 5716 1332 5799 .Wiler
1374 5717 1549 5800 dictus
1564 5735 1592 5802 ς.
1613 5719 1757 5778 .olim

147 5786 314 5842 forte
340 5787 526 5844 addita
552 5789 676 5856 Asc,
708 5789 854 5860 quod
887 5802 1101 5846 cineres
1121 5787 1424 5860 signiﬁcat,
1468 5789 1758 5847 distinctus

1854 5292 1923 5348 ab
1958 5292 2130 5372 altero
2155 5291 2560 5372 duabus_l_eucis
2594 5304 2895 5364 remotion,
2925 5313 3086 5372 vulgo
3107 5297 3437 5372 Holtzwiler,

1855 5365 2000 5434 quod
2016 5363 2293 5434 lignorum
2319 5364 2530 5420 villare.

1924 5446 1955 5518 fa
1999 5432 2221 5506 Ga'ngelt
2265 5443 2349 5492 est
2399 5436 2656 5561 oppidum
2691 5438 2810 5561 agri
2839 5437 3200 5528 Juliacensis,
3233 5459 3300 5501 ex
3336 5461 3444 5517 quo

1925 5505 2149 5561 tundus.
2180 5504 2412 5561 Iacobus
2512 5516 2707 5561 netzra
2751 5512 3052 5561 tmdtcavrt
3077 5515 3266 5561 nnhln-
3299 5515 3444 5561 ann.

1858 5504 2132 5583 oriundus
2147 5504 2412 5583 _Jacob_us
2435 5504 2771 5583 ’Krietzradt
2795 5510 3052 5569 indicavit
3077 5504 3234 5573 nobis
3253 5557 3268 5583 ,
3299 5504 3444 5573 Gan-

1862 5577 2057 5646 gluden
2093 5575 2261 5630 fuisse
2305 5577 2522 5653 circum_
2548 5579 2678 5636 illud
2721 5583 2977 5653 oppidum
3009 5575 3316 5643 districtum
3346 5587 3445 5642 ali-

1863 5661 2025 5716 quem
2070 5655 2317 5728 gertum,
2370 5657 2432 5728 et_
2480 5650 2560 5705 sic
2607 5650 2808 5728 saepius
2848 5655 3107 5728 appellari
3158 5658 3244 5712 Iret
3296 5656 3445 5728 (and:

1864 5715 1976 5800 tjan.
2009 5715 2151 5800 mille
2175 5759 2190 5783 ,
2212 5716 2452 5800 .Qangelt
2472 5760 2487 5786 ,
2546 5715 2700 5779 endc'
2735 5715 3130 5800 Vuclti'eaque
3179 5727 3301 5785 loca
3337 5727 3445 5788 diei

1866 5787 2163 5844 funiculum
2205 5787 2494 5861 triplicem.
