3940 6340
518 299 626 371 B‘M

1803 304 2183 373 EGINHARDI
2219 300 2510 376 ABBATIS

3722 330 3829 397 580

592 420 758 498 cujus
784 408 1003 483 virtutis
1030 406 1298 484 indicium
1325 420 1565 499 qualiter
1590 420 1659 485 ad
1695 434 1796 485 nos
1835 420 2108 501 perlatum
2134 420 2187 496 Α
2211 431 2383 490 nimio
2413 432 2656 493 dentium
2685 421 2900 506 dolore,
2933 454 3093 513 quem
3117 483 3133 511 ,
3162 448 3228 501 ut
3252 444 3368 517 ipse
3397 444 3637 505 dicebat
3655 492 3674 515 ,
3711 450 3831 508 diu-

514 520 611 583 sit,
658 518 852 588 paucis
896 519 1253 590 expediam.a
1281 520 1631 589 Gerwardus,
1674 516 1861 593 palatii
1913 522 2107 581 biblio-

516 600 812 675 thecarir'ts,
832 611 926 665 eui
947 620 1075 666 tunc
1102 610 1364 683 temporis
1392 615 1559 669 etiam
1584 613 1947 684 palatinorum
1972 631 2106 686 ope-

512 708 639 759 nam
666 708 734 758 ac
758 704 1162 758 strueret-anim
1193 704 1223 759 a
1249 712 1378 776 rege
1394 721 1530 762 cura
1556 708 1843 763 commissa
1875 712 2016 775 erat,
2041 708 2108 764 de

512 795 849 869 chmmago
891 796 1134 860 veniens,
1165 799 1425 870 palatium
1454 798 1704 872 Aquense
1761 796 1996 872 petebat.
2054 801 2106 861 ιε

513 894 645 943 cum
693 888 746 942 in
796 896 1099 944 memorato
1124 886 1294 945 fundo
1314 890 1547 961 quadam
1575 900 1735 947 nocte
1790 893 2104 961 mansisset,

510 978 770 1049 quaesivit
815 978 885 1034 ab
908 979 1124 1051 hospite
1172 986 1294 1047 suo,
1332 982 1375 1037 si
1400 980 1603 1052 aliquid
1630 983 1756 1038 novi
1814 982 1881 1039 de
1904 982 2107 1053 palatio

510 1084 694 1141 nuper
723 1070 982 1126 audisset.
1005 1064 1105 1126 (hri
1124 1071 1214 1128 ille
1239 1090 1252 1127 :
1288 1091 1307 1123 ι
1354 1071 1518 1140 Nihil,
1546 1074 1739 1144 inquit,
1771 1072 1934 1129 modo
1964 1066 2106 1146 apud

512 1149 723 1219 aulicos
752 1171 862 1218 tam
886 1163 1100 1219 celebre
1132 1172 1238 1232 est,
1260 1172 1426 1236 quam
1444 1166 1599 1237 signa
1636 1173 1693 1221 et
1730 1166 1960 1222 virtutes
1985 1178 2107 1237 quas

512 1255 654 1312 fiunt
678 1256 737 1312 in
766 1257 926 1313 dumo
948 1239 1242 1328 Eginbardi
1272 1266 1373 1328 per
1399 1260 1663 1330 quosdam
1708 1267 1949 1324 sanctos,
1974 1274 2108 1330 quo-

512 1362 639 1404 rum
662 1348 923 1420 reliquias
950 1349 1006 1403 in
1033 1350 1278 1406 oratorio
1304 1352 1496 1407 domus
1516 1365 1627 1407 suae
1647 1353 1850 1407 habere
1871 1351 2101 1419 dicitur;

510 1445 587 1501 ad
611 1456 842 1516 quarum
870 1445 1273 1502 venerationem
1294 1460 1485 1503 omnes
1523 1446 1691 1503 vicini
1729 1448 1901 1503 nostri
1928 1448 2106 1518 quoti-

512 1541 605 1597 die
629 1539 906 1606 festinant,
933 1548 991 1596 ’et
1041 1541 1353 1612 quicunque
1389 1539 1640 1597 inﬁmus
1675 1541 1766 1596 illo
1794 1540 1960 1596 fuerit
2006 1540 2104 1597 ad-

506 1632 743 1698 ductus,
791 1632 936 1688 illico
986 1636 1231 1688 curatur.
1280 1646 1301 1685 δ
1332 1664 1403 1673 -
1438 1632 1729 1704 Cmpitque
1771 1633 1822 1688 ei
1868 1632 1934 1688 de
1992 1631 2117 1697 tilia.

2212 525 2384 580 tinum
2423 529 2749 598 patiebatur,
2785 533 2957 588 nimio
3004 544 3220 593 tumore
3257 539 3546 608 distentis,
3604 540 3829 603 furcam

2210 615 2472 673 ferratam
2511 620 2565 674 in
2604 622 2743 677 collo
2778 621 2962 680 ferens
2985 667 2999 692 ,
3042 626 3184 682 idem
3219 638 3433 699 pratum
3473 629 3828 689 furibundus

2206 702 2465 774 intravit,
2502 718 2557 765 et
2587 721 2686 766 cur
2713 721 2930 781 pratum
2982 729 3140 771 suum
3192 716 3662 790 depascerentur,
3718 733 3824 778 sto-

2209 794 2512 885 machando
2539 811 2910 874 percontatur.
2954 806 3051 863 Cui
3081 808 3365 877 diaconus,
3409 810 3506 884 qui
3534 814 3824 885 reliquias

2207 884 2511 965 'rnartyrum
2538 894 2781 965 ferebat,
2808 907 2862 954 et
2888 914 2981 955 eas
3010 907 3139 956 tunc
3170 903 3223 957 in
3252 904 3576 962 summitate
3611 884 3819 979 virga,

2209 996 2372 1055 quam
2401 985 2470 1042 ob
2502 985 2607 1043 hoc
2636 988 2690 1042 in
2720 988 2910 1045 eodem
2941 989 3059 1047 loco
3088 990 3312 1061 ﬁxerat,
3343 997 3707 1068 suspendere
3735 1012 3824 1070 pa-

2210 1076 2405 1131 rabat:
2435 1096 2454 1128 ‹
2484 1078 2704 1146 Melius,
2739 1080 2944 1152 inquit,
2982 1084 3077 1139 tibi
3106 1094 3220 1152 est,
3252 1095 3311 1142 ut
3338 1102 3524 1144 coram
3558 1091 3665 1147 his
3697 1102 3821 1147 San-

2208 1174 2423 1223 ctorum
2458 1168 2707 1240 reliquiis
2727 1212 2742 1237 ,
2770 1182 2908 1242 qnas
2938 1173 3029 1229 hic
3056 1175 3113 1230 in
3143 1178 3393 1234 manibus
3424 1176 3617 1236 habeo
3642 1224 3660 1248 ,
3698 1194 3823 1253 prc-

2208 1263 2494 1326 ste‘rnaris,
2528 1263 2809 1335 Deumque
2835 1278 2994 1334 roges
3020 1278 3080 1325 ut
3110 1274 3196 1338 te,
3228 1284 3327 1343 per
3353 1276 3551 1330 merita
3588 1288 3821 1332 eorum-

2205 1352 2331 1407 dem
2360 1364 2705 1422 sanctorum,
2739 1358 2804 1413 de
2838 1356 3056 1427 dolore,
3088 1375 3249 1432 quem
3288 1366 3525 1434 pateris,
3566 1365 3819 1425 liberare

2205 1441 2496 1513 dignetur:
2528 1460 2653 1500 nam
2692 1455 2891 1514 tumor,
2925 1451 3018 1520 qui
3052 1446 3108 1505 in
3141 1448 3281 1508 facie
3313 1461 3402 1508 tua
3438 1454 3700 1519 videtur,
3740 1466 3815 1513 te.

2206 1542 2383 1590 statur
2416 1536 2653 1607 aliquem
2689 1553 2943 1613 magnum
2978 1540 3033 1596 in
3062 1556 3159 1599 ore
3186 1551 3283 1599 tuo
3312 1558 3432 1601 esse
3462 1546 3755 1603 dolorem.
3789 1562 3807 1603 t

2204 1626 2289 1683 Ad
2326 1628 2442 1685 haec
2481 1630 2672 1696 horno,
2702 1631 2945 1703 projecta
2976 1632 3131 1689 furca
3160 1647 3324 1705 quam
3354 1652 3522 1691 manu
3547 1636 3808 1708 ferebat,

506 1724 754 1780 mulier-ts
785 1724 951 1790 titius,
996 1724 1236 1795 qualiter
1260 1734 1387 1781 ante
1437 1740 1644 1796 paucos
1673 1726 1789 1781 dies
1832 1724 1980 1781 salva
2023 1722 2105 1778 fa-
2208 1727 2333 1775 ante
2353 1719 2613 1791 reliquias
2633 1734 2839 1792 pronus
2862 1725 3099 1790 corruit,
3123 1733 3197 1790 et,
3224 1734 3286 1781 ut
3311 1724 3577 1783 diaconus
3606 1730 3667 1785 ei
3692 1746 3809 1785 sua-

507 1818 599 1871 c'ta
624 1816 732 1882 sit,
763 1816 1041 1871 intimare.
1067 1832 1140 1857 °-—
1163 1816 1300 1872 Tum
1327 1815 1658 1872 GerWardus
1690 1834 1702 1870 :
1736 1832 1756 1867 ι
1796 1813 1965 1881 Vade,
2000 1815 2098 1881 ait,
2128 1796 2176 1869 Β
2205 1812 2310 1879 sit,
2348 1828 2449 1884 pro
2488 1812 2664 1869 salute
2699 1829 2797 1870 sua
2832 1814 3065 1872 Domino
3103 1818 3441 1889 supplicavit.
3485 1819 3609 1877 Nec
3647 1822 3808 1895 longa

504 1910 838 1966 eté‘aiitdem
869 1911 1154 1967 mulierem
1203 1911 1379 1967 adduc
1428 1910 1496 1966 ad
1534 1924 1641 1977 me,
1685 1917 1747 1965 ut
1800 1910 1917 1982 ipsa
1966 1908 2099 1965 mihi

510 2002 657 2059 dicat
678 2003 822 2073 quod
843 2005 1032 2059 audire
1061 2004 1328 2061 desidero.
1353 2024 1372 2057 ι
1399 2004 1562 2061 Venit
1578 2005 1796 2070 mulier,
1820 2013 1877 2060 et
1894 2004 2095 2072 Omnia,

506 2104 671 2165 prout
686 2105 840 2168 gesta
861 2105 1038 2162 erant,
1052 2105 1302 2168 patenter
1320 2098 1590 2169 exposuit.
1609 2090 1936 2153 Gerwardus
1946 2112 2096 2165 vero,

504 2201 631 2243 cum
648 2188 708 2243 in
730 2188 1032 2245 crastinum
1050 2184 1119 2245 ad
1143 2202 1326 2260 regem
1340 2190 1600 2254 Venisset,
1615 2204 1677 2245 ea
1692 2204 1814 2259 qua:
1830 2186 1895 2245 de
1910 2184 2012 2244 huc
2027 2188 2100 2244 si-

508 2292 619 2349 gno
645 2278 976 2334 revelatione
1002 2278 1156 2351 [Μεη
1178 2278 1465 2352 relatione]
1486 2278 1632 2335 illius
1644 2277 1863 2335 luminae
1882 2294 2099 2351 compe-

504 2376 674 2437 rerat,
712 2370 891 2425 eidem
926 2370 1199 2427 indicavit.
1231 2370 1348 2427 Rex
1391 2379 1594 2438 autem,
1621 2386 1744 2427 cum
1776 2386 1877 2443 ego
1906 2387 2100 2428 secun-

502 2461 636 2516 dum
671 2462 1122 2519 consuetudinem
1176 2464 1455 2535 ingressus
1502 2476 1688 2519 coram
1734 2463 1828 2520 illo
1870 2473 2092 2532 starem,

503 2552 635 2623 quid
668 2554 768 2609 sibi
786 2553 1114 2611 Gerwardus
1137 2555 1204 2611 de
1232 2555 1336 2611 hoc
1369 2555 1634 2612 miraculo
1662 2555 1960 2622 retulisset,
1984 2562 2096 2612 tam

499 2645 654 2713 mihi,
701 2659 864 2715 quam
906 2647 1122 2702 caeteris
1151 2646 1256 2703 sibi
1292 2648 1616 2713 astantibus,
1642 2644 1896 2703 divinam
1917 2647 2089 2704 mise-

498 2734 794 2791 ricordiam
830 2743 999 2807 atque
1026 2737 1328 2806 potentiam
1370 2735 1693 2793 admirando
1730 2736 1893 2792 simul
1931 2744 2094 2808 atque

499 2823 789 2889 laudando,
812 2828 1128 2882 insinuavit.
1161 2827 1370 2885 Sicnos
1409 2829 1640 2900 contigit
1664 2829 1901 2901 signum,
1946 2828 2094 2901 quod

498 2915 659 2970 nobis
707 2916 1083 2986 ignorantibus
1110 2917 1168 2971 in
1206 2917 1366 2971 domo
1402 2924 1593 2973 nostra
1618 2925 1835 2990 gestum
1877 2926 1985 2987 est,
2023 2932 2092 2975 ex

502 3005 814 3077 huju‘modi
838 3008 1103 3066 relatitme
1122 3020 1468 3081 cognoscere.

1096 3116 1328 3178 CAPUT
1360 3118 1473 3177 VII.

506 3220 771 3285 Hiracrtla
807 3218 1118 3286 Valencenis
1155 3231 1213 3287 in
1252 3223 1542 3286 Harmonia
1576 3232 1790 3289 nalrata
1834 3232 1904 3288 ad
1956 3233 2084 3289 reli-

574 3248 771 3285 tractua
815 3248 1118 3286 vatencems
1155 3249 1213 3287 τη
1252 3248 1542 3286 uannoma
1613 3248 1790 3287 atrata
1834 3248 1903 3288 aa
1956 3248 2076 3289 rett-

574 3296 727 3374 quia;
761 3300 948 3356 horum
987 3300 1325 3357 Sanctorum.
1368 3300 1508 3358 Cruci
1540 3248 1724 3358 (leuem
1756 3302 2076 3374 illuminati,

573 3372 669 3427 alii
698 3374 827 3443 agri
859 3374 1058 3428 sanati.

570 3461 662 3519 68.
704 3462 833 3518 Haec
858 3463 929 3519 de
952 3463 1234 3520 miraculis
1262 3460 1548 3521 beatorum
1580 3473 1891 3538 martyrum
1910 3507 1926 3535 ,
1956 3479 2083 3537 qua

504 3553 562 3611 in
588 3553 797 3624 palatio
825 3562 976 3625 gesta
996 3564 1155 3621 sunt,
1183 3556 1241 3611 in
1267 3557 1523 3627 praesenti
1548 3571 1715 3627 opere
1743 3568 2084 3613 commemo-

498 3659 657 3702 rasse
683 3643 934 3701 sufﬁciat.
962 3644 1121 3702 Nunc
1151 3646 1221 3703 ad
1245 3654 1340 3704 eas
1360 3648 1591 3703 virtutes
1612 3648 1938 3705 veniendum
1965 3656 2080 3717 est,

501 3753 624 3809 quae
656 3738 715 3793 in
751 3737 885 3794 locis
918 3736 1083 3794 facta:
1117 3746 1276 3803 sunt,
1319 3738 1388 3793 ad
1439 3753 1594 3809 quae,
1632 3739 1903 3811 religiosis
1948 3740 2083 3795 viris

498 3830 809 3903 petentibus
842 3845 910 3887 ac
941 3845 1031 3887 me
1064 3831 1332 3905 largiente
1352 3873 1367 3899 ,
1402 3832 1726 3888 venerandae
1763 3833 2083 3890 eorundem

494 3932 801 3995 martyrum
820 3923 1072 3994 “rliquiae
1093 3933 1395 3993 venerunt,
1426 3934 1481 3983 et
1508 3928 1563 3982 in
1592 3927 1789 3999 quibus
1818 3929 2081 3987 hactenus

493 4030 619 4070 cum
651 4028 849 4085 magna
882 4017 1193 4072 reverentia
1231 4017 1502 4075 coluntur.
1544 4019 1694 4088 Quas
1724 4022 1934 4092 primus
1959 4036 2079 4077 om-

496 4106 649 4161 nium
695 4106 961 4177 Georgius
1002 4110 1289 4181 presbyter
1337 4119 1395 4166 et
1439 4122 1620 4167 rector
1663 4115 1980 4170 monasterii
2018 4114 2077 4170 S.

495 4193 670 4251 Salvii
700 4195 728 4235 δ
756 4199 1012 4268 martyris
1032 4239 1047 4265 ,
1087 4201 1229 4269 quod
1262 4201 1320 4255 in
1356 4216 1497 4271 pago
1534 4202 1983 4273 Fanomartensi,
2024 4208 2078 4262 in

491 4289 616 4345 vico
646 4289 984 4347 Valentianis
1014 4284 1284 4362 appellato
1303 4333 1317 4358 ,
1353 4294 1410 4348 in
1438 4295 1557 4365 ripa
1588 4294 1798 4352 Scaldis
1826 4297 1975 4354 ﬂuvii
2004 4300 2082 4355 si-

489 4394 606 4445 tum
633 4393 755 4454 est,
782 4403 871 4444 me
906 4388 1070 4444 dante
1106 4390 1380 4460 suscepit,
1411 4397 1465 4444 et
1495 4402 1597 4461 per
1633 4392 1926 4463 quemdam
1962 4393 2081 4449 dia-

490 4496 693 4541 conum
745 4482 814 4537 ad
862 4490 1223 4538 memoratum
1270 4485 1663 4540 monasterium
1716 4486 1785 4540 de
1832 4484 2074 4557 Aquensi

2200 1902 2522 1973 interposita
2559 1916 2745 1971 mora,
2784 1907 2860 1961 ita
2909 1920 3073 1965 sanus
3123 1910 3191 1966 ab
3229 1911 3481 1968 oratione
3518 1915 3807 1983 surrexit,

2199 2000 2260 2048 ut
2287 2007 2390 2050 nec
2421 1994 2605 2051 tumor
2632 1995 2691 2051 in
2717 1994 2897 2064 facie,
2937 2012 3041 2056 nec
3074 1998 3232 2056 dolor
3282 2002 3338 2057 in
3371 2003 3641 2060 dentibus
3662 2047 3680 2071 ,
3712 2021 3807 2063 nec

2200 2083 2394 2154 gibbus
2443 2099 2552 2156 quo
2598 2087 2972 2158 premebatur,
3026 2099 3337 2150 remaneret
3376 2094 3432 2150 in
3479 2096 3684 2154 dorso.
3731 2101 3806 2157 At:

2198 2176 2427 2248 proinde
2454 2180 2669 2235 concito
2698 2181 2870 2252 gradu
2898 2183 3079 2239 vicum
3106 2185 3415 2258 ingressus,
3447 2202 3657 2245 omnes
3684 2205 3807 2260 pro-

2197 2269 2433 2340 pinquos
2461 2284 2527 2326 ac
2554 2271 2767 2328 vicinos
2796 2287 2922 2329 suos
2943 2316 2958 2339 ,
2992 2275 3048 2330 in
3077 2272 3268 2333 eodem
3295 2277 3414 2333 loco
3440 2281 3801 2349 constitutus,

2198 2359 2269 2415 ad
2295 2359 2511 2416 laudern
2532 2360 2646 2419 Deo
2667 2362 2977 2432 dicendam,
3006 2376 3060 2422 et
3082 2369 3286 2439 gratias
3313 2368 3536 2427 Christo
3559 2370 3800 2431 Domino

2196 2453 2547 2523 referendas,
2593 2457 2864 2515 invitavit.
2915 2459 3190 2518 Conﬂuxit
3231 2464 3288 2519 in
3334 2474 3556 2535 pratum
3606 2468 3801 2541 ingens

2195 2551 2381 2623 populi
2433 2550 2762 2622 multitudo,
2811 2564 2865 2612 et
2910 2571 3012 2628 pro
3059 2573 3125 2616 eo
3172 2561 3264 2630 qui
3313 2568 3544 2618 sanatus
3573 2561 3796 2633 fuerat,

2196 2645 2400 2715 gratias
2422 2655 2610 2702 actura
2638 2649 3073 2722 circumjacentis
3107 2653 3341 2725 regionis
3367 2654 3529 2710 turba
3561 2672 3794 2729 congre-

2196 2746 2321 2809 gata
2353 2746 2455 2795 est.
2490 2739 2706 2811 Rogant
2736 2752 2928 2799 omnes
2959 2743 3246 2801 diaconum
3285 2754 3347 2801 ut
3382 2747 3534 2803 illam
3573 2758 3793 2806 noctem

2196 2829 2270 2886 ibi
2323 2842 2672 2889 moraretur:
2720 2848 2825 2892 nec
2871 2836 2961 2893 ille
2998 2838 3080 2894 eis
3127 2838 3233 2895 hoc
3281 2856 3485 2914 negare
3537 2853 3788 2914 poterat,

2194 2921 2321 2991 quia
2368 2924 2545 2994 parati
2596 2933 2787 2993 erant,
2828 2928 2936 2983 nisi
2984 2933 3313 2999 assentiret,
3350 2935 3520 2988 etiam
3560 2935 3787 2993 invitum

2194 3012 2459 3070 detinere.
2497 3015 2714 3072 Ducunt
2744 3017 2940 3075 deinde
2978 3021 3294 3094 pervigilem
3332 3033 3590 3093 noctem,
3628 3039 3687 3082 et
3734 3029 3787 3085 in

2193 3104 2292 3160 Dei
2340 3103 2593 3165 laudibus
2642 3117 2760 3166 tota
2808 3113 2960 3184 regio
3012 3115 3325 3170 resonabat.
3375 3116 3438 3172 In
3484 3120 3787 3175 crastinum

2115 3166 2161 3241 (ἶ
2195 3198 2414 3263 autern,
2452 3212 2578 3254 cum
2613 3166 3013 3258 diaconusuiter
3050 3218 3207 3260 suum
3248 3220 3448 3278 capere
3489 3209 3782 3279 coepisset,

2193 3286 2374 3344 omnis
2408 3287 2503 3344 illa
2541 3292 2853 3364 congregati
2897 3293 3084 3366 populi
3135 3294 3449 3368 frequentia
3486 3301 3780 3359 abeuntem

2187 3388 2312 3437 cum
2346 3378 2560 3456 ingenti
2596 3386 2886 3444 devotione
2920 3389 3176 3445 comitata
3213 3399 3300 3448 est
3322 3433 3339 3459 ,
3376 3409 3478 3450 nec
3530 3404 3661 3451 ante
3700 3394 3779 3451 vel

2187 3470 2486 3529 Subsistere
2516 3474 2603 3531 vel
2633 3476 2915 3535 discedere
2942 3480 3143 3548 voluit,
3169 3497 3336 3552 quam
3365 3483 3437 3540 ab
3464 3478 3623 3552 aliis,
3651 3501 3777 3558 quos

2186 3565 2436 3622 miraculi
2465 3560 2628 3640 hujus
2659 3568 2803 3626 fama
2840 3585 3248 3641 commoverat,
3290 3579 3512 3633 obviam
3554 3580 3658 3635 sibi
3692 3596 3777 3636 ve-

2184 3656 2460 3714 nientibus
2493 3656 2686 3717 fuisset
2716 3675 2998 3735 exceptus.
3040 3665 3155 3725 Hoc
3181 3668 3348 3726 modo
3374 3687 3552 3728 sacrae
3579 3684 3776 3745 marty-

2185 3766 2308 3807 rum
2346 3752 2626 3824 reliquiae,
2663 3771 2731 3811 ex
2769 3758 2931 3829 hujus
2967 3761 3257 3818 occasione
3290 3763 3585 3832 miraculi,
3614 3782 3645 3821 a
3679 3783 3771 3839 po—

2182 3844 2324 3915 pulis
2350 3844 2567 3902 illarum
2596 3848 2878 3922 regionum
2908 3863 3183 3924 exceptat,
3212 3864 3267 3910 ct
3297 3856 3369 3912 ad
3396 3856 3684 3914 basilicam
3713 3858 3767 3914 S.

2187 3935 2386 4005 Salvii,
2430 3954 2537 4009 quo
2570 3955 2663 4018 cas
2699 3952 3036 4000 memoratus
3071 3945 3339 4018 Georgius
3378 3950 3641 4016 miserat,
3676 3950 3770 4007 Do-

2184 4025 2334 4082 mino
2387 4027 2647 4095 ducente,
2702 4033 2927 4102 perlatae
2981 4043 3128 4090 sunt.
3186 4036 3299 4092 Hoc
3346 4038 3566 4109 signum
3612 4044 3770 4114 ipsius

2183 4120 2401 4194 Georgii
2437 4123 2703 4182 relatione
2733 4136 2950 4184 constat
2978 4132 3107 4186 mihi
3138 4148 3258 4189 esse
3289 4147 3639 4208 compertum
3669 4159 3682 4193 :
3712 4140 3771 4196 de

2184 4214 2398 4270 caeteris
2436 4225 2647 4285 autem,
2689 4235 2809 4289 quae
2849 4238 2993 4278 nunc
3033 4224 3261 4280 dicenda
3301 4237 3465 4294 sunt,
3506 4232 3580 4288 ab
3611 4247 3677 4288 eo
3705 4232 3764 4287 li-

2182 4305 2383 4361 bellum
2420 4309 2632 4379 accepi,
2673 4311 2829 4381 cujus
2867 4316 3002 4371 ordo
3039 4318 3126 4372 vel
3162 4321 3336 4376 series
3369 4320 3520 4379 hunc
3556 4326 3766 4383 modum

2183 4398 2386 4456 habere
2414 4403 2783 4472 cognoscitur.

2258 4491 2345 4549 69.
2386 4491 2543 4549 Anno
2568 4504 2768 4565 quarto
2800 4496 3012 4554 decimo
3042 4498 3094 4567 ει,
3126 4500 3348 4559 Christo
3384 4508 3651 4579 propitio,
3682 4510 3767 4565 im-

488 4572 695 4645 palatio
725 4572 1036 4629 destinavit.
1075 4573 1126 4630 ls
1156 4584 1322 4631 unum
1350 4583 1561 4631 tantum
1590 4578 1850 4633 comitem
1888 4592 2075 4635 secum
2099 4572 2156 4606 ν
2179 4585 2318 4656 perii
2364 4582 2667 4643 Hludowici
2714 4589 2977 4663 Augusti,
3028 4609 3151 4649 cum
3204 4596 3269 4651 ad
3305 4572 3763 4659 corroborandant

488 4665 729 4732 habens,
762 4682 890 4723 cum
927 4667 985 4723 in
1010 4682 1153 4740 pago
1190 4668 1467 4726 llasbanio
1502 4671 1571 4725 ad
1606 4672 1789 4727 vicum
1825 4674 2073 4744 regium,
2180 4678 2463 4734 christiani
2514 4681 2696 4751 populi
2746 4682 2941 4750 ﬁdem,
2996 4688 3137 4743 sicut
3185 4689 3239 4744 in
3288 4691 3448 4749 initio
3500 4698 3766 4754 nascentis

489 4770 652 4826 quem
681 4758 1005 4815 Vuasidium
1035 4770 1060 4800 ε
1091 4768 1318 4827 vocant,
1346 4764 1623 4829 venisset,
1653 4772 1819 4833 atque
1854 4764 1912 4819 in
1947 4782 2077 4837 pra-
2178 4769 2456 4837 ecclesiae,
2498 4772 2653 4844 signa
2690 4784 2744 4829 et
2781 4777 3031 4849 prodigia
3070 4780 3123 4834 in
3172 4780 3291 4851 ipso
3338 4792 3488 4857 regis
3535 4790 3762 4858 palatio,

489 4852 582 4912 to,
633 4847 779 4917 quod
824 4849 947 4906 vico
992 4851 1301 4922 proximum
1330 4861 1492 4921 erat,
1525 4853 1945 4911 reficiendorum
1979 4856 2074 4927 ju-
2177 4876 2275 4933 per
2303 4863 2499 4920 merita
2527 4875 2840 4923 sanctorum
2868 4847 3088 4927 suorum
3108 4914 3124 4939 ,
3155 4847 3431 4931 Dominus
3454 4847 3764 4951 dignaretur

488 4947 797 4997 mentorum
832 4943 1005 5014 gratia
1042 4946 1445 5014 descendisset,
1486 4962 1616 5004 ecce
1654 4965 1796 5004 unus
1823 4950 1891 5005 de
1918 4950 2075 5005 habi-
2177 4954 2499 5027 ostendere,
2549 4958 2706 5030 petiit
2752 4969 2808 5017 et
2851 4962 3085 5019 obtinuit
3132 4964 3403 5039 Georgius
3453 4943 3757 5044 presbyter,

488 5030 758 5089 tutoribus
786 5032 895 5092 loci
931 5036 1094 5107 gibba
1126 5037 1415 5109 depressus
1434 5081 1449 5106 ,
1490 5040 1729 5097 maxillis
1763 5043 1929 5098 etiam
1950 5084 1964 5110 ,
1996 5058 2067 5100 ex
2170 5045 2503 5118 Aquisgrani
2530 5050 2738 5121 palatio
2757 5092 2773 5119 ,
2804 5053 2873 5110 ab
2902 5051 3215 5127 Eginhardo
3247 5030 3481 5127 abbate,
3512 5030 3759 5135 reliquias

555 5216 583 5246 ι
597 5200 763 5291 .lluic
783 5206 1060 5291 Gervardo
1084 5213 1335 5291 scribens
1339 5285 1361 5291 _
1380 5215 1722 5291 Eginhardus
1780 5220 2064 5291 epistolam

2207 5224 2443 5308 rioratus
2481 5225 2689 5308 ordinis
2720 5226 3095 5308 Cluniacensis
3131 5233 3201 5289 ab
3228 5232 3558 5308 anno_l:03,
3600 5250 3756 5308 prope

485 5274 576 5354 tt,
596 5275 741 5333 inter
757 5278 863 5354 alia
898 5280 1067 5354 habet
1086 5284 1232 5339 ista:
1265 5274 1596 5354 «narraris,
1638 5290 1749 5345 imo
1779 5274 2063 5349 causam;

2219 5296 2505 5379 alcncenas
2530 5311 2595 5379 ac
2614 5296 2728 5379 fere
2766 5300 2821 5379 in
2850 5302 3147 5379 suburbiis,
3177 5319 3339 5374 quem
3376 5296 3565 5362 locum

483 5344 606 5430 das,
632 5357 690 5403 ut
725 5351 942 5430 omissis
968 5364 1267 5430 martyrum
1294 5344 1594 5430 excubiis,’
1621 5344 1831 5430 quibus
1864 5344 2065 5419 ind—esi:

482 5427 677 5543 ttige‘r‘rlter
709 5420 978 5479 adessect
1002 5420 1267 5483 interesse
1286 5428 1469 5499 jussus
1494 5420 1657 5499 sum,-
1670 5430 1930 5501 palatium
1964 5450 2062 5506 pe-

602 5530 616 5543 .
655 5510 675 5543 ι

602 5530 616 5546 .
655 5510 675 5543 ι

550 5559 579 5599 h
601 5558 806 5634 Colitur
831 5562 887 5619 S.
903 5563 1117 5623 Salvius
1135 5567 1205 5622 26
1222 5566 1389 5634 Junii,
1415 5571 1507 5625 ubi
1531 5574 1877 5630 ostendemus
1898 5574 2064 5632 fuisse

481 5633 785 5712 cmtrolnlium
818 5636 1157 5712 clericorurn,
1178 5640 1322 5712 quod
1346 5642 1674 5712 Baldericus,
1702 5645 1795 5701 lib.
1823 5662 1863 5701 ιι
1892 5647 2063 5703 Chro-

483 5700 589 5757 nic't
637 5703 1075 5784 Cameracensis,
1282 5710 1343 5784 51
1393 5713 1624 5784 appellat
1661 5700 2062 5775 monasterium

482 5768 792 5835 canonicale
829 5777 888 5836 S.
914 5768 1081 5837 Salvii
1104 5768 1346 5853 episcopi
1375 5768 1880 5857 et‘r'nartyrisrﬁs't
1890 5768 2061 5846 i536;

2166 5363 2419 5423 Famam
2448 5368 2553 5425 dici
2582 5378 2735 5424 notat
2764 5369 2999 5428 Mabilio.

2244 5449 2294 5512 ο-
2318 5436 2642 5512 Vuasidiurrr
2679 5440 2868 5512 forsan
2920 5441 3118 5512 Weset,
3176 5461 3272 5502 seu
3311 5444 3577 5503 Veltwesct
3620 5446 3756 5503 inter

2170 5508 2482 5637 grrijectum
2528 5520 2585 5568 et
2615 5508 2916 5581 Bilsenam,
2957 5508 3323 5586 quod'Wased
3361 5528 3546 5591 potest
3592 5519 3753 5576 fuisse

2207 5596 2255 5637 rc
2284 5597 2391 5635 um.

2237 5650 2264 5692 (ι
2292 5652 2387 5707 Est
2413 5654 2458 5732 i_s
2488 5669 2662 5710 annus
2688 5653 2894 5732 Christi
2923 5657 3052 5728 827,
3074 5660 3420 5732 potissimum
3448 5680 3642 5723 mense
3662 5662 3751 5720 Ju-

2167 5722 2259 5780 nio
2285 5739 2393 5794 quo
2419 5725 2537 5782 haec
2565 5727 2945 5802 contigerunt~
3034 5722 3047 5728 ⁷
3074 5722 3093 5732 “
3332 5760 3351 5771 π
