3940 6340
124 349 227 424 861

966 363 1145 422 msr.
1181 346 1572 423 TRANSLA'i‘.
1610 346 1719 422 Bb.
1760 352 2177 422 MARCELle
2214 363 2305 421 ET
2341 362 2566 421 parm.

3294 359 3400 424 582

120 483 421 537 beatorum
468 472 679 535 Chrisli
726 485 1031 551 martyrum
1084 468 1381 536 Marcellini
1429 489 1485 537 et
1531 466 1713 547 Petri,
1742 486 1795 547 Α
1817 462 1970 535 l’auli
1991 520 2005 545 ,
2033 479 2082 534 id
2113 489 2225 545 est,
2254 490 2447 553 quarto
2472 470 2742 537 Kalendas
2761 466 2887 535 Julii
2909 521 2923 547 ,
2945 476 3122 552 puella
3149 480 3397 556 qumdam

123 586 367 645 quorum
418 586 648 643 corpora
695 570 810 643 ipse
858 571 924 627 de
962 570 1134 626 Roma
1171 586 1269 642 per
1307 573 1551 627 homines
1588 580 1715 627 suos

122 667 294 723 allata
344 672 517 737 nuper
564 673 891 735 acceperat:
945 676 1146 734 easque
1200 664 1254 719 in
1307 678 1498 734 capsa.
1551 672 1714 734 quam

124 775 268 815 auro
296 768 353 815 et
380 759 613 829 gemmis
639 759 894 814 decenter
918 762 1209 813 ornaverat
1229 800 1243 823 ,
1280 758 1589 813 reconditas
1618 760 1716 827 per

118 852 423 908 diaconum
460 864 650 914 suum,
686 852 907 905 nomine
943 848 1347 906 Theotbardum
1369 892 1384 918 ,
1425 851 1492 905 ad
1524 844 1714 906 basili-

117 950 251 1002 eam
286 943 344 1000 S.
387 943 555 1000 Salvii
592 945 877 1016 martyris,
915 954 1076 1015 quam
1124 946 1238 1015 ipse
1285 950 1412 999 tunc
1452 945 1713 1014 temporis

121 1050 227 1108 per
250 1032 581 1091 beneﬁcium
613 1036 758 1106 regis
797 1036 1045 1100 tenebat,
1075 1032 1307 1106 dirigere
1342 1037 1568 1091 curavit.
1611 1035 1713 1102 Qui

124 1128 391 1185 diaconus
437 1143 562 1184 cum
608 1127 677 1183 ad
718 1128 901 1183 villam
944 1128 1185 1201 regiam,
1232 1136 1352 1199 qua!
1394 1126 1713 1185 Vuasidium

121 1224 374 1286 vocatur,
407 1221 668 1285 venisset,
700 1222 939 1277 occurrit
977 1222 1026 1277 ei
1063 1218 1225 1278 homo
1265 1220 1615 1291 gibberosus,
1658 1230 1714 1278 et

122 1318 191 1368 ex
231 1313 476 1369 dentium
514 1313 698 1369 dolore
740 1313 816 1368 ita
856 1323 1082 1368 vexatus
1106 1322 1268 1385 atque
1297 1312 1611 1380 confectus,
1650 1316 1712 1369 ut

117 1404 232 1473 jam
262 1410 359 1475 per
383 1406 499 1460 dhs
532 1405 841 1475 quindecim
871 1400 1076 1460 nullum
1104 1407 1271 1460 alium
1304 1406 1509 1462 victum
1548 1408 1710 1475 quam

116 1494 300 1550 solam
338 1506 536 1566 aquam
568 1492 755 1566 posset
794 1500 1095 1552 assumere.
1130 1488 1237 1564 Qui
1275 1508 1400 1551 cum
1454 1488 1711 1552 borla‘nt‘e

120 1586 357 1643 diacono
384 1586 569 1643 coram
600 1582 877 1657 reliquiis,
927 1594 1065 1658 qttas
1100 1586 1195 1643 ille
1242 1578 1491 1655 l‘erehat,
1539 1592 1597 1643 se
1640 1578 1711 1669 ad

112 1679 391 1733 orandum
417 1685 749 1748 prostrasset
765 1719 779 1745 ,
801 1680 859 1733 et
882 1670 1172 1734 Dominum
1199 1672 1474 1733 Christum
1494 1675 1516 1743 ,'
1537 1674 1599 1733 u't
1626 1678 1709 1734 sui

112 1770 496 1836 misereretur,
540 1770 735 1827 devote
785 1780 848 1827 ae
878 1772 1195 1842 suppliciter
1224 1771 1565 1837 invocasset,
1611 1768 1709 1842 per

1816 574 2006 643 parva,
2039 574 2256 628 nomine
2288 572 2646 640 Theotbalda,
2674 560 2882 629 habens
2912 575 3090 629 {etatis
3116 590 3307 642 annos,
3337 583 3400 632 ut

1814 666 2130 736 putabatur,
2170 683 2361 723 novem
2383 709 2397 731 ,
2433 683 2551 737 qua:
2590 664 2762 723 tribus
2798 666 2953 724 annis
2983 668 3119 724 nihil
3149 669 3396 738 viderat,
3433 684 3438 697 '

1808 754 2061 825 tempore
2091 757 2346 813 salutaris
2370 754 2530 813 ollicii
2561 756 2613 813 in
2644 756 2817 814 media
2846 756 3029 831 pepuli
3055 757 3398 815 multitudine

1814 852 2133 917 constituta,
2166 860 2465 925 martyrum
2497 850 2920 921 suifragantibus
2949 852 3179 917 meritis,
3212 852 3396 909 lumen

1810 944 2073 1000 amissum
2100 959 2165 999 ex
2193 943 2374 999 divina
2416 943 2764 1000 miseratione
2804 945 3028 1016 recepit.
3077 942 3280 1000 Eadem
3310 944 3398 1000 die

1814 1034 2035 1104 quidam
2067 1034 2250 1099 homo,
2283 1034 2500 1090 nomine
2524 1034 2698 1101 Dado,
2724 1036 2789 1090 de
2811 1034 2938 1090 villa
2962 1033 3229 1090 Ponticuli
3254 1046 3275 1074 ο
3302 1048 3399 1091 vo-

1810 1134 1969 1192 ‘cata,
2008 1127 2098 1197 qui
2135 1142 2305 1183 annos
2354 1144 2448 1182 sex
2484 1143 2682 1183 curvus
2718 1134 2872 1192 erat,
2910 1134 2963 1181 et
3000 1127 3067 1182 ad
3104 1125 3303 1182 coelum
3339 1140 3399 1182 se

1814 1217 2025 1290 erigere
2073 1234 2178 1273 non
2227 1226 2481 1289 poterat,
2535 1220 2765 1289 ideoque
2809 1212 3065 1275 brevibus
3106 1212 3396 1287 anticulis,

1812 1309 2154 1365 sustentandi
2184 1326 2242 1366 se
2272 1311 2447 1382 gratia
2478 1306 2579 1366 sub
2602 1310 2779 1366 axillis
2806 1311 3017 1382 positis,
3051 1324 3286 1367 cernuus
3313 1311 3399 1366 in-

1810 1402 2077 1464 cedebat,
2127 1404 2175 1458 is
2219 1404 2411 1458 eadem
2453 1403 2620 1471 hora,
2665 1405 2965 1475 eodemque
3006 1405 3060 1459 in
3104 1403 3254 1472 loco,
3296 1419 3396 1476 per

1810 1492 2241 1551 misericordiam
2270 1494 2366 1551 Dei
2407 1502 2462 1551 et
2501 1510 2599 1566 per
2639 1496 2831 1551 merita
2868 1495 3152 1552 beatorum
3192 1503 3398 1569 marty-

1809 1588 1931 1642 rum
1952 1628 1967 1653 ,
2000 1594 2216 1643 erectus
2244 1603 2307 1643 ac
2337 1586 2501 1643 sanus
2528 1586 2755 1645 ell‘ectus
2783 1596 2885 1644 est.

1880 1674 1969 1734 72.
2000 1676 2099 1735 Die
2129 1689 2324 1750 quarto
2349 1696 2613 1735 nonarum
2634 1678 2894 1750 juliarum
2914 1722 2929 1747 ,
2959 1670 3205 1749 quoniam
3228 1678 3392 1737 vidua

1809 1770 2028 1826 nomine
2054 1768 2325 1826 Adalrada
2345 1813 2359 1837 ,
2395 1788 2515 1842 quae
2545 1772 2704 1825 annis
2733 1780 2966 1841 quatuor
2991 1769 3273 1826 oculorum
3302 1769 3391 1826 lu-

112 1859 575 1915 intercessionem
599 1869 915 1917 sanctorum
946 1860 1244 1917 Marcellini
1280 1869 1337 1917 et
1365 1847 1541 1928 Petri,
1576 1862 1707 1917 cun-
1732 1856 1783 1926 B
1810 1866 1957 1921 mine
1985 1865 2193 1936 privata
2231 1863 2367 1921 nihil
2401 1858 2653 1930 videbat,
2695 1862 2879 1918 audita
2914 1862 3176 1917 virtutum
3213 1859 3393 1930 fama,

116 1960 207 2007 cta
234 1954 493 2031 carperis.
522 1954 968 2011 incommoditate
1006 1956 1228 2025 depulsa
1248 1996 1263 2021 ,
1294 1970 1461 2011 sanus
1490 1956 1559 2011 ab
1587 1964 1711 2013 ora-

119 2044 271 2100 tione
315 2046 576 2101 surrexit.
622 2044 851 2102 Factum
902 2057 985 2104 est
1028 2046 1134 2105 hoc
1175 2046 1497 2105 miraculum
1548 2050 1710 2107 tertio

118 2136 332 2192 decimo
354 2133 631 2195 Kalendas
660 2130 807 2195 Julii.
839 2136 992 2208 Quod
1024 2152 1056 2196 a
1088 2150 1177 2197 me
1205 2143 1456 2213 superius
1496 2141 1710 2213 plenius

116 2234 205 2279 est
253 2236 606 2296 enarratum,
661 2230 788 2300 quia
841 2245 942 2301 ego
991 2230 1123 2287 illud
1169 2231 1328 2301 juxta
1385 2234 1709 2291 relationem

114 2320 410 2374 memorati
434 2316 657 2393 Georgii
689 2324 1040 2379 conscribere
1069 2325 1276 2379 curavi.

182 2398 279 2463 Ἦ).
314 2408 590 2466 Diaconos
627 2410 809 2468 autem
847 2426 971 2469 cum
1008 2414 1258 2485 reliquiis
1286 2416 1447 2471 tertia
1477 2417 1565 2474 die
1592 2410 1707 2473 Va-

112 2494 392 2557 lentiam
426 2503 691 2570 Veniens,
731 2508 855 2560 cum
895 2517 990 2561 eas
1015 2505 1070 2560 in
1099 2506 1381 2562 basilicam
1412 2506 1472 2563 S.
1504 2506 1705 2576 Salvii,

116 2594 263 2650 sicut
288 2596 343 2650 ei
373 2594 552 2651 fuerat
578 2597 904 2667 imperatum
925 2639 941 2666 ,
972 2606 1289 2656 reverenter
1318 2610 1373 2655 et
1404 2600 1709 2658 honoriﬁce

112 2688 370 2756 interi-et,
401 2690 621 2760 quidam
646 2688 863 2759 juvenis
886 2692 951 2747 de
978 2692 1106 2747 villa
1132 2694 1276 2765 regis
1306 2708 1425 2764 quae
1444 2688 1656 2750 Listina
1679 2688 1707 2737 ἃ

112 2786 364 2847 vocatur,
416 2778 730 2837 Dominicus
764 2783 1000 2851 nomine,
1053 2785 1146 2855 qui
1186 2798 1251 2840 eo
1299 2786 1512 2853 morbo,
1545 2802 1708 2857 quem

108 2872 292 2929 Graeci
343 2884 620 2945 spasmuin
667 2876 973 2947 appellant,
1015 2874 1129 2945 jam
1176 2892 1274 2948 per
1316 2893 1516 2941 annum
1562 2880 1706 2935 inte-

117 2976 273 3039 grum
302 2969 387 3023 sic
414 2970 734 3034 vexabatur,
774 2976 837 3023 ut
871 2970 1067 3025 manus
1104 2967 1221 3039 ejus
1261 2971 1450 3026 dextra
1490 2972 1708 3042 penitus

120 3060 394 3115 contineri
450 3074 559 3115 non
610 3044 832 3131 posset,
891 3061 986 3117 sed
1050 3062 1345 3134 agitatione
1402 3062 1702 3131 continua,

111 3154 273 3226 quasi
318 3156 412 3226 ‘qui
455 3155 653 3211 molam
703 3158 975 3222 verteret,
1024 3158 1336 3212 moveretur
1380 3156 1435 3211 in
1478 3173 1703 3230 gyrum,

115 3250 307 3305 statim
338 3249 395 3303 in
422 3250 538 3320 ipso
564 3250 791 3304 introitu
814 3290 828 3315 ,
859 3264 960 3320 per
989 3251 1182 3306 merita
1229 3251 1512 3306 beatorum
1558 3250 1703 3306 mar-

114 3349 337 3412 tyrum,
371 3346 547 3396 ceram
568 3341 720 3395 ‘omni
746 3340 944 3412 populo
970 3342 1047 3396 ita
1072 3342 1294 3397 curatus
1329 3350 1440 3408 est,
1481 3349 1542 3395 ut
1580 3348 1703 3413 post

108 3430 240 3488 haec
278 3424 485 3487 nultum
521 3431 673 3487 illius
722 3432 1009 3489 horrendae
1058 3432 1373 3505 agitationis
1419 3441 1702 3503 pateretur

115 3524 542 3579 incommodum.
584 3525 794 3580 Exinde
833 3525 921 3580 die
957 3534 1184 3595 quarta,
1214 3525 1268 3579 in
1297 3524 1588 3580 festivitate
1615 3525 1700 3579 vi-

113 3615 317 3672 delicet
344 3616 491 3672 beati
518 3615 741 3672 Joannis
784 3614 1071 3687 Baptistae,
1117 3631 1253 3673 anus
1294 3610 1571 3687 quadam,
1605 3631 1701 3672 no-

116 3711 266 3765 mine
302 3708 577 3776 Gerrada,
626 3724 755 3781 quae
786 3724 854 3766 "se
897 3724 1100 3765 annum
1142 3725 1311 3764 unum
1350 3723 1498 3765 carca
1533 3707 1698 3781 [Ma.,

115 3801 342 3874 eccam]
364 3801 537 3857 {uisae
570 3808 768 3857 testata
797 3809 881 3856 est
900 3842 915 3867 ,
952 3801 1087 3855 dum
1118 3801 1407 3856 missarum
1439 3799 1703 3855 solemnia

116 3893 528 3951 celebrarentur
566 3890 738 3967 [Ms.,
786 3888 1190 3967 celebrantur],
1233 3893 1501 3950 invocatis
1528 3894 1705 3949 beatis

115 3988 489 4060 martyribus,
534 3986 749 4055 lumen,
807 3988 953 4058 quod
991 4003 1060 4043 ex
1094 3987 1204 4042 ﬁde
1251 3987 1502 4059 petierat,
1566 4002 1703 4042 cun-

112 4080 223 4135 ctis
286 4081 381 4150 qui
446 4080 672 4135 aderant
725 4078 1035 4135 videntibus
1064 4120 1078 4143 ,
1144 4092 1237 4148 pet
1315 4078 1532 4134 illorum
1586 4092 1704 4132 me-

114 4177 223 4231 rita
256 4176 481 4247 recepit.
524 4173 793 4231 Similiter
838 4172 895 4230 in
942 4174 1235 4229 festivitate
1284 4173 1458 4228 sancti
1501 4171 1703 4238 Salvii,

113 4267 208 4339 qui
233 4267 419 4323 evenit
455 4276 613 4323 sexto
652 4266 923 4323 Kalendas
957 4263 1107 4332 Julii,
1135 4265 1355 4335 quidam
1385 4266 1548 4320 homo
1578 4280 1704 4319 sur-

113 4362 543 4426 dusetmutus,
588 4360 731 4415 inter
774 4358 1039 4415 solemnia
1082 4359 1406 4423 missarum,
1448 4371 1548 4427 per
1592 4355 1706 4410 suf-

114 4454 292 4529 fragia
338 4436 681 4525 martyrum,
708 4461 762 4509 et
790 4452 1033 4508 auditum
1061 4460 1116 4505 et
1147 4449 1420 4522 loquelam
1461 4449 1707 4518 recipere

113 4547 340 4604 meruit.
371 4544 574 4602 Eadem
618 4546 705 4619 die
744 4562 881 4601 anus
920 4543 1168 4615 quaedam
1210 4542 1276 4597 de
1313 4557 1452 4613 pago
1491 4540 1708 4596 Laudu—

112 4640 307 4707 nensi,
339 4638 690 4695 Rodeltrudis
720 4637 940 4693 nomine
961 4676 977 4702 ,
1008 4648 1131 4704 quae
1154 4648 1257 4704 per
1285 4639 1399 4687 tres
1428 4645 1601 4685 annos
1627 4628 1710 4685 lu-

114 4752 243 4795 men
269 4737 395 4795 coeli
424 4751 533 4791 non
567 4734 738 4799 vidit,
784 4733 836 4787 in
881 4731 1069 4786 eadem
1115 4725 1480 4784 celebratione
1520 4724 1710 4780 missa-

114 4847 277 4894 rum,
323 4830 501 4885 visum
543 4825 767 4898 recepit.
810 4821 1013 4891 Quinto
1048 4814 1330 4875 Kalendas
1369 4815 1532 4883 Julii,
1573 4818 1711 4886 puer

113 4924 344 4997 quidam
375 4934 646 4977 annorum
675 4916 897 4974 circiter
925 4922 1166 4985 septem,
1200 4910 1527 4965 Donitianus
1555 4907 1588 4948 ι)
1616 4921 1713 4962 no-

112 5018 300 5082 mine,
350 5014 447 5086 qui
496 5012 598 5068 fuit
642 5020 823 5067 cazcus
863 5022 895 5063 a
934 5007 1255 5073 nativitate,
1298 5004 1426 5060 dum
1468 5001 1713 5075 divinum

112 5108 430 5166 celebratur
460 5094 695 5163 cilicium
710 5144 727 5171 ,
750 5114 852 5174 per
880 5100 1074 5157 merita
1092 5096 1381 5157 beatorum
1406 5105 1712 5167 martyrum

111 5199 464 5257 muniamus
491 5206 600 5253 est.

69 5305 84 5334 ι
185 5292 283 5347 7t.
325 5290 386 5346 in
407 5289 591 5363 vigilia
612 5300 747 5345 vero
773 5286 1060 5343 beatorum
1086 5280 1458 5355 apostolorum
1480 5276 1633 5334 Petri
1659 5284 1719 5333 et

191 5463 217 5491 ι
239 5442 416 5504 Forte
445 5444 667 5501 Lessin‘a
713 5440 969 5515 oppidum
1019 5430 1716 5515 llannoni:e_aut__l_.iptines

108 5536 296 5597 prope
322 5519 608 5597 Latinium,
637 5515 733 5571 ubi
750 5505 878 5571 'sub
904 5513 1303 5568 Carolomanno
1335 5506 1392 5562 in
1419 5505 1545 5561 villa
1576 5505 1721 5576 regis

111 5592 367 5668 Synodus
397 5592 714 5668 habitaest.
742 5657 754 5668 .
937 5655 974 5668 _
1033 5666 1038 5668 _
1249 5666 1255 5668 _
1472 5649 1562 5668 nu

192 5668 222 5707 b
259 5664 457 5718 Putem
504 5657 887 5724 scribendum,
932 5655 1295 5718 Domitianus,
1350 5650 1436 5707 vel
1464 5649 1719 5705 Donatiu-

114 5754 401 5861 παῖ’διιιιί
423 5805 645 5875 quidem
682 5803 739 5858 in
768 5801 948 5875 vicin_a
975 5794 1299 5875 Valencenis
1325 5791 1727 5875 Fla‘nd‘riaﬁalf

112 5880 329 5949 licana,
357 5862 505 5936 intér
535 5876 775 5933 Duacum
803 5881 861 5930 et
886 5871 1215 5935 Tornacum,
1240 5865 1378 5922 Pont
1401 5868 1434 5921 ὰ
1464 5862 1641 5919 Rache
1670 5870 1728 5922 et

1810 1972 1961 2028 spem
1990 1958 2137 2014 visus
2165 1958 2460 2030 recipiendi
2489 1974 2596 2014 non
2623 1973 2761 2012 vana
2792 1956 2896 2013 [ide
2925 1956 3175 2026 concepit
3199 1972 3214 2021 ;
3245 1969 3397 2012 arre-

1808 2054 2012 2122 ptoque
2037 2051 2232 2108 baculo
2254 2094 2269 2119 ,
2302 2051 2417 2108 sola
2448 2052 2566 2107 sine
2593 2046 2819 2107 ductore
2845 2048 2911 2105 ad
2942 2048 3290 2107 Valentiauas
3314 2048 3398 2105 ire

1810 2142 2114 2200 contendit.
2161 2144 2404 2213 Cumque
2450 2143 2572 2198 vico
2621 2142 3059 2213 appropinquare
3103 2141 3392 2211 coepisset,

1806 2234 1987 2289 visum
2028 2236 2114 2290 e'st
2154 2234 2205 2290 ei
2247 2230 2392 2305 quod
2431 2234 2582 2291 velut
2624 2248 2793 2289 unum
2833 2232 2963 2289 solis
3000 2230 3214 2287 radium
3240 2228 3400 2286 oculo

1808 2326 2004 2384 dextro
2031 2328 2406 2398 conspiceret;
2437 2343 2501 2382 ac
2524 2326 2753 2397 proinde
2777 2325 3017 2381 divinam
3044 2322 3398 2380 clementiam

1806 2436 1945 2492 puro
2000 2418 2164 2476 corde
2212 2419 2505 2490 deprecata
2554 2426 2639 2474 est
2690 2418 2750 2472 ut
2794 2434 2895 2489 per
2946 2415 3400 2472 intercessionem

1810 2520 2127 2567 sanctorum
2179 2526 2402 2566 suorum
2453 2508 2738 2564 ecclesiam
2787 2507 2845 2562 S.
2900 2502 3069 2561 Salvii
3122 2505 3399 2562 se‘videre

1807 2600 2169 2673 permitteret.
2209 2600 2516 2672 Statimque
2554 2594 2805 2655 exaudita
2843 2606 2954 2664 est,
2983 2605 3038 2654 et
3067 2586 3212 2668 quod
3247 2604 3402 2669 opta-

1808 2692 1995 2757 verat,
2026 2692 2255 2747 Domino
2285 2692 2612 2757 miserante,
2646 2689 2763 2745 sine
2791 2705 2943 2744 mora
2971 2690 3056 2745 est
3085 2697 3396 2744 consecuta.

1809 2783 1931 2855 lpsa
1978 2800 2193 2855 quoque
2236 2784 2353 2850 die,
2398 2776 2566 2837 altera
2611 2787 2857 2852 qumdam
2890 2779 3101 2836 'femina
3146 2772 3213 2837 de
3254 2795 3398 2853 pago

1809 2875 2191 2941 Noviomensi,
2235 2876 2456 2931 nomine
2503 2868 2758 2940 Rubitla,
2796 2871 3172 2943 quinquennio
3215 2886 3397 2940 caeca,

1812 2968 1957 3025 inter
2007 2969 2302 3024 missarum
2354 2967 2617 3023 Solemnia
2664 2960 2851 3021 lumen
2908 2960 3053 3037 quod
3104 2964 3394 3033 amiserat,

1810 3056 2030 3116 Christo
2065 3052 2298 3115 Domino
2330 3056 2433 3129 per
2470 3054 2665 3114 merita
2705 3065 3017 3115 sanctorum
3044 3072 3268 3115 suorum
3296 3056 3399 3115 do-

1787 3161 1975 3221 panw
1996 3193 2011 3217 ,
2040 3152 2266 3222 recepit.

1886 3240 1977 3300 73.
2012 3241 2075 3297 In
2102 3241 2314 3297 octavis
2343 3236 2709 3310 apestolorum
2732 3280 2748 3306 ,
2772 3227 2833 3294 id
2858 3232 2944 3294 est
2964 3280 2979 3305 ,
3010 3230 3189 3309 pridie
3213 3232 3400 3299 Nonas

1808 3328 1966 3400 Julii,
1998 3334 2218 3406 quidam
2244 3332 2431 3397 homo,
2461 3320 2814 3387 Guntbardus
2842 3328 3082 3396 nomine,
3113 3320 3179 3385 de
3206 3328 3399 3387 eodem

1810 3442 1971 3499 pago,
2005 3425 2157 3481 velut
2180 3420 2418 3497 paralysi
2446 3426 2758 3496 percussus,
2786 3416 2854 3478 ad
2878 3414 3161 3478 basilicam
3182 3414 3247 3478 'S.
3276 3414 3399 3479 Sal-

1807 3519 1882 3573 vii
1910 3534 1942 3572 a
1968 3517 2083 3573 suis
2105 3516 2375 3571 adductus
2401 3522 2487 3570 est
2513 3533 2527 3569 :
2557 3514 2650 3585 qui
2668 3555 2682 3580 ,
2703 3521 2766 3568 ut
2787 3513 3069 3580 dicebant,
3087 3511 3203 3583 jam
3230 3529 3400 3573 unum

1810 3622 2009 3665 annum
2043 3606 2281 3663 habebat
2312 3608 2366 3661 in
2392 3596 2581 3661 eadem
2615 3602 2961 3670 inlirmita‘te,
2994 3613 3049 3659 et
3088 3615 3200 3659 tam
3235 3605 3401 3662 vehe-

1810 3708 2026 3756 menter
2052 3699 2107 3753 in
2136 3698 2358 3754 sinistra
2382 3707 2539 3769 parte
2558 3695 2811 3767 corporis
2828 3696 2919 3751 aui
2934 3695 3259 3753 debilitatus
3283 3706 3399 3765 est,

1808 3801 1870 3849 ut
1905 3807 2008 3848 nec
2040 3804 2264 3848 manum
2307 3791 2376 3846 ad
2410 3802 2477 3847 os
2515 3791 2737 3856 ducere,
2768 3794 2870 3844 nec
2895 3798 2953 3844 se
2976 3788 3064 3843 'vel
3104 3789 3287 3845 lavare
3313 3786 3402 3845 vel

1811 3882 2058 3942 calceare
2088 3884 2315 3939 valeret.
2347 3881 2448 3937 llic
2467 3923 2480 3946 ,
2510 3892 2608 3951 per
2633 3875 3071 3936 misericordiam
3105 3874 3204 3935 Dei
3237 3878 3401 3935 ineri-

1814 3986 1981 4047 taque
2024 3976 2371 4039 sanctorum,
2430 3982 2675 4042 tempore
2720 3972 3057 4051 matutinalis
3094 3972 3294 4039 olﬁcii,
3342 3973 3401 4030 ita

1810 4067 1928 4139 ipsa
1961 4065 2305 4122 solemnitate
2324 4107 2339 4130 ,
2369 4079 2533 4119 sanus
2558 4062 2786 4119 effectus
2807 4069 2914 4117 est.

1879 4157 1971 4211 74.
2002 4154 2269 4211 Similiter
2296 4163 2353 4210 et
2382 4154 2521 4209 alius
2551 4152 2744 4220 homo,
2772 4153 2995 4210 nomine
3026 4144 3400 4225 Hildebonus,

1810 4247 2035 4303 veniens
2060 4247 2126 4302 de
2154 4246 2484 4303 monasterio
2510 4245 2654 4317 quod
2678 4238 3226 4301 Ad—duos-Gemellos
3253 4238 3280 4286 ἆ
3304 4261 3402 4319 ap-

1810 4339 2060 4411 pellatur,
2109 4354 2234 4395 cum
2285 4338 2355 4393 ab
2402 4336 2630 4392 infantia
2675 4352 2853 4393 cazcns
2884 4340 3068 4404 cisset,
3111 4353 3175 4394 ac
3215 4336 3401 4395 lumen

1812 4435 1935 4490 coeli
1978 4435 2033 4488 in
2076 4441 2192 4488 tota
2232 4433 2347 4488 vita
2389 4446 2490 4487 sua
2519 4440 2629 4487 non
2660 4428 2917 4499 vidisset,
2947 4430 3003 4486 ih
3034 4430 3403 4490 celebratione

1812 4524 2132 4589 missarum,
2160 4523 2350 4579 eadem
2393 4523 2479 4579 die
2498 4564 2511 4587 ,
2542 4522 2599 4577 in
2626 4522 2814 4579 eadem
2846 4522 3108 4589 basilica,
3138 4516 3237 4593 per
3278 4520 3402 4580 eos-

1810 4617 1932 4673 dem
1975 4623 2213 4681 sanctos,
2235 4615 2429 4670 eodem
2459 4605 2699 4670 Domino
2720 4616 3018 4670 miserante
3041 4622 3204 4683 atqtre
3247 4612 3405 4669 auxi-

1811 4707 2013 4774 liante,
2056 4708 2235 4762 visum
2283 4708 2523 4778 recepit,
2566 4716 2621 4761 et
2680 4708 2865 4762 omnia
2929 4718 3050 4778 (piae
3088 4705 3243 4776 prius
3290 4718 3401 4764 non

1810 4803 1980 4871 vidit,
2010 4804 2156 4860 clare
2187 4803 2371 4858 videre
2405 4802 2622 4857 meruit.
2654 4801 2752 4856 Die
2780 4816 2909 4856 vero
2934 4797 3207 4854 Nonarum
3234 4795 3402 4854 Julia—

1813 4914 1934 4955 rum
1952 4939 1968 4966 ,
1998 4900 2176 4969 puella
2206 4898 2452 4969 qumdam
2482 4895 2704 4968 parvula
2724 4936 2740 4960 ,
2781 4894 2999 4949 nomine
3028 4892 3399 4963 Reginlindis,

1816 5004 1937 5064 quae
1982 5006 2093 5049 non
2138 4993 2372 5063 amplius
2413 5006 2576 5062 quam
2617 4986 2893 5063 septcnnis
2935 4998 3055 5042 esse
3095 4986 3398 5051 videbatur,

1818 5092 1942 5142 cttm
1980 5085 2159 5142 tribus
2195 5085 2355 5139 annis
2385 5083 2667 5140 oculorum
2698 5092 2919 5135 suorum
2959 5077 3164 5133 lumine
3194 5079 3402 5133 caruis-

1817 5186 1935 5245 set,
1964 5188 2021 5235 et
2050 5179 2191 5235 inter
2220 5187 2448 5234 ca-teros
2475 5178 2529 5231 in
2559 5175 2781 5230 basilica
2808 5173 2876 5228 ad
2900 5173 3140 5228 divinum
3166 5172 3402 5227 cilicium

1820 5272 2148 5329 audiendum
2215 5269 2586 5333 constitisset,
2640 5256 3130 5321 intervenientibus
3182 5272 3403 5319 sancto-

1822 5427 1962 5485 Pont
1989 5432 2020 5499 ὰ
2044 5428 2230 5499 Marcy
2251 5445 2269 5493 ς
2293 5427 2386 5483 sed
2415 5423 2735 5499 alterutrum
2756 5421 2940 5499 locum
2962 5418 3055 5476 hic
3078 5418 3281 5493 signari
3311 5430 3407 5474 no-

1822 5503 1969 5557 mine
2010 5491 2274 5556 Ponn'citli
2304 5510 2507 5554 temere
2537 5496 2657 5566 quis
2682 5491 2921 5566 dixerit?

1856 5622 1873 5639 ,
1893 5572 1919 5611 ά
1955 5568 2336 5627 Manastcrium
2363 5569 2431 5622 ad
2455 5558 2587 5622 duo}
2615 5560 2873 5639 Gemellus
2898 5565 2990 5621 hic
3008 5638 3013 5639 ί
3032 5558 3137 5620 dici
3168 5561 3405 5639 videtur,

1863 5631 1967 5699 ttod
1998 5644 2277 5698 Ambianis
2325 5642 2379 5695 in
2402 5639 2651 5694 Picardia
2682 5638 2842 5707 vulgo
2872 5631 3408 5707 nominatttr_Saint-

1863 5661 1967 5699 llOll
1998 5661 2277 5698 AlllDI’tllllS
2325 5661 2379 5695 Ill
2402 5661 2651 5694 Πρω-ωδ
2684 5661 2842 5707 vurgu
2872 5661 3184 5693 lluullllaulr
3221 5661 3407 5688 cunu-

1824 5661 2029 5770 glartin
2052 5716 2143 5769 des
2165 5713 2451 5776 Jumcaux,
2479 5726 2507 5764 a
2537 5709 2784 5767 Guidone
2808 5710 3087 5782 episeopo,
3124 5703 3228 5762 sub
3263 5714 3407 5758 anno

1829 5789 1988 5855 1075,
2014 5794 2202 5858 postea
2231 5791 2617 5842 resmuratum.
