3940 6340
507 309 618 376 583

1797 305 2175 366 EGINHARDI
2208 306 2500 366 ABBATIS

3703 309 3802 371 584

508 446 633 490 rum
680 427 893 486 meritis
911 466 927 496 ,
973 439 1163 484 coram
1190 422 1340 482 omni
1369 421 1716 479 multitudine
1737 461 1752 488 ,
1789 419 2093 474 illummata
2121 429 2176 490 Α
2196 421 2457 492 jungitur,
2485 436 2515 476 a
2546 419 2805 478 fratribus
2826 429 2851 462 ο
2877 419 3078 479 ibidem
3101 420 3214 480 Deo
3241 422 3651 493 servientibus,
3677 441 3804 499 quo-

512 532 614 583 est.
647 522 855 590 Quarto
896 520 1022 576 Idus
1051 519 1200 586 Julii,
1239 533 1383 574 caeca
1426 520 1694 588 quaedam,
1727 515 1942 570 nomine
1969 513 2095 568 Ala-

511 618 596 689 gia
616 656 629 680 ,
666 631 787 686 quae
829 612 1039 670 duobus
1079 611 1194 666 fere
1221 612 1377 666 annis
1403 611 1520 665 visu
1550 611 1806 676 carebat,
1839 609 1981 663 intra
2008 623 2097 662 sa-

508 728 601 768 cra
629 711 921 766 missarum
950 707 1239 773 solemnia,
1290 704 1712 776 suifragantibus
1741 703 1844 758 sibi
1879 710 2096 758 sancto-

509 821 630 860 rum
679 802 966 873 precibus,
1013 816 1046 855 a
1091 798 1321 854 Domino
1358 796 1487 853 Jesu
1531 795 1750 850 Christo
1793 794 2096 850 illuminata

510 907 612 955 est.
648 898 852 953 Eadem
883 897 970 953 die
997 911 1174 952 caecus
1203 892 1422 964 quidam
1449 891 1606 947 valde
1635 907 1800 948 senex
1821 932 1836 957 ,
1870 892 1936 946 de
1965 890 2092 944 villa

510 987 800 1044 Gauliacas
854 999 917 1053 ι,
969 985 1388 1040 Ermeuwardus
1439 981 1737 1047 vocabulo,
1789 981 1880 1050 qui
1938 979 2094 1035 annis

511 1074 922 1147 quatuordecim
968 1073 1105 1128 nihil
1142 1073 1326 1127 videre
1364 1071 1571 1141 potuit,
1616 1070 1686 1124 ad
1719 1068 2094 1140 vespertinum

512 1166 753 1222 ollicium
785 1163 1073 1221 ecclesiam
1102 1163 1384 1233 ingressus
1411 1162 1601 1215 beatos
1629 1165 1902 1230 martyres
1943 1158 2094 1213 invo-

511 1259 686 1322 cavit,
723 1273 790 1313 ac
814 1256 1002 1311 statim
1031 1253 1277 1309 caecitate
1308 1250 1563 1321 depulsa,
1595 1249 1687 1305 diu
1730 1248 2094 1304 desideratam

511 1349 719 1416 lucem,
750 1348 978 1402 Domino
1008 1344 1324 1414 adjuvante,
1354 1343 1582 1412 recepit.

580 1442 667 1497 75.
711 1440 951 1511 Septimo
991 1437 1248 1493 kalendas
1291 1435 1542 1506 augusti,
1593 1433 1772 1504 puella
1813 1431 2094 1502 quaedam,

510 1549 631 1606 qua:
661 1534 731 1589 ab
752 1531 1029 1587 immundo
1055 1530 1248 1600 spiritu
1274 1530 1590 1594 vexabatur,
1620 1528 1675 1582 in
1702 1525 1979 1581 basilicam
2002 1523 2096 1579 ad-

508 1625 692 1690 ducta,
721 1624 847 1680 dum
876 1638 1046 1679 sacrae
1072 1621 1362 1679 oblationis
1387 1619 1620 1676 ofﬁcium
1652 1619 1975 1683 celebratur,
1997 1631 2095 1686 per

505 1717 762 1771 virtutem
777 1713 977 1771 Christi
993 1722 1049 1769 et
1060 1713 1254 1768 merita
1264 1714 1549 1768 beatorum
1572 1721 1895 1782 martyrum,
1912 1709 2096 1780 fugato

2201 527 2319 567 rum
2358 521 2545 583 rogatu
2585 511 2845 582 reliquias
2883 523 3307 570 memoratorum
3341 515 3555 573 Christi
3598 529 3805 592 marty-

2200 620 2321 660 rum
2357 605 2424 659 ad
2463 605 2606 660 idem
2637 607 3029 661 monasterium
3077 608 3234 676 misi;
3282 609 3339 665 in
3379 627 3489 682 quo
3541 612 3680 668 hac
3721 631 3805 686 per

2200 695 2444 751 ordinem
2467 704 2617 767 gesta
2641 706 2854 766 reperta
2881 705 3025 753 sunt.

2273 787 2300 829 ά
2335 788 2492 844 Anno
2519 790 2587 845 ab
2613 789 2984 845 incarnatione
3005 790 3220 847 Domini
3242 793 3414 848 nostri
3436 792 3579 850 Iesu
3605 793 3804 855 Christi

2201 880 2650 951 octingentesimo
2691 881 2949 936 vicesimo
2991 891 3204 949 octavo,
3247 895 3511 940 venerunt
3561 885 3805 958 mliquia

2202 983 2519 1031 sanctorum
2546 972 2749 1030 Christi
2775 984 3076 1047 martyrum
3113 976 3409 1034 Marcellini
3447 987 3502 1035 et
3545 979 3716 1036 Petri
3750 983 3806 1038 ad

2199 1070 2591 1126 monasterium
2615 1067 2672 1124 S.
2704 1069 2958 1135 Bavonis,
2994 1070 3082 1125 die
3102 1071 3290 1140 quinto
3328 1071 3624 1128 Nonarum
3664 1073 3806 1143 Julii,

2201 1159 2336 1217 feria
2363 1168 2539 1226 sexta,
2562 1160 2856 1216 indictione
2875 1176 2951 1215 vr.
2989 1160 3173 1216 Tertia
3199 1177 3329 1218 vero
3351 1163 3456 1229 die,
3485 1164 3546 1219 id
3568 1172 3691 1230 est,
3718 1165 3809 1221 Do-

2202 1253 2403 1307 minica
2429 1251 2697 1322 proxima,
2724 1265 2845 1320 quae
2863 1249 2966 1306 fuit
3000 1252 3158 1307 tertio
3193 1251 3374 1307 Nonas
3407 1251 3620 1318 Julias,
3662 1271 3804 1325 qua:-

2203 1342 2327 1397 dam
2364 1341 2542 1410 puella
2583 1357 2753 1407 caeca,
2793 1342 3012 1396 nomine
3049 1342 3354 1409 Hartliuda,
3399 1345 3467 1401 de
3500 1345 3647 1402 villa
3697 1364 3804 1419 quae

2201 1433 2508 1490 Fursenum
2543 1445 2566 1472 ο
2599 1433 2918 1504 appellatur,
2947 1449 3111 1503 quam
3137 1442 3296 1504 pater
3323 1443 3378 1490 et
3406 1444 3598 1492 mater
3630 1440 3801 1493 testati

2202 1535 2331 1584 sunt
2354 1534 2479 1581 octo
2503 1524 2664 1580 annis
2686 1524 2968 1580 oculorum
2995 1522 3171 1580 ollicio
3207 1526 3468 1591 caruisse,
3503 1541 3654 1582 cum
3692 1538 3801 1584 ante

2204 1617 2395 1684 altare,
2423 1632 2586 1688 super
2596 1618 2740 1690 quod
2754 1632 2922 1673 sacrae
2939 1625 3237 1688 martyrum
3263 1617 3501 1687 reliquias
3523 1628 3708 1674 erant
3729 1636 3802 1692 po-

2205 1713 2343 1778 sitae,
2372 1711 2565 1766 fuisset
2595 1710 2848 1775 adducta,
2892 1725 3079 1765 coram
3119 1709 3373 1765 omnibus
3407 1711 3505 1780 qui
3551 1711 3797 1775 aderant,

507 1807 773 1873 damone,
796 1806 1200 1876 integerrimam
1225 1805 1425 1861 mentis
1445 1812 1500 1859 et
1520 1801 1764 1872 corporis
1793 1802 1993 1856 meruit
2017 1815 2101 1856 re-
2127 1794 2176 1854 B
2202 1806 2402 1872 visum,
2445 1805 2675 1860 Domino
2716 1804 3032 1869 miserante,
3077 1802 3302 1873 recepit.
3343 1802 3472 1858 Inde
3511 1813 3653 1873 post
3704 1803 3802 1860 dies

504 1901 691 1973 cipere
717 1900 1028 1956 sanitatem.
1076 1897 1203 1953 Haec
1235 1905 1362 1952 sunt
1387 1897 1648 1952 miracula
1676 1903 1838 1965 atque
1871 1894 2102 1948 virtutes

505 2011 645 2067 quas
668 1994 930 2049 Dominus
955 2000 1142 2047 noster
1159 1989 1318 2046 Jesus
1337 1989 1609 2054 Christus,
1634 2003 1732 2059 per
1752 1986 1947 2041 merita
1975 2001 2102 2040 san-

506 2095 721 2144 ctorum
747 2093 1048 2155 martyrum
1078 2098 1299 2138 suorum
1329 2081 1628 2137 Marcellini
1655 2089 1706 2134 et
1735 2079 1904 2145 Petri,
1937 2079 1992 2132 in
2022 2077 2106 2132 vi-

509 2192 577 2240 co
605 2176 976 2239 Valentianas,
1009 2176 1076 2230 ad
1099 2173 1327 2229 salutem
1354 2173 1577 2228 humani
1616 2172 1848 2242 generis,
1886 2169 2104 2241 operari

508 2269 761 2341 dignatus
789 2275 911 2322 est:
936 2280 1055 2336 quae
1097 2272 1428 2318 memoratus
1463 2262 1727 2336 Georgius
1757 2263 1785 2302 ι)
1819 2261 2105 2332 presbyter

504 2361 658 2416 brevi
693 2357 876 2414 libello
913 2356 1136 2412 collecta
1177 2355 1334 2410 nobis
1378 2355 1593 2409 mittere
1639 2353 1868 2417 curavit,
1911 2361 1967 2406 et
2005 2365 2105 2406 nos

507 2451 636 2512 huic
653 2450 802 2520 operi
825 2456 1013 2504 nostro
1041 2447 1351 2502 censuimus
1371 2444 1674 2500 inserenda.
1717 2443 1817 2498 Hic
1835 2451 1918 2498 est
1937 2441 2106 2498 Geor-

506 2543 630 2619 gius
666 2541 975 2608 Veneticus,
1025 2541 1118 2611 qui
1145 2538 1212 2594 dc
1253 2538 1431 2610 patria
1470 2552 1566 2592 sua
1608 2536 1676 2590 ad
1721 2536 2104 2606 imperatorem

505 2633 676 2698 venit,
707 2642 762 2688 et
785 2634 838 2688 in
861 2633 1098 2704 Aquensi
1119 2631 1321 2702 palatio
1342 2645 1628 2701 organum,
1647 2629 1790 2698 quod
1810 2626 1998 2684 Graece
2013 2627 2107 2698 hy-

507 2725 750 2783 draulica
779 2735 1023 2792 vocatur,
1057 2724 1286 2781 miriﬁca
1313 2730 1430 2778 arte
1450 2721 1773 2792 composuit.

1099 2835 1327 2892 CAPUT
1365 2834 1502 2890 VIII.

507 2923 775 2983 Miracula
797 2923 1058 2991 Gandavi,
1088 2926 1146 2980 in
1168 2926 1487 2979 monasterio
1517 2923 1575 2980 S.
1609 2924 1860 2989 Bavonis,
1888 2925 1958 2979 ad
1985 2925 2108 2979 reli—

581 2998 735 3068 quias
791 2999 979 3068 horum
1026 2992 1591 3050 sanctorum—chi
1636 3007 1750 3052 octo
1797 2996 2102 3051 illuminati.

583 3066 692 3124 Alii
713 3068 842 3138 αις]νὶ
871 3066 940 3120 ad
935 3066 965 3137 j
971 3068 1044 3121 uti
1051 3107 1065 3122 .

2202 1907 2349 1964 octo,
2378 1897 2429 1952 id
2449 1902 2553 1962 est,
2577 1905 2772 1966 quarto
2794 1896 2914 1951 idus
2926 1894 3070 1964 julii,
3099 1896 3330 1950 adducta
3352 1903 3435 1951 est
3456 1896 3647 1951 altera
3665 1897 3802 1966 puel-

2203 1990 2254 2045 la
2283 1989 2532 2044 similiter
2561 2004 2728 2055 cazca,
2750 1990 2967 2044 nomine
2993 1986 3303 2056 Helmrada,
3327 1988 3392 2045 de
3413 1989 3550 2044 villa
3579 1990 3797 2061 Magle‘

2205 2091 2554 2154 nuncupata:
2585 2083 2739 2154 cujus
2781 2091 3036 2153 parentes
3076 2085 3142 2139 de
3180 2099 3246 2139 ea
3283 2083 3615 2148 retulerunt,
3669 2087 3800 2156 quod

2204 2185 2399 2234 octava
2430 2174 2516 2230 die
2547 2183 2837 2245 postquam
2875 2175 3148 2245 baptizata
3184 2175 3308 2241 fuit,
3339 2177 3521 2231 subita
3557 2177 3801 2232 caecitate

2203 2282 2463 2340 percussa
2491 2266 2582 2320 sit.
2625 2265 2755 2333 Qua:
2781 2273 2836 2320 et
2864 2266 2980 2337 ipsa
3007 2268 3192 2321 statim
3229 2281 3412 2322 coram
3449 2268 3636 2323 sacris
3662 2283 3799 2323 mar-

2206 2365 2386 2430 tyrum
2421 2357 2697 2413 cineribus
2740 2357 2945 2422 lumen,
2985 2356 3129 2427 quod
3155 2356 3268 2426 jam
3308 2359 3511 2415 dudum
3539 2362 3799 2431 perdidit,

2205 2448 2434 2504 Domino
2459 2449 2563 2504 sibi
2583 2449 2866 2515 reddente,
2894 2451 3117 2521 recepit.
3159 2451 3298 2506 Exin
3331 2453 3416 2508 die
3443 2455 3636 2515 tertia,
3669 2456 3799 2525 quod

2205 2540 2309 2596 fuit
2330 2541 2503 2611 pridie
2527 2541 2650 2596 ldus
2679 2538 2828 2607 Julii,
2853 2541 3000 2595 venit
3025 2541 3154 2597 illuc
3177 2541 3353 2611 puella
3379 2545 3663 2613 quaedam,
3689 2561 3796 2601 απ-

2205 2647 2296 2697 va,
2322 2632 2540 2687 nomine
2573 2630 2846 2698 Bildrada,
2873 2631 2939 2687 de
2959 2631 3085 2687 villa
3112 2633 3400 2688 Boderetio
3432 2636 3484 2699 ε,
3517 2650 3650 2705 quze
3682 2652 3795 2708 per-

2208 2725 2345 2780 tiuet
2366 2725 2434 2779 ad
2459 2724 2846 2778 monasterium
2871 2721 2931 2778 S.
2962 2722 3200 2779 Vedasti.
3241 2724 3371 2792 Quae
3391 2740 3518 2780 cum
3539 2735 3677 2781 ante
3693 2744 3795 2782 Ine-

2205 2822 2447 2870 moratas
2477 2822 2786 2869 sanctorum
2818 2813 3096 2884 reliquias,
3118 2830 3220 2886 pro
3247 2817 3594 2873 restitutione
3617 2819 3797 2876 salutis

2207 2921 2341 2971 suae,
2375 2906 2664 2961 Dominum
2693 2903 2972 2960 Christum
3007 2906 3324 2976 suppliciter
3351 2908 3690 2977 invocasset,
3717 2927 3798 2968 co-

2209 3012 2329 3052 ram
2366 2996 2617 3051 omnibus
2646 2995 2738 3068 qui
2777 2997 3004 3052 aderant
3050 3007 3234 3054 erecta
3279 3007 3382 3066 est,
3427 3009 3486 3056 et
3530 3002 3795 3074 integrum

2208 3089 2456 3161 corporis
2484 3089 2570 3146 sui
2603 3095 2803 3145 statum
2842 3088 2899 3146 iu
2938 3098 3215 3149 momento
3254 3094 3517 3164 temporis
3557 3097 3796 3167 recipere

581 3178 669 3234 76.
709 3177 862 3234 Alter
885 3178 1099 3237 libellus
1129 3178 1263 3234 mihi
1287 3179 1502 3235 oblatus
1539 3186 1622 3235 est
1659 3178 1728 3235 de
1768 3179 2103 3236 monasterio
2131 3163 2176 3228 C
2207 3185 2427 3240 meruit.

507 3270 685 3328 sancti
717 3268 973 3336 Bavonis,
1006 3268 1149 3342 quod
1175 3271 1341 3326 situm
1365 3278 1451 3327 est
1482 3270 1634 3340 juxta
1670 3271 1906 3328 Scaldim
1937 3273 1993 3328 in
2020 3273 2102 3330 lo-

507 3377 575 3421 co
600 3361 788 3422 Gauda
809 3369 1025 3429 vocato,
1058 3361 1151 3418 ubi
1176 3362 1320 3419 idem
1341 3363 1516 3419 amnis
1544 3362 1719 3436 Legite
1739 3361 1948 3419 ﬂumini
1973 3379 2105 3421 cou-

583 3556 610 3586 ι
641 3542 932 3599 Gauliacas
968 3545 1147 3602 adhuc
1173 3547 1360 3604 nescio
1389 3547 1635 3605 invenire
1660 3550 1808 3606 circa
1839 3550 2104 3608 Valence-

580 3686 610 3726 b
645 3685 705 3742 ln
733 3685 1037 3742 Annalibus
1060 3687 1393 3745 Francorum
1419 3689 1722 3746 Pithoaanis
1751 3692 1819 3748 ad
1849 3708 1976 3748 ann.
1997 3693 2103 3750 826

506 3755 616 3834 illa
647 3757 941 3834 leguntur_:
973 3777 1023 3834 _¢_
1057 3758 1331 3834 Georgius,
1345 3762 1566 3834 quidam
1587 3765 1882 3834 presbyter
1909 3764 1976 3819 de
2000 3764 2103 3820 Ve-

504 3829 678 3892 netia,
709 3829 850 3902 cum
895 3829 1146 3902 Baldrico
1196 3829 1396 3888 comite
1442 3829 1812 3900 Foroiuliense
1855 3836 2100 3902 veniens,

505 3912 778 3976 organum
817 3899 1196 3972 hydraulicum
1226 3899 1737 3976 Aquisgranifecit.
1778 3926 1795 3956 ι
1836 3904 1953 3971 Quo
1978 3899 2104 3976 per-1

504 3968 649 4042 i'etfto
675 3968 869 4042 factus
882 3979 968 4027 est
996 3982 1177 4029 rector
1210 3968 1528 4028 monasterii
1559 3974 1618 4028 S.
1639 3973 1806 4030 Salvii
1826 3993 1840 4042 ;
1859 3968 1932 4031 et
1962 3968 2104 4032 anno

505 4039 611 4095 827
629 4041 876 4112 obtinuit
902 4042 1160 4112 reliquias
1185 4044 1380 4099 dictas.

583 4121 604 4148 ο
627 4110 832 4164 Horum
857 4110 1086 4167 fratrum
1112 4114 1224 4168 sive
1246 4116 1636 4171 monachorum
1660 4117 1912 4172 abbatem
1935 4116 2105 4174 fuisse

508 4178 901 4256 _lf3_ginh_a_rdur_n_
924 4182 992 4236 ab
1019 4198 1161 4256 anno
1189 4183 1314 4248 826,
1348 4187 1538 4256 scribit
1565 4187 1814 4256 Meyerus
1845 4189 1898 4242 in
1929 4205 2103 4243 anna-

506 4249 653 4324 libus
682 4249 1000 4324 Flandria;_
1020 4253 1224 4324 addens
1261 4255 1402 4324 quod
1429 4257 1496 4322 is,
1529 4276 1548 4307 ‹
1584 4249 1840 4313 sacerdos
1871 4258 2104 4316 Caesaris

504 4320 787 4387 Ludovici,
829 4321 1156 4386 emnobium,
1211 4320 1894 4392 incendio‘deformatum,
1951 4330 2104 4384 resti-

505 4394 705 4464 tuerit,
750 4407 1028 4464 vagosque
1078 4397 1373 4451 monachos
1418 4398 1473 4451 in
1520 4415 1688 4453 unum
1742 4401 2037 4454 reduxerit.
2077 4422 2097 4453 ι

506 4461 674 4519 Hisce
697 4462 848 4518 addit
874 4461 1171 4531 sanderus,
1203 4465 1294 4521 lib.
1327 4483 1382 4522 ιν
1405 4469 1607 4523 Rerum
1633 4469 2095 4534 Gandavensium,

2277 3274 2364 3328 77.
2404 3273 2598 3330 Postea
2626 3288 2778 3339 vero,
2824 3273 3145 3331 duodecimo
3173 3275 3263 3331 die
3312 3274 3682 3332 Kalendarum
3708 3293 3792 3332 au-

2205 3375 2517 3441 gustarum,
2549 3367 2753 3424 femina
2789 3369 3058 3440 quaedam,
3102 3369 3324 3426 nomine
3350 3369 3579 3438 Eddela,
3609 3369 3793 3426 ancilla

2203 3548 2402 3623 saecqu
2425 3565 2503 3623 xu
2523 3548 2768 3623 Fumas;
2800 3549 2954 3623 alteri
2983 3551 3398 3623 conjectandum
3418 3552 3694 3622 relinquo,
3716 3552 3790 3608 do-

2203 3634 2305 3693 nec
2333 3621 2536 3693 aliquid
2561 3621 2816 3693 proprius
2842 3622 2941 3677 hac
2967 3621 3238 3693 referihile
3264 3621 3593 3678 inveniatur.

2282 3691 2302 3729 ί
2342 3690 2577 3747 Videtur
2595 3690 2715 3746 esse
2741 3693 3060 3748 hodiernum
3086 3692 3358 3748 Machelen
3377 3735 3391 3756 ,
3422 3694 3570 3749 inter
3589 3693 3790 3751 Corm-

2205 3777 2328 3818 cum
2377 3771 2432 3818 et
2456 3761 2776 3817 Gandavum
2817 3763 2906 3819 via
2955 3763 3069 3819 fere
3119 3765 3317 3818 media.
3374 3764 3602 3820 Relicta:
3655 3767 3788 3821 fuere

2205 3835 2400 3905 horum
2430 3842 2743 3889 sanctorum
2763 3834 3018 3905 reliquiae
3048 3835 3102 3889 in
3132 3835 3276 3890 dicto
3329 3834 3387 3890 S.
3417 3835 3658 3891 Bavonis
3688 3852 3787 3892 rno-

2205 3904 2442 3976 nastcrio
2495 3920 2664 3976 usque
2708 3904 3024 3976 adﬂannum
3064 3905 3226 3976 10770,
3259 3907 3477 3975 quando
3512 3906 3785 3963 Balduinus

2207 3975 2527 4041 Montensis,
2556 3975 2737 4029 comes
2765 3975 3034 4032 Flandriac
3081 3984 3136 4030 et
3164 3975 3485 4041 Harmonia,
3539 3978 3594 4032 in
3621 3995 3785 4034 creue-

2204 4047 2296 4101 bio
2326 4045 2682 4117 Hasnoniensi
2715 4047 2783 4099 ad
2807 4045 3071 4117 Scarpum
3099 4045 3344 4112 ﬂuvium,
3371 4049 3554 4103 tribus
3580 4051 3649 4104 ab
3673 4051 3786 4104 urbe

2206 4116 2807 4188 Valenccnensileucis
2834 4133 2932 4188 pro
2947 4116 3242 4173 ’canonicis
3277 4120 3640 4176 saecularibus
3689 4135 3786 4174 mo-

2205 4189 2412 4261 nachos
2441 4187 2820 4261 Benedictinos
2834 4187 3170 4261 introduxit,
3204 4193 3396 4260 eisque
3424 4191 3684 4261 templum
3715 4207 3785 4245 re-

2205 4259 2438 4330 paravit.
2473 4258 2554 4312 Ad
2573 4260 2722 4330 quod
2757 4261 2969 4330 curavit
3001 4259 3277 4330 transferri
3306 4258 3385 4315 ex
3416 4258 3562 4316 dicta
3615 4262 3671 4318 S.
3694 4262 3781 4315 Ba-

2209 4329 2362 4404 vonis
2389 4329 2618 4404 ecclesia
2648 4329 2904 4404 reliquias
2933 4329 2990 4385 S.
3011 4329 3311 4404 Marcellini
3338 4339 3404 4404 et,
3423 4332 3598 4398 Petri,
3628 4347 3784 4404 capsa:

2206 4400 2468 4488 inauratis
2511 4400 2813 4488 impositas,
2844 4402 3150 4488 etlgemmis
3182 4400 3781 4488 pretiosis'exornaias,

2206 4481 2267 4524 ut
2301 4471 2547 4525 referunt
2567 4470 2884 4526 Guillelmus
2905 4470 3140 4526 Gazetus
3179 4470 3233 4527 in
3262 4473 3505 4529 Historia
3546 4475 3782 4530 ecclesia-

507 4547 628 4615 φρ.
667 4535 723 4598 4,
752 4528 1283 4615 θηηιὶ-ωρθῑιέδεεθ
1317 4538 1636 4615 abudovico
1667 4541 1797 4615 imp.
1832 4528 2102 4615 approba-'-
2126 4528 2180 4588 D
2207 4542 2344 4615 stica
2369 4541 2646 4615 Belgii,_in
2666 4541 2942 4615 Lietberto
2969 4543 3224 4614 episcopo
3252 4528 3537 4615 trigesimo
3569 4528 3782 4601 secundo

504 4604 712 4682 tionem
741 4604 1149 4676 privilegiorum
1179 4609 1408 4682 coenobii
1438 4604 1826 4665 Gandensis'et
1854 4604 1959 4666 alia
1987 4613 2100 4682 pri-

505 4675 699 4747 vilegia
736 4690 905 4743 nova;
947 4675 966 4728 ὀ
1023 4693 1142 4746 quae
1196 4679 1403 4733 utinam
1456 4691 1756 4742 exstarent,
1790 4681 1857 4735 ad
1898 4675 2100 4738 conﬁr-

505 4746 760 4822 mandam
810 4747 1154 4822 collationem
1203 4749 1363 4817 hujus
1409 4752 1982 4822 abbatiaerEginhardo
2017 4752 2098 4806 fa-

507 4823 683 4892 ctam.
706 4816 861 4892 Quod
890 4826 1072 4892 autem
1101 4816 1284 4892 assera
1295 4830 1381 4874 tur
1409 4837 1532 4892 eum
1563 4816 1845 4892 scripsisse
1871 4823 1945 4892 in
1974 4824 2098 4878 Vita

507 4884 688 4960 Caroli
749 4887 944 4959 Magni,
1006 4889 1193 4944 ambos
1251 4891 1589 4960 frequentius
1655 4884 1816 4947 simul
1851 4891 2097 4950 Gandavi

507 4953 695 5032 fuisse,
737 4953 861 5013 non'
881 4960 1117 5032 habetur
1164 4961 1218 5014 in
1261 4953 1419 5032 hujus
1449 4962 1597 5027 Vita,
1631 4964 1699 5018 ad
1729 4964 1873 5017 diem
1903 4963 1973 5018 28
2002 4963 2097 5018 Ja-

507 5026 687 5080 nuarii
733 5043 766 5081 a
809 5030 965 5084 nobis
1011 5029 1300 5086 illustrata.
1330 5026 1464 5085 'Sed
1513 5026 1655 5087 anno
1699 5034 1804 5089 826
1843 5049 1900 5088 se
1931 5034 2098 5091 fuisse

507 5094 753 5152 Gandavi
801 5097 854 5150 in
885 5102 1220 5173 monasterio
1268 5101 1325 5155 S.
1356 5102 1588 5157 Bavonis
1636 5105 1824 5158 scribit
1869 5105 2099 5173 ipsemet

508 5181 676 5244 supra
712 5168 945 5244 pungui.
995 5170 1118 5244 E‘uit
1161 5171 1364 5244 Lupus,
1415 5173 1533 5244 ejus
1579 5168 1903 5236 familiaris;
1929 5175 2097 5244 abbas

508 5235 876 5291 Ferrariensis
905 5239 961 5292 in
992 5239 1209 5294 dioecesi
1236 5235 1532 5297 Senotiensi
1559 5252 1615 5297 et
1643 5244 1804 5297 simul
1831 5235 2098 5299 S..Iudoci

511 5321 675 5382 super
703 5322 856 5382 mare
888 5308 1219 5382 in_Poutivo.
1283 5311 1360 5366 lta
1409 5314 1584 5382 potuit
1632 5314 1789 5367 simul
1842 5315 2098 5370 habuisse

508 5377 854 5452 Egiuhardus
888 5377 1125 5452 aliquam
1162 5395 1347 5436 curam
1390 5377 1707 5439 monasterii
1751 5383 1808 5439 S.
1834 5384 2092 5452 Bavonis,

508 5447 638 5504 licet
651 5447 920 5526 habitaret
941 5448 1344 5526 Helingestadii.
1361 5455 1593 5510 —ldem
1615 5454 1842 5526 epistola
1866 5455 1935 5510 12
1961 5447 2098 5526 petit

510 5466 920 5530 licetrtaurtaret
941 5466 1344 5578 neuugesmau.
1361 5466 1593 5510 —ldem
1615 5466 1842 5524 epIStOIa
1866 5466 1935 5510 12
1961 5466 2096 5526 petit

510 5534 754 5647 (ἐῗξιιῗῐιὲιη,
786 5519 886 5573 sub:
916 5520 1058 5590 apud
1151 5562 1166 5578 .
1192 5523 1467 5581 Bavonem
1511 5535 1567 5581 et
1594 5528 1648 5582 in
1678 5525 1962 5582 Blandinio
1999 5527 2096 5622 de.-

552 5606 709 5646 ιιυπι.

579 5659 770 5736 {Haec
779 5669 1040 5736 accurate
1071 5668 1405 5723 conveniunt
1423 5669 1475 5722 in
1502 5667 1708 5724 dictum
1734 5685 1937 5724 annum
1965 5669 2093 5736 828,

511 5731 664 5804 cyclo
693 5732 822 5804 solis
844 5734 935 5801 25,
970 5736 1169 5793 litteris
1195 5737 1617 5795 Dominicalibus
1655 5740 1716 5794 E.
1749 5741 1813 5795 D.

588 5814 610 5844 ε
635 5801 719 5862 Au
760 5803 1078 5864 Fursenund
1109 5808 1469 5883 ,contractiori
1509 5811 1727 5867 nomine
1777 5812 1978 5867 dictum
2025 5811 2096 5868 sit

2205 4610 2584 4684 Cameracensi
2654 4610 3131 4684 etWAtrehate‘nsi,
3158 4610 3296 4684 'pag.
3329 4610 3474 4680 162;
3537 4617 3783 4672 Henricus

2201 4682 2639 4758 poutremannus
2689 4683 3123 4758 lib.1_His‘torize
3158 4682 3645 4758 Valencennensis,
3675 4703 3780 4758 cap.

2201 4752 2256 4825 §,
2299 4753 2526 4825 Locrius
2570 4762 2627 4825 et
2673 4753 2785 4806 alii.
2838 4753 2916 4806 De
2961 4754 3111 4810 hisce
3145 4755 3389 4825 reliquiis
3437 4759 3545 4812 ista
3578 4752 3783 4813 adnotat

2201 4823 2435 4898 Bazzius
2485 4824 2539 4878 in
2561 4822 3125 4898 llierogamphylacio
3154 4822 3409 4898 Belgica:
3447 4848 3466 4879 ι
3503 4829 3660 4897 Quod
3689 4828 3782 4882 Mo-

2200 4893 2357 4948 lanus
2403 4895 2619 4958 asserit,
2677 4893 3154 4950 iconomachorum
3209 4893 3362 4951 rabie
3418 4893 3685 4955 feretrum
3730 4913 3782 4953 ac

2199 4966 2384 5020 omnia
2427 4980 2564 5033 pene
2607 4980 2794 5019 eorum
2842 4980 2997 5020 sacra
3043 4983 3167 5022 ossa
3217 4969 3508 5025 devastata
3556 4986 3700 5034 esse,
3726 4986 3781 5024 ex

2199 5034 2338 5108 falsa
2406 5036 2713 5108 aliquorum
2751 5035 3026 5108 relatione
3079 5039 3363 5108 scripsisse
3417 5050 3665 5097 autumo.
3718 5040 3780 5096 Ea

2199 5107 2344 5177 enim
2373 5107 2586 5176 piorum
2611 5106 2969 5177 quorumdam
2999 5106 3278 5163 hominum
3310 5112 3494 5166 studio
3523 5112 3781 5168 Valentia-

2200 5176 2286 5230 nis
2315 5177 2603 5241 occultata,
2633 5176 2922 5246 hodieque
2969 5178 3116 5232 salva
3146 5179 3558 5238 Hasuouienses
3605 5191 3781 5237 aerei:

2199 5247 2292 5325 pie
2318 5247 2370 5301 in
2402 5247 2763 5316 pulcherrima
2795 5262 2858 5301 ac
2877 5249 3268 5325 pretiosissima
3300 5266 3444 5325 auro
3462 5263 3782 5325 argentoque

2200 5318 2386 5390 caelato
2410 5333 2571 5390 capsa
2600 5327 3059 5390 comtnonstrant;
3101 5321 3245 5390 quod
3266 5336 3332 5375 ex
3366 5318 3602 5377 solem'ni
3632 5318 3782 5377 infor-

2200 5389 2461 5464 matione,
2495 5389 2635 5464 facta
2665 5394 2719 5464 et
2745 5387 2984 5464 eghihita
3011 5387 3226 5464 domino
3261 5390 3498 5464 Georgio
3526 5393 3781 5449 Colvene-

2201 5458 2302 5521 rio,
2356 5459 2724 5514 universitatis
2772 5458 3068 5516 Duacensis
3117 5458 3444 5517 cancellario
3497 5479 3565 5518 ac
3625 5478 3782 5519 sacra

2200 5529 2486 5610 theologia:
2512 5530 2738 5610 doctori,
2769 5544 2979 5610 necnon
3009 5532 3286 5610 ordinario
3306 5533 3633 5604 professori,
3659 5534 3779 5591 mihi

2199 5599 2502 5654 certissime
2533 5609 2766 5656 constat.
2807 5619 2826 5652 ι
2859 5599 2985 5655 Haec
3015 5603 3106 5657 ibi.

2243 5673 2301 5753 ,Β
2326 5670 2570 5725 Bodereti
2610 5670 2897 5741 vestigium
2941 5673 3144 5730 nullum
3192 5682 3302 5731 tota
3328 5675 3594 5735 Flandria
3639 5679 3779 5735 iuve-

2200 5757 2310 5798 mo.
