3940 6340
167 355 285 422 585

1000 359 1182 419 HlST.
1218 359 1612 420 TRANSLAT.
1649 359 1754 417 BB.
1796 354 2216 416 MARCELLINI
2249 353 2342 413 ΕΤ
2372 354 2600 413 PETRI.

3347 352 3454 413 586

169 474 236 532 S.
268 472 524 539 Amandi,
556 471 625 528 de
643 469 773 528 villa
802 470 1077 531 Baceroda
1093 487 1349 544 llvocata,
1373 493 1494 548 quae
1514 475 1766 549 plurimis
1791 482 1846 542 Α
1869 481 2040 530 tutem
2070 470 2294 538 Christi,
2323 470 2565 542 depulsis
2589 468 2860 525 universis
2887 471 3083 541 quibus
3116 469 3454 531 afﬁciebatur

169 569 340 624 annis
389 567 672 624 oculorum
702 567 905 624 lumine
933 571 1178 627 caruisse
1208 571 1514 638 dicebatur,
1562 569 1770 628 ibidem

168 666 413 724 feliciter
441 662 599 739 [Ms.,
635 663 887 739 fldeliter]
913 681 1079 723 orans
1105 668 1282 722 visum
1305 666 1528 737 recepit.
1565 665 1770 722 Eodem

170 758 268 816 die
291 772 486 815 servus
511 757 736 828 quidam
781 756 840 812 S.
873 757 1126 824 Bavonis,
1154 758 1457 816 Eberaldus
1482 755 1768 822 vocabulo,

168 849 244 906 de
285 847 414 904 villa
446 846 675 904 Millinio
722 848 773 914 ι),
806 849 898 918 qui
921 856 976 904 et
997 850 1113 920 ipse
1138 865 1238 920 per
1265 850 1452 921 plures
1478 863 1653 904 annos
1685 847 1770 902 lu-

169 957 302 999 men
330 941 455 998 cmli
477 957 586 997 non
608 940 767 1007 vidit,
792 942 1004 997 cunctis
1025 943 1118 1014 qui
1149 942 1375 998 aderant
1397 940 1767 1006 cernentibus,

171 1033 370 1091 eodem
398 1033 454 1088 in
475 1032 596 1088 loco
623 1032 715 1088 diu
745 1033 1051 1089 desiderata
1086 1034 1208 1090 luce
1234 1035 1468 1090 donatus
1503 1039 1606 1088 est.
1648 1032 1769 1103 Ipsa

173 1139 397 1198 quoque
426 1125 514 1181 die
537 1125 655 1181 duae
681 1125 876 1191 viduae,
899 1141 1019 1196 quae
1036 1125 1284 1197 plurimis
1304 1124 1462 1181 annis
1481 1137 1637 1180 caeca:
1657 1122 1772 1179 fue-

169 1227 317 1282 rant,
346 1218 546 1274 ibidem
573 1217 889 1273 illuminatae
917 1227 1064 1285 sunt,
1104 1233 1332 1288 quarum
1353 1218 1528 1276 altera
1547 1217 1770 1273 nomine

172 1309 468 1375 Blidwara,
494 1308 561 1364 de
588 1307 717 1363 villa
742 1307 968 1365 Accinio
990 1319 1013 1348 ο
1037 1326 1052 1375 ;
1084 1309 1255 1365 altera
1280 1309 1534 1365 Ricberta
1549 1311 1765 1376 vocata,

172 1400 245 1457 de
265 1400 396 1456 villa
417 1400 732 1457 Vuerminio
754 1400 781 1438 α
809 1399 978 1458 fuisse
1010 1408 1288 1457 narratur.

250 1539 339 1597 78.
381 1539 586 1596 Deinde
621 1547 746 1611 post
778 1540 894 1597 dies
935 1541 1128 1615 viginti
1157 1542 1417 1614 quinque,
1470 1542 1527 1598 id
1555 1551 1659 1610 est,
1711 1541 1769 1598 in

171 1629 473 1688 festivitate
497 1631 897 1703 Assumptionis
922 1643 1124 1690 sanctae
1168 1634 1370 1700 Mariae,
1404 1633 1605 1690 femina
1627 1649 1770 1704 quae-

173 1722 310 1778 dam
337 1722 591 1779 vocabulo
617 1723 993 1795 Angarihilda,
1026 1725 1092 1780 de
1115 1725 1244 1780 villa
1279 1725 1484 1798 Gojaco
1512 1738 1559 1792 θ,
1583 1741 1768 1782 coram

171 1813 353 1870 sacris
384 1812 678 1884 Martyrum
706 1813 968 1884 reliquiis,
995 1815 1146 1870 omni
1174 1816 1372 1887 populo
1405 1825 1682 1883 cernente,
1713 1824 1770 1872 et

169 1903 230 1960 id
272 1905 417 1974 quod
453 1912 710 1960 evenerat
738 1905 1074 1974 admirante,
1115 1906 1192 1962 ita
1236 1907 1516 1963 incurvata
1555 1916 1660 1974 est,
1709 1917 1771 1966 ut

169 1995 392 2065 penitus
421 2011 482 2050 se
521 1995 590 2050 ad
632 1996 832 2051 ccelum
856 1997 1154 2052 videndum
1185 1999 1396 2071 erigere
1424 2016 1533 2057 non
1562 2008 1766 2070 posset.

171 2085 510 2158 Eademque,
523 2088 770 2158 sequenti
792 2088 900 2154 die,
928 2088 982 2144 id
996 2098 1081 2144 est
1093 2090 1303 2147 decimo
1329 2092 1559 2163 septimo
1573 2092 1772 2150 Kalen-

173 2180 273 2236 das
293 2179 651 2252 Septembris,
677 2183 734 2238 in
764 2183 957 2239 eadem
976 2185 1228 2252 ecclesia,
1264 2203 1390 2242 cum
1419 2189 1768 2261 evangelium

171 2274 468 2346 legeretur,
517 2276 708 2331 eodem
729 2277 930 2347 populo
958 2285 1114 2344 teste,
1163 2279 1239 2333 ita
1285 2288 1465 2336 erecta
1497 2289 1662 2352 atque
1716 2283 1772 2337 in

173 2375 378 2423 statum
426 2368 720 2438 pristinum
751 2367 1003 2442 restituta
1025 2378 1128 2434 est,
1163 2385 1228 2426 ac
1260 2371 1305 2426 si
1353 2388 1630 2443 nunquam
1675 2389 1775 2444 per

175 2461 344 2516 ullam
374 2462 621 2532 corporis
641 2461 723 2518 sui
754 2461 1032 2518 lmsionem
1057 2463 1126 2518 ad
1167 2470 1372 2518 terram
1401 2464 1597 2521 fuisset
1616 2465 1775 2520 incli-

173 2560 324 2608 nata.
382 2551 578 2608 Postea
616 2568 768 2620 vero,
806 2555 1046 2611 secunda
1103 2561 1158 2610 et
1198 2555 1457 2611 vicesima
1495 2556 1582 2611 die
1617 2569 1772 2611 men-

175 2643 254 2700 sis
290 2643 650 2716 Septembris,
700 2645 754 2700 id
801 2654 886 2702 est
930 2647 1143 2703 decimo
1193 2647 1466 2704 Kalendas
1499 2645 1772 2716 Octobris,

175 2738 340 2794 homo
355 2738 574 2809 quidam
588 2738 653 2794 de
663 2754 802 2810 pago
824 2738 1130 2795 Texandria
1158 2739 1178 2779 ί
1188 2781 1203 2807 ,
1218 2755 1285 2796 ex
1298 2739 1426 2796 villa
1447 2755 1570 2812 quae
1594 2740 1778 2812 Apen-

177 2831 269 2885 nia
292 2830 627 2896 nominatur,
654 2831 918 2887 vocabulo
948 2830 1258 2898 Liodoldus,
1281 2832 1375 2902 qui
1403 2839 1626 2903 propter
1647 2831 1780 2887 sini-

176 2923 280 2981 stri
308 2924 484 2980 cruris
513 2939 576 2979 ac
597 2922 750 2992 pedis
777 2922 1205 2979 imbecillitatem
1241 2924 1450 2979 duobus
1481 2937 1539 2979 se
1569 2922 1778 2979 baculis

177 3015 246 3070 ad
279 3015 635 3071 incedendum
673 3014 1035 3082 sustentabat,
1063 3014 1140 3069 ita
1171 3014 1369 3070 ibidem
1398 3015 1452 3070 in
1487 3023 1779 3085 conspectu

178 3107 364 3180 populi
399 3107 638 3178 perfecte
657 3115 883 3164 curatus
903 3115 1006 3172 est,
1021 3114 1084 3160 ut
1109 3105 1252 3161 ultra
1275 3106 1390 3178 jam
1420 3105 1477 3162 in
1499 3106 1780 3162 ambulan—

178 3203 250 3258 do
276 3201 593 3260 baculorum
621 3201 948 3258 adminiculo
972 3217 1082 3257 non
1110 3209 1316 3272 egeret.

255 3319 349 3374 79.
389 3317 590 3385 Quarta
615 3332 747 3374 vero
773 3317 862 3372 die
925 3323 1050 3388 post
1082 3315 1447 3386 patrationem
1472 3312 1635 3386 hujus
1669 3314 1771 3370 mi-

179 3409 382 3476 raculi,
412 3409 466 3464 id
510 3417 596 3466 est
641 3409 871 3480 septimo
927 3407 1199 3462 Kalendas
1251 3403 1528 3472 Octobris,
1553 3402 1774 3474 juvenis

179 3504 406 3576 quidam
461 3505 659 3558 surdus
703 3510 760 3558 et
813 3508 1014 3567 mutus,
1063 3500 1286 3556 sinistra
1335 3513 1551 3569 quoque
1607 3514 1773 3554 manu

180 3602 517 3662 contractus,
569 3594 790 3650 nomine
845 3591 1202 3666 Hunvvaldus,
1257 3591 1324 3646 de
1362 3590 1488 3645 villa
1522 3589 1722 3646 Corvio
1748 3592 1774 3632 ε

179 3695 515 3759 nuncupata,
547 3702 668 3742 cum
698 3693 824 3740 ante
851 3698 1038 3740 sacras
1063 3690 1366 3754 martyrum
1397 3682 1660 3753 reliquias
1681 3693 1777 3736 ve-

180 3785 376 3849 nisset,
403 3790 568 3852 atque
595 3779 671 3836 ibi
707 3776 1020 3849 suppliciter
1054 3783 1285 3841 orasset,
1332 3774 1518 3831 statim
1544 3789 1643 3844 per
1666 3774 1778 3829 vir-

261 3910 289 3939 ιι
323 3894 600 3951 Baceroda
627 3892 787 3964 vulgo
813 3891 1044 3964 Baefroy
1073 3889 1142 3964 ad
1168 3887 1408 3964 Scaldim
1446 3888 1505 3964 in
1533 3887 1776 3964 Braban-

185 3970 286 4035 tia,
339 3970 395 4024 in
440 3967 616 4037 capite
645 3959 747 4018 viae
774 3959 1026 4037 Alos_tuui
1056 3960 1326 4037 ducentis,
1379 3961 1480 4014 sub
1523 3959 1778 4030 episcopo

184 4031 464 4097 Gaudensi
497 4031 553 4092 in
585 4036 846 4091 decanatu
879 4031 1382 4087 Teneramondano.

265 4112 295 4152 δ
321 4109 628 4172 Millinium,
663 4121 733 4160 an
762 4103 960 4158 Melle?
998 4103 1128 4158 item
1163 4101 1230 4156 ad
1261 4099 1499 4156 Scaldim
1538 4100 1594 4172 in
1617 4099 1779 4172 Fian-

185 4181 332 4248 dria,
364 4181 573 4236 duabus
601 4170 770 4248 leucis
801 4173 945 4248 infra
966 4173 1320 4248 Gaudavum?
1349 4187 1418 4228 an
1446 4171 1626 4244 potius
1641 4170 1782 4226 Mul-

184 4255 294 4311 lem
318 4244 379 4309 in
408 4251 656 4307 districtu
680 4244 1112 4302 Aldenardensi?

268 4337 290 4364 ε
325 4322 624 4387 Accim‘um,
659 4317 1046 4373 verosimiliter
1069 4314 1319 4382 Eessene,
1359 4329 1529 4386 prope
1551 4314 1778 4370 Dixmu—

187 4398 317 4454 dam
345 4393 448 4450 sub
476 4394 789 4462 episcopatu
817 4388 1044 4462 Ipre_nsi.

270 4467 298 4506 ἀ
335 4455 718 4526 Vuerniiniurh,
750 4455 894 4515 nunc
923 4457 1169 4513 fortassis
1197 4456 1462 4511 deﬂexum
1487 4457 1540 4510 in
1563 4455 1780 4510 Warm-

187 4541 342 4604 Itout,
372 4535 528 4606 quasi
557 4531 845 4606 wermim'i
874 4528 1118 4606 silvamin
1154 4526 1472 4582 castellania
1495 4526 1776 4606 Bergensi.

271 4622 294 4648 ε
325 4597 608 4677 Cajacum,
633 4603 793 4677 hodie
822 4601 1007 4656 forsan
1032 4597 1305 4677 Qoyegem,
1337 4612 1478 4652 unus
1508 4613 1576 4653 ex
1600 4598 1781 4668 paria-

192 4682 340 4736 tibus
372 4670 701 4734 castellanize
730 4670 1122 4728 Cortracensis.

276 4751 293 4790 ί
325 4748 647 4810 Texandria,
672 4745 806 4798 alias
839 4741 1164 4804 Taxandria,
1195 4740 1459 4795 hodierno
1492 4755 1596 4795 usu
1625 4737 1782 4793 Cam-

190 4823 344 4896 pinia
368 4837 464 4876 seu
486 4817 777 4896 Campania
795 4813 1149 4877 Brabantica;
1176 4811 1268 4866 ubi
1290 4819 1470 4866 tamen
1486 4810 1784 4882 Apenm'am

192 4889 432 4951 necdum
461 4889 660 4960 reperi.

275 4967 300 5006 ε
332 4952 581 5018 (ἱογυὶιιήι
618 4958 710 5016 ubi
738 4955 1087 5029 quaerendum
1116 4953 1207 5019 sit,
1235 4953 1467 5009 necdum
1510 4953 1658 5023 potui
1704 4952 1785 5008 di-

192 5039 411 5094 vinare.
634 5033 646 5044 '
1151 5073 1176 5090 .

271 5110 303 5148 h
336 5103 667 5161 Verecundia
700 5101 755 5156 in
790 5098 1010 5156 dicecesi
1041 5096 1396 5158 Tornacensi,
1437 5095 1599 5165 vulgo
1625 5093 1785 5149 War-

194 5181 323 5237 coin
349 5178 417 5233 ad
439 5175 700 5240 Scaldim,
721 5173 863 5227 inter
885 5168 1203 5226 Cortracum
1227 5175 1284 5223 et
1304 5167 1631 5231 Toruacum,
1660 5165 1786 5219 huic

197 5265 381 5325 quant
406 5248 492 5325 isti
521 5247 760 5325 propior.
807 5313 830 5325 ⁸
892 5320 901 5325 _
1004 5311 1016 5323 .
1205 5321 1214 5325 _
1322 5312 1356 5325 Α.
1728 5304 1744 5325 1

284 5325 302 5364 ί
339 5308 751 5388 Βενιξηῂαιιὶίηι,
802 5311 1075 5388 fortassis
1097 5312 1416 5388 contractim
1454 5308 1699 5388 Bernem,
1728 5308 1788 5360 in

197 5395 475 5450 decanatu
503 5381 840 5456 Krdenburgi
870 5383 970 5456 sub
993 5382 1246 5453 episcopo
1273 5381 1554 5456 Brugensi.

283 5464 297 5515 i
341 5459 684 5535 Schaltheim,
698 5449 936 5535 ⁵ξηιιῖνειιίε
963 5449 1078 5535 per
1087 5449 1408 5535 tot'saecula'
1426 5449 1791 5535 ‘v‘eb‘cmenter

198 5533 482 5593 aestuariis
548 5518 763 5585 Scal'dis
807 5518 1188 5580 verosimiliter
1235 5537 1379 5577 nunc
1426 5518 1589 5586 latet,
1635 5518 1789 5588 aquis

200 5608 469 5665 haustum
499 5610 555 5657 et
583 5599 836 5673 delet“?!-
937 5664 986 5673 __
1218 5663 1292 5673 ..
1437 5669 1447 5673 ,
1666 5659 1700 5673 ..

285 5659 314 5718 Ιῖ
332 5659 739 5735 ίΑιάὶηῃαΙιεὶηιί
761 5667 899 5722 forte
929 5663 1365 5735 Maldingaheim,
1395 5669 1454 5735 ut
1481 5660 1554 5716 sit
1573 5659 1793 5735 hodier-

203 5729 936 5813 nanald'eghem,Brugis
962 5729 1168 5793 distans
1195 5736 1261 5791 ad
1291 5743 1404 5789 tres
1426 5733 1630 5798 leucas,
1655 5729 1794 5785 Gan-

202 5817 745 5888 davoadquinquezl
828 5883 860 5888 __
1352 5876 1383 5888 Α.
1483 5875 1545 5888 ..

287 5872 416 5968 {De
455 5872 895 5954 hisce'renquiis
943 5881 1143 5937 ibidem
1188 5876 1439 5952 repertis,
1482 5875 1588 5935 ista
1636 5872 1796 5932 nobis

656 5979 934 6045 PATROL.
974 5974 1138 6040 CIV.

1803 3216 1850 3282 C

1871 565 2250 633 incommodis,
2282 565 2359 620 ita
2386 580 2552 620 sanus
2602 561 2828 620 effectus
2874 572 2976 630 est,
3015 581 3081 622 ac
3104 567 3150 622 si
3177 583 3457 640 nunquam

1870 668 1966 715 aut
1987 659 2204 726 surdus,
2258 667 2352 714 aut
2375 667 2578 725 mutus,
2602 666 2696 714 aut
2745 673 2814 714 ex
2843 660 3214 717 contractione
3262 678 3458 719 nervo-

1871 769 1994 809 rum
2043 755 2102 809 in
2126 771 2292 811 manu
2342 752 2535 811 fuisset
2588 754 2769 824 aliquo
2802 753 2963 810 modo
2987 753 3454 813 debilitatus..Se-

1871 847 2166 918 queutique
2210 847 2321 914 die,
2373 847 2478 902 hoc
2505 855 2590 902 est
2645 855 2798 902 sexto
2858 845 3130 904 Kalendas
3184 846 3456 916 Octobris,

1870 937 2074 995 femina
2101 941 2372 1012 quaedam,
2402 940 2620 997 nomine
2644 939 2991 1013 Engilgarda,
3053 957 3174 1013 quae
3199 957 3298 1013 per
3321 942 3462 996 mul-

1872 1039 1957 1089 tos
1985 1047 2158 1087 annos
2187 1032 2306 1087 dira
2332 1032 2597 1104 paralysis
2644 1033 2896 1102 passione
2927 1034 3234 1100 tenebatur,
3269 1033 3463 1090 eadem

1872 1125 1929 1180 in
1953 1125 2196 1190 basilica,
2230 1140 2330 1197 per
2355 1127 2550 1182 merita
2574 1125 2860 1182 beatorum
2910 1136 3237 1201 martyrum,
3274 1144 3465 1184 coram

1871 1216 2020 1271 omni
2049 1216 2267 1286 populo,
2296 1225 2383 1272 est
2407 1225 2618 1272 curata.
2669 1218 2803 1273 Erat
2829 1218 3020 1275 eadem
3074 1220 3266 1275 ancilla
3295 1221 3466 1290 perti-

1871 1324 2008 1364 nens
2032 1311 2100 1364 ad
2137 1310 2471 1382 episcopium
2512 1311 2876 1378 Tornacense,
2907 1313 2973 1370 de
3020 1313 3146 1370 villa
3173 1330 3294 1384 quae
3323 1316 3467 1371 Vue-

1869 1401 2133 1457 recundia
2156 1403 2188 1443 ιι
2220 1403 2548 1458 nominatur.
2607 1404 2668 1460 In
2717 1406 3017 1462 crastinum
3074 1423 3227 1475 vero,
3283 1407 3340 1463 id
3381 1416 3468 1466 est

1871 1493 2062 1564 quinto
2089 1493 2358 1552 Kalendas
2409 1494 2682 1563 Octobris,
2716 1496 2887 1553 altera
2940 1495 3189 1569 quaedam
3236 1498 3464 1566 femina,

1871 1591 2091 1647 nomine
2130 1591 2465 1664 Ramburga,
2523 1592 2589 1648 de
2615 1591 2738 1647 villa
2793 1591 3199 1663 Bertingaheim
3247 1595 3265 1635 i
3302 1593 3469 1650 simili

1870 1682 2126 1753 passione
2154 1681 2212 1738 in
2242 1682 2490 1739 inferiori
2525 1683 2772 1753 corporis
2828 1684 2910 1740 sui
2952 1691 3108 1755 parte
3135 1684 3290 1742 valde
3319 1686 3470 1742 debi-

1871 1773 2050 1843 litata,
2085 1775 2298 1831 cunctis
2354 1775 2450 1848 qui
2491 1776 2720 1832 aderant
2764 1775 3096 1843 videntibus,
3133 1791 3318 1831 coram
3357 1775 3467 1831 eis-

1797 1850 1847 1912 Β
1873 1866 1999 1923 dem
2049 1875 2366 1925 sanctorum
2424 1867 2694 1940 reliquiis,
2756 1867 3054 1940 perfectam
3098 1869 3469 1924 membrorum

1875 1974 2101 2016 suorum
2158 1959 2476 2015 ﬁrmitatem
2529 1958 2767 2030 recepit;
2815 1968 2978 2030 atque
3029 1975 3060 2014 a
3093 1957 3304 2025 morbo,
3361 1974 3470 2028 quo

1871 2064 1971 2121 per
2000 2050 2190 2108 decem
2214 2065 2389 2107 annos
2416 2049 2697 2106 laborasse
2754 2049 3053 2118 ferebatur,
3084 2050 3196 2106 Deo
3232 2050 3469 2118 volente,

1872 2144 1932 2202 in
1960 2152 2238 2202 momento
2260 2143 2526 2215 temporis
2551 2143 2779 2199 liberata
2804 2151 2909 2199 est.

1947 2237 2039 2296 80.
2081 2238 2287 2294 Eadem
2319 2237 2406 2293 die
2437 2237 2525 2292 vir
2546 2235 2766 2306 quidam
2788 2251 2987 2302 caecus,
3016 2234 3474 2292 nomineGerma-

1874 2350 1989 2400 rus,
2019 2335 2085 2390 de
2109 2333 2241 2388 villa
2270 2331 2606 2389 Schaltheim
2633 2330 2683 2398 i,
2710 2330 2998 2412 quaejuxta
3023 2331 3224 2386 ostium
3239 2329 3470 2398 Scaldis,

1874 2427 2114 2484 ﬂuminis
2143 2428 2200 2484 in
2247 2427 2524 2482 maritima
2550 2425 2839 2481 Frisonum
2872 2426 3094 2498 regione
3139 2425 3316 2494 posita
3345 2433 3427 2479 est
3453 2441 3470 2489 ;

1875 2540 2003 2582 cum
2019 2523 2110 2590 ibi,
2141 2538 2243 2595 pro
2268 2523 2580 2579 calamitate
2591 2537 2754 2592 quam
2775 2521 3104 2592 patiebatur,
3135 2517 3349 2575 Domini
3373 2518 3477 2572 mi-

1877 2617 2234 2676 sericordiam
2262 2624 2318 2672 et
2345 2615 2537 2671 beatos
2559 2622 2829 2686 martyres
2860 2612 3296 2679 invocasset,diu
3310 2627 3476 2682 nega-

1878 2719 1994 2767 tum
2014 2709 2197 2765 lumen
2212 2725 2337 2765 cum
2356 2708 2543 2765 laetitia
2555 2707 2798 2779 recipere
2811 2706 3027 2761 meruit.
3067 2704 3272 2772 Quarta
3292 2713 3476 2759 autem

1879 2801 1970 2864 die
1995 2809 2286 2872 postquam
2316 2801 2420 2855 hoc
2449 2799 2661 2870 signum
2687 2797 2920 2853 Domino
2959 2795 3177 2876 volente
3221 2795 3471 2865 contigit,

1879 2894 1935 2950 id
1956 2901 2060 2960 est,
2108 2892 2284 2964 pridie
2335 2891 2606 2946 Kalendas
2653 2889 2918 2956 octobris,
2972 2887 3220 2958 quaedam
3279 2886 3476 2942 ancilla

1881 2983 1940 3041 S.
1971 2983 2232 3051 Bavonis,
2281 2981 2544 3038 vocabulo
2575 2978 2891 3046 Gundrada,
2947 2980 3012 3034 de
3035 2977 3164 3033 villa
3219 2975 3478 3048 Aldinga-

1880 3079 2028 3135 heim
2058 3078 2088 3119 ιι
2123 3092 2242 3149 quae
2293 3077 2467 3132 tribus
2523 3073 2640 3130 fere
2677 3073 2834 3129 annis
2872 3071 3042 3128 solem
3079 3086 3191 3126 non
3242 3071 3473 3136 viderat,

1879 3172 1973 3227 ubi
2002 3188 2062 3228 se
2091 3185 2278 3226 coram
2326 3167 2488 3224 altari
2517 3167 2587 3222 ad
2614 3166 2882 3222 orandum
2935 3165 3255 3246 prostravit,
3292 3164 3476 3219 lumen

1879 3263 2025 3334 quod
2050 3263 2330 3327 amiserat,
2356 3258 2574 3316 Christo
2629 3257 2860 3314 Domino
2885 3250 2984 3329 per
3035 3257 3232 3314 merita
3257 3265 3476 3314 sancto-

1875 3373 1999 3416 rum
2025 3371 2249 3416 suorum
2273 3354 2561 3428 largiente,
2600 3353 2826 3424 recepit.

2494 3443 2725 3502 CAPUT
2765 3443 2856 3498 IX.

1877 3519 1960 3576 Ad
1998 3519 2251 3593 reliquias
2281 3517 2514 3593 Trajecti
2560 3517 2822 3593 depositas
2873 3525 3051 3593 sanati
3101 3532 3248 3584 cwct,
3300 3517 3473 3585 surdi,

2276 3586 2432 3654 muti,
2457 3587 2734 3651 contracti,
2767 3586 3073 3657 paralytict'.

1949 3639 2039 3734 ἐι.
2089 3639 2838 3742 Tertium—quoquelibellum
2867 3639 3179 3726 detulerunt
3205 3672 3338 3728 mihi
3364 3671 3478 3728 fra-

1878 3781 1994 3829 tres
2017 3769 2086 3826 de
2107 3765 2442 3825 monasterio
2474 3763 2494 3802 1
2522 3762 2582 3818 S.
2614 3761 2848 3818 Servatii
2898 3761 3267 3829 confessoris,
3331 3765 3476 3832 quod

1877 3899 1980 3956 pro
2023 3896 2120 3938 sua
2151 3877 2490 3956 humanitate
2531 3873 2836 3955 transmisit
2883 3870 3209 3956 .Ala'r‘dus
3235 3873 3477 3956 Lauren-

1879 3941 1990 4010 iius
2040 3967 2148 4006 van
2198 3949 2317 4012 Ele
2351 3987 2366 4012 ,
2423 3945 2719 4000 canonicus
2787 3941 3029 3997 ecclesiae
3076 3941 3470 4010 Trajeclcnsis:

1887 4009 1921 4078 (ί
1937 4009 2087 4079 anno
2112 4009 2326 4076 Domini
2353 4009 2516 4080 1625,
2542 4014 2746 4069 mensis
2771 4012 2971 4082 Aprilis
2995 4013 3082 4068 die
3107 4009 3196 4080 25,
3225 4029 3349 4068 cum
3377 4017 3478 4071 ali-

1881 4091 2203 4167 quantulum
2230 4090 2547 4167 elevaretur.
2574 4085 2711 4167 lapis
2743 4083 2935 4167 altaris
2962 4082 3190 4167 S.‘I".etri_
3218 4087 3473 4167 apostpli2

1881 4153 1939 4223 in
1963 4173 2149 4237 crypta
2180 4161 2423 4237 ecclesia;
2447 4153 2748 4237 collegiate:
2776 4153 3111 4237 S.‘Serv_atii,
3143 4164 3199 4210 et
3227 4153 3475 4212 nonnihil

1881 4254 1950 4293 ex
1975 4226 2084 4290 una
2113 4241 2264 4305 parte
2291 4226 2787 4305 inclinatus—esset;
2819 4226 3216 4305 deprehensum
3248 4237 3330 4282 est
3354 4245 3476 4284 cor-

1880 4298 2222 4380 pus_alta'ris,
2252 4303 2338 4358 cui
2381 4298 3002 4380 lapis.inni_titnr,gintus
3039 4313 3160 4380 esse
3201 4309 3476 4380 cavumet

1883 4369 2304 4434 confectum’ex
2327 4369 2487 4426 unieo
2528 4370 2726 4434 lapide,
2766 4369 2909 4423 intus
2948 4378 3157 4432 cavato,
3191 4370 3256 4423 ad
3303 4370 3477 4425 instar

1881 4449 2049 4514 vasis,
2076 4448 2144 4526 ad
2177 4443 2535 4526 capacitatem
2565 4439 2794 4526 duorum
2817 4439 3475 4526 pcdumnindongitudine

1884 4529 1938 4576 et
1961 4510 2297 4588 sesquipedis
2322 4515 2378 4568 in
2406 4512 2690 4588 latitudine
2711 4519 2768 4588 et_
2795 4510 3182 4588 profunditate,
3215 4513 3268 4588 in
3301 4526 3474 4588 caque

1805 4583 1860 4644 D
1885 4580 2227 4647 concavitate
2260 4584 2555 4656 repositam
2588 4580 2862 4656 capsulam
2889 4581 3216 4656 plumbeam,
3248 4580 3475 4656 longitu-

1886 4662 2028 4718 dinis
2062 4660 2176 4716 fere
2218 4651 2379 4711 unius
2414 4654 2567 4726 pedis
2588 4694 2603 4719 ,
2649 4651 2805 4724 cujus
2825 4652 3101 4726 _operculo
3149 4651 3474 4726 insculptum

1885 4742 1941 4788 et
1981 4739 2266 4788 exaratum
2309 4721 2435 4783 erat
2455 4742 2472 4782 :
2505 4721 2784 4787 Rauenna
2825 4721 3159 4776 MARCELLI!“
3192 4737 3262 4775 ET
3300 4721 3473 4778 PETRI

1886 4821 2055 4859 mur.
2103 4799 2272 4856 Erant
2300 4805 2481 4853 autem
2512 4795 2776 4849 dictorum
2815 4800 3112 4862 martyrum
3145 4793 3358 4848 cineres
3393 4795 3472 4848 in-

1885 4875 2052 4930 voluti
2078 4870 2298 4928 sudario
2323 4869 2498 4924 adhuc
2527 4867 2756 4935 integro,
2791 4863 2884 4935 sgf
2912 4863 3054 4931 quod
3082 4862 3307 4935 minimo
3336 4873 3475 4918 atta-

1887 4956 1976 5002 ctu
2023 4945 2079 4999 in
2126 4943 2337 4998 cineres
2380 4933 2772 4994 resolvebatur.
2825 4933 2994 4986 Erant
3044 4941 3224 4987 autem
3261 4934 3474 4990 cineres

1888 5017 1965 5072 illi
1993 5017 2049 5071 in
2073 5029 2138 5069 ea
2165 5011 2490 5084 quantitate,
2516 5021 2678 5084 quam
2705 5003 2993 5084 sudarium
3010 5017 3203 5084 capere
3231 5013 3467 5084 poterat.

1887 5071 1998 5142 llas
2034 5071 2292 5155 reliquias
2333 5071 2584 5155 viderunt
2631 5077 2702 5155 in.
2739 5071 3102 5155 dictohaltari,
3141 5071 3472 5155 reverendus

1887 5142 2424 5214 dominus.decanus
2469 5144 2772 5203 Wiuandus
2825 5160 2856 5198 a
2885 5142 3107 5210 Gelria,
3154 5143 3474 5201 Guilielmus

1889 5227 2130 5298 Tophius
2171 5227 2466 5298 cantgr,_et
2488 5219 2725 5298 Joannes
2747 5215 2982 5281 Stevart,
3008 5216 3254 5271 canonici
3279 5217 3474 5289 praedi-

1889 5289 1989 5356 cta':
2021 5296 2262 5356 ecclesiae
2299 5293 2357 5348 S.
2379 5289 2632 5347 Servatii.

2201 5407 2427 5462 Carmen
2450 5402 2514 5458 de
2540 5401 2680 5457 dicto
2707 5399 2766 5456 S.
2796 5399 2944 5454 Petri
2969 5399 3148 5456 altari.

2012 5514 2117 5565 Hac
2137 5509 2407 5562 Marcellini
2433 5507 2634 5556 cineres
2655 5504 2946 5555 clauduntur
2960 5505 3010 5555 in
3030 5517 3112 5554 ara
3132 5540 3147 5563 ,

2011 5575 2119 5626 Nec
2140 5586 2236 5623 non
2260 5585 2365 5620 ossa
2390 5571 2547 5627 Petri,
2574 5570 2778 5628 patratis
2797 5567 2979 5630 inclyta
3003 5568 3158 5630 signis
3179 5580 3192 5615 :

2016 5638 2158 5687 Hunc
2183 5635 2322 5682 dedit
2349 5627 2657 5693 Eginbardus
2675 5627 2959 5693 thesaurum
2982 5629 3159 5693 nobilis
3180 5627 3351 5693 abbas,

2019 5696 2220 5756 Quando
2243 5691 2576 5744 recenSebaut
2597 5706 2624 5740 a
2649 5699 2788 5754 partu
2817 5691 3032 5756 Virginis
3053 5691 3193 5756 almae

2015 5753 2200 5822 Bisque
2210 5763 2386 5820 quater
2396 5760 2592 5807 centum
2604 5753 2970 5816 aiinos,uecnon
2983 5753 3058 5801 bis
3072 5753 3249 5801 decem
3268 5757 3322 5802 et
3335 5758 3450 5804 octo
3468 5792 3472 5800 .

1895 5845 2171 5905 Hactenus
2205 5857 2240 5900 a
2263 5839 2412 5900 dicto
2439 5838 2704 5897 canonico
2737 5852 2842 5895 van
2865 5834 2979 5906 Eyll
3009 5833 3294 5891 submissa.

2963 5949 3038 6009 19
