3940 6340
390 396 393 397 κ
439 352 545 421 537
1726 329 2112 394 animum
2146 328 2440 389 ABBATIS
3631 315 3743 375 ssc

436 464 603 537 situm
626 472 712 529 erit
729 468 789 527 in
812 466 934 541 ripa
948 464 1113 523 Mosae
1138 460 1398 525 numinis,
1423 456 1482 513 in
1501 448 1616 513 vict
1644 450 1739 526 qui
1760 451 2032 522 hodieque
2054 446 2112 520 Α
2133 445 2360 541 inutilis,
2394 444 2561 541 haec,
2592 433 2785 541 «dem
2808 431 2937 541 die,
2960 438 3093 541 ante
3142 427 3364 495 easdem
3410 436 3753 489 sanctorum

438 566 722 637 Traiectus
738 568 989 628 vocatur,
1019 566 1077 615 et
1098 557 1263 614 diatat
1305 552 1375 609 ab
1402 546 1644 622 Aquitani
1671 545 1871 619 palatio
1904 551 2030 601 octo

436 658 657 720 circiter
676 658 886 730 lengas.
908 660 1102 723 estque
1124 645 1486 706 habitantium
1506 649 1564 698 et
1574 637 1847 712 praecipue
1867 651 2035 709 nego-

438 752 699 815 tiatorum
720 746 1071 807 innititudnm
1098 738 1590 813 frequentissimus.
1638 730 1807 801 Cujus
1822 736 2029 795 textus,

343 836 359 849 ’
439 849 487 907 si
504 847 647 905 bene
664 842 868 914 recolo,
890 841 948 896 in
969 838 1117 894 hunc
1132 836 1353 890 modum
1373 828 1590 911 videtur
1612 838 1735 880 esse
1755 819 2033 914 composi-

441 954 532 999 tus
559 960 573 996 :
609 911 888 995 Adventus
930 936 1252 989 sanctorum
1296 921 1501 981 Christi
1530 925 1851 988 martyrum,
1885 911 2035 968 Mar-

443 1032 625 1091 cellini
653 1039 712 1087 et
735 1027 905 1094 Petri,
942 1025 1010 1080 ad
1031 1022 1212 1078 vicum
1236 1016 1575 1088 Traiectum,
1606 1006 1835 1078 contigit
1859 1003 2038 1078 pridie

443 1123 630 1180 Nonas
648 1119 815 1176 Junii.
863 1115 999 1172 Nam
1011 1115 1128 1184 ipso
1147 1111 1237 1167 die
1254 1108 1406 1164 venit
1430 1104 1512 1160 eis
1531 1101 1747 1159 obviam
1766 1095 2039 1155 decedent

446 1213 570 1271 vico
594 1209 852 1269 immanis
888 1202 1174 1262 multitudo
1202 1197 1409 1271 populi,
1444 1194 1513 1251 ad
1540 1189 1946 1262 susceptionem
1973 1185 2041 1242 il-

445 1306 627 1362 lorum
648 1306 999 1373 congregata,
1044 1293 1272 1349 laudans
1299 1297 1357 1346 et
1382 1286 1715 1344 benedicens
1740 1281 1913 1373 Deum
1943 1294 2038 1335 su-

446 1410 547 1472 per
590 1395 859 1451 immensa
887 1398 1051 1460 atque
1093 1379 1451 1441 inenarrabili
1492 1372 1873 1434 misericordia
1918 1386 2040 1438 sua,

375 1499 388 1561 ξ
586 1498 688 1560 per
713 1493 894 1541 tantos
919 1488 1183 1553 patronos
1202 1474 1463 1550 populum
1484 1472 1541 1529 in
1564 1484 1626 1527 se
1985 1469 2047 1518 et

378 1558 383 1568 ι
448 1558 812 1637 conﬁdentem
835 1574 1059 1632 visitare
1084 1571 1339 1643 dignatus
1365 1574 1468 1625 est.
1523 1563 1771 1634 Cumque
1818 1559 1905 1617 bis
1924 1558 2047 1617 lau-

448 1671 612 1731 dibus
630 1679 687 1726 et
708 1668 901 1725 laetitia
918 1664 1190 1739 spirituali
1216 1675 1391 1733 usque
1419 1660 1489 1717 ad
1515 1656 1800 1714 basilicam
1821 1652 1885 1708 B.
1914 1649 2049 1707 Ser-

450 1763 586 1820 vatii
610 1769 937 1834 perventum
956 1766 1126 1824 esset,
1149 1752 1548 1822 celebratisque
1576 1762 1704 1806 cum
1723 1758 1924 1817 magna
1933 1757 2048 1801 om-

2135 537 2418 610 reliquias,
2446 533 2564 607 pari
2591 529 2754 587 modo
2786 535 2979 586 curata
3014 534 3122 582 est.

2205 632 2296 690 84.
2323 629 2531 699 Quibus
2550 625 2705 692 visis,
2739 621 2969 695 populus
2992 620 3053 677 in
3088 617 3318 677 basilica
3339 623 3752 690 congregatus,

2136 723 2323 795 cmpit,
2370 735 2485 793 pra:
2535 716 2707 773 nimia
2761 712 3128 770 exsultatione
3188 719 3353 782 atque
3396 708 3635 779 latitia,
3682 708 3757 786 ,ῆι

2137 816 2357 889 hymnis
2376 821 2435 871 et
2461 811 2688 879 litaniis,
2719 807 2947 869 sublatis
2986 806 3042 862 in
3068 805 3237 862 altum
3261 802 3511 869 vocibus,
3556 800 3761 859 laudes

2137 909 2366 967 Domino
2413 907 2724 963 decantare.
2777 898 2918 957 Cum
2951 898 3134 971 subito
3168 896 3391 954 intravit
3442 910 3601 965 puer
3636 894 3761 965 qui-

2141 1003 2265 1061 dam
2314 998 2534 1066 surdus,
2564 1004 2729 1066 atque
2754 992 2812 1049 in
2838 990 3020 1048 media
3044 988 3219 1061 plebis
3240 987 3612 1044 multitudine
3636 994 3759 1042 stu-

2137 1090 2388 1164 pefactus
2439 1096 2497 1145 et
2558 1085 2790 1145 attonito
2836 1081 3035 1140 similis
3071 1078 3334 1136 constitit.
3386 1076 3470 1134 Ac
3520 1076 3761 1145 deinde,

2140 1199 2267 1240 cum
2310 1190 2441 1239 ante
2482 1178 2658 1235 altare
2690 1174 2866 1233 sancti
2920 1169 3241 1238 Salvatcris,
3282 1169 3428 1241 quod
3466 1168 3534 1224 in
3570 1168 3762 1224 media

2140 1275 2370 1333 ecclesia
2407 1267 2645 1344 positum
2698 1276 2802 1336 est,
2832 1266 3191 1338 pervenisset,
3241 1268 3583 1334 erumpente
3629 1275 3762 1331 pro-

2142 1372 2291 1427 tinus
2346 1367 2415 1424 de
2467 1365 2694 1423 naribus
2734 1360 2857 1431 ejus
2897 1358 3186 1432 sanguine,
3232 1372 3345 1428 quo
3366 1354 3461 1411 diu
3488 1354 3764 1424 privatus

2143 1463 2343 1530 fuerat,
2372 1460 2591 1517 auditus
2614 1455 2792 1513 ciiicic
2821 1456 3057 1511 donatus
3078 1457 3182 1507 est.
3222 1449 3283 1505 in
3308 1448 3643 1504 crastinum
3668 1462 3763 1500 au-

2143 1562 2280 1623 tem,
2309 1550 2365 1610 id
2387 1561 2473 1609 est
2501 1557 2700 1624 quarto
2725 1545 2853 1605 ldus
2882 1538 3051 1611 Junii,
3076 1541 3255 1597 visum
3275 1538 3359 1596 est
3384 1537 3559 1594 nobis
3590 1542 3661 1592 ut
3686 1535 3761 1591 fe-

2147 1652 2378 1712 retrum,
2406 1644 2552 1715 quod
2598 1654 2787 1700 sacros
2838 1628 3138 1709 Martyrum
3172 1634 3383 1690 cineres
3405 1628 3761 1695 continebat,

2150 1739 2314 1796 altius
2339 1736 2542 1795 elevari
2571 1730 2824 1800 deberet;
2850 1732 2916 1787 ‘ad
2940 1731 3047 1785 hoc
3074 1726 3348 1793 videlicet,
3377 1732 3441 1780 ut
3460 1722 3765 1794 aliquanto

450 1820 996 1931 nium-gratulatione
1017 1820 1313 1907 missarum
1346 1820 1647 1911 solemniis,
1683 1849 1742 1899 et
1770 1837 2042 1896 universis
2068 1842 2117 1907 Β
2143 1831 2474 1892 eminentius
2493 1837 2640 1887 esset
2667 1841 2832 1931 quam
2857 1825 3030 1881 altare
3056 1822 3146 1879 cui
3176 1820 3479 1895 appositum
3509 1824 3658 1874 erat
3674 1860 3690 1884 ,
3717 1824 3766 1873 et

396 2025 411 2031 ἡ
450 1951 524 2008 ad
550 1966 646 2007 sua
668 1947 931 2015 reversis,
952 1945 1241 2010 feretrum,
1275 1955 1384 2013 quc
1410 1939 1554 1997 sacri
1576 1937 1800 1993 cineres
1830 1930 2049 1989 advecti

452 2052 603 2111 sum,
630 2052 663 2099 a
684 2042 895 2099 dextris
916 2040 1106 2096 altaris
1120 2030 1278 2108 juxta
1300 2032 1575 2091 cancellos
1584 2030 1909 2088 collocatum
1929 2035 2048 2094 est;

455 2149 710 2209 totusque
739 2137 831 2193 ille
857 2135 992 2200 dies,
1029 2146 1153 2189 cum
1180 2129 1389 2203 ingenti
1414 2127 1611 2183 eodem
1632 2126 1693 2180 in
1722 2123 1844 2179 vico
1871 2119 2051 2177 consi-

454 2232 652 2290 stentis
670 2229 852 2303 populi
866 2226 1227 2286 exsultatione
1246 2231 1410 2295 atque
1423 2219 1783 2293 iucunditate,
1800 2230 2052 2273 consum-

458 2332 644 2381 matus
670 2329 776 2379 est.

456 2526 459 2529 ν
533 2456 622 2514 82.
646 2455 892 2527 Cumque
916 2452 985 2511 ad
1008 2438 1374 2526 vespertinum
1395 2448 1630 2507 cilicium
1649 2448 1803 2521 juxta
1825 2462 2055 2506 consue-

457 2548 703 2604 tudinem
724 2546 1132 2612 celebrandam,
1174 2538 1423 2600 eamdem
1448 2532 1732 2599 basilicam
1758 2538 2081 2596 fuissemuS‘

456 2642 711 2717 ingressi,
740 2640 930 2699 aderat
952 2640 1094 2696 inter
1124 2648 1350 2695 caeteros
1375 2653 1512 2709 puer
1542 2632 1787 2708 quidam,
1835 2631 2057 2689 nomine

458 2734 775 2807 Berngisus,
803 2748 965 2805 quem
987 2730 1280 2805 propinqui
1306 2731 1390 2786 sui
1415 2730 1481 2786 de
1509 2743 1652 2801 pago
1677 2720 1989 2782 Cundensic
2004 2735 2054 2791 α,

460 2816 587 2889 ante
614 2846 816 2905 paucos
841 2831 959 2887 dies
986 2829 1114 2885 illuc
1138 2828 1440 2905 venientes,
1482 2822 1827 2880 adduxerunt
1852 2806 2059 2876 caecum

462 2904 621 2999 [Ms.,
645 2921 847 2996 ctecus]
871 2938 903 2977 a
924 2921 1237 2999 nativitate.’
1262 2904 1373 2999 Qui
1396 2916 1576 2972 subito
1598 2906 1784 2972 coram
1805 2913 2061 2971 omnibus

461 2990 519 3070 in
549 2990 922 3085 pavimentum
943 2990 1162 3089 cecidit,
1193 2994 1378 3081 ibique
1399 3002 1715 3078 aliquandiu
1726 3004 1877 3085 velut
1902 3018 2062 3077 sopo-

464 3123 527 3164 re
573 3092 866 3179 depressus
912 3102 1119 3176 jacuit;
1144 3080 1383 3171 'm'quue
1411 3094 1618 3172 apertis
1643 3096 1818 3153 oculis
1856 3080 2060 3165 lucem,

468 3215 632 3272 quam
672 3188 949 3268 nunquam
975 3203 1102 3251 ante
1123 3194 1281 3261 vidit,
1315 3188 1538 3250 Christo
1571 3186 1802 3247 Domino
1822 3205 1921 3263 per
1950 3204 2065 3246 me-

469 3291 579 3347 rita
592 3280 905 3346 sanctorum
920 3303 1142 3342 suorum
1156 3274 1414 3353 donante,
1430 3274 1735 3355 conspexit.
1759 3281 1897 3338 Exin
1912 3282 2067 3353 quin-

465 3391 525 3437 ta
546 3382 654 3448 die,
670 3382 726 3437 id
746 3387 849 3447 est,
867 3388 1022 3435 sexto
1039 3370 1165 3434 ldus
1196 3375 1365 3445 Junii,
1392 3378 1558 3432 homo
1588 3366 1832 3448 quidam,
1864 3390 2067 3447 cogno—

471 3481 660 3531 mento
696 3471 1055 3538 Hildimarus,
1085 3471 1180 3542 qui
1203 3467 1400 3526 surdus
1423 3476 1545 3526 erat
1570 3477 1627 3524 et
1650 3476 1858 3545 mutus,
1874 3481 2062 3545 coram

471 3566 679 3623 eisdem
693 3564 865 3621 sacris
880 3572 1205 3620 sanctorum
1230 3561 1500 3633 reliquiis,
1515 3569 1572 3616 et
1595 3559 1843 3616 auditum
1853 3560 2066 3632 pariter

468 3665 530 3715 et
539 3652 812 3729 loquelam
831 3668 932 3728 per
950 3656 1215 3713 virtutem
1238 3653 1447 3712 Christi
1466 3652 1693 3724 recepit.

538 3794 630 3853 83.
657 3791 861 3849 Eodem
886 3774 1100 3863 quoque
1143 3788 1231 3847 die
1256 3788 1435 3860 puella
1463 3784 1736 3860 quaedam,
1760 3787 1828 3844 de
1850 3782 2063 3844 familia

473 3884 535 3971 8.
588 3883 891 3969 Lamberti,
945 3872 1167 3940 nomine
1219 3880 1527 3949 Adalliuda,
1580 3892 1702 3952 quae
1742 3882 1857 3937 non
1887 3879 2066 3937 Solum

473 3966 641 4038 surda
655 3966 714 4036 et
739 3986 911 4046 muta,
941 3979 1039 4034 sed
1065 3978 1236 4034 etiam
1257 3991 1421 4045 caeca,
1448 3984 1671 4047 totoque
1699 3992 1932 4050 corpore
1954 3986 2069 4033 tam

477 4068 780 4125 miserabili
794 4071 960 4125 modo
984 4082 1052 4124 ex
1078 4082 1372 4125 nervorum
1393 4070 1770 4127 contractione
1787 4078 1909 4125 erat
1918 4086 2075 4127 com-

473 4160 697 4235 plica'ta,
723 4160 783 4215 ut
820 4175 997 4232 genua
1042 4161 1252 4231 pectori
1289 4160 1672 4232 iungerentur,
1702 4160 1863 4230 juxta
1887 4177 2073 4219 sacras

478 4252 781 4326 Martyrum
805 4250 1067 4323 reliquias
1096 4268 1129 4307 a
1153 4255 1269 4309 suis
1293 4253 1493 4325 posita,
1534 4261 1592 4308 et
1618 4252 1794 4309 vistnn
1834 4260 1891 4310 et
1920 4251 2076 4309 audi-

479 4355 619 4412 tum,
643 4342 915 4414 lcquelam
938 4343 1103 4397 etiam
1129 4343 1482 4414 omniumque
1514 4344 1887 4400 membrorum
1909 4336 2075 4399 recti-

473 4436 745 4502 tudiuem,
788 4449 856 4491 ac
888 4433 1141 4504 salutem,
1182 4449 1369 4490 coram
1401 4432 1655 4491 omnibus
1701 4435 1792 4507 qui
1822 4438 2074 4505 aderant,

477 4532 719 4590 mirabili
759 4530 1060 4597 celeritate,
1102 4531 1289 4588 divino
1341 4547 1591 4599 munere,
1639 4541 1933 4589 consecuta
1968 4540 2071 4589 est.

477 4624 749 4682 Postridie
799 4639 954 4692 vero,
999 4624 1057 4681 id
1080 4633 1186 4691 est,
1229 4625 1420 4695 quinto
1468 4625 1598 4681 ldus
1647 4624 1817 4693 Junii,
1853 4626 2081 4697 quidam

481 4730 672 4773 semis
720 4718 925 4790 regius,
965 4717 1190 4773 nomine
1210 4716 1548 4783 Bercbadus,
1578 4719 1646 4774 de
1678 4718 1808 4773 villa
1839 4717 2082 4774 Crescia-

418 4861 427 4878 ,
480 4820 548 4866 co
577 4807 627 4875 ι’,
675 4809 732 4864 in
777 4810 1005 4867 dextera
1060 4811 1147 4866 sui
1196 4810 1442 4881 corporis
1469 4819 1627 4883 parte
1674 4827 1775 4884 per
1806 4820 1987 4868 totum
2013 4826 2084 4869 ex

410 4895 430 4997 ξι
484 4915 776 4957 nervorum
835 4905 1219 4960 contractione
1282 4904 1600 4960 debilitatus
1642 4912 1701 4961 et
1747 4905 1958 4961 inutilis
2000 4902 2084 4960 fa-

486 5001 628 5059 ctus,
659 5010 784 5066 cum
825 5004 952 5053 ante
988 5004 1323 5053 memoratas
1358 5005 1674 5053 sanctorum
1706 4998 1968 5069 reliquias
1991 5012 2085 5053 ve-

488 5086 683 5154 nisset,
714 5091 899 5171 statim
917 5100 1155 5158 erectus,
1184 5098 1239 5146 et
1266 5091 1487 5147 sanitati
1533 5106 1698 5165 quam
1738 5091 2089 5149 desiderabat

488 5180 611 5238 sine
638 5196 792 5238 mora
820 5192 906 5239 est
929 5186 1195 5243 redditus.
1227 5184 1494 5242 Similiter
1530 5195 1585 5242 et
1612 5185 1792 5256 puella
1838 5186 2086 5256 quaedam

493 5272 562 5331 de
596 5274 715 5347 ipso
768 5274 891 5330 vico
935 5275 1209 5344 Trajectc,
1235 5278 1502 5334 vocabulo
1527 5277 1885 5341 Theothildis,
1930 5278 2088 5349 cujus

446 5438 451 5443 μ
493 5368 721 5422 dextera
765 5378 964 5424 manus
996 5375 1126 5425 erat
1155 5369 1321 5427 simili
1357 5369 1735 5427 contractione
1763 5369 1821 5425 in
1874 5376 2088 5424 tantum

492 5459 815 5531 complicata
857 5468 1020 5531 atque
1051 5461 1304 5531 distorta,
1328 5474 1391 5521 ut
1414 5465 1485 5520 ad
1506 5477 1726 5521 omnem
1753 5479 1912 5519 usum
1942 5471 2091 5520 esset

532 5667 547 5680 θ
562 5607 593 5655 9
614 5594 992 5680 Condensium,
1006 5612 1085 5680 an
1105 5598 1662 5680 ἰομιῑεϐοῃάναξὶαηιῖ
1682 5595 1937 5654 ὤωθθείε
1958 5596 2093 5654 Leo-

492 5667 696 5743 digngis
727 5668 926 5743 portio,
958 5668 1120 5743 vulgo
1151 5670 1200 5743 le
1223 5668 1509 5743 Condros?

564 5737 700 5821 PEx
721 5737 968 5821 pluribus
992 5737 1269 5821 ϐτξεοξαοξ
1279 5741 1525 5821 nomine
1554 5740 1911 5821 dictis_'_l_ocis_,
1943 5740 2089 5821 cele-_

496 5808 646 5891 brius
678 5808 763 5868 est
794 5812 1124 5891 illudquod,
1158 5813 1215 5867 in
1248 5810 1619 5891 yelcdnnensi
1644 5812 1833 5891 Gallia:
1860 5812 2090 5873 dioecesi

497 5882 676 5950 situm,
710 5885 856 5957 regia
880 5882 1049 5941 etiam
1075 5898 1217 5939 nunc
1243 5882 1623 5952 iurisdictione
1658 5882 1844 5956 pollet.

2102 4584 2160 4649 Ἰ)

2142 5894 2153 5899 ν
2195 5882 2259 5956 D,
2284 5893 2345 5943 'et
2366 5886 2483 5942 haec
2510 5882 2782 5943 habeatur
2823 5898 2968 5943 anno

2148 1922 2363 1984 facilius
2393 1922 2461 1981 ab
2483 1912 2864 1979 accedentibus
2884 1917 3031 1974 cerni
3054 1915 3340 1989 potuisset.
3377 1912 3557 1984 idque
3610 1911 3766 1968 nobis

2149 2017 2497 2083 facientibus,
2548 2021 2605 2071 et
2655 2012 2798 2068 inter
2833 1992 3147 2065 faciendum
3201 2005 3417 2060 litanias
3468 2016 3615 2060 cum
3674 2000 3763 2058 Dei

2149 2112 2311 2169 laude
2350 2107 2688 2175 canentibus,
2718 2103 2897 2180 puella
2925 2092 3174 2176 quasdam
3200 2096 3268 2158 de
3299 2096 3509 2155 familia
3541 2097 3614 2155 S.
3643 2096 3766 2153 Ser-

2151 2202 2306 2272 i'atii,
2360 2219 2393 2259 a
2424 2200 2712 2258 nativitate
2757 2214 2854 2255 sua
2883 2188 3112 2269 pedibus
3149 2209 3217 2250 ex
3242 2188 3641 2250 commotione
3666 2188 3767 2245 iis»

2152 2298 2333 2367 tortis,
2370 2296 2621 2354 manibus
2654 2294 2820 2350 etiam
2857 2308 2926 2348 ex
2965 2294 3257 2348 nervorum
3287 2287 3645 2346 distensione
3667 2285 3770 2341 dis-

2154 2396 2370 2465 solutis,
2400 2394 2623 2465 insuper
2645 2399 2702 2447 et
2727 2397 2900 2458 muta,
2922 2403 3087 2461 quam
3113 2384 3278 2460 paulo
3306 2378 3435 2442 ante
3483 2378 3542 2438 in
3571 2380 3767 2439 basili-

2154 2472 2278 2567 cam
2326 2486 2412 2544 sui
2452 2480 2794 2553 detulerunt,
2835 2490 2894 2539 et
2938 2495 3127 2567 coram
3181 2477 3387 2536 feretro
3433 2482 3769 2549 posuerunt,

2158 2562 2342 2641 subito
2393 2574 2615 2637 sanitati
2661 2584 2748 2633 est
2796 2574 3042 2641 reddita;
3076 2560 3154 2629 ita
3187 2562 3252 2628 ut
3296 2568 3490 2628 eadem
3541 2567 3695 2624 hora
3720 2573 3771 2623 et

2154 2666 2330 2745 loqui,
2355 2678 2411 2728 et
2447 2668 2721 2736 incedere,
2752 2675 2809 2724 et
2843 2665 3099 2723 manibus
3129 2663 3199 2721 ad
3227 2661 3411 2721 omnia
3436 2660 3769 2718 necessaria

2160 2769 2403 2845 perfecte
2438 2762 2518 2823 uti
2544 2764 2806 2839 potuerit.

2233 2862 2323 2920 85.
2363 2860 2588 2918 Femina
2621 2856 2874 2931 quaedam
2919 2852 2986 2913 de
3016 2855 3137 2927 ipso
3163 2851 3286 2910 vico
3314 2848 3599 2922 Trajectc,
3650 2865 3772 2906 cum

2164 2944 2396 3015 haberet
2422 2952 2675 3010 ancillam
2708 2964 2933 3018 calcem,
2976 2946 3199 3004 nomine
3248 2938 3659 3017 Adalgardam,
3695 2942 3773 2998 in-

2168 3064 2357 3127 gressa
2409 3047 2692 3121 basilicam
2744 3041 2970 3099 tradidit
3027 3055 3149 3097 eam
3178 3036 3383 3096 sanctis
3428 3034 3775 3108 martyribus

2172 3142 2485 3198 Marcellino
2512 3149 2570 3197 et
2611 3134 2798 3207 Petro,
2835 3144 2896 3194 ut
2923 3152 3026 3209 per
3052 3150 3244 3192 eorum
3296 3128 3555 3204 suﬂ‘ragia
3590 3129 3777 3184 visum

2091 3218 2138 3284 (ἶ
2169 3238 2414 3309 recipere
2467 3243 2793 3301 mereretur,
2823 3233 3010 3304 ibique
3040 3230 3275 3288 dimisit.
3306 3228 3442 3309 Quae
3468 3243 3619 3294 cum,
3647 3232 3777 3299 post

2167 3306 2453 3406 peractum
2483 3326 2850 3404 vespertinale
2900 3322 3161 3391 cilicium,
3210 3318 3267 3380 in
3318 3306 3514 3379 eadem
3541 3320 3775 3377 ecclesia

2168 3416 2526 3491 substitisset,
2554 3421 2757 3488 subito,
2779 3417 2925 3475 velut
2946 3406 3017 3474 ab
3052 3416 3235 3488 aliquo
3260 3412 3520 3486 impulsa,
3548 3413 3604 3467 in
3627 3412 3775 3484 pavi-

2167 3529 2415 3577 mentum
2458 3516 2690 3582 cecidit;
2724 3522 2889 3586 atque
2942 3506 3019 3569 ibi
3068 3510 3160 3568 diu
3218 3509 3486 3576 volutata,
3532 3506 3775 3570 tandem,

2170 3629 2296 3671 cum
2340 3608 2547 3684 ingenti
2579 3606 2989 3665 circumstantis
3016 3592 3204 3675 populi
3229 3610 3453 3672 stupore
3481 3609 3654 3684 atque
3687 3597 3775 3653 ad-

2169 3680 2485 3772 miratione,
2516 3702 2664 3759 clare
2688 3696 2881 3755 videns
2905 3697 3166 3755 surrexit.
3188 3694 3435 3765 Contigit
3456 3693 3571 3748 hcc
3590 3680 3772 3746 idilm

2170 3792 2319 3857 Junii
2350 3790 2425 3853 ad
2449 3810 2766 3867 vesperum,
2793 3793 2913 3864 ipso
2941 3791 3119 3849 noctis
3143 3786 3445 3859 incipiente
3477 3796 3775 3856 crepuscu-

2170 3894 2247 3950 lo.
2269 3890 2447 3949 Homo
2476 3889 2699 3961 quidam
2723 3882 2790 3943 de
2826 3885 3110 3958 provincia
3133 3881 3473 3954 Burgundia,
3511 3893 3586 3935 ex
3618 3877 3776 3933 terri-

2175 3984 2317 4043 torio
2356 3977 2707 4040 Gennavensi
2763 3992 2811 4050 ε,
2857 3979 3078 4037 nomine
3131 3970 3519 4048 Thectgarius,
3555 3987 3623 4028 ea
3654 3986 3775 4044 pas-

2175 4080 2329 4136 sione
2346 4078 2607 4134 iaborans
2628 4090 2792 4147 quam
2812 4075 3012 4131 medici
3032 4073 3226 4130 Graeco
3245 4068 3515 4128 vocabulo
3531 4083 3773 4139 spasmos

2174 4171 2473 4244 appellant,
2523 4169 2718 4225 Latine
2769 4176 2975 4234 autem,
3010 4168 3079 4224 ab
3108 4166 3353 4237 assidua
3402 4162 3775 4220 membrorum

2178 4266 2500 4339 agitatione,
2542 4262 2831 4319 tremulam
2874 4278 2984 4318 non
3010 4262 3311 4334 incongrue
3358 4258 3552 4313 vocari
3577 4263 3773 4328 potest,

2178 4358 2332 4415 venit
2355 4358 2411 4413 in
2438 4355 2721 4413 basilicam
2739 4373 2753 4410 :
2770 4364 2935 4427 atque
2956 4356 3015 4410 in
3039 4354 3219 4410 media
3249 4350 3439 4425 pepuli
3457 4350 3644 4414 turba,
3660 4360 3773 4418 qua

2183 4450 2252 4506 ad
2279 4448 2546 4506 audienda
2593 4448 2884 4504 missarum
2909 4446 3198 4513 solemnia,
3231 4452 3291 4499 ut
3316 4443 3374 4498 in
3412 4443 3506 4498 die
3538 4438 3773 4496 Domini-

2185 4559 2251 4600 co
2277 4543 2445 4599 moris
2473 4551 2577 4609 est,
2608 4540 2789 4597 fuerat
2814 4543 3168 4613 congregata,
3197 4535 3468 4593 constitit.
3506 4533 3772 4602 Cumque,

2184 4643 2311 4708 post
2344 4634 2630 4690 recitatum
2658 4632 2936 4704 Evangelii
2961 4631 3274 4697 lectionem,
3303 4624 3639 4685 Christiana:
3661 4639 3775 4680 cre-

2185 4726 2430 4785 dulitatis
2460 4724 2767 4797 symbolum
2784 4725 3108 4780 recitaretur
3120 4716 3640 4794 [Hs.,caneertur],
3671 4726 3775 4769 tre-

2185 4818 2430 4874 mulcsus
2442 4816 2533 4872 ille
2544 4816 2723 4872 subito
2738 4817 2805 4872 ad
2820 4824 3023 4871 terram
3044 4811 3282 4877 corruit;
3307 4818 3367 4867 et
3390 4810 3521 4865 dum
3544 4807 3777 4864 divinum

2184 4910 2423 4968 cilicium
2436 4909 2737 4980 peragitur,
2750 4924 2890 4980 pene
2917 4905 3212 4965 immobilis
3223 4920 3290 4960 ac
3300 4910 3521 4959 mortuo
3537 4914 3697 4972 quam
3709 4897 3779 4951 vi—

2187 5004 2335 5060 venti
2354 5001 2788 5073 similicrjacuit;
2803 5001 3084 5072 multoque
3104 5016 3173 5056 ex
3189 4998 3415 5054 naribus
3430 4990 3780 5066 ejus'sangui-

2188 5110 2258 5151 ne
2279 5103 2535 5150 manente
2554 5092 2708 5168 [Ms.,
2728 5092 3031 5167 manante],
3049 5100 3177 5165 post
3199 5090 3544 5162 completum
3568 5097 3779 5143 sacrum

2140 5250 2145 5255 ,
2189 5185 2447 5256 cilicium,
2470 5203 2594 5243 cum
2622 5202 2820 5259 magna
2842 5180 3208 5257 inspectantis
3228 5180 3420 5255 populi
3468 5176 3779 5237 admiratio—

2188 5296 2281 5347 ne,
2314 5296 2481 5336 sanus
2502 5295 2567 5336 ac
2582 5280 2701 5334 sine
2728 5279 2839 5337 ulla
2871 5278 3234 5350 trepidatione
3256 5276 3503 5333 surrexit
3561 5268 3782 5329 Factum

2190 5382 2276 5430 est
2324 5374 2430 5429 hoc
2486 5371 2810 5427 miraculum
2836 5371 3050 5427 decimo
3090 5378 3285 5427 octavo
3312 5368 3586 5424 kalendas
3636 5364 3779 5427 Julii.

2190 5467 2219 5508 ά
2245 5467 2335 5525 die
2360 5466 2676 5534 Dominico,
2724 5466 2866 5522 sicut
2894 5465 3145 5537 superius
3189 5456 3654 5536 comprehensum
3682 5468 3780 5517 est.

2265 5613 2289 5642 ο
2319 5598 2628 5668 Gennabum
2678 5601 2733 5656 in
2784 5599 2982 5656 finibus
3006 5592 3495 5668 Aure’lianensiuml
3528 5598 3602 5655 ad
3638 5597 3783 5668 [ﬁge-

2193 5672 2321 5739 rim,
2338 5666 2505 5727 hodie
2528 5669 2679 5738 Gien,
2705 5679 2763 5726 ut
2784 5672 3108 5742 quibusdam
3134 5678 3257 5727 eum
3280 5671 3466 5741 aiiquo
3492 5664 3550 5726 in
3568 5664 3785 5725 hdmine

2193 5742 2551 5813 fundamento
2578 5743 2790 5813 placet;
2822 5742 3089 5809 Genabus,
3121 5743 3363 5799 Lucano.

2264 5812 2292 5853 ἀ
2321 5814 2456 5870 Cum
2488 5809 2902 5872 hic—concursus
2930 5813 3113 5872 existat
3133 5815 3371 5869 litteram
3394 5809 3782 5869 Dominicaien

3118 5882 3652 5956 ,necdeindeante
3694 5896 3783 5937 an-

3925 0 3933 61 i
