3940 6340
207 351 326 418 889

1059 361 1239 422 HIST.
1285 361 1674 423 TRANSLAT.
1713 362 1824 422 BB.
1857 354 2278 424 MARCELLINI
2315 361 2406 420 ET
2443 361 2666 422 PETRI.

3373 371 3484 430 500

285 472 379 562 86.
431 470 638 542 Quarta
685 483 868 533 autem
911 475 1072 546 feria,
1116 477 1174 538 id
1214 487 1320 552 est,
1371 478 1581 560 decimo
1605 477 1797 550 quinto
1822 481 1877 544 Α
1900 477 2118 547 distine,
2153 475 2347 562 inquit,
2393 475 2597 548 aliquid
2625 476 2694 534 de
2731 480 2954 545 sanctis,
2988 481 3082 553 qui
3133 484 3192 541 in
3230 484 3485 557 Trajecto

209 559 490 624 Kalendas
533 563 684 635 Julii,
719 584 855 641 puer
891 571 1130 642 quidam,
1171 572 1392 630 nomine
1443 572 1796 641 Folchardus,

210 661 288 719 de
308 660 642 718 monasterio
670 664 816 734 quod
849 651 1205 722 Meldradium
1228 681 1256 708 ει
1285 674 1532 734 vocatur,
1568 667 1661 738 qui
1681 673 1802 723 erat

205 752 473 809 cruribus
501 769 565 810 ac
597 754 825 822 pedibus
856 755 1155 815 miserabili
1181 761 1556 817 contractione
1599 761 1800 816 distor-

209 852 330 910 tus,
352 845 542 902 eodem
569 847 625 900 in
649 861 790 914 ioco,
820 863 1007 906 coram
1029 851 1179 906 omni
1205 851 1424 924 populo,
1450 859 1674 907 curatus
1695 859 1800 908 est.

208 935 520 994 Undecimo
543 936 812 995 Kalendas
851 939 979 996 Julii
1010 943 1157 998 venit
1183 945 1406 1020 quidam
1434 945 1598 1000 homo
1615 945 1686 1000 ad
1713 959 1804 1002 ec-

205 1029 463 1097 clesiam,
487 1039 544 1087 et
576 1031 722 1088 inter
749 1041 977 1091 caeteros
1027 1035 1271 1109 intravit,
1296 1037 1450 1110 cujus
1471 1037 1663 1093 dextra
1689 1053 1806 1094 ma-

202 1137 322 1178 nus
344 1123 506 1180 simul
530 1139 655 1180 cum
680 1125 906 1182 brachio
934 1129 1095 1185 modo
1121 1128 1360 1184 mirabili
1389 1128 1710 1185 movebatur
1749 1129 1805 1184 in

199 1231 434 1290 gyrum,
478 1232 545 1272 ac
587 1217 636 1273 si
683 1219 882 1274 molam
912 1229 1126 1277 vertere
1168 1221 1410 1288 deberet,
1440 1222 1602 1294 idque
1631 1223 1807 1278 inces-

203 1317 408 1364 santer
435 1309 648 1382 agebat.
686 1310 737 1368 ls
767 1311 999 1381 dicebat,
1051 1314 1122 1371 ob
1152 1315 1256 1371 hoc
1293 1315 1398 1372 sibi
1425 1315 1570 1372 hanc
1595 1315 1808 1386 inquie-

202 1402 463 1459 tudinem
514 1402 800 1472 accidisse,
833 1405 962 1476 quia
995 1405 1084 1462 die
1127 1406 1412 1464 Dominica
1457 1417 1650 1466 contra
1679 1406 1809 1464 veti-

203 1501 334 1550 tum
386 1493 645 1560 moleret;
680 1483 738 1552 et
782 1495 899 1568 jam
952 1513 1156 1555 annum
1213 1500 1490 1572 integrum
1530 1500 1808 1556 evolutum

202 1602 361 1653 esse,
384 1603 453 1644 ex
475 1604 584 1660 quo
608 1587 917 1660 huiusmodi
949 1606 1113 1662 pmna
1134 1593 1399 1650 multatus
1423 1601 1528 1649 est.
1552 1591 1656 1661 Qui
1681 1607 1809 1649 cum

202 1683 288 1738 ad
332 1697 514 1738 sacras
552 1692 853 1755 martyrum
883 1685 1142 1756 reliquias
1171 1686 1568 1758 appropiasset,
1623 1686 1809 1757 ibique

205 1774 453 1832 ﬁdeliter
472 1792 568 1832 eos
596 1778 924 1846 invocasset,
963 1781 1190 1838 molaris
1223 1781 1316 1837 illa
1339 1783 1633 1839 commotio
1651 1780 1805 1838 subi-

198 1877 380 1927 tanea
420 1871 602 1940 quiete
647 1874 824 1943 sopita
872 1882 976 1930 est.
1023 1874 1125 1932 Hic
1175 1876 1342 1934 homo
1373 1876 1445 1933 de
1474 1874 1807 1933 monasterio

199 1963 525 2032 Scotorum,
573 1967 720 2036 quod
754 1966 939 2024 Fossa:
987 1969 1018 2010 δ
1061 1977 1308 2038 vocatur,
1336 1985 1397 2027 se
1437 1970 1674 2038 venisse,
1701 1969 1805 2027 Do-

199 2057 500 2127 tbiumque
525 2059 785 2130 appellari
809 2060 1032 2117 dicebat

277 2150 467 2206 87.1n
497 2151 683 2224 vigilia
730 2152 791 2209 S.
838 2152 1064 2210 Joannis
1097 2155 1374 2226 Baptistze,
1429 2170 1551 2226 quae
1595 2164 1682 2212 est
1719 2155 1808 2212 die

195 2256 359 2297 nono
407 2241 775 2300 Kalendarum
793 2243 1081 2314 Iuliarum,
1103 2248 1255 2303 venit
1293 2247 1513 2318 quidam
1558 2247 1645 2303 vir
1673 2246 1809 2302 Tra-

193 2331 415 2403 iectum
456 2335 528 2391 ad
556 2337 842 2392 basilicam
889 2337 950 2394 S.
992 2337 1250 2405 Servatii,
1275 2340 1371 2410 qui
1396 2355 1457 2396 se
1492 2339 1562 2395 de
1586 2339 1810 2396 civitate

199 2425 464 2484 Tornaco
507 2443 636 2484 esse
662 2429 956 2486 fatebatur.
1002 2432 1078 2498 Is,
1132 2440 1196 2487 ut
1223 2433 1341 2504 ipse
1375 2433 1579 2499 aiebat,
1607 2432 1712 2490 fuit
1737 2433 1807 2488 ab

203 2519 444 2576 infantia
463 2522 662 2578 surdus
690 2531 747 2580 et
765 2531 948 2580 mutus
971 2541 985 2577 :
1009 2525 1318 2596 ductusque
1339 2541 1370 2581 a
1395 2527 1508 2581 suis
1525 2526 1595 2581 ad
1623 2525 1684 2580 8.
1710 2525 1810 2580 Se—

197 2614 545 2680 bastianum,
571 2616 737 2688 coepit
764 2616 839 2672 ibi
862 2625 921 2673 et
945 2617 1134 2673 audire
1153 2625 1211 2672 et
1248 2617 1419 2688 loqui,
1447 2617 1542 2674 sed
1571 2614 1808 2672 ineﬁica-

199 2709 372 2776 citer,
395 2710 653 2781 quoniam
692 2713 858 2767 verba
901 2711 1022 2783 ejus
1045 2713 1139 2768 vix
1165 2713 1648 2784 intelligebantur;
1689 2712 1810 2783 ipse

201 2815 452 2873 quoque,
505 2818 631 2858 cum
661 2803 754 2862 alii
799 2806 869 2860 ad
901 2820 1025 2860 eum
1067 2806 1436 2876 loquerentur,
1483 2806 1809 2860 tenuitatem
1857 2871 1862 2877 .

201 2893 431 2950 auditus
459 2895 544 2950 sui
571 2893 919 2953 dissimulare
940 2911 1050 2952 non
1078 2904 1314 2968 poterat.
1347 2896 1453 2965 Qui
1477 2896 1571 2952 ubi
1598 2895 1667 2950 ad
1689 2908 1810 2951 ma-

203 2988 451 3042 tutinum
487 2986 725 3044 ofﬁcium
753 2989 920 3056 venit,
953 3004 1138 3045 coram
1169 2990 1344 3046 sacris
1383 2987 1634 3060 reliquiis
1681 3001 1810 3057 pro—

202 3081 501 3146 cumbens,
547 3081 898 3139 obdormivit.
946 3081 1061 3138 Nec
1087 3083 1260 3138 multo
1280 3089 1423 3153 post,
1451 3080 1600 3135 velut
1625 3080 1810 3150 aliquo

199 3173 490 3228 excitante
504 3173 786 3246 evigilans,
813 3174 908 3244 qui
929 3189 992 3230 os
1035 3189 1195 3231 suum
1219 3189 1404 3246 pugno
1421 3172 1805 3245 percussisset,

205 3276 244 3316 a
289 3262 774 3320 circumstantibus
795 3264 1142 3335 perquisivit.
1167 3263 1270 3320 Cui
1303 3278 1429 3319 cum
1470 3276 1684 3328 omnes,
1713 3273 1809 3315 ne-

208 3354 427 3410 minem
450 3356 549 3413 hoc
573 3356 789 3425 fecisse,
816 3358 1244 3428 respondissent,
1265 3359 1509 3414 surrexit
1539 3374 1552 3410 :
1586 3357 1808 3413 eadem-

207 3462 327 3519 que
356 3448 490 3506 hora
532 3465 700 3508 sanus
750 3451 946 3520 factus,
979 3452 1238 3524 perfecte,
1269 3453 1390 3509 sine
1445 3451 1551 3508 ullo
1581 3451 1809 3522 impedi-

203 3554 428 3612 mento,
456 3556 506 3602 et
530 3545 738 3605 audivit
753 3556 809 3606 et
826 3550 1038 3606 loeutus
1060 3558 1165 3607 est.

283 3637 380 3694 88.
417 3639 619 3695 Eadem
675 3641 784 3707 die,
837 3642 969 3696 dum
1013 3657 1169 3698 sacra
1197 3641 1489 3698 missarum
1541 3641 1808 3698 solemnia

207 3727 586 3798 celebranti“,
635 3730 839 3787 femina
899 3733 1170 3802 quaedam,
1224 3732 1444 3787 nomine
1499 3729 1809 3798 Adallinda,

209 3821 357 3877 duos
377 3835 572 3878 cereos
597 3825 668 3879 ad
688 3823 871 3878 lumen
893 3824 953 3880 in
973 3825 1203 3880 ecclesia
1233 3823 1544 3880 faciendum
1569 3822 1764 3878 detulit
1791 3840 1806 3876 :

213 3927 456 3982 quorum
500 3930 666 3969 unum
705 3915 897 3970 dextra
929 3931 1095 3971 manu
1124 3915 1338 3971 cuidam
1373 3931 1441 3969 ex
1473 3914 1809 3980 custodibus,

213 4012 284 4058 ut
327 4005 735 4073 accenderetur,
782 4007 1060 4078 porrexit;
1120 4006 1284 4061 alium
1331 4013 1514 4060 autem
1567 4004 1810 4070 interim,

213 4096 379 4166 quasi
425 4097 489 4153 de
540 4095 631 4155 illo
663 4107 851 4169 postea
901 4098 1340 4163 illuminandum,
1377 4113 1541 4153 manu
1591 4095 1813 4152 sinistra

213 4187 466 4243 retinuit.
499 4188 606 4245 Sed
643 4191 839 4246 mirum
868 4191 924 4245 in
944 4192 1187 4259 modum,
1217 4194 1345 4248 dum
1378 4199 1562 4247 custos
1585 4189 1686 4245 sibi
1720 4189 1814 4244 da-

213 4287 338 4334 tum
376 4281 646 4350 accendit,
697 4282 787 4338 ille
817 4283 910 4353 qui
965 4283 1021 4338 in
1054 4300 1218 4339 manu
1269 4283 1484 4340 femina:
1527 4280 1810 4347 remansit,

215 4372 437 4426 cunctis
460 4374 810 4429 cernentibus
831 4374 1090 4431 divinitus
1116 4391 1381 4431 accensus
1403 4385 1505 4430 est.

293 4467 387 4523 89.
442 4467 832 4525 Monasterium
883 4470 1397 4538 sanctimonialium,
1444 4465 1578 4524 Eike
1603 4479 1625 4508 ο
1659 4482 1817 4524 voca-

1901 571 1971 626 ad
2001 567 2060 626 S.
2097 563 2404 627 Servatium
2449 570 2749 626 venerunt?
2787 592 2806 625 ι
2843 570 2940 627 Cui
2979 589 3102 647 cum
3136 577 3274 634 nihil
3309 579 3375 635 de
3400 581 3489 639 his

1902 676 1963 716 se
2024 662 2240 718 audisse
2295 660 2685 735 respondisset,
2740 681 2761 716 ‹
2813 660 3010 736 Surge,
3057 666 3156 734 ait,
3208 669 3486 741 velociter,

1904 759 2066 823 atque
2109 751 2240 808 illuc
2263 762 2621 825 properanter
2661 753 2847 811 venire
2887 757 3190 824 contende;
3242 777 3369 818 nam
3414 765 3491 821 ibi

1902 858 1963 898 es
2001 843 2246 899 omnium
2294 845 2661 901 membrorum
2690 854 2906 904 tuorum
2949 861 3233 921 receptura
3287 857 3494 912 sanita-

1906 942 2035 991 tem.
2078 955 2099 989 ι
2154 933 2261 993 Sed
2293 952 2417 992 cum
2448 939 2832 1010 expergefacta
2881 943 3013 998 nihil
3072 944 3140 1000 de
3167 944 3254 1002 his
3311 946 3494 1006 facere

1906 1035 2172 1094 curasset,
2227 1027 2424 1084 iterum
2464 1031 2713 1101 sequenti
2760 1041 2920 1088 nocte
2966 1036 3037 1090 ab
3087 1036 3301 1105 eodem,
3329 1038 3496 1095 simili

1907 1120 2088 1188 modo,
2142 1127 2229 1177 est
2263 1121 2539 1178 admonita
2595 1133 2654 1178 ut
2707 1123 3018 1195 Trajectum
3073 1139 3343 1204 pergeret.
3403 1131 3498 1186 llla

1909 1220 2113 1279 tamen,
2138 1220 2199 1268 ut
2239 1213 2410 1284 prius,
2438 1223 2619 1285 spreta
2645 1219 2916 1274 monentis
2958 1235 3112 1286 voce,
3135 1238 3243 1294 quo
3268 1222 3498 1294 jubeba-

1907 1312 2000 1360 tur
2024 1305 2232 1361 distulit
2277 1307 2569 1378 proﬁcisci.
2604 1309 2786 1365 Tertia
2816 1326 2946 1367 vero
2985 1323 3143 1371 nocte
3185 1315 3321 1372 vidit
3343 1332 3499 1376 eum-

1908 1397 2035 1454 dem
2056 1398 2159 1454 sibi
2189 1407 2393 1466 astare,
2422 1410 2620 1456 etcum
2657 1403 2889 1473 quadam
2911 1407 3222 1476 severitate,
3251 1424 3349 1466 cur
3381 1427 3500 1468 mo-

1908 1492 2023 1547 nita
2078 1508 2176 1548 sua
2241 1495 2684 1566 contempsisset,
2752 1497 3122 1572 interrogare;
3175 1501 3498 1575 baculoque,

1909 1598 2072 1654 quem
2095 1591 2222 1640 tunc
2248 1601 2412 1641 manu
2439 1594 2625 1643 tenere
2663 1587 2972 1657 videbatur,
2997 1591 3140 1649 latus
3165 1592 3282 1664 ejus
3305 1611 3502 1668 percu-

1912 1685 2049 1747 tere,
2073 1688 2240 1752 atque
2283 1689 2344 1736 ut
2375 1680 2689 1753 Trajectum
2729 1683 2991 1741 velociter
3027 1697 3300 1761 pergeret,
3331 1690 3502 1762 impo-

1909 1788 2055 1829 rare.
2089 1772 2202 1828 Nec
2246 1773 2336 1829 illa
2374 1772 2489 1842 jam
2543 1791 2677 1832 ausa
2729 1777 2882 1834 trina:
2916 1779 3143 1837 visionis
3188 1783 3503 1839 auctoritati

1831 1859 1883 1923 Β
1911 1867 2190 1935 resistere,
2227 1847 2417 1938 acciti's
2445 1869 2513 1924 ad
2567 1885 2628 1925 se
2670 1871 2990 1942 propinquis
3032 1881 3089 1928 et
3131 1875 3345 1941 amicis,
3376 1875 3505 1931 Tra-

1902 1958 2134 2029 jectum,
2161 1959 2338 2018 utsibi
2362 1961 2577 2032 jussum
2605 1970 2746 2040 erat,
2774 1962 3080 2030 deducitur,
3111 1974 3166 2022 et
3194 1967 3251 2022 in
3274 1966 3504 2024 basilica

1908 2053 1973 2110 Β.
1999 2051 2232 2128 Servatii
2249 2052 2404 2122 juxta
2421 2069 2608 2111 sacros
2629 2064 2931 2126 martyrum
2947 2059 3163 2116 cineres
3184 2060 3502 2118 collocatur.

1911 2146 2157 2218 Cumque
2181 2146 2256 2203 ibi
2283 2148 2568 2218 promissa:
2602 2149 2850 2204 sanitatis
2893 2151 3299 2220 praestolaretur
3343 2169 3505 2210 even-

1911 2246 2050 2307 tum,
2098 2239 2287 2310 quinto
2341 2241 2559 2296 demum
2620 2241 2710 2304 die
2747 2239 3036 2314 postquam
3091 2245 3220 2302 illuc
3257 2256 3504 2314 venerat,

1909 2344 2038 2388 cum
2073 2343 2266 2403 magna
2299 2331 2543 2388 omnium
2579 2332 2960 2402 admiratione,
2997 2335 3294 2406 perfectam
3339 2339 3508 2396 totius

1911 2422 2160 2492 corporis
2192 2422 2280 2479 sui
2305 2424 2508 2480 meruit
2530 2423 2775 2495 recipere
2803 2428 3113 2486 sanitatem.

2541 2535 2773 2594 CAPUT
2810 2538 2878 2595 Χ.

1912 2645 2034 2702 Duo
2059 2646 2340 2729 miracula,
2373 2648 2744 2729 intercessione
2937 2647 3092 2729 Iirgti
3127 2664 3177 2729 et
3215 2649 3510 2729 Hyacinthi

2167 2718 2574 2861 ἒᾶηιέειπηαὶε,
2599 2720 2657 2775 in
2699 2721 2921 2776 ecclesia
2958 2721 3060 2779 SS.
3113 2718 3414 2784 MarcEllini
3459 2740 3511 2786 et

1986 2881 2076 2938 90.
2119 2880 2349 2938 Restant
2382 2883 2560 2940 adhuc
2587 2883 2696 2940 duo
2723 2884 2881 2942 valde
2917 2888 3182 2957 przeclara
3222 2892 3507 2964 miracula,

1913 2987 2039 3044 quas
2060 2987 2169 3029 non
2197 2972 2374 3029 solum
2401 2973 2633 3045 tegenda
2657 2973 2877 3030 silentio
2899 2992 3006 3032 non
3031 2993 3248 3046 censeo,
3267 2983 3398 3053 quin
3420 3002 3514 3057 po-

1915 3067 2026 3122 tius
2049 3065 2265 3130 illorum
2292 3068 2695 3140 conscriptione
2718 3071 3291 3132 convenientissimum
3315 3089 3513 3148 quarto

1913 3158 2200 3226 volumini,
2220 3161 2367 3230 quod
2398 3161 2453 3216 in
2477 3165 2731 3220 manibus
2751 3164 3002 3232 habetur,
3031 3167 3198 3226 ﬁnem
3226 3187 3314 3229 me
3339 3173 3514 3231 factu-

1914 3268 2039 3310 rum
2059 3268 2184 3310 esse
2211 3255 2444 3312 conﬁdo.
2468 3255 2539 3311 Et
2563 3256 2691 3314 licet
2716 3259 3086 3333 eadem-signa
3108 3264 3283 3320 beatis
3306 3276 3513 3339 marty-

1913 3350 2067 3407 ribus
2092 3350 2408 3408 Harcellino
2435 3362 2494 3409 et
2519 3353 2683 3411 Petro
2731 3371 2858 3412 cum
2899 3358 3022 3414 aliis
3066 3361 3272 3417 sanctis
3303 3365 3516 3434 possint

1913 3447 2087 3504 videri
2101 3448 2430 3514 communia,
2455 3464 2524 3505 ex
2551 3463 2618 3506 eo
2645 3451 2790 3521 quod
2813 3463 2982 3506 unum
2999 3467 3067 3507 ex
3091 3453 3179 3511 his
3195 3454 3250 3510 in
3269 3453 3511 3513 adventu

1914 3543 1942 3584 δ
1974 3541 2327 3613 reliquiarum
2351 3552 2668 3600 sanctorum
2689 3543 2838 3600 Proti
2859 3553 2917 3601 et
2929 3544 3244 3617 Hyacinthi,
3271 3555 3330 3605 et
3345 3547 3507 3617 juxta

1913 3636 2064 3709 ipsas
2085 3635 2346 3708 reliquias
2367 3645 2579 3710 gestum
2607 3646 2690 3694 est
2708 3655 2724 3704 ;
2751 3637 3092 3708 alterumque
3119 3640 3175 3694 in
3206 3641 3296 3697 die
3317 3643 3514 3697 nataii-

1913 3731 1995 3786 tio
2036 3729 2210 3786 sancti
2249 3727 2543 3796 Hermetis,
2575 3731 2690 3786 suis
2711 3728 2866 3802 [Ms.,
2893 3731 3016 3802 suo]
3045 3731 3214 3800 ipsius
3264 3732 3513 3802 reliquiis

1913 3822 2213 3893 contigisse
2238 3831 2446 3879 certum
2472 3831 2586 3888 est;
2621 3823 2744 3879 ideo
2769 3831 2950 3878 tamen
2974 3823 3106 3892 ipsis
3124 3823 3396 3892 praecipue
3420 3825 3514 3878 ad-

1913 3917 2204 3973 scribenda
2252 3915 2508 3970 videntur
2532 3956 2547 3981 ,
2587 3915 2842 3984 quoniam
2888 3915 2941 3971 in
2985 3930 3050 3971 ea
3098 3915 3323 3971 basilica
3368 3916 3514 3972 facta

1916 4017 2068 4075 sunt,
2081 4010 2138 4064 in
2156 4024 2264 4079 qua
2283 4023 2473 4063 eorum
2495 4007 2862 4063 sacratissima
2883 4022 3116 4078 corpora
3144 4008 3511 4078 requiescunt.

1916 4100 2212 4157 Gestorum
2236 4106 2420 4155 autem
2445 4098 2580 4156 ﬁdes
2609 4100 2679 4155 ad
2703 4114 2804 4156 nos
2824 4099 3084 4170 pertinet,
3103 4099 3197 4170 qui
3218 4111 3516 4171 praesentes

1919 4192 2144 4260 fuimus,
2167 4201 2224 4250 et
2249 4193 2448 4264 quibus
2478 4207 2540 4247 ea
2582 4192 2765 4248 divina
2795 4193 2971 4262 pietas
2995 4192 3180 4248 videre
3221 4193 3513 4251 concessit.

1917 4283 2003 4341 Ac
2034 4285 2282 4356 proinde,
2303 4285 2505 4340 omissa
2530 4283 2868 4354 prtefatione,
2901 4286 2970 4340 ad
2993 4285 3112 4356 ipsa
3145 4301 3266 4356 qua:
3290 4287 3515 4343 dicenda

1917 4384 2053 4431 sunt
2074 4375 2337 4431 miracula
2368 4376 2672 4432 veniamus.

1937 4525 1950 4533 ,
1993 4468 2083 4524 9i.
2119 4466 2438 4540 Gregorius,
2466 4467 2724 4524 Romanae
2751 4470 2906 4526 urbis
2930 4470 3243 4542 episcopus,
3270 4471 3366 4542 qui
3409 4470 3518 4527 Eu-

214 4561 372 4632 bulo,
397 4566 560 4620 situm
607 4583 767 4639 super
795 4565 999 4622 Mosam
1028 4565 1249 4621 ﬂuvium
1275 4575 1374 4622 est.
1429 4565 1486 4620 ιιι
1535 4580 1642 4635 quo
1668 4580 1816 4635 quze-
1840 4598 1895 4662 Β
1919 4564 2083 4638 genio
2113 4575 2136 4604 ο
2169 4562 2438 4634 simulque
2481 4561 2768 4619 Valentino
2812 4564 2869 4618 in
2918 4563 3267 4633 pontiﬁcatus
3309 4565 3518 4622 honore

217 4659 348 4713 dam
380 4656 492 4714 Dco
529 4670 766 4728 sacrata,
798 4661 1019 4717 nomine
1060 4660 1259 4729 Saliga,
1293 4669 1406 4716 toto
1446 4673 1694 4730 corpore,
1719 4672 1816 4712 ex-

217 4763 382 4821 cepto
408 4749 600 4806 dextro
628 4751 873 4817 brachio,
919 4752 1038 4807 diro
1064 4750 1333 4824 paralysis
1362 4749 1550 4805 morbo
1583 4745 1817 4804 dissolu-

219 4851 276 4897 ta
300 4841 540 4911 jacebat.
567 4841 706 4899 Huic
733 4859 831 4914 per
859 4845 1095 4914 quietem
1125 4844 1346 4915 quidam
1377 4858 1444 4897 ex
1474 4837 1673 4897 vicinis
1702 4840 1817 4896 suis

215 4927 488 5001 astitisse,
519 4949 584 4990 ac
612 4933 706 4989 tali
731 4951 979 4991 sermone
1003 4950 1124 5010 eam
1155 4932 1508 5005 compcllasse
1529 4931 1680 4987 visus
1707 4939 1814 4997 cst,

213 5034 284 5080 ut
307 5023 516 5082 diceret
546 5045 560 5082 :
593 5046 611 5079 ι
652 5011 792 5097 Quid
821 5027 976 5099 agis?
1015 5048 1033 5080 ι
1069 5025 1169 5082 Cui
1216 5041 1337 5081 cum
1388 5023 1497 5090 illa,
1529 5040 1638 5078 non
1670 5023 1813 5077 aliud

214 5123 392 5190 quam
423 5133 481 5174 se
507 5119 562 5174 in
593 5119 736 5175 lecto
764 5135 862 5176 suo
890 5113 1192 5190 quiescere,
1226 5116 1615 5188 respondisset,
1656 5133 1674 5165 ε
1708 5107 1818 5168 Αυ-

214 5311 353 5353 num
404 5297 537 5363 854;
589 5298 902 5354 verosimile
947 5295 1034 5362 ﬁt,
1063 5297 1256 5352 eodem
1305 5295 1528 5350 circiter
1575 5299 1818 5362 tempore

215 5367 556 5438 Yalencenas
606 5378 664 5425 et
709 5369 1015 5437 Trajectum
1065 5368 1324 5438 reliquias
1380 5366 1578 5422 missas
1621 5364 1812 5420 fuisse.

213 5435 478 5510 Idemque
506 5440 715 5510 opinari
745 5435 869 5494 licet
893 5441 958 5494 de
982 5435 1260 5510 Gaudavo.

294 5456 387 5493 emi
414 5457 478 5494 uc
506 5456 715 5510 opinari
745 5456 869 5494 licet
893 5456 958 5494 uc
982 5456 1260 5494 uanuavo.

294 5524 317 5549 ίι
348 5456 724 5574 deldmdium,
756 5510 917 5582 vulgo
947 5509 1190 5574 Meldert,
1225 5510 1277 5564 in
1299 5507 1614 5582 Brabaintig,
1642 5513 1811 5582 prnpe

214 5579 555 5651 Hugardam,
582 5583 672 5636 ubi
709 5582 781 5652 Β.
799 5577 1038 5652 Pipinus,
1069 5583 1136 5635 ad
1167 5583 1429 5636 honorem
1460 5581 1518 5635 S.
1546 5577 1815 5634 Ermelin-

217 5649 586 5726 dis‘virginis,
621 5649 1060 5726 sanctiliioniales
1086 5653 1392 5726 constituit.

293 5724 320 5762 ι’
351 5719 554 5795 Ιξόὶδιε.
585 5723 837 5795 oppidum
864 5725 1146 5778 districtus
1173 5719 1509 5778 Lcodiensis.

295 5808 316 5833 ε
351 5794 485 5850 Vide
515 5794 692 5850 Vitam
721 5795 993 5851 Herlindis
1039 5803 1096 5850 et
1141 5795 1408 5858 Relindis,
1441 5795 1713 5866 virginum
1763 5801 1819 5848 et

218 5882 497 5933 sororum,
525 5884 644 5938 quae
685 5884 808 5923 cum
839 5875 994 5939 patre
1018 5866 1328 5924 Adalhardo
1380 5867 1584 5922 dictum
1633 5881 1822 5922 mona-

1878 5962 1957 6022 τέλη..

1892 6031 1902 6036 ι
1941 6025 1954 6038 J

1921 4656 2204 4721 successit,
2235 4671 2356 4710 cum
2397 4656 2611 4711 titulum
2649 4654 2708 4711 S.
2738 4655 2904 4712 Marci
2933 4655 3297 4728 evangelista,
3325 4657 3380 4712 in
3407 4674 3518 4729 quo

1921 4749 2206 4821 presbyter
2234 4746 2425 4811 fuerat,
2445 4747 2725 4818 ampliare,
2740 4755 2795 4801 et
2813 4748 2868 4802 in
2897 4762 2962 4802 eo
2984 4749 3372 4804 monasterium
3401 4751 3516 4805 vel-

1921 4842 2000 4898 let
2014 4847 2316 4905 exstruere,
2334 4839 2582 4910 quresivit
2603 4854 2700 4910 per
2711 4839 3026 4894 coemeteria
3047 4848 3101 4894 et
3121 4839 3379 4896 ecclesias
3402 4841 3518 4896 lon-

1922 4933 2046 5005 gius
2065 4931 2134 4987 ab
2157 4931 2292 4988 urbe
2312 4931 2658 4996 constitutas,
2677 4929 2847 4984 sicubi
2876 4937 3185 4985 sanctorum
3212 4942 3512 5002 martyrum

1923 5039 2158 5096 corpora
2185 5033 2368 5094 posset
2410 5009 2655 5078 invenire
2701 5037 2716 5076 :
2771 5023 3098 5092 inventaque
3142 5023 3320 5092 titulo,
3354 5041 3516 5096 quem

1923 5129 2096 5188 opere
2127 5115 2416 5188 magniﬁco
2443 5122 2819 5180 exstruxeratv,
2841 5115 3053 5171 curavit
3088 5114 3312 5175 inferre.
3373 5117 3514 5175 Casu

1923 5305 2158 5359 sterium
2187 5307 2627 5357 construxerunt.

1999 5373 2025 5413 ά
2043 5373 2304 5429 Coluntur
2325 5371 2423 5426 SS.
2442 5370 2636 5426 Protus
2653 5379 2709 5426 et
2727 5368 3062 5442 Hyacinthus
3076 5369 3136 5428 ii
3156 5368 3511 5442 Septembris,

1924 5459 1992 5500 ac
2030 5442 2088 5500 S.
2115 5443 2341 5498 Hermes
2374 5442 2443 5498 28
2472 5441 2714 5512 Augusti.

2002 5528 2027 5556 ο
2054 5514 2299 5585 Eugenio
2345 5514 2394 5585 Ii
2439 5529 2582 5568 anno
2629 5514 2730 5570 827
2772 5515 2860 5570 die
2903 5514 2973 5568 27
2996 5513 3229 5584 Augusti
3279 5520 3514 5585 mortuo,

1920 5582 2273 5644 mnstituitur
2302 5584 2666 5656 Valentinus:
2698 5586 2875 5655 eique,
2903 5595 3021 5656 post
3055 5582 3116 5640 ﬂ
3149 5586 3265 5640 dies
3293 5582 3516 5656 circiter

1926 5658 2039 5712 vita
2077 5655 2287 5722 functo,
2334 5650 2575 5728 succedit
2617 5650 2923 5728 Gregorius"
2947 5657 3038 5721 ιν,
3071 5666 3317 5728 mortuus
3341 5651 3398 5728 il
3425 5650 3516 5706 Ja-

1927 5727 2109 5784 nuarii
2147 5728 2272 5783 anni
2302 5727 2425 5792 844,
2479 5725 2771 5782 secundum
2813 5735 3058 5783 nostram
3088 5725 3508 5792 chronologiam.

1929 5744 2109 5784 nuaru
2147 5743 2272 5783 anni
2302 5740 2425 5792 r544,
2479 5740 2771 5782 secundum
2813 5740 3058 5783 nostram
3088 5740 3396 5850 Clll‘ODOlogl

1929 5799 2000 5856 At
2027 5815 2118 5856 res
2145 5799 2233 5856 hic
2259 5807 2440 5871 gestas
2466 5797 2634 5854 refert
2655 5799 2920 5857 Baronius
2945 5799 3012 5854 ad
3047 5811 3246 5855 annum
3278 5795 3348 5852 82
3387 5833 3400 5847 .
