3940 6340
478 392 580 451 591
1761 395 2139 455 EGINHARDl
2174 395 2466 454 ABBATIS
2873 377 2876 380 ⁷
3649 393 3765 454 seu

474 509 642 581 igitur
666 507 872 566 factum
908 518 1014 577 est,
1061 520 1125 568 ut
1167 525 1234 570 eo
1276 522 1539 585 tempore,
1587 527 1696 584 quo
1747 515 2058 585 sepulcrum
2084 519 2137 580 Α
2160 524 2215 572 et
2264 515 2607 573 occasionem
2649 520 2706 570 et
2748 513 2972 570 modum
3011 513 3364 586 ingressionis
3388 530 3502 573 suae
3525 515 3766 586 iubente

473 602 772 659 beatissimi
796 602 1068 659 Hermetis
1093 612 1212 661 erat
1243 615 1548 677 aperturus,
1582 611 1637 659 et
1663 619 1880 659 sacrum
1913 605 2059 660 illius

473 710 671 768 corpus
699 697 825 754 inde
854 696 1035 754 merat
1056 698 1390 765 sublaturus,
1421 713 1561 754 unus
1588 713 1656 754 ex
1704 699 1925 763 nostris,
1966 698 2060 768 qui

472 789 664 846 eodem
694 805 836 845 anno
859 789 1197 860 supplicandi
1226 791 1433 860 gratia,
1461 797 1524 844 ut
1550 788 1719 844 moris
1764 798 1849 844 est
1879 788 2056 858 poeni-

474 883 736 948 tentibus,
773 882 1000 937 Romam
1024 890 1280 947 venerat,
1310 889 1647 952 congregata:
1686 881 1752 934 ad
1781 879 2060 935 basilicam

472 974 730 1044 martyris
786 973 1117 1028 multitudini
1164 989 1287 1030 cum
1322 974 1533 1029 caateris
1575 971 1878 1043 peregrinis
1922 972 2058 1026 inte¢

472 1072 664 1119 resset.
694 1064 743 1119 ls
765 1065 1001 1136 negotio,
1019 1067 1162 1136 quod
1191 1065 1470 1137 agebatur,
1489 1065 1771 1135 diligenter
1792 1064 2055 1133 inspecto,

473 1171 624 1227 spem
659 1157 1128 1226 adipiscendarum
1170 1155 1456 1212 memorati
1504 1155 1760 1225 martyris
1799 1153 2057 1222 reliquia-

473 1263 616 1314 rum,
645 1247 773 1304 licet
796 1249 958 1303 corde
979 1247 1227 1317 simplici,
1259 1264 1364 1303 non
1395 1255 1575 1301 tamen
1600 1247 1717 1301 sine
1743 1261 1904 1301 causa
1931 1261 2061 1300 con-

471 1338 634 1409 cepit,
665 1347 721 1394 et
749 1339 1091 1394 Deusdonam
1118 1339 1425 1402 diaconum,
1453 1335 1607 1406 cujus
1642 1337 1696 1390 in
1717 1337 1894 1406 primo
1920 1336 2059 1391 libro

471 1433 722 1488 crebram
750 1431 978 1486 fecimus
1017 1433 1347 1486 mentionem
1389 1431 1596 1496 adiens,
1620 1430 1817 1485 obnixe
1848 1429 2060 1500 rogavit

469 1530 532 1576 ut
564 1537 632 1576 ex
656 1522 743 1578 his
775 1523 1312 1592 quantulumcunque
1347 1539 1378 1577 a
1406 1522 1722 1578 custodibus
1759 1522 1862 1577 loci
1911 1521 2056 1576 acci-

466 1622 640 1683 peret,
667 1613 909 1684 mihique
931 1613 1280 1670 deferendum
1303 1615 1406 1669 sibi
1435 1622 1741 1684 praestaret.
1777 1612 1881 1681 Qui
1927 1629 2060 1668 con-

469 1703 650 1760 festim
678 1707 929 1776 precibus
954 1705 1068 1775 ejus
1095 1721 1358 1772 annuens,
1379 1706 1435 1760 id
1465 1721 1523 1760 se
1552 1707 1671 1761 sine
1696 1720 1849 1760 mora
1878 1704 2057 1760 factu-

469 1811 591 1850 rum
619 1796 936 1866 pollicetur;
972 1798 1204 1868 datoque
1231 1798 1547 1853 custodibus
1587 1799 1782 1869 pretio,
1811 1814 1920 1853 non
1963 1814 2056 1854 so-

2159 608 2479 678 presbytero
2528 607 2898 677 exposuisset,
2951 621 3243 662 conversus
3293 609 3362 663 ad
3415 607 3686 664 feminam
3747 629 3762 663 :

2164 716 2184 751 ι
2221 699 2350 770 Ego,
2383 699 2579 768 inquit,
2606 697 2790 753 infelix
2820 697 3038 765 mulier,
3061 707 3352 770 antequam
3380 713 3608 765 exeam,
3639 714 3768 756 ossa

2159 799 2253 846 tua
2280 791 2530 846 collidam
2568 799 2730 861 atque
2780 790 3140 862 confringam,
3191 800 3353 862 teque
3399 792 3650 848 debilem
3705 809 3768 849 ac

2159 891 2360 936 nostrae
2384 882 2660 937 societatis
2685 897 2982 937 memorem
3009 884 3332 953 relinquam.
3356 905 3374 938 ι
3400 885 3629 940 Etcum
3653 885 3764 948 illa,

2160 972 2309 1026 velut
2350 971 2682 1028 inﬁrmitatis
2725 989 2836 1029 sua:
2883 976 3120 1041 conscia,
3150 977 3405 1046 coepisset
3453 991 3599 1033 voce
3642 993 3769 1050 sup-

2161 1061 2286 1134 plici
2315 1070 2478 1134 atque
2506 1064 2771 1120 submissa
2805 1063 3126 1121 Sanctorum
3150 1066 3410 1122 auxilium
3435 1067 3765 1138 implorare,

2161 1153 2250 1208 ille
2275 1153 2482 1219 statim,
2509 1170 2609 1224 per
2636 1170 2698 1209 os
2722 1155 2891 1225 ipsius
2921 1173 3042 1212 cum
3071 1158 3273 1227 ingenti
3296 1159 3634 1213 austeritate
3662 1157 3768 1214 fre-

2162 1258 2317 1299 mens
2345 1252 2401 1299 et
2427 1245 2788 1315 increpitans,
2816 1247 2962 1317 loqui
2999 1248 3200 1304 volenti
3219 1248 3496 1304 silentium
3521 1250 3768 1320 impera-

2160 1335 2259 1391 vit.
2283 1337 2414 1391 Erat
2440 1337 2587 1393 enim
2617 1339 2792 1405 nobis,
2826 1341 2918 1409 qui
2946 1347 3242 1411 praesentes
3287 1356 3530 1407 eramus,
3565 1341 3643 1394 ad
3691 1341 3767 1396 vi-

2163 1426 2398 1482 dendum
2419 1427 2572 1483 valde
2601 1429 2870 1496 mirabile,
2903 1430 3047 1499 quod
3071 1430 3160 1486 ille
3182 1431 3404 1500 spiritus
3440 1431 3769 1486 immundus

2161 1532 2263 1589 per
2299 1534 2363 1574 os
2397 1519 2642 1590 ejusdem
2678 1521 3010 1578 muliercula:
3060 1531 3170 1578 tam
3212 1523 3425 1579 diverso
3472 1522 3657 1579 modo
3699 1523 3770 1577 lo-

2163 1613 2464 1682 quebatur;
2515 1621 2572 1670 et
2598 1631 2742 1670 nunc
2770 1615 3103 1681 masculinae,
3136 1631 3279 1671 nunc
3306 1615 3593 1671 feminina:
3624 1617 3769 1671 vocis

2163 1702 2480 1773 qualitatem
2522 1704 2602 1760 sic
2642 1705 2707 1760 ad
2756 1721 2951 1776 purum
2999 1707 3355 1776 exprimebat,
3386 1715 3450 1762 ut
3495 1723 3625 1763 non
3669 1725 3768 1762 una

2161 1794 2259 1850 sed
2283 1794 2404 1850 dua:
2438 1795 2493 1849 in
2519 1810 2584 1850 ea
2613 1796 2814 1852 acriter
2833 1806 3183 1864 altercantes,
3214 1813 3379 1868 seque
3402 1799 3474 1853 ad
3514 1799 3767 1854 invicem

469 1887 582 1943 lum
609 1891 783 1945 sancti
812 1890 1104 1954 Hermetis,
1133 1890 1228 1944 sed
1253 1890 1418 1944 etiam
1455 1898 1768 1946 sanctorum
1794 1890 1945 1945 Proti
1972 1899 2057 1947 at-
2089 1897 2136 1958 Β
2164 1883 2418 1941 convitiis
2449 1885 2779 1943 lacessentes
2820 1903 3096 1958 personae,
3129 1904 3251 1945 esse
3302 1889 3660 1944 viderentur.
3712 1889 3772 1944 Et

468 1995 573 2052 que
600 1981 915 2053 Hyacinthi,
945 1998 1178 2052 quorum
1228 1983 1282 2038 in
1332 1984 1521 2039 eadem
1558 1982 1785 2038 basilica
1831 1998 2059 2052 corpora

466 2055 627 2126 erant
652 2072 851 2141 posita,
877 2072 1136 2142 reliquias
1160 2073 1387 2143 accepit.
1439 2074 1508 2128 Et
1550 2073 1668 2128 illas
1708 2073 1926 2142 quidem
1963 2085 2061 2142 per

465 2163 756 2233 quemdam
776 2164 1100 2219 familiarem
1122 2181 1300 2232 suum,
1324 2166 1411 2220 cui
1438 2165 1733 2220 Sabbatino
1761 2181 2058 2237 cognomen

465 2261 605 2319 erat,
629 2253 899 2324 simulque
926 2261 982 2310 et
1007 2263 1275 2320 nostrum,
1305 2255 1398 2324 qui
1423 2255 1474 2310 ei
1501 2265 1562 2309 ut
1590 2255 1693 2311 hoc
1712 2255 1915 2310 faceret
1936 2271 2059 2327 per-

466 2345 673 2411 suasit,
725 2343 944 2399 mittere
992 2344 1203 2398 curavit
1239 2361 1252 2397 :
1294 2344 1438 2413 quod
1483 2352 1665 2400 autem
1716 2345 1783 2400 de
1834 2360 2061 2415 corpore

465 2435 613 2490 beati
643 2433 915 2492 Hermetis
942 2436 1116 2507 potuit
1140 2435 1396 2506 adipisci,
1422 2437 1536 2506 ipse
1573 2437 1638 2492 ad
1672 2454 1771 2494 nos
1801 2439 2049 2505 veniens,

467 2541 569 2597 pro
598 2527 802 2600 ingenti
827 2543 1054 2583 munere
1074 2569 1088 2594 ,
1111 2527 1322 2584 detulit.
1349 2527 1486 2582 Cum
1511 2536 1692 2584 autem
1721 2530 1786 2584 de
1825 2529 2060 2584 adventu

468 2623 820 2694 reliquiarum
841 2633 1152 2680 sanctorum
1173 2624 1324 2679 Proti
1346 2632 1401 2679 et
1423 2623 1712 2696 Hyacinthi
1735 2625 1892 2681 nobis
1913 2634 2063 2682 esset

465 2715 784 2782 indicatum,
808 2718 1022 2772 obviam
1049 2717 1156 2772 illis
1182 2717 1580 2787 processimus;
1623 2733 1842 2788 easque,
1867 2727 1928 2772 ut
1958 2732 2060 2788 par

465 2817 618 2875 erat,
665 2809 965 2864 honorifice
1015 2809 1410 2880 suscipientes,
1444 2818 1606 2880 atque
1651 2809 1888 2864 basilicae
1935 2823 2062 2863 cum

464 2901 681 2971 hymnis
721 2908 776 2956 et
813 2900 1151 2956 orationibus
1191 2899 1504 2966 inferentes,
1553 2909 1776 2971 prepter
1830 2914 2061 2969 corpora

464 2993 750 3048 beatorum
783 2992 1078 3048 Marcellini
1100 3001 1155 3048 et
1183 2992 1352 3060 Petri,
1377 3009 1500 3048 cum
1525 2991 1728 3048 feretro
1756 3008 1864 3062 quo
1892 3007 2060 3048 vene-

466 3093 609 3152 rant,
641 3085 1045 3140 collocavimus.
1087 3083 1192 3140 Ubi
1238 3101 1362 3141 cum
1415 3086 1470 3140 in
1515 3087 1813 3141 crastinum
1863 3086 2062 3142 mulier

465 3180 715 3250 quaedam
763 3179 829 3235 de
877 3179 1127 3249 proximo
1173 3176 1456 3248 praediolo,
1491 3180 1634 3249 quod
1683 3179 2061 3235 Baldradestat

2168 1993 2358 2033 revera
2385 1978 2505 2034 duae
2547 1987 2720 2044 erant,
2751 1980 2966 2036 diversa
3003 1981 3147 2036 inter
3189 1995 3248 2036 se
3287 1980 3575 2036 voluntate
3607 1981 3769 2036 (issi-

2167 2068 2358 2124 dentes
2387 2086 2400 2122 :
2444 2069 2702 2126 dzemonis
2728 2086 2858 2137 una,
2881 2087 3190 2141 possessum
3229 2087 3261 2124 a
3286 2087 3344 2128 se
3381 2086 3596 2141 corpus
3623 2071 3773 2126 colli.

2166 2159 2295 2215 dere
2323 2161 2608 2232 cupientis,
2637 2162 2882 2219 mulieris
2917 2163 3108 2232 altera,
3132 2164 3287 2220 hoste
3321 2178 3426 2234 quo
3465 2166 3773 2220 tenebatur

2164 2247 2388 2305 liberari
2416 2251 2810 2320 desiderantis;
2850 2269 2971 2324 qua
2993 2255 3282 2311 diversitas
3307 2255 3694 2324 voluntatum,
3711 2273 3772 2312 ex

2167 2340 2486 2411 diSparitate
2511 2358 2705 2399 vocum
2727 2361 2791 2400 ac
2811 2345 3258 2402 dissimilitudine
3293 2347 3620 2414 verborum,
3657 2363 3771 2418 quae

2168 2431 2310 2487 inter
2329 2447 2389 2487 se
2412 2433 2540 2505 [Μδ.
2569 2436 2694 2490 add.
2725 2436 3063 2510 alternando]
3081 2438 3393 2508 jactabant,
3421 2439 3569 2494 satis
3623 2439 3770 2494 clare

2171 2530 2336 2594 atque
2371 2534 2556 2596 aperte
2585 2535 2801 2597 poterat
2844 2528 3088 2600 intelligi.
3115 2529 3391 2600 Completo
3413 2531 3596 2601 igitur
3609 2531 3770 2602 juxta

2167 2617 2617 2672 consuetudinem
2641 2620 2884 2689 mysterii
2913 2620 3154 2677 caelestis
3183 2620 3372 2687 ofﬁcio,
3389 2621 3682 2692 nobisque
3708 2623 3769 2679 ad

2169 2707 2412 2762 curanda
2434 2723 2665 2779 corpora
2687 2709 2754 2765 de
2776 2709 3004 2766 basilica
3031 2713 3436 2784 egredientibus
3451 2753 3468 2778 ,
3489 2714 3770 2784 jussimus

2168 2799 2427 2856 feminam
2440 2816 2564 2857 cum
2579 2804 2893 2860 custodibus
2905 2804 3124 2872 ibidem,
3144 2807 3313 2863 donec
3324 2815 3766 2874 reverteremur,

2165 2892 2425 2962 opperiri,
2444 2891 2697 2949 fiduciam
2721 2895 2984 2954 habentes
3010 2900 3153 2969 quod
3166 2913 3264 2968 per
3274 2899 3533 2954 virtutem
3549 2897 3766 2955 Christi

2166 2990 2224 3040 et
2249 2984 2443 3039 merita
2463 2994 2763 3058 martyrum
2787 3005 3028 3055 suorum,
3050 2991 3289 3061 perfidus
3313 3005 3608 3061 possessor
3649 2990 3768 3062 ejus

2166 3074 2276 3130 cito
2289 3075 2430 3132 foret
2441 3077 2706 3134 exiturus.
2721 3079 2910 3151 Neque
2923 3097 3022 3139 nos
3036 3097 3159 3152 spes
3179 3091 3366 3138 nostra
3383 3081 3604 3138 fefellit.
3627 3082 3766 3137 Nam

2164 3177 2290 3239 post
2301 3171 2650 3228 refectionem
2671 3175 2739 3229 ad
2757 3175 3045 3232 ecclesiam
3067 3177 3322 3250 regressi,
3349 3187 3542 3232 exacto
3556 3177 3769 3232 demo-

462 3282 830 3345 nnncupatur,
859 3262 1104 3327 daemone
1143 3289 1391 3343 possessa
1437 3289 1561 3329 cum
1607 3282 1806 3330 caetero
1854 3273 2051 3345 populo

2163 3262 2480 3330 nio,sanam
2509 3265 2660 3321 illam
2683 3275 2739 3323 et
2758 3267 3107 3334 incolumem,
3130 3285 3194 3326 ac
3219 3286 3318 3340 per
3345 3270 3527 3325 omnia
3547 3268 3766 3324 mentis

463 3366 655 3421 fuisset
697 3365 962 3435 ingressa,
993 3364 1159 3434 cmpit
1195 3381 1426 3434 nequam
1459 3365 1680 3437 spiritus
1703 3364 1960 3434 fremere,
1987 3380 2053 3421 ac

462 3466 794 3530 prostratam
821 3458 878 3512 in
923 3457 1234 3527 pavimento
1265 3458 1553 3525 collidere,
1581 3475 1844 3530 suamque
1889 3460 2054 3514 mali-

462 3551 594 3605 tiam
623 3565 804 3605 coram
831 3549 1083 3604 omnibus
1124 3548 1429 3606 confitendo
1465 3551 1761 3620 publicare.
1809 3551 2054 3624 Cumque

463 3656 493 3693 a
516 3641 834 3713 presbytero
861 3659 920 3700 se
947 3646 1294 3700 exorcizante
1321 3643 1512 3699 fuisset
1529 3644 1909 3715 interrogatus,
1929 3645 2053 3716 quis

461 3741 625 3799 esset,
659 3735 800 3792 unde
820 3737 1080 3804 venisset,
1104 3735 1322 3807 quando
1342 3743 1396 3792 et
1416 3750 1514 3791 cur
1539 3735 1595 3790 in
1615 3751 1736 3791 eam
1760 3737 2049 3803 intrasset;

459 3826 529 3879 ad
557 3826 766 3898 singula
792 3830 1094 3899 respondit,
1125 3845 1291 3900 seque
1339 3844 1444 3884 non
1499 3829 1673 3884 solum
1723 3829 2048 3897 daemonem,

459 3915 558 3972 sed
586 3917 752 3972 etiam
788 3919 1032 3975 omnium
1070 3921 1364 3977 viventium
1402 3921 1696 3990 pessimum
1725 3935 1847 3977 esse
1883 3929 2053 3978 testa-

459 4018 549 4066 tus
575 4020 678 4067 est.
710 4013 779 4068 Et
804 4029 928 4070 cum
956 4017 1241 4087 presbyter
1264 4016 1333 4070 ab
1361 4031 1427 4072 eo
1466 4029 1688 4072 causam
1736 4023 1904 4072 tantae
1948 4031 2048 4073 ne-

458 4102 644 4171 quitiae
665 4105 1005 4174 requisisset,
1031 4107 1232 4162 malam
1256 4107 1588 4164 voluntatem
1611 4108 1752 4163 hanc
1793 4107 1898 4163 sibi
1947 4107 2049 4163 tri-

457 4192 643 4249 buisse
687 4193 977 4253 fatebatur.
1025 4199 1237 4254 Rursus
1279 4215 1403 4255 cum
1451 4198 1520 4252 ab
1553 4214 1619 4254 eo
1661 4207 1962 4267 quaereret,
2000 4199 2048 4254 si

456 4299 698 4355 unquam
727 4287 782 4342 in
815 4289 953 4345 ccelo
984 4290 1204 4356 fuisset;
1259 4291 1314 4345 in
1358 4289 1496 4345 coelo
1526 4305 1587 4346 se
1613 4288 1814 4355 fuisse,
1837 4296 1893 4345 et
1922 4291 2049 4347 inde

455 4385 679 4446 propter
700 4380 1010 4449 superbiam
1035 4379 1302 4448 dejectum
1337 4394 1480 4447 esse,
1511 4380 1790 4437 confessus
1823 4389 1924 4437 est.
1955 4380 2048 4437 Ei-

456 4469 581 4524 dem
614 4471 980 4540 percontanti,
1009 4479 1194 4526 utrum
1223 4471 1496 4528 Christum
1548 4472 1836 4529 Dominum
1876 4486 2048 4530 necne

453 4559 714 4628 vidisset;
749 4561 846 4627 ait,
884 4563 940 4616 in
966 4560 1179 4618 inferno
1227 4579 1350 4619 eum
1397 4580 1430 4618 a
1473 4579 1532 4620 se
1576 4565 1754 4621 visum
1799 4573 2046 4638 tempore

453 4668 563 4723 quo
588 4667 688 4724 pro
711 4654 932 4709 humani
961 4656 1175 4726 generis
1197 4655 1494 4714 salvatione
1533 4659 1694 4724 mori,
1724 4666 1890 4730 atque
1913 4660 2042 4716 illuc
2067 4671 2121 4732 1)

453 4748 786 4806 descendere
816 4751 1065 4820 dignatus
1101 4759 1203 4806 est.

522 4864 611 4918 92.
640 4865 743 4922 Ubi
771 4882 900 4922 vero
923 4867 990 4922 ad
1016 4865 1070 4921 id
1099 4875 1321 4922 ventum
1359 4876 1462 4934 est,
1488 4876 1549 4922 ut
1573 4883 1696 4924 eum
1739 4869 2042 4940 interroga-

453 4962 558 5019 ret,
588 4955 634 5008 si
671 4957 888 5013 nomina
930 4965 1229 5030 martyrum
1276 4968 1481 5027 nosset,
1524 4974 1755 5030 quorum
1802 4960 2041 5030 reliquiae

452 5047 628 5117 pridie
670 5048 844 5104 eidem
870 5052 1113 5107 ecclesiae
1150 5052 1312 5108 illata:
1359 5053 1520 5110 sunt?
1554 5071 1572 5104 ι
1614 5053 1926 5118 Notissima,
1958 5051 2041 5106 in-

452 5140 594 5210 quit,
619 5141 750 5195 mihi
791 5152 918 5198 sunt
945 5159 1132 5198 eorum
1159 5146 1376 5199 nomina
1410 5161 1425 5199 :
1462 5146 1590 5216 quia
1635 5146 1849 5216 quando
1893 5144 2039 5214 passi

451 5238 614 5295 sunt,
644 5246 884 5300 praesens
928 5233 1196 5300 astabam,
1237 5250 1301 5291 ac
1348 5237 1416 5292 de
1468 5253 1658 5292 eorum
1707 5237 2039 5306 sempiterna

451 5321 625 5393 gloria
675 5322 877 5392 ingenti
929 5327 1220 5394 torquebar
1271 5327 1508 5393 invidia;
1557 5343 1694 5397 quos
1738 5329 1905 5383 etiam
1949 5329 2038 5386 hic

449 5415 610 5470 modo
632 5415 810 5486 patior
839 5414 1216 5476 infestissimos
1265 5440 1278 5474 :
1329 5421 1577 5476 cruciant
1623 5423 1769 5476 enim
1809 5438 1896 5478 me
1925 5432 2038 5479 tor-

448 5515 631 5562 mento
659 5507 982 5575 incredibili,
1012 5520 1172 5582 atque
1201 5513 1428 5566 invitum
1458 5512 1524 5568 de
1548 5513 1652 5568 hoc
1670 5529 1820 5581 vase,
1848 5515 1902 5570 in
1929 5530 2038 5587 quo

447 5599 539 5654 diu
588 5599 887 5669 latitabam,
931 5603 1080 5659 exire
1115 5603 1461 5673 compellunt.
1498 5625 1518 5658 ι
1553 5604 1653 5661 Cui
1703 5608 1988 5678 presbyter
2019 5625 2034 5662 :

451 5705 473 5741 ι
506 5689 642 5748 Cum
684 5693 903 5760 exieris,
931 5695 1128 5765 inquit,
1161 5710 1269 5763 quo
1295 5703 1642 5764 perrecturus
1669 5698 1765 5753 es?
1801 5729 1873 5740 —
1896 5699 2033 5770 Ego,

446 5781 541 5847 ait,
568 5783 622 5839 in
645 5785 789 5841 viam
807 5786 1101 5857 pessimam
1126 5793 1498 5857 perrecturus,
1522 5795 1580 5842 et
1595 5787 1916 5859 longinquas
1938 5789 2034 5846 de-

445 5884 726 5950 sertasque
750 5878 1002 5951 regiones
1026 5877 1298 5949 petiturus
1324 5891 1466 5934 sum.
1508 5899 1525 5932 ι
1579 5879 1706 5937 Post
1752 5881 1865 5938 haec
1907 5898 2029 5939 cum

2159 3369 2273 3412 suae
2285 3367 2609 3428 compotem,
2625 3367 2789 3430 atque
2805 3361 2861 3416 in
2874 3361 2970 3417 Dei
2987 3363 3238 3420 laudibus
3253 3364 3594 3420 exultantem
3606 3365 3764 3420 inve-

2158 3449 2358 3504 nimus.
2383 3448 2451 3504 Et
2473 3449 2575 3506 hoc
2595 3451 2812 3519 quidem
2835 3453 3050 3524 signum
3073 3455 3128 3510 in
3146 3457 3376 3511 adventu
3392 3455 3758 3524 reliquiarum

2155 3541 2440 3597 beatorum
2460 3540 2663 3598 Christi
2681 3553 2982 3617 martyrum
3013 3545 3164 3602 Proti
3194 3556 3249 3603 et
3274 3548 3758 3620 Hyacinthi,juxta

2157 3630 2378 3687 modum
2415 3648 2450 3688 a
2483 3634 2640 3690 nobis
2668 3639 3142 3708 comprehensum,
3173 3648 3388 3696 constat
3428 3655 3556 3697 esse
3608 3657 3758 3698 cinn-

2154 3724 2360 3794 pletum
2385 3743 2399 3780 :
2432 3725 2566 3783 illud
2593 3737 2776 3785 autem
2795 3773 2810 3797 ,
2833 3734 2977 3802 quod
3004 3741 3194 3790 sancto
3220 3733 3461 3790 Hermeti
3491 3736 3758 3793 adscribi-

2158 3826 2265 3883 tur,
2289 3833 2397 3889 quo
2440 3819 2515 3876 sit
2538 3820 2730 3878 ordine
2754 3832 2986 3896 gestum,
3010 3827 3267 3899 praesenti
3295 3830 3758 3889 narrationecla-

2156 3910 2316 3968 rebit.

2225 4052 2316 4108 95.
2381 4053 2603 4113 Colonia
2652 4060 2967 4132 metropolis
3028 4072 3114 4119 est
3175 4064 3231 4121 in
3284 4063 3483 4122 finibus
3540 4065 3754 4124 ijua-

2155 4143 2379 4210 riorum,
2419 4163 2583 4221 super
2605 4150 2846 4208 Hrenum
2877 4155 3072 4226 posita.
3107 4156 3187 4212 Ex
3217 4175 3322 4229 qua
3345 4158 3549 4216 femina
3601 4178 3753 4233 qua-

2153 4233 2277 4289 dam
2323 4246 2484 4306 erat,
2536 4255 2569 4294 a
2616 4243 2836 4300 renibus
2881 4245 3136 4303 deorsum
3176 4249 3382 4305 diutina
3440 4267 3742 4309 nervorum

2154 4328 2486 4389 distensione
2512 4333 2566 4389 in
2595 4343 2806 4394 tantum
2838 4339 3136 4407 debilitata,
3162 4351 3245 4410 ut,
3269 4353 3463 4416 negato
3490 4346 3593 4401 sibi
3620 4363 3749 4402 cru-

2151 4436 2274 4477 rum
2303 4437 2367 4480 ac
2385 4426 2582 4496 pedum
2602 4427 2798 4499 oﬂicio,
2831 4448 2939 4487 non
2971 4433 3130 4488 aliter
3155 4451 3319 4505 quam
3341 4438 3540 4494 sedens
3563 4481 3578 4506 ,
3628 4455 3751 4510 por-

2151 4515 2315 4571 rectis
2340 4516 2397 4572 in
2425 4520 2696 4576 anteriora
2753 4521 2997 4592 pedibus,
3030 4541 3093 4581 ac
3132 4527 3383 4584 manibus
3434 4529 3490 4584 in
3540 4540 3750 4587 terram

2151 4608 2344 4675 positis
2378 4608 2636 4678 innitens,
2669 4629 2836 4684 seque
2861 4615 2964 4671 hoc
2997 4615 3156 4673 modo
3193 4633 3546 4688 promovens,
3565 4621 3746 4676 vicem

2146 4698 2458 4754 ambulandi
2487 4703 2704 4772 explere
2738 4705 3020 4775 potuisset.
3056 4706 3202 4776 Haec,
3234 4709 3434 4765 auditis
3461 4711 3746 4768 miraculis

2145 4798 2311 4860 atque
2347 4790 2660 4859 virtutibus,
2691 4811 2826 4866 quas
2868 4796 3129 4855 Dominus
3180 4816 3278 4871 per
3328 4811 3552 4858 sanctos
3597 4820 3745 4858 mar-

2144 4891 2294 4956 tyres
2322 4900 2472 4953 suos,
2514 4886 2887 4946 Marcellinum
2911 4901 2967 4948 et
2996 4893 3237 4963 Petrum,
3261 4897 3318 4954 in
3349 4898 3633 4955 curatione
3654 4900 3741 4954 in-

2144 4972 2427 5032 firmorum
2486 4986 2648 5049 atque
2679 4981 2964 5052 debilium,
2993 4995 3248 5056 operatus
3275 4998 3361 5045 est
3387 5031 3404 5057 ,
3464 4991 3534 5045 ad
3563 4991 3746 5047 basili-

2143 5084 2264 5126 cam
2282 5085 2470 5126 eorum
2499 5073 2683 5131 venire
2711 5078 2965 5146 gestivit:
3007 5088 3062 5136 et
3109 5083 3367 5152 quoniam
3400 5085 3566 5141 aliter
3593 5101 3744 5142 com-

2145 5172 2306 5228 mode
2343 5175 2680 5244 nequiverat,
2705 5178 2757 5233 in
2805 5197 2943 5238 nave
2980 5168 3368 5255 mercatorum,
3400 5189 3493 5259 qui
3534 5188 3628 5245 illo
3668 5187 3742 5246 ad

2144 5270 2496 5333 festivitatem
2511 5281 2821 5336 earumdem
2835 5293 3146 5342 sanctorum
3171 5287 3343 5354 ibant,
3367 5290 3594 5347 advecta
3616 5298 3736 5349 est:

2142 5377 2397 5448 venitque
2417 5379 2544 5436 illuc
2576 5381 2644 5436 ad
2673 5382 2817 5438 diem
2849 5386 3173 5456 natalitium,
3213 5399 3380 5461 atque
3430 5393 3503 5447 ibi
3529 5409 3622 5464 spe
3652 5410 3738 5452 re-

2142 5481 2467 5549 cuperanda
2496 5482 2689 5540 salutis
2733 5485 3046 5557 aliquandiu
3076 5501 3286 5547 morata
3327 5502 3432 5550 est.
3483 5495 3592 5552 Sed
3644 5495 3736 5553 ubi

2139 5581 2277 5637 vidit
2304 5585 2640 5641 curationem
2669 5603 2822 5643 suam
2865 5604 2987 5647 esse
3021 5592 3241 5649 dilatam
3262 5624 3336 5635 —
3359 5604 3416 5651 et
3438 5613 3626 5655 revera
3656 5598 3734 5655 di-

2139 5682 2246 5738 lata
2275 5694 2416 5751 erat,
2437 5702 2544 5741 non
2568 5697 2795 5760 negata;
2833 5689 2963 5761 quia
2987 5707 3095 5748 non
3119 5693 3267 5763 alibi,
3295 5697 3391 5753 sed
3416 5697 3525 5767 ibi;
3560 5716 3734 5771 neque

2138 5795 2289 5849 tunc,
2314 5786 2410 5842 sed
2429 5785 2536 5843 alio
2561 5795 2804 5859 tempore
2830 5788 2946 5847 fieri
2975 5792 3159 5849 debuit
3177 5825 3250 5837 —
3290 5799 3486 5855 statuit
3510 5800 3729 5873 Mogun—

2136 5883 2335 5941 tiacum
2387 5886 2678 5956 proficisci.
2728 5889 2861 5948 Erat
2886 5891 3032 5951 enim
3065 5891 3120 5951 in
3173 5897 3425 5966 proximo
3458 5898 3724 5961 festivius

3935 3385 3937 3463 ψ
