3940 6340
178 350 300 410 595

949 303 1337 402 nuvrrmus
1375 343 1465 402 DE
1501 342 1843 402 PASSIONE
1879 337 2302 399 MARCELLlNl
2341 337 2431 396 ET
2470 339 2677 398 perm

3380 349 3488 406 594

182 485 215 514 ι
251 467 429 527 sancti
464 463 661 522 Albani
683 463 1134 537 martyris,cujus
1163 464 1306 535 apud
1329 464 1578 520 eamdem
1596 465 1790 520 urbem
1817 466 1873 527 Α
1893 461 2100 526 dinem,
2129 457 2400 529 completo
2446 456 2752 514 nocturnali
2782 458 2980 527 otiicio,
3011 463 3079 516 ad
3099 461 3489 532 quiescendum

177 573 246 622 et
273 562 502 620 basilica
525 569 581 617 et
607 558 920 631 percelebre
965 559 1355 614 monasterium
1381 567 1484 614 est.
1525 557 1643 627 Quo
1665 572 1790 614 cum

179 658 448 720 venisset,
492 663 548 710 et
583 653 726 725 apud
750 651 1068 708 memoriam
1095 652 1353 724 martyris
1384 693 1400 718 ,
1445 667 1547 721 pro
1574 653 1794 708 restim.

178 751 341 806 tione
372 747 566 804 salutis
597 761 736 812 suae,
759 745 990 800 Domino
1015 744 1399 816 supplicasset,
1426 745 1562 800 vidit
1586 760 1684 814 per
1704 759 1792 800 so-

175 856 381 912 porem
404 839 697 910 quemdam
718 838 975 910 juvenem
1003 837 1263 893 clericum
1289 837 1393 893 sibi
1419 838 1788 904 assistentem,

178 949 253 989 ac
275 948 446 988 novos
465 932 678 988 calceos
704 946 868 986 manu
890 930 1180 995 ferentem,
1201 937 1364 1001 atque
1383 938 1446 985 ut
1465 945 1560 986 eos
1579 930 1794 1002 accipe-

177 1035 271 1081 ret
291 1027 632 1097 pedibusque
660 1025 910 1080 indueret
946 1023 1306 1094 imperantem
1334 1042 1347 1077 :
1379 1038 1439 1078 se
1469 1037 1685 1094 quoque
1716 1023 1792 1078 ita

175 1118 406 1175 fecisse.
430 1118 587 1174 Illum
616 1117 813 1173 deinde
862 1118 1207 1188 praecepisse,
1234 1124 1295 1172 ut
1322 1116 1409 1172 his
1436 1117 1679 1173 calceata
1723 1116 1794 1173 ad

175 1211 368 1266 locum
398 1252 414 1277 ,
468 1210 613 1266 unde
641 1209 734 1264 illo
757 1217 1015 1274 venerat,
1071 1217 1457 1277 reverteretur,
1489 1209 1674 1280 ibique
1697 1210 1796 1266 ad-

177 1312 413 1358 ventum
441 1301 638 1356 medici
668 1301 1098 1371 przestolaretur,
1131 1301 1226 1372 qui
1270 1317 1390 1357 eam
1415 1310 1561 1358 esset
1603 1301 1794 1372 procul

176 1397 358 1452 dubio
387 1403 700 1451 sanaturus.
755 1394 888 1463 Quae
917 1396 1009 1451 ubi
1055 1395 1348 1464 evigilavit,
1383 1396 1581 1452 visioni
1629 1396 1795 1452 ﬁdem

177 1486 634 1553 accommodans,
657 1493 860 1556 quanta
877 1487 1056 1558 potuit
1082 1486 1363 1542 celeritate
1384 1487 1454 1543 ad
1477 1497 1793 1544 sanctorum

175 1591 489 1654 martyrum
515 1566 795 1637 salutifera
816 1580 1006 1636 limina
1042 1595 1263 1636 reversa
1284 1590 1399 1647 est;
1445 1596 1511 1636 ac
1528 1595 1626 1652 per
1657 1582 1796 1638 duos

177 1689 410 1730 menses
442 1674 494 1728 in
520 1674 712 1729 eodem
740 1673 859 1729 loco
895 1673 1039 1727 inter
1071 1672 1211 1728 alios
1265 1687 1532 1744 pauperes
1571 1688 1792 1730 conver-

178 1775 334 1833 sata,
359 1765 799 1838 pollicitationem
822 1764 1050 1820 visionis
1079 1764 1481 1834 opperiebatur.
1541 1763 1677 1820 Cum
1704 1766 1788 1820 in-

176 1861 375 1926 terim,
403 1859 549 1915 circa
571 1858 812 1914 medium
850 1856 964 1913 fere
991 1871 1235 1912 mensem
1259 1856 1589 1927 Augustum,
1615 1858 1788 1914 Deus-

175 1953 325 2008 dona
351 1954 628 2018 diaconus,
653 1951 808 2020 cujus
835 1951 889 2005 in
914 1951 1092 2022 primo
1117 1952 1298 2022 operis
1316 1950 1479 2022 hujus
1505 1951 1645 2009 libro
1666 1968 1784 2009 cre-

175 2049 341 2104 bram
379 2046 607 2102 fecimus
635 2045 988 2111 mentionem,
1030 2044 1203 2101 Roma
1230 2045 1470 2111 veniens,
1495 2062 1663 2102 unum
1697 2063 1787 2103 ar-

177 2141 411 2196 ticulum
437 2139 591 2208 digiti
621 2139 768 2194 beati
795 2137 1067 2195 Hermetis
1121 2139 1380 2209 martyris
1435 2155 1534 2211 pro
1588 2156 1786 2212 magno

177 2234 344 2291 nobis
394 2248 620 2289 munere
660 2233 872 2288 detulit.
928 2232 1102 2301 Quem
1137 2233 1505 2303 accipientes,
1565 2234 1786 2306 capsula

175 2326 620 2392 reconditum,in
654 2325 924 2396 superiori
953 2334 1109 2394 parte
1134 2325 1394 2393 basilicae,
1416 2343 1581 2398 supra
1607 2327 1784 2398 ipsum

172 2416 578 2476 occidentalem
624 2416 873 2473 ecclesiae
925 2417 1208 2473 introitum
1260 2419 1667 2475 collocavimus.
1716 2421 1787 2477 At

173 2504 386 2560 femina
407 2521 548 2576 quae,
569 2513 631 2560 ut
661 2507 797 2574 dixi,
819 2507 1030 2564 visione
1059 2509 1317 2564 divinitus
1347 2510 1626 2566 admonita
1652 2511 1783 2568 illuc

174 2609 431 2665 venerat,
463 2608 519 2656 et
543 2601 752 2657 duobus
775 2601 887 2670 jam
940 2605 1149 2660 exactis
1179 2606 1480 2673 mensibus,
1511 2606 1646 2662 nihil
1668 2624 1790 2678 pro-

173 2693 366 2748 missae
391 2694 509 2763 opis
541 2693 645 2750 sibi
671 2696 954 2752 advenisse
981 2697 1258 2764 cernebat,
1284 2698 1528 2756 delusam
1561 2715 1620 2755 se
1644 2716 1788 2756 vano

174 2787 400 2840 somnio
429 2787 770 2854 existimans,
798 2790 1034 2846 reditum
1063 2791 1118 2846 in
1148 2793 1380 2863 patriam
1401 2794 1652 2850 meditari
1673 2809 1787 2850 cte-

171 2879 281 2950 pit.
311 2878 623 2951 Statuitque
656 2898 780 2938 cum
831 2885 1282 2956 negotiatoribus,
1314 2889 1406 2958 qui
1455 2903 1516 2944 se
1567 2890 1790 2946 reduce-

172 2979 328 3036 rent,
359 2979 420 3025 ut
453 2973 703 3042 proxima
734 2975 1012 3030 Dominica
1039 3017 1054 3042 ,
1117 2993 1240 3048 quae
1299 2979 1490 3049 quinto
1519 2979 1788 3036 Kalenda-

173 3077 307 3118 rum
341 3061 744 3134 Septembrium
775 3067 861 3122 die
878 3068 907 3107 ιι
934 3069 1094 3124 simul
1119 3085 1240 3124 cum
1268 3073 1639 3128 anniversaria
1659 3087 1786 3129 san-

173 3157 258 3212 cti
291 3156 564 3215 Hermetis
586 3160 927 3217 solemnitate
958 3170 1078 3218 erat
1113 3162 1310 3228 futura,
1343 3181 1535 3222 navem
1567 3181 1782 3234 eorum,

175 3250 246 3304 in
273 3250 551 3321 regionem
573 3267 729 3308 suam
771 3269 1080 3320 reversura,
1116 3257 1522 3312 conscenderet.
1554 3255 1785 3329 Jamque

179 3343 433 3399 instante
454 3355 631 3413 nocte,
659 3363 780 3418 qua:
812 3347 954 3403 diem
983 3346 1304 3418 profectioni
1336 3350 1645 3406 condictum
1665 3359 1786 3408 erat

175 3435 309 3491 sine
331 3435 488 3492 dubio
509 3452 864 3508 praecessura,
892 3455 1017 3496 cum
1040 3456 1142 3496 nos
1171 3441 1472 3498 secundum
1495 3452 1786 3501 consuetu-

256 3583 282 3610 ο
319 3568 378 3627 S.
405 3572 644 3629 Albanus
676 3583 884 3648 martyr
909 3575 1198 3648 Moguntiae
1226 3578 1426 3635 colitur
1449 3580 1514 3634 21
1542 3580 1708 3636 Junii.

1899 553 2026 627 [Ms.
2047 551 2172 606 add.
2206 548 2463 623 ecclesia]
2483 550 2772 606 fuissemus
2792 553 3019 622 egressi,
3047 555 3261 611 creteris
3288 570 3491 612 exeun-

1897 647 2061 712 tibus,
2087 643 2288 700 femina
2305 643 2397 699 illa
2421 644 2650 710 introire
2669 643 2874 709 volens,
2896 646 2952 700 in
2968 645 3084 716 ipso
3098 647 3286 704 limine
3299 662 3488 707 conse-

1895 739 1993 796 dit.
2019 739 2204 809 lbique
2223 753 2408 796 coram
2430 739 2682 796 omnibus
2703 748 2924 811 stupore
2948 741 3184 812 quodam
3205 758 3488 816 oppressa,

1894 847 2188 904 parumper
2206 832 2466 900 obticuit;
2490 849 2554 889 ac
2573 833 2767 890 deinde
2794 845 3115 906 erumpente
3140 851 3210 892 ex
3233 841 3492 899 omnibus

1894 926 2094 996 pedum
2133 926 2404 997 unguibus
2432 926 2710 996 aliquanto
2731 929 3014 1000 sanguine,
3045 929 3114 984 ad
3149 945 3209 986 sc
3246 947 3488 1000 reversa,

1897 1034 2116 1073 manum
2137 1019 2614 1076 circumstantibus
2641 1020 2904 1091 porrexit,
2919 1031 3211 1094 erectaque
3235 1023 3288 1079 in
3300 1026 3488 1096 pedes,

1898 1111 1967 1165 ad
2005 1111 2314 1181 sepulcrum
2345 1118 2647 1184 martyrum
2671 1113 2949 1170 ambulare
2979 1115 3166 1186 ccepit.
3201 1114 3321 1184 Quo
3364 1133 3490 1174 cum

1895 1205 2235 1276 pervenisset
2287 1206 2355 1261 ad
2375 1207 2681 1263 orationem
2707 1223 2893 1265 coram
2917 1209 3076 1265 altari
3101 1213 3489 1281 prosternitur,

1897 1299 2080 1370 ibique
2093 1299 2297 1355 tamdiu
2308 1297 2502 1369 jacuit,
2520 1302 2875 1373 quoadusque
2891 1303 3148 1375 hymnus,
3165 1321 3326 1377 quem
3341 1306 3494 1363 exul-

1898 1393 2134 1448 tantium
2163 1391 2324 1448 simul
2349 1400 2513 1463 atque
2537 1394 2858 1448 mirantium
2876 1394 3166 1452 multitudo
3183 1396 3352 1453 Deum
3377 1399 3494 1454 lau-
3524 1404 3541 1476 ξ

1897 1487 2033 1542 dans
2065 1485 2414 1540 devotissime
2445 1484 2718 1551 cantabat,
2748 1485 3127 1558 compleretur.
3167 1487 3285 1556 Quo
3315 1489 3492 1556 finito,

1897 1591 2027 1632 sana
2061 1577 2318 1642 surrexit,
2342 1575 2437 1631 sed
2462 1577 2518 1631 in
2542 1576 2778 1646 patriam
2817 1576 3048 1634 ulterius
3077 1580 3254 1636 redire
3295 1581 3490 1637 noluit.
3549 1605 3554 1608 ·

1896 1669 2091 1726 Merito
2120 1669 2288 1741 igitur
2309 1668 2633 1726 miraculum
2671 1671 2816 1726 istud
2861 1673 3021 1728 beato
3049 1671 3292 1729 Hermeti
3325 1675 3492 1733 ascri-

1896 1762 2060 1828 bitur,
2087 1762 2242 1834 cujus
2264 1762 2352 1818 die
2381 1763 2662 1831 natalitio,
2717 1772 2773 1818 et
2793 1765 2895 1821 sub
2941 1765 3094 1835 cujus
3129 1767 3376 1839 reliquiis
3403 1782 3493 1839 ge-

1814 1839 1864 1900 Β
1892 1865 2034 1914 stum
2062 1871 2184 1912 esse
2213 1865 2448 1912 constat.
2490 1856 2596 1913 Sed
2623 1872 2966 1929 nequaquam
2990 1861 3318 1917 sanctissimi
3349 1879 3492 1918 mar-

1892 1960 2037 2021 tyres
2063 1947 2408 2005 Marcellinus
2432 1958 2488 2006 et
2530 1949 2724 2006 Petrus
2771 1949 3015 2020 ejusdam
3042 1954 3221 2024 Operis
3271 1964 3493 2011 exortes

1889 2057 2010 2099 esse
2042 2052 2290 2113 possunt,
2320 2042 2374 2097 in
2401 2058 2634 2114 quorum
2680 2045 2904 2101 basilica
2937 2055 3213 2116 patratum
3259 2056 3378 2115 est;
3431 2060 3493 2108 et

1889 2149 2026 2206 quos
2047 2134 2185 2205 ipsa,
2209 2151 2328 2206 qua:
2351 2145 2540 2191 curata
2560 2145 2645 2192 est
2662 2135 2888 2205 femina,
2903 2147 3019 2195 toto
3039 2140 3495 2212 peregrinationis

1889 2243 2003 2284 suae
2035 2236 2297 2299 tempore,
2329 2237 2389 2284 ut
2417 2245 2477 2286 se
2505 2229 2844 2300 adjuvarent,
2879 2247 3088 2304 semper
3122 2234 3417 2290 invocavit.

1961 2322 2052 2379 94.
2093 2322 2221 2379 Haec.
2257 2330 2386 2378 sunt
2433 2339 2554 2394 quae
2599 2325 2666 2380 de
2704 2325 3006 2382 innumeris
3047 2335 3364 2384 sanctorum
3387 2328 3494 2384 vir-

1892 2413 2114 2478 tutibus,
2144 2422 2239 2468 aut
2266 2429 2298 2469 a
2333 2415 2493 2471 nobis
2525 2417 2663 2484 visa,
2713 2425 2809 2472 aut
2861 2417 3100 2473 fidelium
3127 2420 3310 2474 veraci
3349 2419 3493 2476 rela-

1891 2504 2040 2558 tione
2066 2512 2379 2575 comperta,
2418 2505 2615 2560 litteris
2645 2521 2710 2560 ac
2760 2508 3038 2563 memoria:
3091 2509 3354 2566 mandare
3399 2511 3494 2565 de—

1892 2594 2195 2663 crevimus;
2235 2612 2357 2667 quae
2384 2596 2588 2654 Christi
2603 2599 2940 2655 amatoribus
2967 2615 3031 2656 ac
3050 2610 3350 2674 martyrum
3373 2601 3492 2671 ejus

1890 2691 2304 2746 veneratoribus
2343 2692 2412 2747 ad
2446 2691 2734 2764 legendum
2765 2701 2918 2764 grata
2953 2693 3069 2750 fore
3097 2710 3204 2750 non
3235 2696 3491 2768 ambigo:

1891 2786 2151 2855 quoniam
2182 2786 2319 2842 nihil
2357 2787 2437 2841 eis
2466 2786 2682 2842 videtur
2727 2787 3083 2857 impossibile,
3121 2789 3265 2859 quod
3299 2797 3360 2843 ut
3397 2790 3495 2845 ﬁat

1891 2879 2004 2936 Deo
2025 2881 2385 2952 omnipotenti
2419 2881 2702 2950 placuerit.
2727 2881 3024 2938 lncredulis
3072 2891 3254 2937 autem
3277 2898 3341 2936 ac
3369 2896 3494 2936 san-

1891 2980 2103 3029 ctorum
2129 2972 2314 3044 gloria:
2339 2972 2747 3044 derogantibus,
2777 2973 2906 3043 quia
2935 2971 3217 3028 fastidiosa
3243 2987 3364 3029 esse
3384 2987 3493 3028 non
3525 2983 3530 2996 '

1892 3065 2098 3134 dubito,
2120 3081 2189 3121 ne
2216 3066 2436 3121 omnino
2465 3064 2644 3136 legere
2672 3064 2858 3131 velint,
2893 3064 3230 3121 suadendum
3253 3079 3450 3120 censeo
3473 3077 3491 3120 τ

1889 3174 1958 3215 ne
1977 3158 2119 3214 forte
2139 3157 2348 3212 vilitate
2375 3157 2547 3213 nostri
2569 3158 2836 3215 sermonis
2858 3157 3073 3223 offensi,
3099 3157 3492 3229 blasphemiam

1889 3260 1947 3309 et
1976 3252 2330 3307 invidentiam
2357 3251 2604 3308 devitarc
2625 3268 2735 3308 non
2763 3253 3007 3320 valeant;
3044 3269 3110 3309 ac
3130 3254 3212 3309 sic
3236 3253 3408 3309 Deum
3433 3261 3491 3308 et

1892 3349 2218 3422 proximum,
2249 3364 2386 3420 quos
2441 3363 2630 3405 amare
2671 3347 2948 3419 jubentur,
2989 3364 3050 3406 se
3083 3349 3264 3406 odisse
3312 3347 3492 3405 decla-

1894 3451 2018 3499 rent

1965 3579 1995 3620 ι)
2025 3578 2217 3637 Annus
2243 3579 2333 3636 hic
2352 3578 2457 3636 fuit
2483 3579 2612 3649 830,
2644 3579 2823 3638 littera
2851 3579 3175 3639 Dominicali
3211 3580 3273 3637 B.

185 3713 2101 3740 ————-—————-—_—_——_—_—

688 3835 721 3877 ³
794 3835 1836 3953 BHYTHMUS
1911 3835 2975 3952 EGINEABDI

1444 4059 1986 4124 ERUDITISSIMI
2031 4059 2200 4120 VIBI

325 4248 456 4350 DE
487 4365 500 4371 ,
529 4241 982 4353 PASSIDNE
1054 4223 1443 4354 CHRISTI
1512 4247 2069 4352 MABTYBUM
2141 4247 2748 4355 MARCELLINI
2819 4249 2946 4356 ET
3019 4251 3346 4358 PETRI.

1287 4459 1433 4522 [Acta
1457 4460 1745 4512 Sanctorum
1770 4458 1992 4513 Bolland.
2017 4459 2189 4512 tomoI
2215 4458 2394 4524 Junii]

1629 4606 2008 4628 Ψ

255 4720 310 4775 l.
341 4717 476 4776 Erat
517 4718 737 4790 quidam
785 4720 1058 4778 exorcista
1097 4729 1319 4779 sanctus
1344 4719 1397 4791 ι»,
1433 4720 1631 4781 Petrus
1677 4739 1778 4782 no-
1802 4731 1857 4791 D
1883 4725 2053 4783 Pmna
2084 4725 2290 4784 inﬂicta
2311 4729 2635 4801 praevaleret
2658 4731 2860 4788 Christi
2891 4732 3052 4800 fidem
3079 4733 3292 4804 tollere,

1585 4814 1774 4889 [mine,

161 4906 283 4976 Qui
312 4905 619 4963 doctrinam
642 4907 822 4979 magni
847 4906 995 4962 Petri
1029 4915 1248 4963 secutus
1274 4908 1526 4978 apostoli,

159 4999 385 5054 Veram
415 4998 579 5055 fidem
605 4997 735 5056 Jesu
761 4999 964 5056 Christi
989 5000 1307 5070 praedicavit
1331 5003 1604 5072 gentibus.

161 5091 544 5164 Malignorum
575 5092 858 5164 adiurator
885 5093 988 5149 iste
1017 5092 1121 5148 fuit
1149 5093 1481 5162 daemonum,

159 5184 363 5254 Atque
385 5193 536 5240 atros
559 5185 728 5240 verbo
756 5192 951 5256 potens
986 5184 1261 5258 eﬂ'ugabat
1288 5187 1534 5258 spiritus,

161 5276 397 5348 Perque
437 5279 654 5350 signum
695 5289 899 5336 sancta:
927 5281 1107 5337 crucis
1135 5297 1310 5354 aegros
1345 5298 1508 5338 sanos
1545 5281 1770 5342 fecerat.

161 5371 356 5440 Quem
381 5372 580 5444 pagani
609 5373 1063 5442 comprehensum
1091 5373 1246 5430 duris
1269 5383 1496 5430 nectunt
1519 5375 1770 5445 vinculis,

158 5465 257 5519 Ac
280 5477 379 5534 per
403 5463 573 5519 multa
599 5464 861 5520 laniatum
887 5473 1283 5522 tormentorum
1312 5481 1533 5537 genera,

159 5555 262 5612 Ad
298 5564 604 5612 extremum
633 5559 922 5614 tenebroso
950 5559 1332 5628 manciparunt
1359 5560 1589 5616 carceri.

161 5647 558 5722 Imprudentes
583 5651 835 5708 arbitrati
863 5652 1007 5724 quod
1030 5660 1306 5724 perartus
1329 5656 1575 5726 corporis

1889 4819 1996 4876 Sed
2026 4837 2143 4889 cor,
2175 4823 2315 4879 caelo
2341 4826 2510 4880 fixum
2538 4841 2788 4892 manens,
2829 4828 3005 4883 nescit
3042 4827 3230 4901 ﬂagris
3257 4829 3474 4888 cedere.

1887 4913 1988 4971 Cui
2014 4924 2198 4972 custos
2219 4918 2508 4988 deputatus
2531 4917 2748 4990 prtefult
2769 4919 3104 4986 Arthemius,

1885 5006 1990 5075 Qui
2026 5022 2246 5063 reorum
2274 5010 2491 5066 turbam
2517 5009 2654 5064 diris
2679 5010 3093 5082 constringebat
3119 5013 3374 5084 vinculis,

1884 5099 2060 5169 Atque
2088 5101 2326 5157 claustra
2354 5102 2576 5172 caligosi
2605 5105 2858 5159 servabat
2881 5106 3159 5176 ergastuli.

1884 5189 2020 5246 Erat
2044 5192 2132 5247 cui
2161 5193 2329 5248 chara
2357 5193 2512 5248 valde
2539 5204 2688 5260 nata,
2719 5195 2873 5267 virgo
2899 5199 3139 5268 nomine,

1881 5285 2016 5354 Quae
2043 5288 2230 5343 invasa
2255 5303 2367 5357 prae
2396 5287 2564 5344 feroci
2594 5290 2897 5348 vexabatur
2922 5293 3185 5363 daemone,

1879 5382 1946 5438 Et
1971 5392 2203 5454 paterna
2230 5399 2374 5438 saeva
2401 5398 2567 5455 paena
2593 5387 2876 5444 cruciabat
2899 5399 3143 5462 pectora.

1951 5474 2004 5529 2.
2040 5473 2195 5541 Quod
2221 5489 2347 5531 cum
2372 5475 2570 5534 Petrus
2609 5482 2988 5552 comperisset,
3040 5483 3330 5557 compellat
3369 5486 3474 5544 Ar-

3158 5577 3467 5652 [themium.

1879 5659 2103 5717 Monens
2130 5663 2290 5717 simul
2324 5670 2380 5719 et
2408 5663 2727 5738 exhortans,
2763 5671 2965 5729 Christi
3010 5672 3169 5728 miles
3210 5669 3470 5742 inclytus,

249 5785 474 5874 {lianc
503 5789 720 5874 titulum
755 5790 983 5874 praefert
1018 5793 1386 5874 vetus_.codex
1429 5795 1771 5874 bibﬁligthecg
1880 5796 2204 5874 S._B§neg.,
2226 5813 2458 5874 _saec._tv,
2483 5813 2641 5874 parte
2665 5807 2728 5868 Il.

165 5859 360 5916 sancti
385 5859 664 5919 Benedicti
702 5859 781 5920 ad
803 5862 1040 5937 Ligerim
1068 5861 1314 5932 (Mabill.,
1343 5865 1476 5922 Acta
1500 5866 1608 5925 SS.
1645 5869 1762 5925 0rd.

1187 6189 1192 6200 -
1263 6173 1286 6206 δ

1875 5908 1881 5914 .
1947 5869 1977 5910 ιι
2018 5868 2080 5922 D.
2112 5867 2320 5940 Teulet,
2360 5867 2561 5930 Rom-cc.
