  <div class='ocr_page' id='page_1' title='image "/cluster/home/n/w/nwhite01/storage/ocr_20150623/104/hvd.32044015466824/314.png"; bbox 0 0 3940 6340; ppageno 0'>
   <div class='ocr_carea' id='block_1_1' title="bbox 164 433 1368 511">
    <p class='ocr_par' dir='ltr' id='par_1_1' title="bbox 164 433 1368 511">
     <span class='ocr_line' id='line_1_1' title="bbox 164 433 1368 511; baseline -0.007 -14"><span class='ocrx_word' id='word_1_1' title='bbox 164 444 321 498; x_wconf 80' lang='lat' dir='ltr'><strong>Nutu</strong></span> <span class='ocrx_word' id='word_1_2' title='bbox 350 444 446 500; x_wconf 89' lang='lat' dir='ltr'><strong>Dei</strong></span> <span class='ocrx_word' id='word_1_3' title='bbox 480 436 806 511; x_wconf 79' lang='lat' dir='ltr'><strong>quaterdeni</strong></span> <span class='ocrx_word' id='word_1_4' title='bbox 835 435 954 491; x_wconf 90' lang='lat' dir='ltr'><strong>dies</strong></span> <span class='ocrx_word' id='word_1_5' title='bbox 987 433 1192 503; x_wconf 65' lang='lat' dir='ltr'><strong>ewluti</strong></span> <span class='ocrx_word' id='word_1_6' title='bbox 1219 448 1368 500; x_wconf 82' lang='lat' dir='ltr'><strong>sunt,</strong></span> 
     </span>
    </p>
   </div>
   <div class='ocr_carea' id='block_1_2' title="bbox 151 528 1644 604">
    <p class='ocr_par' dir='ltr' id='par_1_2' title="bbox 151 528 1644 604">
     <span class='ocr_line' id='line_1_2' title="bbox 151 528 1644 604; baseline -0.006 -11"><span class='ocrx_word' id='word_1_7' title='bbox 151 536 275 594; x_wconf 89' lang='lat' dir='ltr'><strong>Per</strong></span> <span class='ocrx_word' id='word_1_8' title='bbox 301 549 442 604; x_wconf 83' lang='lat' dir='ltr'><strong>quos</strong></span> <span class='ocrx_word' id='word_1_9' title='bbox 475 530 652 597; x_wconf 83' lang='lat' dir='ltr'><strong>sancti</strong></span> <span class='ocrx_word' id='word_1_10' title='bbox 678 545 831 596; x_wconf 81' lang='lat' dir='ltr'><strong>novae</strong></span> <span class='ocrx_word' id='word_1_11' title='bbox 859 528 1036 601; x_wconf 85' lang='lat' dir='ltr'><strong>gentis</strong></span> <span class='ocrx_word' id='word_1_12' title='bbox 1073 528 1352 593; x_wconf 86' lang='lat' dir='ltr'><strong>nationem</strong></span> <span class='ocrx_word' id='word_1_13' title='bbox 1386 528 1644 584; x_wconf 88' lang='lat' dir='ltr'><strong>roborant</strong></span> 
     </span>
    </p>
   </div>
   <div class='ocr_carea' id='block_1_3' title="bbox 158 619 1542 694">
    <p class='ocr_par' dir='ltr' id='par_1_3' title="bbox 158 619 1542 694">
     <span class='ocr_line' id='line_1_3' title="bbox 158 619 1542 694; baseline -0.004 -12"><span class='ocrx_word' id='word_1_14' title='bbox 158 627 261 692; x_wconf 91' lang='lat' dir='ltr'><strong>Ut,</strong></span> <span class='ocrx_word' id='word_1_15' title='bbox 294 633 350 682; x_wconf 86' lang='lat' dir='ltr'><strong>in</strong></span> <span class='ocrx_word' id='word_1_16' title='bbox 379 624 599 688; x_wconf 80' lang='lat' dir='ltr'><strong>Christo</strong></span> <span class='ocrx_word' id='word_1_17' title='bbox 616 630 1022 694; x_wconf 67' lang='lat' dir='ltr'><strong>permanentes,</strong></span> <span class='ocrx_word' id='word_1_18' title='bbox 1052 631 1338 687; x_wconf 81' lang='lat' dir='ltr'><strong>creaturas</strong></span> <span class='ocrx_word' id='word_1_19' title='bbox 1361 619 1542 678; x_wconf 91' lang='lat' dir='ltr'><strong>colere</strong></span> 
     </span>
    </p>
   </div>
   <div class='ocr_carea' id='block_1_4' title="bbox 160 713 1647 786">
    <p class='ocr_par' dir='ltr' id='par_1_4' title="bbox 160 713 1647 786">
     <span class='ocr_line' id='line_1_4' title="bbox 160 713 1647 786; baseline -0.005 -9"><span class='ocrx_word' id='word_1_20' title='bbox 160 717 382 783; x_wconf 80' lang='lat' dir='ltr'><strong>Nolim,</strong></span> <span class='ocrx_word' id='word_1_21' title='bbox 401 717 573 784; x_wconf 75' lang='lat' dir='ltr'><strong>vitam</strong></span> <span class='ocrx_word' id='word_1_22' title='bbox 601 729 781 786; x_wconf 81' lang='lat' dir='ltr'><strong>neque</strong></span> <span class='ocrx_word' id='word_1_23' title='bbox 801 714 965 782; x_wconf 84' lang='lat' dir='ltr'><strong>istam</strong></span> <span class='ocrx_word' id='word_1_24' title='bbox 983 714 1132 778; x_wconf 84' lang='lat' dir='ltr'><strong>velut</strong></span> <span class='ocrx_word' id='word_1_25' title='bbox 1160 715 1340 784; x_wconf 86' lang='lat' dir='ltr'><strong>magni</strong></span> <span class='ocrx_word' id='word_1_26' title='bbox 1369 713 1647 784; x_wconf 87' lang='lat' dir='ltr'><strong>quippiam</strong></span> 
     </span>
    </p>
   </div>
   <div class='ocr_carea' id='block_1_5' title="bbox 153 807 1757 885">
    <p class='ocr_par' dir='ltr' id='par_1_5' title="bbox 153 807 1757 885">
     <span class='ocr_line' id='line_1_5' title="bbox 153 807 1757 885; baseline -0.004 -15"><span class='ocrx_word' id='word_1_27' title='bbox 153 813 583 885; x_wconf 76' lang='lat' dir='ltr'><strong>Amplectamur</strong></span> <span class='ocrx_word' id='word_1_28' title='bbox 611 826 627 876; x_wconf 90' lang='lat'><strong>;</strong></span> <span class='ocrx_word' id='word_1_29' title='bbox 659 809 828 874; x_wconf 78' lang='lat' dir='ltr'><strong>immo</strong></span> <span class='ocrx_word' id='word_1_30' title='bbox 856 808 1027 870; x_wconf 86' lang='lat' dir='ltr'><strong>velint</strong></span> <span class='ocrx_word' id='word_1_31' title='bbox 1051 816 1273 879; x_wconf 84' lang='lat' dir='ltr'><strong>prepter</strong></span> <span class='ocrx_word' id='word_1_32' title='bbox 1301 807 1480 876; x_wconf 90' lang='lat' dir='ltr'><strong>ipsum</strong></span> <span class='ocrx_word' id='word_1_33' title='bbox 1507 807 1757 878; x_wconf 81' lang='lat' dir='ltr'><strong>perdere.</strong></span> 
     </span>
    </p>
   </div>
   <div class='ocr_carea' id='block_1_6' title="bbox 237 899 1678 971">
    <p class='ocr_par' dir='ltr' id='par_1_6' title="bbox 237 899 1678 971">
     <span class='ocr_line' id='line_1_6' title="bbox 237 899 1678 971; baseline -0.004 -9"><span class='ocrx_word' id='word_1_34' title='bbox 237 909 292 962; x_wconf 91' lang='lat'><strong>7.</strong></span> <span class='ocrx_word' id='word_1_35' title='bbox 330 906 424 964; x_wconf 88' lang='lat' dir='ltr'><strong>llis</strong></span> <span class='ocrx_word' id='word_1_36' title='bbox 448 901 678 970; x_wconf 69' lang='lat' dir='ltr'><strong>exactis,</strong></span> <span class='ocrx_word' id='word_1_37' title='bbox 704 904 859 968; x_wconf 85' lang='lat' dir='ltr'><strong>adest</strong></span> <span class='ocrx_word' id='word_1_38' title='bbox 891 903 1020 960; x_wconf 64' lang='lat' dir='ltr'><strong>saevi</strong></span> <span class='ocrx_word' id='word_1_39' title='bbox 1046 903 1246 958; x_wconf 87' lang='lat' dir='ltr'><strong>missus</strong></span> <span class='ocrx_word' id='word_1_40' title='bbox 1269 900 1426 958; x_wconf 82' lang='lat' dir='ltr'><strong>lictor</strong></span> <span class='ocrx_word' id='word_1_41' title='bbox 1449 899 1678 971; x_wconf 73' lang='lat' dir='ltr'><strong>iudicis,</strong></span> 
     </span>
    </p>
   </div>
   <div class='ocr_carea' id='block_1_7' title="bbox 153 993 1603 1066">
    <p class='ocr_par' dir='ltr' id='par_1_7' title="bbox 153 993 1603 1066">
     <span class='ocr_line' id='line_1_7' title="bbox 153 993 1603 1066; baseline -0.004 -12"><span class='ocrx_word' id='word_1_42' title='bbox 153 999 372 1056; x_wconf 84' lang='lat' dir='ltr'><strong>Jubens</strong></span> <span class='ocrx_word' id='word_1_43' title='bbox 392 1011 584 1054; x_wconf 91' lang='lat' dir='ltr'><strong>omnes</strong></span> <span class='ocrx_word' id='word_1_44' title='bbox 609 994 702 1066; x_wconf 89' lang='lat' dir='ltr'><strong>qui</strong></span> <span class='ocrx_word' id='word_1_45' title='bbox 728 993 960 1050; x_wconf 74' lang='lat' dir='ltr'><strong>fuissent</strong></span> <span class='ocrx_word' id='word_1_46' title='bbox 990 1001 1130 1048; x_wconf 87' lang='lat' dir='ltr'><strong>tetro</strong></span> <span class='ocrx_word' id='word_1_47' title='bbox 1157 993 1326 1047; x_wconf 81' lang='lat' dir='ltr'><strong>clausi</strong></span> <span class='ocrx_word' id='word_1_48' title='bbox 1358 1005 1603 1057; x_wconf 80' lang='lat' dir='ltr'><strong>carcere,</strong></span> 
     </span>
    </p>
   </div>
   <div class='ocr_carea' id='block_1_8' title="bbox 156 1084 1538 1160">
    <p class='ocr_par' dir='ltr' id='par_1_8' title="bbox 156 1084 1538 1160">
     <span class='ocr_line' id='line_1_8' title="bbox 156 1084 1538 1160; baseline -0.006 -14"><span class='ocrx_word' id='word_1_49' title='bbox 156 1091 248 1146; x_wconf 80' lang='lat' dir='ltr'><strong>Ad</strong></span> <span class='ocrx_word' id='word_1_50' title='bbox 271 1095 628 1160; x_wconf 89' lang='lat' dir='ltr'><strong>conspectum</strong></span> <span class='ocrx_word' id='word_1_51' title='bbox 655 1094 812 1146; x_wconf 90' lang='lat' dir='ltr'><strong>nocte</strong></span> <span class='ocrx_word' id='word_1_52' title='bbox 831 1086 1008 1160; x_wconf 90' lang='lat' dir='ltr'><strong>prima</strong></span> <span class='ocrx_word' id='word_1_53' title='bbox 1033 1084 1228 1141; x_wconf 76' lang='lat' dir='ltr'><strong>arbitri</strong></span> <span class='ocrx_word' id='word_1_54' title='bbox 1259 1084 1538 1146; x_wconf 71' lang='lat' dir='ltr'><strong>assistere.</strong></span> 
     </span>
    </p>
   </div>
   <div class='ocr_carea' id='block_1_9' title="bbox 157 1177 1658 1251">
    <p class='ocr_par' dir='ltr' id='par_1_9' title="bbox 157 1177 1658 1251">
     <span class='ocr_line' id='line_1_9' title="bbox 157 1177 1658 1251; baseline -0.003 -14"><span class='ocrx_word' id='word_1_55' title='bbox 157 1182 324 1250; x_wconf 86' lang='lat' dir='ltr'><strong>Quod</strong></span> <span class='ocrx_word' id='word_1_56' title='bbox 351 1179 626 1251; x_wconf 75' lang='lat' dir='ltr'><strong>extemplo</strong></span> <span class='ocrx_word' id='word_1_57' title='bbox 653 1195 780 1246; x_wconf 87' lang='lat' dir='ltr'><strong>curn</strong></span> <span class='ocrx_word' id='word_1_58' title='bbox 802 1179 1044 1238; x_wconf 83' lang='lat' dir='ltr'><strong>audisset</strong></span> <span class='ocrx_word' id='word_1_59' title='bbox 1070 1179 1175 1240; x_wconf 88' lang='lat' dir='ltr'><strong>atri</strong></span> <span class='ocrx_word' id='word_1_60' title='bbox 1190 1188 1375 1242; x_wconf 86' lang='lat' dir='ltr'><strong>custos</strong></span> <span class='ocrx_word' id='word_1_61' title='bbox 1399 1177 1658 1244; x_wconf 86' lang='lat' dir='ltr'><strong>careeris,</strong></span> 
     </span>
    </p>
   </div>
   <div class='ocr_carea' id='block_1_10' title="bbox 155 1271 1636 1342">
    <p class='ocr_par' dir='ltr' id='par_1_10' title="bbox 155 1271 1636 1342">
     <span class='ocr_line' id='line_1_10' title="bbox 155 1271 1636 1342; baseline -0.003 -12"><span class='ocrx_word' id='word_1_62' title='bbox 155 1275 392 1330; x_wconf 84' lang='lat' dir='ltr'><strong>Blandis</strong></span> <span class='ocrx_word' id='word_1_63' title='bbox 416 1274 648 1342; x_wconf 86' lang='lat' dir='ltr'><strong>vinctos,</strong></span> <span class='ocrx_word' id='word_1_64' title='bbox 675 1271 767 1342; x_wconf 82' lang='lat' dir='ltr'><strong>qui</strong></span> <span class='ocrx_word' id='word_1_65' title='bbox 793 1271 1043 1339; x_wconf 81' lang='lat' dir='ltr'><strong>aderant,</strong></span> <span class='ocrx_word' id='word_1_66' title='bbox 1073 1271 1299 1334; x_wconf 80' lang='lat' dir='ltr'><strong>vocibus</strong></span> <span class='ocrx_word' id='word_1_67' title='bbox 1321 1271 1636 1340; x_wconf 83' lang='lat' dir='ltr'><strong>alloquitur,</strong></span> 
     </span>
    </p>
   </div>
   <div class='ocr_carea' id='block_1_11' title="bbox 156 1361 1763 1438">
    <p class='ocr_par' dir='ltr' id='par_1_11' title="bbox 156 1361 1763 1438">
     <span class='ocr_line' id='line_1_11' title="bbox 156 1361 1763 1438; baseline -0.001 -16"><span class='ocrx_word' id='word_1_68' title='bbox 156 1366 316 1422; x_wconf 92' lang='lat' dir='ltr'><strong>lrent</strong></span> <span class='ocrx_word' id='word_1_69' title='bbox 344 1365 547 1438; x_wconf 77' lang='lat' dir='ltr'><strong>cuncti,</strong></span> <span class='ocrx_word' id='word_1_70' title='bbox 576 1378 796 1435; x_wconf 85' lang='lat' dir='ltr'><strong>quoquo</strong></span> <span class='ocrx_word' id='word_1_71' title='bbox 823 1378 1040 1426; x_wconf 87' lang='lat' dir='ltr'><strong>versum</strong></span> <span class='ocrx_word' id='word_1_72' title='bbox 1076 1361 1235 1417; x_wconf 83' lang='lat' dir='ltr'><strong>vellet</strong></span> <span class='ocrx_word' id='word_1_73' title='bbox 1261 1362 1492 1432; x_wconf 86' lang='lat' dir='ltr'><strong>quisque</strong></span> <span class='ocrx_word' id='word_1_74' title='bbox 1515 1375 1763 1433; x_wconf 67' lang='lat' dir='ltr'><strong>pergere.</strong></span> 
     </span>
    </p>
   </div>
   <div class='ocr_carea' id='block_1_12' title="bbox 165 1452 1694 1528">
    <p class='ocr_par' dir='ltr' id='par_1_12' title="bbox 165 1452 1694 1528">
     <span class='ocr_line' id='line_1_12' title="bbox 165 1452 1694 1528; baseline -0.001 -19"><span class='ocrx_word' id='word_1_75' title='bbox 165 1476 187 1509; x_wconf 85' lang='grc'><strong>‹</strong></span> <span class='ocrx_word' id='word_1_76' title='bbox 221 1456 328 1526; x_wconf 86' lang='lat' dir='ltr'><strong>Qui</strong></span> <span class='ocrx_word' id='word_1_77' title='bbox 353 1456 422 1511; x_wconf 90' lang='lat' dir='ltr'><strong>ad</strong></span> <span class='ocrx_word' id='word_1_78' title='bbox 448 1455 708 1528; x_wconf 87' lang='lat' dir='ltr'><strong>palmam,</strong></span> <span class='ocrx_word' id='word_1_79' title='bbox 738 1453 936 1524; x_wconf 85' lang='lat' dir='ltr'><strong>inquit,</strong></span> <span class='ocrx_word' id='word_1_80' title='bbox 966 1453 1124 1524; x_wconf 84' lang='lat' dir='ltr'><strong>regni</strong></span> <span class='ocrx_word' id='word_1_81' title='bbox 1151 1453 1438 1524; x_wconf 77' lang='lat' dir='ltr'><strong>pervenire</strong></span> <span class='ocrx_word' id='word_1_82' title='bbox 1473 1452 1694 1524; x_wconf 81' lang='lat' dir='ltr'><strong>cogitat,</strong></span> 
     </span>
    </p>
   </div>
   <div class='ocr_carea' id='block_1_13' title="bbox 155 1542 1421 1616">
    <p class='ocr_par' dir='ltr' id='par_1_13' title="bbox 155 1542 1421 1616">
     <span class='ocr_line' id='line_1_13' title="bbox 155 1542 1421 1616; baseline -0.003 -12"><span class='ocrx_word' id='word_1_83' title='bbox 155 1547 261 1604; x_wconf 76' lang='lat' dir='ltr'><strong>ille</strong></span> <span class='ocrx_word' id='word_1_84' title='bbox 282 1562 495 1604; x_wconf 90' lang='lat' dir='ltr'><strong>mecum</strong></span> <span class='ocrx_word' id='word_1_85' title='bbox 521 1546 589 1612; x_wconf 83' lang='lat' dir='ltr'><strong>ad</strong></span> <span class='ocrx_word' id='word_1_86' title='bbox 612 1543 803 1602; x_wconf 91' lang='lat' dir='ltr'><strong>Sereni</strong></span> <span class='ocrx_word' id='word_1_87' title='bbox 823 1542 1026 1613; x_wconf 82' lang='lat' dir='ltr'><strong>judicis</strong></span> <span class='ocrx_word' id='word_1_88' title='bbox 1051 1545 1421 1616; x_wconf 63' lang='lat' dir='ltr'><strong>praasentiam,</strong></span> 
     </span>
    </p>
   </div>
   <div class='ocr_carea' id='block_1_14' title="bbox 160 1635 1495 1707">
    <p class='ocr_par' dir='ltr' id='par_1_14' title="bbox 160 1635 1495 1707">
     <span class='ocr_line' id='line_1_14' title="bbox 160 1635 1495 1707; baseline -0.004 -13"><span class='ocrx_word' id='word_1_89' title='bbox 160 1639 374 1695; x_wconf 83' lang='lat' dir='ltr'><strong>Poenas</strong></span> <span class='ocrx_word' id='word_1_90' title='bbox 395 1636 468 1692; x_wconf 88' lang='lat' dir='ltr'><strong>ibi</strong></span> <span class='ocrx_word' id='word_1_91' title='bbox 490 1635 792 1702; x_wconf 85' lang='lat' dir='ltr'><strong>subiturus,</strong></span> <span class='ocrx_word' id='word_1_92' title='bbox 817 1650 1044 1707; x_wconf 79' lang='lat' dir='ltr'><strong>pergere</strong></span> <span class='ocrx_word' id='word_1_93' title='bbox 1069 1651 1179 1694; x_wconf 89' lang='lat' dir='ltr'><strong>non</strong></span> <span class='ocrx_word' id='word_1_94' title='bbox 1202 1636 1416 1694; x_wconf 84' lang='lat' dir='ltr'><strong>haesitet</strong></span> <span class='ocrx_word' id='word_1_95' title='bbox 1443 1645 1495 1688; x_wconf 78' lang='grc' dir='ltr'><strong>ει.</strong></span> 
     </span>
    </p>
   </div>
   <div class='ocr_carea' id='block_1_15' title="bbox 170 1731 1662 1804">
    <p class='ocr_par' dir='ltr' id='par_1_15' title="bbox 170 1731 1662 1804">
     <span class='ocr_line' id='line_1_15' title="bbox 170 1731 1662 1804; baseline -0.003 -13"><span class='ocrx_word' id='word_1_96' title='bbox 170 1736 241 1791; x_wconf 91' lang='lat' dir='ltr'><strong>Si</strong></span> <span class='ocrx_word' id='word_1_97' title='bbox 263 1735 387 1804; x_wconf 89' lang='lat' dir='ltr'><strong>quis</strong></span> <span class='ocrx_word' id='word_1_98' title='bbox 406 1749 534 1796; x_wconf 85' lang='lat' dir='ltr'><strong>vero</strong></span> <span class='ocrx_word' id='word_1_99' title='bbox 555 1731 797 1788; x_wconf 87' lang='lat' dir='ltr'><strong>nondum</strong></span> <span class='ocrx_word' id='word_1_100' title='bbox 835 1732 1002 1786; x_wconf 80' lang='lat' dir='ltr'><strong>vitam</strong></span> <span class='ocrx_word' id='word_1_101' title='bbox 1040 1731 1372 1798; x_wconf 79' lang='lat' dir='ltr'><strong>mundialem</strong></span> <span class='ocrx_word' id='word_1_102' title='bbox 1401 1744 1662 1802; x_wconf 83' lang='lat' dir='ltr'><strong>spernere</strong></span> 
     </span>
    </p>
   </div>
   <div class='ocr_carea' id='block_1_16' title="bbox 171 1823 1577 1898">
    <p class='ocr_par' dir='ltr' id='par_1_16' title="bbox 171 1823 1577 1898">
     <span class='ocr_line' id='line_1_16' title="bbox 171 1823 1577 1898; baseline -0.001 -18"><span class='ocrx_word' id='word_1_103' title='bbox 171 1827 358 1892; x_wconf 80' lang='lat' dir='ltr'><strong>Valet,</strong></span> <span class='ocrx_word' id='word_1_104' title='bbox 380 1835 540 1898; x_wconf 91' lang='lat' dir='ltr'><strong>atque</strong></span> <span class='ocrx_word' id='word_1_105' title='bbox 571 1832 965 1884; x_wconf 84' lang='lat' dir='ltr'><strong>tormentorum</strong></span> <span class='ocrx_word' id='word_1_106' title='bbox 995 1830 1079 1878; x_wconf 90' lang='lat' dir='ltr'><strong>est</strong></span> <span class='ocrx_word' id='word_1_107' title='bbox 1107 1838 1310 1894; x_wconf 82' lang='lat' dir='ltr'><strong>pavore</strong></span> <span class='ocrx_word' id='word_1_108' title='bbox 1333 1823 1577 1890; x_wconf 79' lang='lat' dir='ltr'><strong>territus,</strong></span> 
     </span>
    </p>
   </div>
   <div class='ocr_carea' id='block_1_17' title="bbox 163 1915 1468 1992">
    <p class='ocr_par' dir='ltr' id='par_1_17' title="bbox 163 1915 1468 1992">
     <span class='ocr_line' id='line_1_17' title="bbox 163 1915 1468 1992; baseline -0.002 -17"><span class='ocrx_word' id='word_1_109' title='bbox 163 1919 280 1975; x_wconf 86' lang='lat' dir='ltr'><strong>Eat</strong></span> <span class='ocrx_word' id='word_1_110' title='bbox 299 1919 458 1985; x_wconf 87' lang='lat' dir='ltr'><strong>liber,</strong></span> <span class='ocrx_word' id='word_1_111' title='bbox 489 1934 597 1992; x_wconf 90' lang='lat' dir='ltr'><strong>quo</strong></span> <span class='ocrx_word' id='word_1_112' title='bbox 621 1916 877 1972; x_wconf 86' lang='lat' dir='ltr'><strong>voluntas</strong></span> <span class='ocrx_word' id='word_1_113' title='bbox 895 1915 1046 1972; x_wconf 90' lang='lat' dir='ltr'><strong>illum</strong></span> <span class='ocrx_word' id='word_1_114' title='bbox 1080 1931 1178 1971; x_wconf 90' lang='lat' dir='ltr'><strong>sua</strong></span> <span class='ocrx_word' id='word_1_115' title='bbox 1205 1915 1406 1984; x_wconf 78' lang='lat' dir='ltr'><strong>tulerit.</strong></span> <span class='ocrx_word' id='word_1_116' title='bbox 1447 1933 1468 1982; x_wconf 62' lang='grc' dir='ltr'>ι</span> 
     </span>
    </p>
   </div>
   <div class='ocr_carea' id='block_1_18' title="bbox 166 1995 1464 2082">
    <p class='ocr_par' dir='ltr' id='par_1_18' title="bbox 166 1995 1464 2082">
     <span class='ocr_line' id='line_1_18' title="bbox 166 1995 1464 2082; baseline -0.006 -13"><span class='ocrx_word' id='word_1_117' title='bbox 166 2013 321 2069; x_wconf 89' lang='lat' dir='ltr'><strong>Ecce</strong></span> <span class='ocrx_word' id='word_1_118' title='bbox 343 1995 729 2081; x_wconf 65' lang='lat' dir='ltr'><strong>autemiudex,</strong></span> <span class='ocrx_word' id='word_1_119' title='bbox 759 2009 938 2082; x_wconf 90' lang='lat' dir='ltr'><strong>primo</strong></span> <span class='ocrx_word' id='word_1_120' title='bbox 962 2008 1142 2063; x_wconf 90' lang='lat' dir='ltr'><strong>noctis</strong></span> <span class='ocrx_word' id='word_1_121' title='bbox 1169 2006 1464 2080; x_wconf 67' lang='lat' dir='ltr'><strong>gallicinio;</strong></span> 
     </span>
    </p>
   </div>
   <div class='ocr_carea' id='block_1_19' title="bbox 170 2101 1420 2179">
    <p class='ocr_par' dir='ltr' id='par_1_19' title="bbox 170 2101 1420 2179">
     <span class='ocr_line' id='line_1_19' title="bbox 170 2101 1420 2179; baseline -0.007 -14"><span class='ocrx_word' id='word_1_122' title='bbox 170 2107 370 2179; x_wconf 90' lang='lat' dir='ltr'><strong>Surgit</strong></span> <span class='ocrx_word' id='word_1_123' title='bbox 389 2106 540 2179; x_wconf 89' lang='lat' dir='ltr'><strong>vigil,</strong></span> <span class='ocrx_word' id='word_1_124' title='bbox 568 2120 633 2162; x_wconf 88' lang='lat' dir='ltr'><strong>ac</strong></span> <span class='ocrx_word' id='word_1_125' title='bbox 654 2103 858 2172; x_wconf 69' lang='lat' dir='ltr'><strong>furenti</strong></span> <span class='ocrx_word' id='word_1_126' title='bbox 881 2117 1015 2160; x_wconf 90' lang='lat' dir='ltr'><strong>voce</strong></span> <span class='ocrx_word' id='word_1_127' title='bbox 1044 2101 1202 2172; x_wconf 87' lang='lat' dir='ltr'><strong>jubet</strong></span> <span class='ocrx_word' id='word_1_128' title='bbox 1226 2101 1420 2172; x_wconf 74' lang='lat' dir='ltr'><strong>noxios</strong></span> 
     </span>
    </p>
   </div>
   <div class='ocr_carea' id='block_1_20' title="bbox 173 2195 1334 2270">
    <p class='ocr_par' dir='ltr' id='par_1_20' title="bbox 173 2195 1334 2270">
     <span class='ocr_line' id='line_1_20' title="bbox 173 2195 1334 2270; baseline -0.007 -12"><span class='ocrx_word' id='word_1_129' title='bbox 173 2200 310 2258; x_wconf 89' lang='lat' dir='ltr'><strong>Suis</strong></span> <span class='ocrx_word' id='word_1_130' title='bbox 345 2215 538 2256; x_wconf 90' lang='lat' dir='ltr'><strong>omnes</strong></span> <span class='ocrx_word' id='word_1_131' title='bbox 560 2197 810 2270; x_wconf 84' lang='lat' dir='ltr'><strong>alligatos</strong></span> <span class='ocrx_word' id='word_1_132' title='bbox 831 2195 1078 2250; x_wconf 74' lang='lat' dir='ltr'><strong>exhiberi</strong></span> <span class='ocrx_word' id='word_1_133' title='bbox 1105 2195 1334 2266; x_wconf 71' lang='lat' dir='ltr'><strong>visibus.</strong></span> 
     </span>
    </p>
   </div>
   <div class='ocr_carea' id='block_1_21' title="bbox 170 2284 1589 2362">
    <p class='ocr_par' dir='ltr' id='par_1_21' title="bbox 170 2284 1589 2362">
     <span class='ocr_line' id='line_1_21' title="bbox 170 2284 1589 2362; baseline -0.008 -15"><span class='ocrx_word' id='word_1_134' title='bbox 170 2291 317 2347; x_wconf 82' lang='lat' dir='ltr'><strong>Huic</strong></span> <span class='ocrx_word' id='word_1_135' title='bbox 342 2297 542 2362; x_wconf 69' lang='lat' dir='ltr'><strong>praesto</strong></span> <span class='ocrx_word' id='word_1_136' title='bbox 571 2286 848 2352; x_wconf 84' lang='lat' dir='ltr'><strong>tenebrosi</strong></span> <span class='ocrx_word' id='word_1_137' title='bbox 877 2293 1065 2350; x_wconf 85' lang='lat' dir='ltr'><strong>custos</strong></span> <span class='ocrx_word' id='word_1_138' title='bbox 1089 2293 1280 2354; x_wconf 79' lang='lat' dir='ltr'><strong>astans</strong></span> <span class='ocrx_word' id='word_1_139' title='bbox 1305 2284 1546 2340; x_wconf 89' lang='lat' dir='ltr'><strong>carceris</strong></span> <span class='ocrx_word' id='word_1_140' title='bbox 1575 2300 1589 2336; x_wconf 94' lang='lat'><strong>:</strong></span> 
     </span>
    </p>
   </div>
   <div class='ocr_carea' id='block_1_22' title="bbox 177 2378 1595 2452">
    <p class='ocr_par' dir='ltr' id='par_1_22' title="bbox 177 2378 1595 2452">
     <span class='ocr_line' id='line_1_22' title="bbox 177 2378 1595 2452; baseline -0.004 -15"><span class='ocrx_word' id='word_1_141' title='bbox 177 2403 200 2437; x_wconf 74' lang='grc' dir='ltr'>ι</span> <span class='ocrx_word' id='word_1_142' title='bbox 237 2385 458 2449; x_wconf 85' lang='lat' dir='ltr'><strong>Petrus,</strong></span> <span class='ocrx_word' id='word_1_143' title='bbox 481 2382 579 2450; x_wconf 89' lang='lat' dir='ltr'><strong>ait,</strong></span> <span class='ocrx_word' id='word_1_144' title='bbox 605 2380 900 2448; x_wconf 68' lang='lat' dir='ltr'><strong>exorcista,</strong></span> <span class='ocrx_word' id='word_1_145' title='bbox 939 2394 1100 2449; x_wconf 90' lang='lat' dir='ltr'><strong>quem</strong></span> <span class='ocrx_word' id='word_1_146' title='bbox 1124 2378 1304 2449; x_wconf 84' lang='lat' dir='ltr'><strong>puniri</strong></span> <span class='ocrx_word' id='word_1_147' title='bbox 1325 2378 1595 2452; x_wconf 73' lang='lat' dir='ltr'><strong>iusseras,</strong></span> 
     </span>
    </p>
   </div>
   <div class='ocr_carea' id='block_1_23' title="bbox 174 2467 1699 2536">
    <p class='ocr_par' dir='ltr' id='par_1_23' title="bbox 174 2467 1699 2536">
     <span class='ocr_line' id='line_1_23' title="bbox 174 2467 1699 2536; baseline -0.007 -2"><span class='ocrx_word' id='word_1_148' title='bbox 174 2479 286 2534; x_wconf 90' lang='lat' dir='ltr'><strong>Per</strong></span> <span class='ocrx_word' id='word_1_149' title='bbox 307 2478 572 2532; x_wconf 89' lang='lat' dir='ltr'><strong>virtutem</strong></span> <span class='ocrx_word' id='word_1_150' title='bbox 599 2475 683 2531; x_wconf 92' lang='lat' dir='ltr'><strong>sui</strong></span> <span class='ocrx_word' id='word_1_151' title='bbox 707 2472 913 2530; x_wconf 88' lang='lat' dir='ltr'><strong>Christi</strong></span> <span class='ocrx_word' id='word_1_152' title='bbox 935 2479 1165 2534; x_wconf 86' lang='lat' dir='ltr'><strong>cunctos</strong></span> <span class='ocrx_word' id='word_1_153' title='bbox 1191 2470 1404 2534; x_wconf 85' lang='lat' dir='ltr'><strong>vinctos</strong></span> <span class='ocrx_word' id='word_1_154' title='bbox 1425 2467 1699 2536; x_wconf 81' lang='lat' dir='ltr'><strong>solverat;</strong></span> 
     </span>
    </p>
   </div>
   <div class='ocr_carea' id='block_1_24' title="bbox 174 2563 1361 2634">
    <p class='ocr_par' dir='ltr' id='par_1_24' title="bbox 174 2563 1361 2634">
     <span class='ocr_line' id='line_1_24' title="bbox 174 2563 1361 2634; baseline -0.008 -8"><span class='ocrx_word' id='word_1_155' title='bbox 174 2571 250 2627; x_wconf 85' lang='lat' dir='ltr'><strong>Et</strong></span> <span class='ocrx_word' id='word_1_156' title='bbox 288 2570 500 2625; x_wconf 81' lang='lat' dir='ltr'><strong>catenis</strong></span> <span class='ocrx_word' id='word_1_157' title='bbox 520 2566 821 2633; x_wconf 90' lang='lat' dir='ltr'><strong>absolutos,</strong></span> <span class='ocrx_word' id='word_1_158' title='bbox 855 2563 1114 2634; x_wconf 87' lang='lat' dir='ltr'><strong>irejussit</strong></span> <span class='ocrx_word' id='word_1_159' title='bbox 1137 2563 1361 2632; x_wconf 74' lang='lat' dir='ltr'><strong>liberos.</strong></span> 
     </span>
    </p>
   </div>
   <div class='ocr_carea' id='block_1_25' title="bbox 171 2655 1741 2738">
    <p class='ocr_par' dir='ltr' id='par_1_25' title="bbox 171 2655 1741 2738">
     <span class='ocr_line' id='line_1_25' title="bbox 171 2655 1741 2738; baseline -0.006 -16"><span class='ocrx_word' id='word_1_160' title='bbox 171 2667 300 2738; x_wconf 88' lang='lat' dir='ltr'><strong>Ipse</strong></span> <span class='ocrx_word' id='word_1_161' title='bbox 323 2673 528 2732; x_wconf 89' lang='lat' dir='ltr'><strong>tamen,</strong></span> <span class='ocrx_word' id='word_1_162' title='bbox 560 2658 932 2724; x_wconf 85' lang='lat' dir='ltr'><strong>Marcellinum</strong></span> <span class='ocrx_word' id='word_1_163' title='bbox 958 2658 1249 2730; x_wconf 85' lang='lat' dir='ltr'><strong>quemdam</strong></span> <span class='ocrx_word' id='word_1_164' title='bbox 1277 2671 1465 2713; x_wconf 92' lang='lat' dir='ltr'><strong>secum</strong></span> <span class='ocrx_word' id='word_1_165' title='bbox 1480 2655 1741 2721; x_wconf 83' lang='lat' dir='ltr'><strong>retinens,</strong></span> 
     </span>
    </p>
   </div>
   <div class='ocr_carea' id='block_1_26' title="bbox 172 2751 1609 2830">
    <p class='ocr_par' dir='ltr' id='par_1_26' title="bbox 172 2751 1609 2830">
     <span class='ocr_line' id='line_1_26' title="bbox 172 2751 1609 2830; baseline -0.009 -15"><span class='ocrx_word' id='word_1_166' title='bbox 172 2760 240 2815; x_wconf 84' lang='lat' dir='ltr'><strong>In</strong></span> <span class='ocrx_word' id='word_1_167' title='bbox 267 2775 376 2830; x_wconf 90' lang='lat' dir='ltr'><strong>qua</strong></span> <span class='ocrx_word' id='word_1_168' title='bbox 397 2756 569 2815; x_wconf 88' lang='lat' dir='ltr'><strong>semel</strong></span> <span class='ocrx_word' id='word_1_169' title='bbox 599 2756 804 2812; x_wconf 89' lang='lat' dir='ltr'><strong>missus</strong></span> <span class='ocrx_word' id='word_1_170' title='bbox 827 2763 950 2812; x_wconf 90' lang='lat' dir='ltr'><strong>erat</strong></span> <span class='ocrx_word' id='word_1_171' title='bbox 977 2760 1265 2826; x_wconf 83' lang='lat' dir='ltr'><strong>permanet</strong></span> <span class='ocrx_word' id='word_1_172' title='bbox 1283 2751 1550 2816; x_wconf 85' lang='lat' dir='ltr'><strong>custodia.</strong></span> <span class='ocrx_word' id='word_1_173' title='bbox 1588 2769 1609 2802; x_wconf 73' lang='grc' dir='ltr'><strong><em>ι</em></strong></span> 
     </span>
    </p>
   </div>
   <div class='ocr_carea' id='block_1_27' title="bbox 172 2846 1492 2920">
    <p class='ocr_par' dir='ltr' id='par_1_27' title="bbox 172 2846 1492 2920">
     <span class='ocr_line' id='line_1_27' title="bbox 172 2846 1492 2920; baseline -0.006 -12"><span class='ocrx_word' id='word_1_174' title='bbox 172 2852 312 2908; x_wconf 66' lang='lat' dir='ltr'><strong>Hmc</strong></span> <span class='ocrx_word' id='word_1_175' title='bbox 339 2851 613 2908; x_wconf 82' lang='lat' dir='ltr'><strong>dicentem</strong></span> <span class='ocrx_word' id='word_1_176' title='bbox 639 2848 965 2909; x_wconf 81' lang='lat' dir='ltr'><strong>furibundus</strong></span> <span class='ocrx_word' id='word_1_177' title='bbox 995 2848 1230 2920; x_wconf 80' lang='lat' dir='ltr'><strong>imperat</strong></span> <span class='ocrx_word' id='word_1_178' title='bbox 1253 2846 1492 2916; x_wconf 76' lang='lat' dir='ltr'><strong>vicarius</strong></span> 
     </span>
    </p>
   </div>
   <div class='ocr_carea' id='block_1_28' title="bbox 170 2936 1778 3013">
    <p class='ocr_par' dir='ltr' id='par_1_28' title="bbox 170 2936 1778 3013">
     <span class='ocr_line' id='line_1_28' title="bbox 170 2936 1778 3013; baseline -0.007 -9"><span class='ocrx_word' id='word_1_179' title='bbox 170 2942 410 3004; x_wconf 82' lang='lat' dir='ltr'><strong>Plumbo</strong></span> <span class='ocrx_word' id='word_1_180' title='bbox 442 2957 663 3010; x_wconf 81' lang='lat' dir='ltr'><strong>caesum,</strong></span> <span class='ocrx_word' id='word_1_181' title='bbox 694 2951 858 3012; x_wconf 82' lang='lat' dir='ltr'><strong>atque</strong></span> <span class='ocrx_word' id='word_1_182' title='bbox 884 2941 1144 3013; x_wconf 80' lang='lat' dir='ltr'><strong>vinctum,</strong></span> <span class='ocrx_word' id='word_1_183' title='bbox 1173 2939 1413 3002; x_wconf 84' lang='lat' dir='ltr'><strong>carceris</strong></span> <span class='ocrx_word' id='word_1_184' title='bbox 1433 2936 1778 3006; x_wconf 84' lang='lat' dir='ltr'><strong>Arthemium</strong></span> 
     </span>
    </p>
   </div>
   <div class='ocr_carea' id='block_1_29' title="bbox 172 3032 1542 3106">
    <p class='ocr_par' dir='ltr' id='par_1_29' title="bbox 172 3032 1542 3106">
     <span class='ocr_line' id='line_1_29' title="bbox 172 3032 1542 3106; baseline -0.007 -9"><span class='ocrx_word' id='word_1_185' title='bbox 172 3036 241 3097; x_wconf 82' lang='lat' dir='ltr'><strong>In</strong></span> <span class='ocrx_word' id='word_1_186' title='bbox 265 3037 556 3095; x_wconf 88' lang='lat' dir='ltr'><strong>obscuram</strong></span> <span class='ocrx_word' id='word_1_187' title='bbox 578 3044 744 3106; x_wconf 90' lang='lat' dir='ltr'><strong>atque</strong></span> <span class='ocrx_word' id='word_1_188' title='bbox 776 3043 987 3091; x_wconf 87' lang='lat' dir='ltr'><strong>arctam</strong></span> <span class='ocrx_word' id='word_1_189' title='bbox 1018 3032 1188 3106; x_wconf 89' lang='lat' dir='ltr'><strong>recipi</strong></span> <span class='ocrx_word' id='word_1_190' title='bbox 1217 3032 1542 3096; x_wconf 86' lang='lat' dir='ltr'><strong>custodiam.</strong></span> 
     </span>
    </p>
   </div>
   <div class='ocr_carea' id='block_1_30' title="bbox 254 3111 1783 3195">
    <p class='ocr_par' dir='ltr' id='par_1_30' title="bbox 254 3111 1783 3195">
     <span class='ocr_line' id='line_1_30' title="bbox 254 3111 1783 3195; baseline -0.007 -9"><span class='ocrx_word' id='word_1_191' title='bbox 254 3130 309 3186; x_wconf 89' lang='lat'><strong>8.</strong></span> <span class='ocrx_word' id='word_1_192' title='bbox 343 3129 575 3186; x_wconf 90' lang='lat' dir='ltr'><strong>Sanctos</strong></span> <span class='ocrx_word' id='word_1_193' title='bbox 594 3142 724 3186; x_wconf 90' lang='lat' dir='ltr'><strong>vero</strong></span> <span class='ocrx_word' id='word_1_194' title='bbox 749 3111 1125 3182; x_wconf 82' lang='lat' dir='ltr'><strong>Marcellinum</strong></span> <span class='ocrx_word' id='word_1_195' title='bbox 1138 3132 1302 3195; x_wconf 87' lang='lat' dir='ltr'><strong>atque</strong></span> <span class='ocrx_word' id='word_1_196' title='bbox 1328 3122 1550 3180; x_wconf 89' lang='lat' dir='ltr'><strong>Petrum</strong></span> <span class='ocrx_word' id='word_1_197' title='bbox 1575 3127 1783 3192; x_wconf 70' lang='lat' dir='ltr'><strong>marty-</strong></span> 
     </span>
    </p>
   </div>
   <div class='ocr_carea' id='block_1_31' title="bbox 1571 3213 1701 3287">
    <p class='ocr_par' dir='ltr' id='par_1_31' title="bbox 1571 3213 1701 3287">
     <span class='ocr_line' id='line_1_31' title="bbox 1571 3213 1701 3287; baseline -0.046 -1"><span class='ocrx_word' id='word_1_198' title='bbox 1571 3213 1701 3287; x_wconf 77' lang='lat' dir='ltr'><strong>tres.</strong></span> 
     </span>
    </p>
   </div>
   <div class='ocr_carea' id='block_1_32' title="bbox 176 3306 1464 3386">
    <p class='ocr_par' dir='ltr' id='par_1_32' title="bbox 176 3306 1464 3386">
     <span class='ocr_line' id='line_1_32' title="bbox 176 3306 1464 3386; baseline -0.008 -15"><span class='ocrx_word' id='word_1_199' title='bbox 176 3315 554 3386; x_wconf 69' lang='lat' dir='ltr'><strong>Quaestionem</strong></span> <span class='ocrx_word' id='word_1_200' title='bbox 574 3311 865 3380; x_wconf 79' lang='lat' dir='ltr'><strong>habiturus</strong></span> <span class='ocrx_word' id='word_1_201' title='bbox 889 3309 958 3376; x_wconf 88' lang='lat' dir='ltr'><strong>de</strong></span> <span class='ocrx_word' id='word_1_202' title='bbox 989 3307 1205 3378; x_wconf 82' lang='lat' dir='ltr'><strong>illorum</strong></span> <span class='ocrx_word' id='word_1_203' title='bbox 1225 3306 1464 3374; x_wconf 85' lang='lat' dir='ltr'><strong>actibus,</strong></span> 
     </span>
    </p>
   </div>
   <div class='ocr_carea' id='block_1_33' title="bbox 179 3399 1462 3476">
    <p class='ocr_par' dir='ltr' id='par_1_33' title="bbox 179 3399 1462 3476">
     <span class='ocr_line' id='line_1_33' title="bbox 179 3399 1462 3476; baseline -0.011 -12"><span class='ocrx_word' id='word_1_204' title='bbox 179 3404 474 3476; x_wconf 84' lang='lat' dir='ltr'><strong>Suojubet</strong></span> <span class='ocrx_word' id='word_1_205' title='bbox 495 3419 669 3472; x_wconf 61' lang='lat' dir='ltr'><strong>saevus</strong></span> <span class='ocrx_word' id='word_1_206' title='bbox 691 3403 858 3476; x_wconf 55' lang='lat' dir='ltr'><strong>inde;</strong></span> <span class='ocrx_word' id='word_1_207' title='bbox 895 3399 1154 3470; x_wconf 79' lang='lat' dir='ltr'><strong>tribunali</strong></span> <span class='ocrx_word' id='word_1_208' title='bbox 1184 3399 1462 3460; x_wconf 86' lang='lat' dir='ltr'><strong>assistere.</strong></span> 
     </span>
    </p>
   </div>
   <div class='ocr_carea' id='block_1_34' title="bbox 180 3489 1734 3574">
    <p class='ocr_par' dir='ltr' id='par_1_34' title="bbox 180 3489 1734 3574">
     <span class='ocr_line' id='line_1_34' title="bbox 180 3489 1734 3574; baseline -0.006 -19"><span class='ocrx_word' id='word_1_209' title='bbox 180 3501 342 3569; x_wconf 92' lang='lat' dir='ltr'><strong>Quos</strong></span> <span class='ocrx_word' id='word_1_210' title='bbox 363 3507 423 3574; x_wconf 84' lang='lat' dir='ltr'><strong>ut</strong></span> <span class='ocrx_word' id='word_1_211' title='bbox 451 3497 619 3562; x_wconf 85' lang='lat' dir='ltr'><strong>torvis</strong></span> <span class='ocrx_word' id='word_1_212' title='bbox 648 3511 834 3554; x_wconf 88' lang='lat' dir='ltr'><strong>coram</strong></span> <span class='ocrx_word' id='word_1_213' title='bbox 863 3502 1073 3550; x_wconf 89' lang='lat' dir='ltr'><strong>stantes</strong></span> <span class='ocrx_word' id='word_1_214' title='bbox 1095 3492 1442 3564; x_wconf 78' lang='lat' dir='ltr'><strong>conspicatur</strong></span> <span class='ocrx_word' id='word_1_215' title='bbox 1471 3489 1734 3558; x_wconf 75' lang='lat' dir='ltr'><strong>vultibus,</strong></span> 
     </span>
    </p>
   </div>
   <div class='ocr_carea' id='block_1_35' title="bbox 177 3586 1636 3662">
    <p class='ocr_par' dir='ltr' id='par_1_35' title="bbox 177 3586 1636 3662">
     <span class='ocr_line' id='line_1_35' title="bbox 177 3586 1636 3662; baseline -0.006 -13"><span class='ocrx_word' id='word_1_216' title='bbox 177 3592 414 3652; x_wconf 81' lang='lat' dir='ltr'><strong>Blandis</strong></span> <span class='ocrx_word' id='word_1_217' title='bbox 437 3591 615 3662; x_wconf 90' lang='lat' dir='ltr'><strong>primo</strong></span> <span class='ocrx_word' id='word_1_218' title='bbox 637 3589 1045 3661; x_wconf 86' lang='lat' dir='ltr'><strong>compellandos</strong></span> <span class='ocrx_word' id='word_1_219' title='bbox 1070 3588 1369 3649; x_wconf 82' lang='lat' dir='ltr'><strong>arbitratus</strong></span> <span class='ocrx_word' id='word_1_220' title='bbox 1395 3586 1636 3651; x_wconf 86' lang='lat' dir='ltr'><strong>vocibus,</strong></span> 
     </span>
    </p>
   </div>
   <div class='ocr_carea' id='block_1_36' title="bbox 180 3678 1533 3753">
    <p class='ocr_par' dir='ltr' id='par_1_36' title="bbox 180 3678 1533 3753">
     <span class='ocr_line' id='line_1_36' title="bbox 180 3678 1533 3753; baseline -0.008 -11"><span class='ocrx_word' id='word_1_221' title='bbox 180 3685 260 3742; x_wconf 89' lang='lat' dir='ltr'><strong>Ut</strong></span> <span class='ocrx_word' id='word_1_222' title='bbox 281 3699 473 3740; x_wconf 91' lang='lat' dir='ltr'><strong>eorum</strong></span> <span class='ocrx_word' id='word_1_223' title='bbox 498 3690 840 3753; x_wconf 89' lang='lat' dir='ltr'><strong>permutaret</strong></span> <span class='ocrx_word' id='word_1_224' title='bbox 857 3681 1121 3742; x_wconf 83' lang='lat' dir='ltr'><strong>mentium</strong></span> <span class='ocrx_word' id='word_1_225' title='bbox 1149 3678 1490 3751; x_wconf 88' lang='lat' dir='ltr'><strong>propositum</strong></span> <span class='ocrx_word' id='word_1_226' title='bbox 1518 3692 1533 3731; x_wconf 87' lang='lat'><strong>:</strong></span> 
     </span>
    </p>
   </div>
   <div class='ocr_carea' id='block_1_37' title="bbox 185 3770 1642 3851">
    <p class='ocr_par' dir='ltr' id='par_1_37' title="bbox 185 3770 1642 3851">
     <span class='ocr_line' id='line_1_37' title="bbox 185 3770 1642 3851; baseline -0.005 -19"><span class='ocrx_word' id='word_1_227' title='bbox 185 3799 208 3832; x_wconf 72' lang='grc' dir='ltr'>ι</span> <span class='ocrx_word' id='word_1_228' title='bbox 245 3778 440 3842; x_wconf 65' lang='lat' dir='ltr'><strong>Pinna,</strong></span> <span class='ocrx_word' id='word_1_229' title='bbox 464 3776 620 3850; x_wconf 74' lang='lat' dir='ltr'><strong>dixit,</strong></span> <span class='ocrx_word' id='word_1_230' title='bbox 654 3789 750 3832; x_wconf 86' lang='lat' dir='ltr'><strong>vos</strong></span> <span class='ocrx_word' id='word_1_231' title='bbox 773 3772 984 3840; x_wconf 82' lang='lat' dir='ltr'><strong>minore</strong></span> <span class='ocrx_word' id='word_1_232' title='bbox 1004 3771 1166 3851; x_wconf 86' lang='lat' dir='ltr'><strong>plecti</strong></span> <span class='ocrx_word' id='word_1_233' title='bbox 1188 3785 1350 3841; x_wconf 86' lang='lat' dir='ltr'><strong>posse</strong></span> <span class='ocrx_word' id='word_1_234' title='bbox 1378 3770 1642 3835; x_wconf 85' lang='lat' dir='ltr'><strong>dicerem,</strong></span> 
     </span>
    </p>
   </div>
   <div class='ocr_carea' id='block_1_38' title="bbox 179 3864 1636 3940">
    <p class='ocr_par' dir='ltr' id='par_1_38' title="bbox 179 3864 1636 3940">
     <span class='ocr_line' id='line_1_38' title="bbox 179 3864 1636 3940; baseline -0.007 -11"><span class='ocrx_word' id='word_1_235' title='bbox 179 3872 306 3929; x_wconf 78' lang='lat' dir='ltr'><strong>Nisi</strong></span> <span class='ocrx_word' id='word_1_236' title='bbox 333 3878 560 3926; x_wconf 87' lang='lat' dir='ltr'><strong>cunctos</strong></span> <span class='ocrx_word' id='word_1_237' title='bbox 590 3869 938 3936; x_wconf 79' lang='lat' dir='ltr'><strong>criminosus,</strong></span> <span class='ocrx_word' id='word_1_238' title='bbox 968 3867 1061 3940; x_wconf 85' lang='lat' dir='ltr'><strong>qui</strong></span> <span class='ocrx_word' id='word_1_239' title='bbox 1091 3867 1372 3928; x_wconf 85' lang='lat' dir='ltr'><strong>vobiscum</strong></span> <span class='ocrx_word' id='word_1_240' title='bbox 1398 3864 1636 3926; x_wconf 89' lang='lat' dir='ltr'><strong>carceris</strong></span> 
     </span>
    </p>
   </div>
   <div class='ocr_carea' id='block_1_39' title="bbox 179 3961 1546 4034">
    <p class='ocr_par' dir='ltr' id='par_1_39' title="bbox 179 3961 1546 4034">
     <span class='ocr_line' id='line_1_39' title="bbox 179 3961 1546 4034; baseline -0.004 -11"><span class='ocrx_word' id='word_1_241' title='bbox 179 3967 364 4023; x_wconf 77' lang='lat' dir='ltr'><strong>Antro</strong></span> <span class='ocrx_word' id='word_1_242' title='bbox 395 3965 566 4034; x_wconf 77' lang='lat' dir='ltr'><strong>clausi</strong></span> <span class='ocrx_word' id='word_1_243' title='bbox 596 3965 942 4032; x_wconf 85' lang='lat' dir='ltr'><strong>tenebantur,</strong></span> <span class='ocrx_word' id='word_1_244' title='bbox 967 3961 1220 4034; x_wconf 65' lang='lat' dir='ltr'><strong>elfugisse</strong></span> <span class='ocrx_word' id='word_1_245' title='bbox 1237 3975 1546 4028; x_wconf 85' lang='lat' dir='ltr'><strong>cernerem,</strong></span> 
     </span>
    </p>
   </div>
   <div class='ocr_carea' id='block_1_40' title="bbox 181 4054 1739 4125">
    <p class='ocr_par' dir='ltr' id='par_1_40' title="bbox 181 4054 1739 4125">
     <span class='ocr_line' id='line_1_40' title="bbox 181 4054 1739 4125; baseline -0.003 -10"><span class='ocrx_word' id='word_1_246' title='bbox 181 4059 265 4116; x_wconf 88' lang='lat' dir='ltr'><strong>Et</strong></span> <span class='ocrx_word' id='word_1_247' title='bbox 287 4059 392 4113; x_wconf 92' lang='lat' dir='ltr'><strong>hoc</strong></span> <span class='ocrx_word' id='word_1_248' title='bbox 423 4056 627 4123; x_wconf 79' lang='lat' dir='ltr'><strong>factum</strong></span> <span class='ocrx_word' id='word_1_249' title='bbox 660 4064 848 4122; x_wconf 86' lang='lat' dir='ltr'><strong>vestro</strong></span> <span class='ocrx_word' id='word_1_250' title='bbox 876 4070 1095 4122; x_wconf 85' lang='lat' dir='ltr'><strong>nossem</strong></span> <span class='ocrx_word' id='word_1_251' title='bbox 1124 4054 1437 4120; x_wconf 82' lang='lat' dir='ltr'><strong>Christiano</strong></span> <span class='ocrx_word' id='word_1_252' title='bbox 1463 4054 1739 4125; x_wconf 89' lang='lat' dir='ltr'><strong>dogmate,</strong></span> 
     </span>
    </p>
   </div>
   <div class='ocr_carea' id='block_1_41' title="bbox 184 4149 1547 4226">
    <p class='ocr_par' dir='ltr' id='par_1_41' title="bbox 184 4149 1547 4226">
     <span class='ocr_line' id='line_1_41' title="bbox 184 4149 1547 4226; baseline -0.003 -17"><span class='ocrx_word' id='word_1_253' title='bbox 184 4153 305 4209; x_wconf 92' lang='lat' dir='ltr'><strong>Per</strong></span> <span class='ocrx_word' id='word_1_254' title='bbox 329 4152 473 4224; x_wconf 88' lang='lat' dir='ltr'><strong>quod</strong></span> <span class='ocrx_word' id='word_1_255' title='bbox 501 4149 642 4217; x_wconf 85' lang='lat' dir='ltr'><strong>male</strong></span> <span class='ocrx_word' id='word_1_256' title='bbox 671 4150 999 4226; x_wconf 82' lang='lat' dir='ltr'><strong>miserorum</strong></span> <span class='ocrx_word' id='word_1_257' title='bbox 1026 4150 1300 4216; x_wconf 86' lang='lat' dir='ltr'><strong>mentibus</strong></span> <span class='ocrx_word' id='word_1_258' title='bbox 1321 4149 1547 4216; x_wconf 83' lang='lat' dir='ltr'><strong>illuditis</strong></span> 
     </span>
    </p>
   </div>
   <div class='ocr_carea' id='block_1_42' title="bbox 180 4241 1546 4316">
    <p class='ocr_par' dir='ltr' id='par_1_42' title="bbox 180 4241 1546 4316">
     <span class='ocr_line' id='line_1_42' title="bbox 180 4241 1546 4316; baseline -0.003 -15"><span class='ocrx_word' id='word_1_259' title='bbox 180 4245 557 4302; x_wconf 82' lang='lat' dir='ltr'><strong>Fascinantes</strong></span> <span class='ocrx_word' id='word_1_260' title='bbox 587 4259 650 4299; x_wconf 90' lang='lat' dir='ltr'><strong>ac</strong></span> <span class='ocrx_word' id='word_1_261' title='bbox 677 4241 926 4300; x_wconf 73' lang='lat' dir='ltr'><strong>fallmtes</strong></span> <span class='ocrx_word' id='word_1_262' title='bbox 957 4243 1186 4316; x_wconf 75' lang='lat' dir='ltr'><strong>magicis</strong></span> <span class='ocrx_word' id='word_1_263' title='bbox 1214 4242 1488 4311; x_wconf 78' lang='lat' dir='ltr'><strong>versutiis.</strong></span> <span class='ocrx_word' id='word_1_264' title='bbox 1527 4263 1546 4297; x_wconf 75' lang='grc' dir='ltr'><strong><em>ι</em></strong></span> 
     </span>
    </p>
   </div>
   <div class='ocr_carea' id='block_1_43' title="bbox 182 4334 1794 4408">
    <p class='ocr_par' dir='ltr' id='par_1_43' title="bbox 182 4334 1794 4408">
     <span class='ocr_line' id='line_1_43' title="bbox 182 4334 1794 4408; baseline -0.003 -14"><span class='ocrx_word' id='word_1_265' title='bbox 182 4338 294 4394; x_wconf 82' lang='lat' dir='ltr'><strong>Cui</strong></span> <span class='ocrx_word' id='word_1_266' title='bbox 321 4351 554 4408; x_wconf 89' lang='lat' dir='ltr'><strong>magnus</strong></span> <span class='ocrx_word' id='word_1_267' title='bbox 579 4335 786 4394; x_wconf 84' lang='lat' dir='ltr'><strong>Christi</strong></span> <span class='ocrx_word' id='word_1_268' title='bbox 809 4344 1014 4408; x_wconf 81' lang='lat' dir='ltr'><strong>martyr</strong></span> <span class='ocrx_word' id='word_1_269' title='bbox 1043 4335 1386 4391; x_wconf 76' lang='lat' dir='ltr'><strong>Marcellinus</strong></span> <span class='ocrx_word' id='word_1_270' title='bbox 1414 4334 1720 4408; x_wconf 82' lang='lat' dir='ltr'><strong>presbyter,</strong></span> <span class='ocrx_word' id='word_1_271' title='bbox 1792 4397 1794 4399; x_wconf 20' lang='lat'><strong>,</strong></span> 
     </span>
    </p>
   </div>
   <div class='ocr_carea' id='block_1_44' title="bbox 183 4425 1519 4510">
    <p class='ocr_par' dir='ltr' id='par_1_44' title="bbox 183 4425 1519 4510">
     <span class='ocr_line' id='line_1_44' title="bbox 183 4425 1519 4510; baseline -0.006 -24"><span class='ocrx_word' id='word_1_272' title='bbox 183 4430 352 4487; x_wconf 88' lang='lat' dir='ltr'><strong>Forti</strong></span> <span class='ocrx_word' id='word_1_273' title='bbox 376 4437 564 4500; x_wconf 90' lang='lat' dir='ltr'><strong>pectus</strong></span> <span class='ocrx_word' id='word_1_274' title='bbox 591 4426 813 4500; x_wconf 87' lang='lat' dir='ltr'><strong>pietatis</strong></span> <span class='ocrx_word' id='word_1_275' title='bbox 842 4427 1061 4498; x_wconf 86' lang='lat' dir='ltr'><strong>plenum</strong></span> <span class='ocrx_word' id='word_1_276' title='bbox 1082 4440 1280 4497; x_wconf 83' lang='lat' dir='ltr'><strong>gerens</strong></span> <span class='ocrx_word' id='word_1_277' title='bbox 1304 4425 1519 4510; x_wconf 65' lang='lat' dir='ltr'><strong>spiritu,</strong></span> 
     </span>
    </p>
   </div>
   <div class='ocr_carea' id='block_1_45' title="bbox 182 4517 1794 4594">
    <p class='ocr_par' dir='ltr' id='par_1_45' title="bbox 182 4517 1794 4594">
     <span class='ocr_line' id='line_1_45' title="bbox 182 4517 1794 4594; baseline -0.006 -12"><span class='ocrx_word' id='word_1_278' title='bbox 182 4525 376 4582; x_wconf 85' lang='lat' dir='ltr'><strong>Pauca</strong></span> <span class='ocrx_word' id='word_1_279' title='bbox 402 4522 641 4594; x_wconf 90' lang='lat' dir='ltr'><strong>quidem,</strong></span> <span class='ocrx_word' id='word_1_280' title='bbox 681 4520 778 4578; x_wconf 88' lang='lat' dir='ltr'><strong>sed</strong></span> <span class='ocrx_word' id='word_1_281' title='bbox 815 4536 923 4578; x_wconf 90' lang='lat' dir='ltr'><strong>non</strong></span> <span class='ocrx_word' id='word_1_282' title='bbox 953 4533 1143 4592; x_wconf 84' lang='lat' dir='ltr'><strong>parva,</strong></span> <span class='ocrx_word' id='word_1_283' title='bbox 1174 4519 1341 4574; x_wconf 89' lang='lat' dir='ltr'><strong>verba</strong></span> <span class='ocrx_word' id='word_1_284' title='bbox 1381 4527 1571 4574; x_wconf 89' lang='lat' dir='ltr'><strong>contra</strong></span> <span class='ocrx_word' id='word_1_285' title='bbox 1614 4517 1794 4574; x_wconf 88' lang='lat' dir='ltr'><strong>reddi-</strong></span> 
     </span>
    </p>
   </div>
   <div class='ocr_carea' id='block_1_46' title="bbox 919 311 2660 386">
    <p class='ocr_par' dir='ltr' id='par_1_46' title="bbox 919 311 2660 386">
     <span class='ocr_line' id='line_1_46' title="bbox 919 311 2660 386; baseline -0.003 -11"><span class='ocrx_word' id='word_1_286' title='bbox 919 314 1312 376; x_wconf 79' lang='lat' dir='ltr'><strong>RHYTHMUS</strong></span> <span class='ocrx_word' id='word_1_287' title='bbox 1349 316 1438 374; x_wconf 89' lang='lat' dir='ltr'><strong>DE</strong></span> <span class='ocrx_word' id='word_1_288' title='bbox 1475 315 1815 386; x_wconf 79' lang='lat' dir='ltr'><strong>PASSIONE</strong></span> <span class='ocrx_word' id='word_1_289' title='bbox 1851 313 2269 383; x_wconf 78' lang='lat' dir='ltr'><strong>MARCELLINI</strong></span> <span class='ocrx_word' id='word_1_290' title='bbox 2307 313 2398 371; x_wconf 88' lang='lat' dir='ltr'><strong>ET</strong></span> <span class='ocrx_word' id='word_1_291' title='bbox 2433 311 2660 373; x_wconf 85' lang='lat' dir='ltr'><strong>PETRI.</strong></span> 
     </span>
    </p>
   </div>
   <div class='ocr_carea' id='block_1_47' title="bbox 3342 316 3450 375">
    <p class='ocr_par' dir='ltr' id='par_1_47' title="bbox 3342 316 3450 375">
     <span class='ocr_line' id='line_1_47' title="bbox 3342 316 3450 375; baseline 0.009 -1"><span class='ocrx_word' id='word_1_292' title='bbox 3342 316 3450 375; x_wconf 69' lang='lat'><strong>598</strong></span> 
     </span>
    </p>
   </div>
   <div class='ocr_carea' id='block_1_48' title="bbox 1785 433 3253 505">
    <p class='ocr_par' dir='ltr' id='par_1_48' title="bbox 1785 433 3253 505">
     <span class='ocr_line' id='line_1_48' title="bbox 1785 433 3253 505; baseline 0 -13"><span class='ocrx_word' id='word_1_293' title='bbox 1785 437 1840 498; x_wconf 82' lang='grc' dir='ltr'><strong>Α</strong></span> <span class='ocrx_word' id='word_1_294' title='bbox 1865 435 2023 492; x_wconf 90' lang='lat' dir='ltr'><strong>Omni</strong></span> <span class='ocrx_word' id='word_1_295' title='bbox 2053 435 2199 494; x_wconf 88' lang='lat' dir='ltr'><strong>victu</strong></span> <span class='ocrx_word' id='word_1_296' title='bbox 2235 433 2496 492; x_wconf 88' lang='lat' dir='ltr'><strong>abstineri</strong></span> <span class='ocrx_word' id='word_1_297' title='bbox 2532 433 2736 491; x_wconf 76' lang='lat' dir='ltr'><strong>Christi</strong></span> <span class='ocrx_word' id='word_1_298' title='bbox 2750 433 2948 505; x_wconf 71' lang='lat' dir='ltr'><strong>iubens</strong></span> <span class='ocrx_word' id='word_1_299' title='bbox 2969 435 3253 504; x_wconf 73' lang='lat' dir='ltr'><strong>famulum,</strong></span> 
     </span>
    </p>
   </div>
   <div class='ocr_carea' id='block_1_49' title="bbox 1867 526 3146 600">
    <p class='ocr_par' dir='ltr' id='par_1_49' title="bbox 1867 526 3146 600">
     <span class='ocr_line' id='line_1_49' title="bbox 1867 526 3146 600; baseline 0 -15"><span class='ocrx_word' id='word_1_300' title='bbox 1867 530 1960 596; x_wconf 88' lang='lat' dir='ltr'><strong>Ut,</strong></span> <span class='ocrx_word' id='word_1_301' title='bbox 1992 529 2078 584; x_wconf 88' lang='lat' dir='ltr'><strong>his</strong></span> <span class='ocrx_word' id='word_1_302' title='bbox 2099 527 2276 599; x_wconf 77' lang='lat' dir='ltr'><strong>pmnis</strong></span> <span class='ocrx_word' id='word_1_303' title='bbox 2304 536 2596 594; x_wconf 63' lang='lat' dir='ltr'><strong>enecatus,</strong></span> <span class='ocrx_word' id='word_1_304' title='bbox 2620 526 2874 586; x_wconf 86' lang='lat' dir='ltr'><strong>interiret</strong></span> <span class='ocrx_word' id='word_1_305' title='bbox 2898 543 3146 600; x_wconf 84' lang='lat' dir='ltr'><strong>propere,</strong></span> 
     </span>
    </p>
   </div>
   <div class='ocr_carea' id='block_1_50' title="bbox 1865 619 3161 692">
    <p class='ocr_par' dir='ltr' id='par_1_50' title="bbox 1865 619 3161 692">
     <span class='ocr_line' id='line_1_50' title="bbox 1865 619 3161 692; baseline -0.002 -15"><span class='ocrx_word' id='word_1_306' title='bbox 1865 619 1964 677; x_wconf 90' lang='lat' dir='ltr'><strong>Cui</strong></span> <span class='ocrx_word' id='word_1_307' title='bbox 1995 620 2156 684; x_wconf 73' lang='lat' dir='ltr'><strong>ﬁd¢m</strong></span> <span class='ocrx_word' id='word_1_308' title='bbox 2181 629 2509 690; x_wconf 71' lang='lat' dir='ltr'><strong>extorQuere</strong></span> <span class='ocrx_word' id='word_1_309' title='bbox 2531 634 2587 677; x_wconf 89' lang='lat' dir='ltr'><strong>se</strong></span> <span class='ocrx_word' id='word_1_310' title='bbox 2614 635 2720 688; x_wconf 83' lang='lat' dir='ltr'><strong>non</strong></span> <span class='ocrx_word' id='word_1_311' title='bbox 2742 634 2910 692; x_wconf 84' lang='lat' dir='ltr'><strong>posse.</strong></span> <span class='ocrx_word' id='word_1_312' title='bbox 2925 621 3161 678; x_wconf 86' lang='lat' dir='ltr'><strong>viderat.</strong></span> 
     </span>
    </p>
   </div>
   <div class='ocr_carea' id='block_1_51' title="bbox 1936 712 3449 784">
    <p class='ocr_par' dir='ltr' id='par_1_51' title="bbox 1936 712 3449 784">
     <span class='ocr_line' id='line_1_51' title="bbox 1936 712 3449 784; baseline 0.001 -16"><span class='ocrx_word' id='word_1_313' title='bbox 1936 713 1990 768; x_wconf 92' lang='lat'><strong>9.</strong></span> <span class='ocrx_word' id='word_1_314' title='bbox 2023 712 2164 768; x_wconf 93' lang='lat' dir='ltr'><strong>Tum</strong></span> <span class='ocrx_word' id='word_1_315' title='bbox 2193 714 2388 769; x_wconf 91' lang='lat' dir='ltr'><strong>deinde</strong></span> <span class='ocrx_word' id='word_1_316' title='bbox 2414 713 2637 772; x_wconf 86' lang='lat' dir='ltr'><strong>Petrum</strong></span> <span class='ocrx_word' id='word_1_317' title='bbox 2659 712 2871 779; x_wconf 83' lang='lat' dir='ltr'><strong>videns,</strong></span> <span class='ocrx_word' id='word_1_318' title='bbox 2896 713 3097 770; x_wconf 89' lang='lat' dir='ltr'><strong>talibus</strong></span> <span class='ocrx_word' id='word_1_319' title='bbox 3116 712 3449 784; x_wconf 83' lang='lat' dir='ltr'><strong>alloquitur:</strong></span> 
     </span>
    </p>
   </div>
   <div class='ocr_carea' id='block_1_52' title="bbox 1874 804 3076 876">
    <p class='ocr_par' dir='ltr' id='par_1_52' title="bbox 1874 804 3076 876">
     <span class='ocr_line' id='line_1_52' title="bbox 1874 804 3076 876; baseline 0.002 -18"><span class='ocrx_word' id='word_1_320' title='bbox 1874 823 1893 858; x_wconf 76' lang='grc' dir='ltr'>ι</span> <span class='ocrx_word' id='word_1_321' title='bbox 1923 804 2078 872; x_wconf 87' lang='lat' dir='ltr'><strong>Nolo,</strong></span> <span class='ocrx_word' id='word_1_322' title='bbox 2098 806 2292 876; x_wconf 84' lang='lat' dir='ltr'><strong>inquit,</strong></span> <span class='ocrx_word' id='word_1_323' title='bbox 2323 805 2628 872; x_wconf 88' lang='lat' dir='ltr'><strong>arbitreris,</strong></span> <span class='ocrx_word' id='word_1_324' title='bbox 2661 805 2859 866; x_wconf 87' lang='lat' dir='ltr'><strong>iterum</strong></span> <span class='ocrx_word' id='word_1_325' title='bbox 2887 805 3076 862; x_wconf 90' lang='lat' dir='ltr'><strong>eculeo</strong></span> 
     </span>
    </p>
   </div>
   <div class='ocr_carea' id='block_1_53' title="bbox 1868 894 3288 969">
    <p class='ocr_par' dir='ltr' id='par_1_53' title="bbox 1868 894 3288 969">
     <span class='ocr_line' id='line_1_53' title="bbox 1868 894 3288 969; baseline -0.002 -16"><span class='ocrx_word' id='word_1_326' title='bbox 1868 897 1946 953; x_wconf 90' lang='lat' dir='ltr'><strong>Te</strong></span> <span class='ocrx_word' id='word_1_327' title='bbox 1982 897 2367 967; x_wconf 88' lang='lat' dir='ltr'><strong>torquendum,</strong></span> <span class='ocrx_word' id='word_1_328' title='bbox 2399 897 2485 958; x_wconf 86' lang='lat' dir='ltr'><strong>vel</strong></span> <span class='ocrx_word' id='word_1_329' title='bbox 2514 897 2702 969; x_wconf 86' lang='lat' dir='ltr'><strong>ignitis</strong></span> <span class='ocrx_word' id='word_1_330' title='bbox 2715 897 3050 954; x_wconf 80' lang='lat' dir='ltr'><strong>exurendum</strong></span> <span class='ocrx_word' id='word_1_331' title='bbox 3075 894 3288 952; x_wconf 77' lang='lat' dir='ltr'><strong>faculis.</strong></span> 
     </span>
    </p>
   </div>
   <div class='ocr_carea' id='block_1_54' title="bbox 1868 987 3276 1058">
    <p class='ocr_par' dir='ltr' id='par_1_54' title="bbox 1868 987 3276 1058">
     <span class='ocr_line' id='line_1_54' title="bbox 1868 987 3276 1058; baseline 0 -14"><span class='ocrx_word' id='word_1_332' title='bbox 1868 987 2040 1044; x_wconf 83' lang='lat' dir='ltr'><strong>Immo</strong></span> <span class='ocrx_word' id='word_1_333' title='bbox 2062 989 2233 1054; x_wconf 91' lang='lat' dir='ltr'><strong>noris,</strong></span> <span class='ocrx_word' id='word_1_334' title='bbox 2261 987 2405 1058; x_wconf 88' lang='lat' dir='ltr'><strong>quod</strong></span> <span class='ocrx_word' id='word_1_335' title='bbox 2434 989 2734 1048; x_wconf 82' lang='lat' dir='ltr'><strong>nectendas</strong></span> <span class='ocrx_word' id='word_1_336' title='bbox 2754 989 2912 1045; x_wconf 90' lang='lat' dir='ltr'><strong>nodis</strong></span> <span class='ocrx_word' id='word_1_337' title='bbox 2935 988 3276 1053; x_wconf 80' lang='lat' dir='ltr'><strong>fortioribus,</strong></span> 
     </span>
    </p>
   </div>
   <div class='ocr_carea' id='block_1_55' title="bbox 1873 1082 3144 1154">
    <p class='ocr_par' dir='ltr' id='par_1_55' title="bbox 1873 1082 3144 1154">
     <span class='ocr_line' id='line_1_55' title="bbox 1873 1082 3144 1154; baseline 0 -16"><span class='ocrx_word' id='word_1_338' title='bbox 1873 1082 2165 1154; x_wconf 90' lang='lat' dir='ltr'><strong>Stipitique</strong></span> <span class='ocrx_word' id='word_1_339' title='bbox 2196 1082 2494 1152; x_wconf 84' lang='lat' dir='ltr'><strong>applicatus</strong></span> <span class='ocrx_word' id='word_1_340' title='bbox 2524 1083 2646 1140; x_wconf 88' lang='lat' dir='ltr'><strong>luce</strong></span> <span class='ocrx_word' id='word_1_341' title='bbox 2675 1084 2850 1140; x_wconf 86' lang='lat' dir='ltr'><strong>stabis</strong></span> <span class='ocrx_word' id='word_1_342' title='bbox 2879 1084 3144 1150; x_wconf 86' lang='lat' dir='ltr'><strong>crastina,</strong></span> 
     </span>
    </p>
   </div>
   <div class='ocr_carea' id='block_1_56' title="bbox 1871 1172 3095 1246">
    <p class='ocr_par' dir='ltr' id='par_1_56' title="bbox 1871 1172 3095 1246">
     <span class='ocr_line' id='line_1_56' title="bbox 1871 1172 3095 1246; baseline 0 -18"><span class='ocrx_word' id='word_1_343' title='bbox 1871 1174 1950 1230; x_wconf 82' lang='lat' dir='ltr'><strong>Ae</strong></span> <span class='ocrx_word' id='word_1_344' title='bbox 1990 1174 2229 1229; x_wconf 80' lang='lat' dir='ltr'><strong>ferarum</strong></span> <span class='ocrx_word' id='word_1_345' title='bbox 2251 1172 2453 1246; x_wconf 81' lang='lat' dir='ltr'><strong>laniatu</strong></span> <span class='ocrx_word' id='word_1_346' title='bbox 2475 1173 2644 1232; x_wconf 88' lang='lat' dir='ltr'><strong>vitam</strong></span> <span class='ocrx_word' id='word_1_347' title='bbox 2672 1174 2824 1230; x_wconf 85' lang='lat' dir='ltr'><strong>brevi</strong></span> <span class='ocrx_word' id='word_1_348' title='bbox 2859 1174 3035 1231; x_wconf 82' lang='lat' dir='ltr'><strong>ﬁnies.</strong></span> <span class='ocrx_word' id='word_1_349' title='bbox 3076 1194 3095 1228; x_wconf 79' lang='grc' dir='ltr'>ι</span> 
     </span>
    </p>
   </div>
   <div class='ocr_carea' id='block_1_57' title="bbox 1874 1265 3280 1338">
    <p class='ocr_par' dir='ltr' id='par_1_57' title="bbox 1874 1265 3280 1338">
     <span class='ocr_line' id='line_1_57' title="bbox 1874 1265 3280 1338; baseline 0.001 -18"><span class='ocrx_word' id='word_1_350' title='bbox 1874 1265 2010 1320; x_wconf 85' lang='lat' dir='ltr'><strong>Tum</strong></span> <span class='ocrx_word' id='word_1_351' title='bbox 2041 1266 2235 1320; x_wconf 89' lang='lat' dir='ltr'><strong>beatus</strong></span> <span class='ocrx_word' id='word_1_352' title='bbox 2262 1265 2642 1335; x_wconf 87' lang='lat' dir='ltr'><strong>respondendo</strong></span> <span class='ocrx_word' id='word_1_353' title='bbox 2670 1265 2867 1323; x_wconf 89' lang='lat' dir='ltr'><strong>Petrus</strong></span> <span class='ocrx_word' id='word_1_354' title='bbox 2888 1265 3016 1322; x_wconf 88' lang='lat' dir='ltr'><strong>forti</strong></span> <span class='ocrx_word' id='word_1_355' title='bbox 3033 1274 3280 1338; x_wconf 87' lang='lat' dir='ltr'><strong>pectore,</strong></span> 
     </span>
    </p>
   </div>
   <div class='ocr_carea' id='block_1_58' title="bbox 1873 1357 3139 1430">
    <p class='ocr_par' dir='ltr' id='par_1_58' title="bbox 1873 1357 3139 1430">
     <span class='ocr_line' id='line_1_58' title="bbox 1873 1357 3139 1430; baseline 0.002 -17"><span class='ocrx_word' id='word_1_356' title='bbox 1873 1358 2016 1413; x_wconf 88' lang='lat' dir='ltr'><strong>Iram</strong></span> <span class='ocrx_word' id='word_1_357' title='bbox 2043 1357 2230 1420; x_wconf 83' lang='lat' dir='ltr'><strong>volens</strong></span> <span class='ocrx_word' id='word_1_358' title='bbox 2259 1359 2595 1416; x_wconf 88' lang='lat' dir='ltr'><strong>contumacis</strong></span> <span class='ocrx_word' id='word_1_359' title='bbox 2624 1360 2899 1416; x_wconf 89' lang='lat' dir='ltr'><strong>concitare</strong></span> <span class='ocrx_word' id='word_1_360' title='bbox 2917 1359 3139 1430; x_wconf 83' lang='lat' dir='ltr'><strong>judicis,</strong></span> 
     </span>
    </p>
   </div>
   <div class='ocr_carea' id='block_1_59' title="bbox 1887 1452 3122 1524">
    <p class='ocr_par' dir='ltr' id='par_1_59' title="bbox 1887 1452 3122 1524">
     <span class='ocr_line' id='line_1_59' title="bbox 1887 1452 3122 1524; baseline -0.001 -16"><span class='ocrx_word' id='word_1_361' title='bbox 1887 1452 1993 1508; x_wconf 79' lang='lat' dir='ltr'><strong>l‘ali</strong></span> <span class='ocrx_word' id='word_1_362' title='bbox 2022 1467 2154 1508; x_wconf 88' lang='lat' dir='ltr'><strong>voce</strong></span> <span class='ocrx_word' id='word_1_363' title='bbox 2183 1453 2496 1508; x_wconf 64' lang='lat' dir='ltr'><strong>saavientem</strong></span> <span class='ocrx_word' id='word_1_364' title='bbox 2521 1461 2785 1524; x_wconf 89' lang='lat' dir='ltr'><strong>provocat</strong></span> <span class='ocrx_word' id='word_1_365' title='bbox 2815 1453 3084 1509; x_wconf 90' lang='lat' dir='ltr'><strong>insaniam</strong></span> <span class='ocrx_word' id='word_1_366' title='bbox 3109 1472 3122 1507; x_wconf 91' lang='lat'><strong>:</strong></span> 
     </span>
    </p>
   </div>
   <div class='ocr_carea' id='block_1_60' title="bbox 1887 1544 3244 1614">
    <p class='ocr_par' dir='ltr' id='par_1_60' title="bbox 1887 1544 3244 1614">
     <span class='ocr_line' id='line_1_60' title="bbox 1887 1544 3244 1614; baseline 0.004 -16"><span class='ocrx_word' id='word_1_367' title='bbox 1887 1565 1904 1598; x_wconf 84' lang='grc'><em>‹</em></span> <span class='ocrx_word' id='word_1_368' title='bbox 1936 1545 2073 1612; x_wconf 86' lang='lat' dir='ltr'><strong>Cum</strong></span> <span class='ocrx_word' id='word_1_369' title='bbox 2103 1544 2342 1603; x_wconf 89' lang='lat' dir='ltr'><strong>Serenus</strong></span> <span class='ocrx_word' id='word_1_370' title='bbox 2370 1547 2655 1614; x_wconf 90' lang='lat' dir='ltr'><strong>voeiteris,</strong></span> <span class='ocrx_word' id='word_1_371' title='bbox 2688 1547 2859 1604; x_wconf 89' lang='lat' dir='ltr'><strong>miror</strong></span> <span class='ocrx_word' id='word_1_372' title='bbox 2887 1547 3244 1614; x_wconf 88' lang='lat' dir='ltr'><strong>validissime,</strong></span> 
     </span>
    </p>
   </div>
   <div class='ocr_carea' id='block_1_61' title="bbox 1880 1636 3312 1712">
    <p class='ocr_par' dir='ltr' id='par_1_61' title="bbox 1880 1636 3312 1712">
     <span class='ocr_line' id='line_1_61' title="bbox 1880 1636 3312 1712; baseline 0.001 -20"><span class='ocrx_word' id='word_1_373' title='bbox 1880 1637 1989 1692; x_wconf 91' lang='lat' dir='ltr'><strong>Cur</strong></span> <span class='ocrx_word' id='word_1_374' title='bbox 2021 1646 2128 1693; x_wconf 87' lang='lat' dir='ltr'><strong>tam</strong></span> <span class='ocrx_word' id='word_1_375' title='bbox 2159 1644 2301 1694; x_wconf 87' lang='lat' dir='ltr'><strong>tetro</strong></span> <span class='ocrx_word' id='word_1_376' title='bbox 2331 1636 2541 1694; x_wconf 90' lang='lat' dir='ltr'><strong>vultum</strong></span> <span class='ocrx_word' id='word_1_377' title='bbox 2570 1653 2729 1712; x_wconf 83' lang='lat' dir='ltr'><strong>geras</strong></span> <span class='ocrx_word' id='word_1_378' title='bbox 2756 1636 3098 1695; x_wconf 84' lang='lat' dir='ltr'><strong>obfuscatum</strong></span> <span class='ocrx_word' id='word_1_379' title='bbox 3125 1636 3312 1697; x_wconf 88' lang='lat' dir='ltr'><strong>nubilo</strong></span> 
     </span>
    </p>
   </div>
   <div class='ocr_carea' id='block_1_62' title="bbox 1883 1729 3293 1801">
    <p class='ocr_par' dir='ltr' id='par_1_62' title="bbox 1883 1729 3293 1801">
     <span class='ocr_line' id='line_1_62' title="bbox 1883 1729 3293 1801; baseline 0.003 -18"><span class='ocrx_word' id='word_1_380' title='bbox 1883 1729 1957 1784; x_wconf 90' lang='lat' dir='ltr'><strong>Ut</strong></span> <span class='ocrx_word' id='word_1_381' title='bbox 1985 1744 2296 1792; x_wconf 87' lang='lat' dir='ltr'><strong>mensuram</strong></span> <span class='ocrx_word' id='word_1_382' title='bbox 2331 1729 2616 1800; x_wconf 90' lang='lat' dir='ltr'><strong>pervidere</strong></span> <span class='ocrx_word' id='word_1_383' title='bbox 2644 1730 2924 1801; x_wconf 89' lang='lat' dir='ltr'><strong>propriam</strong></span> <span class='ocrx_word' id='word_1_384' title='bbox 2952 1745 3060 1786; x_wconf 91' lang='lat' dir='ltr'><strong>non</strong></span> <span class='ocrx_word' id='word_1_385' title='bbox 3085 1730 3293 1787; x_wconf 88' lang='lat' dir='ltr'><strong>valeas.</strong></span> 
     </span>
    </p>
   </div>
   <div class='ocr_carea' id='block_1_63' title="bbox 1802 1815 3248 1900">
    <p class='ocr_par' dir='ltr' id='par_1_63' title="bbox 1802 1815 3248 1900">
     <span class='ocr_line' id='line_1_63' title="bbox 1802 1815 3248 1900; baseline 0.002 -22"><span class='ocrx_word' id='word_1_386' title='bbox 1802 1815 1850 1878; x_wconf 85' lang='grc' dir='ltr'><strong>Β</strong></span> <span class='ocrx_word' id='word_1_387' title='bbox 1879 1827 2012 1883; x_wconf 84' lang='lat' dir='ltr'><strong>Esse</strong></span> <span class='ocrx_word' id='word_1_388' title='bbox 2040 1842 2276 1900; x_wconf 80' lang='lat' dir='ltr'><strong>namque</strong></span> <span class='ocrx_word' id='word_1_389' title='bbox 2302 1833 2353 1885; x_wconf 87' lang='lat' dir='ltr'><strong>te</strong></span> <span class='ocrx_word' id='word_1_390' title='bbox 2381 1825 2670 1884; x_wconf 86' lang='lat' dir='ltr'><strong>mortalem</strong></span> <span class='ocrx_word' id='word_1_391' title='bbox 2702 1826 2943 1882; x_wconf 87' lang='lat' dir='ltr'><strong>universi</strong></span> <span class='ocrx_word' id='word_1_392' title='bbox 2970 1826 3248 1892; x_wconf 87' lang='lat' dir='ltr'><strong>novimus;</strong></span> 
     </span>
    </p>
   </div>
   <div class='ocr_carea' id='block_1_64' title="bbox 1874 1919 3432 1991">
    <p class='ocr_par' dir='ltr' id='par_1_64' title="bbox 1874 1919 3432 1991">
     <span class='ocr_line' id='line_1_64' title="bbox 1874 1919 3432 1991; baseline 0 -17"><span class='ocrx_word' id='word_1_393' title='bbox 1874 1920 1944 1975; x_wconf 86' lang='lat' dir='ltr'><strong>Et</strong></span> <span class='ocrx_word' id='word_1_394' title='bbox 1980 1928 2054 1984; x_wconf 91' lang='lat' dir='ltr'><strong>tu,</strong></span> <span class='ocrx_word' id='word_1_395' title='bbox 2098 1919 2245 1974; x_wconf 89' lang='lat' dir='ltr'><strong>velut</strong></span> <span class='ocrx_word' id='word_1_396' title='bbox 2269 1919 2532 1990; x_wconf 86' lang='lat' dir='ltr'><strong>quiddam</strong></span> <span class='ocrx_word' id='word_1_397' title='bbox 2553 1934 2811 1991; x_wconf 84' lang='lat' dir='ltr'><strong>magnum</strong></span> <span class='ocrx_word' id='word_1_398' title='bbox 2831 1920 2885 1974; x_wconf 91' lang='lat' dir='ltr'><strong>in</strong></span> <span class='ocrx_word' id='word_1_399' title='bbox 2911 1927 2962 1974; x_wconf 91' lang='lat' dir='ltr'><strong>te</strong></span> <span class='ocrx_word' id='word_1_400' title='bbox 2988 1921 3176 1990; x_wconf 83' lang='lat' dir='ltr'><strong>vigens</strong></span> <span class='ocrx_word' id='word_1_401' title='bbox 3195 1926 3432 1987; x_wconf 89' lang='lat' dir='ltr'><strong>maneat,</strong></span> 
     </span>
    </p>
   </div>
   <div class='ocr_carea' id='block_1_65' title="bbox 1874 2012 3326 2084">
    <p class='ocr_par' dir='ltr' id='par_1_65' title="bbox 1874 2012 3326 2084">
     <span class='ocr_line' id='line_1_65' title="bbox 1874 2012 3326 2084; baseline -0.001 -14"><span class='ocrx_word' id='word_1_402' title='bbox 1874 2013 2124 2077; x_wconf 86' lang='lat' dir='ltr'><strong>Grandes</strong></span> <span class='ocrx_word' id='word_1_403' title='bbox 2147 2029 2336 2084; x_wconf 65' lang='lat' dir='ltr'><strong>poenas</strong></span> <span class='ocrx_word' id='word_1_404' title='bbox 2366 2012 2721 2070; x_wconf 89' lang='lat' dir='ltr'><strong>comminaris</strong></span> <span class='ocrx_word' id='word_1_405' title='bbox 2749 2012 3061 2068; x_wconf 90' lang='lat' dir='ltr'><strong>Christiano</strong></span> <span class='ocrx_word' id='word_1_406' title='bbox 3089 2013 3326 2084; x_wconf 86' lang='lat' dir='ltr'><strong>populo;</strong></span> 
     </span>
    </p>
   </div>
   <div class='ocr_carea' id='block_1_66' title="bbox 1877 2104 3089 2171">
    <p class='ocr_par' dir='ltr' id='par_1_66' title="bbox 1877 2104 3089 2171">
     <span class='ocr_line' id='line_1_66' title="bbox 1877 2104 3089 2171; baseline 0.002 -10"><span class='ocrx_word' id='word_1_407' title='bbox 1877 2105 2054 2161; x_wconf 90' lang='lat' dir='ltr'><strong>Stulta</strong></span> <span class='ocrx_word' id='word_1_408' title='bbox 2081 2105 2242 2162; x_wconf 92' lang='lat' dir='ltr'><strong>nimis</strong></span> <span class='ocrx_word' id='word_1_409' title='bbox 2266 2121 2329 2166; x_wconf 91' lang='lat' dir='ltr'><strong>ac</strong></span> <span class='ocrx_word' id='word_1_410' title='bbox 2352 2104 2523 2162; x_wconf 80' lang='lat' dir='ltr'><strong>feroci</strong></span> <span class='ocrx_word' id='word_1_411' title='bbox 2549 2105 2827 2161; x_wconf 81' lang='lat' dir='ltr'><strong>conﬁdens</strong></span> <span class='ocrx_word' id='word_1_412' title='bbox 2841 2105 3089 2171; x_wconf 87' lang='lat' dir='ltr'><strong>audacia,</strong></span> 
     </span>
    </p>
   </div>
   <div class='ocr_carea' id='block_1_67' title="bbox 1875 2198 3441 2263">
    <p class='ocr_par' dir='ltr' id='par_1_67' title="bbox 1875 2198 3441 2263">
     <span class='ocr_line' id='line_1_67' title="bbox 1875 2198 3441 2263; baseline -0.001 -10"><span class='ocrx_word' id='word_1_413' title='bbox 1875 2198 2245 2256; x_wconf 89' lang='lat' dir='ltr'><strong>Immortalem</strong></span> <span class='ocrx_word' id='word_1_414' title='bbox 2274 2198 2477 2255; x_wconf 89' lang='lat' dir='ltr'><strong>Christi</strong></span> <span class='ocrx_word' id='word_1_415' title='bbox 2504 2198 2685 2263; x_wconf 77' lang='lat' dir='ltr'><strong>(idem,</strong></span> <span class='ocrx_word' id='word_1_416' title='bbox 2724 2199 2794 2254; x_wconf 91' lang='lat' dir='ltr'><strong>de</strong></span> <span class='ocrx_word' id='word_1_417' title='bbox 2819 2198 3136 2254; x_wconf 87' lang='lat' dir='ltr'><strong>credentum</strong></span> <span class='ocrx_word' id='word_1_418' title='bbox 3163 2198 3441 2263; x_wconf 87' lang='lat' dir='ltr'><strong>cordibus,</strong></span> 
     </span>
    </p>
   </div>
   <div class='ocr_carea' id='block_1_68' title="bbox 1879 2291 3292 2373">
    <p class='ocr_par' dir='ltr' id='par_1_68' title="bbox 1879 2291 3292 2373">
     <span class='ocr_line' id='line_1_68' title="bbox 1879 2291 3292 2373; baseline -0.004 -23"><span class='ocrx_word' id='word_1_419' title='bbox 1879 2294 2176 2350; x_wconf 83' lang='lat' dir='ltr'><strong>Exturbari</strong></span> <span class='ocrx_word' id='word_1_420' title='bbox 2204 2309 2445 2364; x_wconf 90' lang='lat' dir='ltr'><strong>unquam</strong></span> <span class='ocrx_word' id='word_1_421' title='bbox 2483 2308 2644 2364; x_wconf 91' lang='lat' dir='ltr'><strong>posse</strong></span> <span class='ocrx_word' id='word_1_422' title='bbox 2668 2291 2847 2373; x_wconf 66' lang='lat' dir='ltr'><strong>poenis</strong></span> <span class='ocrx_word' id='word_1_423' title='bbox 2882 2291 3292 2362; x_wconf 85' lang='lat' dir='ltr'><strong>temporalibus.</strong></span> 
     </span>
    </p>
   </div>
   <div class='ocr_carea' id='block_1_69' title="bbox 1879 2383 3477 2456">
    <p class='ocr_par' dir='ltr' id='par_1_69' title="bbox 1879 2383 3477 2456">
     <span class='ocr_line' id='line_1_69' title="bbox 1879 2383 3477 2456; baseline -0.003 -15"><span class='ocrx_word' id='word_1_424' title='bbox 1879 2384 2232 2442; x_wconf 91' lang='lat' dir='ltr'><strong>Sacerdotem</strong></span> <span class='ocrx_word' id='word_1_425' title='bbox 2261 2385 2481 2456; x_wconf 83' lang='lat' dir='ltr'><strong>quidem</strong></span> <span class='ocrx_word' id='word_1_426' title='bbox 2523 2383 2762 2449; x_wconf 90' lang='lat' dir='ltr'><strong>Christi,</strong></span> <span class='ocrx_word' id='word_1_427' title='bbox 2804 2399 2968 2452; x_wconf 87' lang='lat' dir='ltr'><strong>quem</strong></span> <span class='ocrx_word' id='word_1_428' title='bbox 2994 2397 3192 2454; x_wconf 76' lang='lat' dir='ltr'><strong>rogare</strong></span> <span class='ocrx_word' id='word_1_429' title='bbox 3219 2390 3441 2452; x_wconf 89' lang='lat' dir='ltr'><strong>poteras</strong></span> <span class='ocrx_word' id='word_1_430' title='bbox 3461 2421 3477 2448; x_wconf 92' lang='lat'><strong>,</strong></span> 
     </span>
    </p>
   </div>
   <div class='ocr_carea' id='block_1_70' title="bbox 1883 2475 3156 2548">
    <p class='ocr_par' dir='ltr' id='par_1_70' title="bbox 1883 2475 3156 2548">
     <span class='ocr_line' id='line_1_70' title="bbox 1883 2475 3156 2548; baseline -0.003 -14"><span class='ocrx_word' id='word_1_431' title='bbox 1883 2477 1955 2534; x_wconf 94' lang='lat' dir='ltr'><strong>Ut</strong></span> <span class='ocrx_word' id='word_1_432' title='bbox 1975 2493 2076 2548; x_wconf 92' lang='lat' dir='ltr'><strong>pro</strong></span> <span class='ocrx_word' id='word_1_433' title='bbox 2102 2477 2210 2533; x_wconf 91' lang='lat' dir='ltr'><strong>tuis</strong></span> <span class='ocrx_word' id='word_1_434' title='bbox 2234 2486 2488 2532; x_wconf 80' lang='lat' dir='ltr'><strong>exoraret</strong></span> <span class='ocrx_word' id='word_1_435' title='bbox 2523 2475 2773 2546; x_wconf 88' lang='lat' dir='ltr'><strong>plurimis</strong></span> <span class='ocrx_word' id='word_1_436' title='bbox 2798 2476 3114 2530; x_wconf 86' lang='lat' dir='ltr'><strong>excessibus</strong></span> <span class='ocrx_word' id='word_1_437' title='bbox 3141 2516 3156 2542; x_wconf 97' lang='lat'><strong>,</strong></span> 
     </span>
    </p>
   </div>
   <div class='ocr_carea' id='block_1_71' title="bbox 1879 2568 3403 2641">
    <p class='ocr_par' dir='ltr' id='par_1_71' title="bbox 1879 2568 3403 2641">
     <span class='ocr_line' id='line_1_71' title="bbox 1879 2568 3403 2641; baseline -0.003 -15"><span class='ocrx_word' id='word_1_438' title='bbox 1879 2568 2084 2641; x_wconf 86' lang='lat' dir='ltr'><strong>Pugnis</strong></span> <span class='ocrx_word' id='word_1_439' title='bbox 2123 2584 2322 2625; x_wconf 85' lang='lat' dir='ltr'><strong>caesum</strong></span> <span class='ocrx_word' id='word_1_440' title='bbox 2349 2576 2513 2638; x_wconf 88' lang='lat' dir='ltr'><strong>atque</strong></span> <span class='ocrx_word' id='word_1_441' title='bbox 2543 2569 2784 2625; x_wconf 91' lang='lat' dir='ltr'><strong>vinctum</strong></span> <span class='ocrx_word' id='word_1_442' title='bbox 2811 2570 3132 2639; x_wconf 89' lang='lat' dir='ltr'><strong>mancipasti</strong></span> <span class='ocrx_word' id='word_1_443' title='bbox 3172 2569 3403 2625; x_wconf 87' lang='lat' dir='ltr'><strong>carceri.</strong></span> 
     </span>
    </p>
   </div>
   <div class='ocr_carea' id='block_1_72' title="bbox 1883 2659 3260 2732">
    <p class='ocr_par' dir='ltr' id='par_1_72' title="bbox 1883 2659 3260 2732">
     <span class='ocr_line' id='line_1_72' title="bbox 1883 2659 3260 2732; baseline -0.001 -16"><span class='ocrx_word' id='word_1_444' title='bbox 1883 2661 1962 2717; x_wconf 92' lang='lat' dir='ltr'><strong>De</strong></span> <span class='ocrx_word' id='word_1_445' title='bbox 1986 2676 2093 2731; x_wconf 92' lang='lat' dir='ltr'><strong>quo</strong></span> <span class='ocrx_word' id='word_1_446' title='bbox 2117 2669 2300 2718; x_wconf 86' lang='lat' dir='ltr'><strong>tamen</strong></span> <span class='ocrx_word' id='word_1_447' title='bbox 2327 2660 2472 2716; x_wconf 88' lang='lat' dir='ltr'><strong>tristi</strong></span> <span class='ocrx_word' id='word_1_448' title='bbox 2505 2659 2672 2726; x_wconf 78' lang='lat' dir='ltr'><strong>facto,</strong></span> <span class='ocrx_word' id='word_1_449' title='bbox 2699 2676 2830 2716; x_wconf 90' lang='lat' dir='ltr'><strong>vero</strong></span> <span class='ocrx_word' id='word_1_450' title='bbox 2857 2660 3012 2716; x_wconf 85' lang='lat' dir='ltr'><strong>laetus</strong></span> <span class='ocrx_word' id='word_1_451' title='bbox 3042 2662 3260 2732; x_wconf 86' lang='lat' dir='ltr'><strong>gaudio,</strong></span> 
     </span>
    </p>
   </div>
   <div class='ocr_carea' id='block_1_73' title="bbox 1881 2751 3346 2825">
    <p class='ocr_par' dir='ltr' id='par_1_73' title="bbox 1881 2751 3346 2825">
     <span class='ocr_line' id='line_1_73' title="bbox 1881 2751 3346 2825; baseline -0.001 -16"><span class='ocrx_word' id='word_1_452' title='bbox 1881 2752 2110 2825; x_wconf 83' lang='lat' dir='ltr'><strong>Magnus</strong></span> <span class='ocrx_word' id='word_1_453' title='bbox 2132 2752 2222 2810; x_wconf 89' lang='lat' dir='ltr'><strong>ille</strong></span> <span class='ocrx_word' id='word_1_454' title='bbox 2250 2761 2460 2824; x_wconf 89' lang='lat' dir='ltr'><strong>martyr</strong></span> <span class='ocrx_word' id='word_1_455' title='bbox 2483 2751 2690 2808; x_wconf 91' lang='lat' dir='ltr'><strong>Christi</strong></span> <span class='ocrx_word' id='word_1_456' title='bbox 2716 2753 2876 2808; x_wconf 91' lang='lat' dir='ltr'><strong>modo</strong></span> <span class='ocrx_word' id='word_1_457' title='bbox 2902 2753 3036 2808; x_wconf 90' lang='lat' dir='ltr'><strong>nihil</strong></span> <span class='ocrx_word' id='word_1_458' title='bbox 3067 2751 3346 2822; x_wconf 86' lang='lat' dir='ltr'><strong>queritur;</strong></span> 
     </span>
    </p>
   </div>
   <div class='ocr_carea' id='block_1_74' title="bbox 1881 2842 3293 2916">
    <p class='ocr_par' dir='ltr' id='par_1_74' title="bbox 1881 2842 3293 2916">
     <span class='ocr_line' id='line_1_74' title="bbox 1881 2842 3293 2916; baseline -0.004 -16"><span class='ocrx_word' id='word_1_459' title='bbox 1881 2842 2055 2906; x_wconf 89' lang='lat' dir='ltr'><strong>lmmo</strong></span> <span class='ocrx_word' id='word_1_460' title='bbox 2083 2859 2268 2900; x_wconf 92' lang='lat' dir='ltr'><strong>rerum</strong></span> <span class='ocrx_word' id='word_1_461' title='bbox 2290 2845 2559 2900; x_wconf 85' lang='lat' dir='ltr'><strong>conditori</strong></span> <span class='ocrx_word' id='word_1_462' title='bbox 2589 2846 2782 2916; x_wconf 84' lang='lat' dir='ltr'><strong>dignas</strong></span> <span class='ocrx_word' id='word_1_463' title='bbox 2815 2843 2982 2900; x_wconf 82' lang='lat' dir='ltr'><strong>refert</strong></span> <span class='ocrx_word' id='word_1_464' title='bbox 3009 2845 3233 2916; x_wconf 80' lang='lat' dir='ltr'><strong>gratias.</strong></span> <span class='ocrx_word' id='word_1_465' title='bbox 3276 2865 3293 2895; x_wconf 67' lang='grc' dir='ltr'><strong>ν</strong></span> 
     </span>
    </p>
   </div>
   <div class='ocr_carea' id='block_1_75' title="bbox 1885 2931 3210 3003">
    <p class='ocr_par' dir='ltr' id='par_1_75' title="bbox 1885 2931 3210 3003">
     <span class='ocr_line' id='line_1_75' title="bbox 1885 2931 3210 3003; baseline -0.001 -12"><span class='ocrx_word' id='word_1_466' title='bbox 1885 2935 1984 3000; x_wconf 74' lang='lat' dir='ltr'><strong>llis</strong></span> <span class='ocrx_word' id='word_1_467' title='bbox 2014 2936 2236 3003; x_wconf 88' lang='lat' dir='ltr'><strong>auditis,</strong></span> <span class='ocrx_word' id='word_1_468' title='bbox 2259 2931 2530 2997; x_wconf 75' lang='lat' dir='ltr'><strong>efferatus</strong></span> <span class='ocrx_word' id='word_1_469' title='bbox 2563 2945 2957 2992; x_wconf 89' lang='lat' dir='ltr'><strong>tormentorum</strong></span> <span class='ocrx_word' id='word_1_470' title='bbox 2985 2937 3210 3002; x_wconf 90' lang='lat' dir='ltr'><strong>arbiter,</strong></span> 
     </span>
    </p>
   </div>
   <div class='ocr_carea' id='block_1_76' title="bbox 1885 3027 3394 3102">
    <p class='ocr_par' dir='ltr' id='par_1_76' title="bbox 1885 3027 3394 3102">
     <span class='ocr_line' id='line_1_76' title="bbox 1885 3027 3394 3102; baseline -0.003 -15"><span class='ocrx_word' id='word_1_471' title='bbox 1885 3027 2110 3087; x_wconf 91' lang='lat' dir='ltr'><strong>Petrum</strong></span> <span class='ocrx_word' id='word_1_472' title='bbox 2136 3028 2293 3101; x_wconf 74' lang='lat' dir='ltr'><strong>jubet</strong></span> <span class='ocrx_word' id='word_1_473' title='bbox 2321 3037 2636 3087; x_wconf 89' lang='lat' dir='ltr'><strong>catenarum</strong></span> <span class='ocrx_word' id='word_1_474' title='bbox 2669 3031 3129 3101; x_wconf 90' lang='lat' dir='ltr'><strong>comprehensum</strong></span> <span class='ocrx_word' id='word_1_475' title='bbox 3157 3031 3394 3102; x_wconf 82' lang='lat' dir='ltr'><strong>pondere</strong></span> 
     </span>
    </p>
   </div>
   <div class='ocr_carea' id='block_1_77' title="bbox 1888 3121 3173 3194">
    <p class='ocr_par' dir='ltr' id='par_1_77' title="bbox 1888 3121 3173 3194">
     <span class='ocr_line' id='line_1_77' title="bbox 1888 3121 3173 3194; baseline 0 -17"><span class='ocrx_word' id='word_1_476' title='bbox 1888 3121 2209 3188; x_wconf 91' lang='lat' dir='ltr'><strong>Oneratum,</strong></span> <span class='ocrx_word' id='word_1_477' title='bbox 2239 3121 2295 3178; x_wconf 91' lang='lat' dir='ltr'><strong>in</strong></span> <span class='ocrx_word' id='word_1_478' title='bbox 2318 3123 2606 3180; x_wconf 88' lang='lat' dir='ltr'><strong>obscuram</strong></span> <span class='ocrx_word' id='word_1_479' title='bbox 2633 3122 2800 3194; x_wconf 89' lang='lat' dir='ltr'><strong>recipi</strong></span> <span class='ocrx_word' id='word_1_480' title='bbox 2828 3123 3132 3178; x_wconf 88' lang='lat' dir='ltr'><strong>custodiam</strong></span> <span class='ocrx_word' id='word_1_481' title='bbox 3162 3142 3173 3176; x_wconf 92' lang='lat'><strong><em>:</em></strong></span> 
     </span>
    </p>
   </div>
   <div class='ocr_carea' id='block_1_78' title="bbox 1888 3213 3195 3286">
    <p class='ocr_par' dir='ltr' id='par_1_78' title="bbox 1888 3213 3195 3286">
     <span class='ocr_line' id='line_1_78' title="bbox 1888 3213 3195 3286; baseline -0.001 -15"><span class='ocrx_word' id='word_1_482' title='bbox 1888 3215 1955 3272; x_wconf 89' lang='lat' dir='ltr'><strong>Et</strong></span> <span class='ocrx_word' id='word_1_483' title='bbox 1981 3215 2036 3270; x_wconf 92' lang='lat' dir='ltr'><strong>in</strong></span> <span class='ocrx_word' id='word_1_484' title='bbox 2066 3215 2223 3286; x_wconf 88' lang='lat' dir='ltr'><strong>cippo</strong></span> <span class='ocrx_word' id='word_1_485' title='bbox 2251 3213 2572 3270; x_wconf 84' lang='lat' dir='ltr'><strong>furibundus</strong></span> <span class='ocrx_word' id='word_1_486' title='bbox 2597 3215 2842 3286; x_wconf 85' lang='lat' dir='ltr'><strong>praecipit</strong></span> <span class='ocrx_word' id='word_1_487' title='bbox 2867 3215 3195 3277; x_wconf 88' lang='lat' dir='ltr'><strong>arctissimo,</strong></span> 
     </span>
    </p>
   </div>
   <div class='ocr_carea' id='block_1_79' title="bbox 1883 3308 3232 3382">
    <p class='ocr_par' dir='ltr' id='par_1_79' title="bbox 1883 3308 3232 3382">
     <span class='ocr_line' id='line_1_79' title="bbox 1883 3308 3232 3382; baseline -0.001 -16"><span class='ocrx_word' id='word_1_488' title='bbox 1883 3309 2112 3366; x_wconf 88' lang='lat' dir='ltr'><strong>Plantas</strong></span> <span class='ocrx_word' id='word_1_489' title='bbox 2134 3308 2296 3366; x_wconf 89' lang='lat' dir='ltr'><strong>simul</strong></span> <span class='ocrx_word' id='word_1_490' title='bbox 2318 3317 2482 3380; x_wconf 87' lang='lat' dir='ltr'><strong>atque</strong></span> <span class='ocrx_word' id='word_1_491' title='bbox 2507 3323 2666 3366; x_wconf 89' lang='lat' dir='ltr'><strong>crura</strong></span> <span class='ocrx_word' id='word_1_492' title='bbox 2703 3310 2927 3381; x_wconf 92' lang='lat' dir='ltr'><strong>pretiosi</strong></span> <span class='ocrx_word' id='word_1_493' title='bbox 2955 3311 3232 3382; x_wconf 87' lang='lat' dir='ltr'><strong>martyris,</strong></span> 
     </span>
    </p>
   </div>
   <div class='ocr_carea' id='block_1_80' title="bbox 1889 3403 3198 3478">
    <p class='ocr_par' dir='ltr' id='par_1_80' title="bbox 1889 3403 3198 3478">
     <span class='ocr_line' id='line_1_80' title="bbox 1889 3403 3198 3478; baseline -0.003 -18"><span class='ocrx_word' id='word_1_494' title='bbox 1889 3403 1968 3460; x_wconf 80' lang='lat' dir='ltr'><strong>Ne</strong></span> <span class='ocrx_word' id='word_1_495' title='bbox 2005 3403 2158 3460; x_wconf 86' lang='lat' dir='ltr'><strong>abire</strong></span> <span class='ocrx_word' id='word_1_496' title='bbox 2181 3403 2522 3472; x_wconf 75' lang='lat' dir='ltr'><strong>praevaleret,</strong></span> <span class='ocrx_word' id='word_1_497' title='bbox 2547 3403 2871 3462; x_wconf 90' lang='lat' dir='ltr'><strong>includendo</strong></span> <span class='ocrx_word' id='word_1_498' title='bbox 2894 3403 3198 3478; x_wconf 80' lang='lat' dir='ltr'><strong>comprimi.</strong></span> 
     </span>
    </p>
   </div>
   <div class='ocr_carea' id='block_1_81' title="bbox 1963 3497 3489 3567">
    <p class='ocr_par' dir='ltr' id='par_1_81' title="bbox 1963 3497 3489 3567">
     <span class='ocr_line' id='line_1_81' title="bbox 1963 3497 3489 3567; baseline -0.003 -15"><span class='ocrx_word' id='word_1_499' title='bbox 1963 3498 2051 3553; x_wconf 82' lang='grc'><strong>10.</strong></span> <span class='ocrx_word' id='word_1_500' title='bbox 2088 3497 2196 3554; x_wconf 88' lang='lat' dir='ltr'><strong>Sed</strong></span> <span class='ocrx_word' id='word_1_501' title='bbox 2234 3513 2358 3558; x_wconf 87' lang='lat' dir='ltr'><strong>cum</strong></span> <span class='ocrx_word' id='word_1_502' title='bbox 2384 3506 2568 3556; x_wconf 88' lang='lat' dir='ltr'><strong>essent</strong></span> <span class='ocrx_word' id='word_1_503' title='bbox 2602 3498 2709 3553; x_wconf 88' lang='lat' dir='ltr'><strong>isto</strong></span> <span class='ocrx_word' id='word_1_504' title='bbox 2738 3498 2898 3554; x_wconf 88' lang='lat' dir='ltr'><strong>modo</strong></span> <span class='ocrx_word' id='word_1_505' title='bbox 2927 3497 3160 3567; x_wconf 89' lang='lat' dir='ltr'><strong>separati</strong></span> <span class='ocrx_word' id='word_1_506' title='bbox 3196 3504 3489 3566; x_wconf 83' lang='lat' dir='ltr'><strong>martyres,</strong></span> 
     </span>
    </p>
   </div>
   <div class='ocr_carea' id='block_1_82' title="bbox 1888 3590 3176 3655">
    <p class='ocr_par' dir='ltr' id='par_1_82' title="bbox 1888 3590 3176 3655">
     <span class='ocr_line' id='line_1_82' title="bbox 1888 3590 3176 3655; baseline -0.003 -5"><span class='ocrx_word' id='word_1_507' title='bbox 1888 3593 2048 3654; x_wconf 87' lang='lat' dir='ltr'><strong>Celso</strong></span> <span class='ocrx_word' id='word_1_508' title='bbox 2072 3593 2272 3648; x_wconf 90' lang='lat' dir='ltr'><strong>missus</strong></span> <span class='ocrx_word' id='word_1_509' title='bbox 2300 3592 2551 3648; x_wconf 85' lang='lat' dir='ltr'><strong>visitator</strong></span> <span class='ocrx_word' id='word_1_510' title='bbox 2582 3590 2706 3647; x_wconf 63' lang='lat' dir='ltr'><strong>caeli</strong></span> <span class='ocrx_word' id='word_1_511' title='bbox 2742 3591 2894 3646; x_wconf 88' lang='lat' dir='ltr'><strong>venit</strong></span> <span class='ocrx_word' id='word_1_512' title='bbox 2921 3590 3176 3655; x_wconf 90' lang='lat' dir='ltr'><strong>culmine,</strong></span> 
     </span>
    </p>
   </div>
   <div class='ocr_carea' id='block_1_83' title="bbox 1889 3681 3372 3754">
    <p class='ocr_par' dir='ltr' id='par_1_83' title="bbox 1889 3681 3372 3754">
     <span class='ocr_line' id='line_1_83' title="bbox 1889 3681 3372 3754; baseline -0.004 -14"><span class='ocrx_word' id='word_1_513' title='bbox 1889 3685 1971 3740; x_wconf 85' lang='lat' dir='ltr'><strong>Ad</strong></span> <span class='ocrx_word' id='word_1_514' title='bbox 1996 3686 2213 3744; x_wconf 87' lang='lat' dir='ltr'><strong>beatum</strong></span> <span class='ocrx_word' id='word_1_515' title='bbox 2242 3684 2447 3742; x_wconf 86' lang='lat' dir='ltr'><strong>Christi</strong></span> <span class='ocrx_word' id='word_1_516' title='bbox 2467 3692 2662 3740; x_wconf 90' lang='lat' dir='ltr'><strong>testem</strong></span> <span class='ocrx_word' id='word_1_517' title='bbox 2687 3683 3094 3748; x_wconf 89' lang='lat' dir='ltr'><strong>consolandum,</strong></span> <span class='ocrx_word' id='word_1_518' title='bbox 3128 3681 3372 3754; x_wconf 82' lang='lat' dir='ltr'><strong>angelus.</strong></span> 
     </span>
    </p>
   </div>
   <div class='ocr_carea' id='block_1_84' title="bbox 1891 3777 3350 3848">
    <p class='ocr_par' dir='ltr' id='par_1_84' title="bbox 1891 3777 3350 3848">
     <span class='ocr_line' id='line_1_84' title="bbox 1891 3777 3350 3848; baseline -0.001 -16"><span class='ocrx_word' id='word_1_519' title='bbox 1891 3778 1995 3846; x_wconf 88' lang='lat' dir='ltr'><strong>Qui</strong></span> <span class='ocrx_word' id='word_1_520' title='bbox 2017 3779 2144 3838; x_wconf 86' lang='lat' dir='ltr'><strong>dum</strong></span> <span class='ocrx_word' id='word_1_521' title='bbox 2165 3788 2412 3845; x_wconf 83' lang='lat' dir='ltr'><strong>sanctum</strong></span> <span class='ocrx_word' id='word_1_522' title='bbox 2443 3777 2743 3834; x_wconf 85' lang='lat' dir='ltr'><strong>invenisset</strong></span> <span class='ocrx_word' id='word_1_523' title='bbox 2770 3779 2914 3834; x_wconf 88' lang='lat' dir='ltr'><strong>vitro</strong></span> <span class='ocrx_word' id='word_1_524' title='bbox 2952 3778 3350 3848; x_wconf 89' lang='lat' dir='ltr'><strong>superpositum</strong></span> 
     </span>
    </p>
   </div>
   <div class='ocr_carea' id='block_1_85' title="bbox 1901 3871 3354 3940">
    <p class='ocr_par' dir='ltr' id='par_1_85' title="bbox 1901 3871 3354 3940">
     <span class='ocr_line' id='line_1_85' title="bbox 1901 3871 3354 3940; baseline -0.002 -13"><span class='ocrx_word' id='word_1_525' title='bbox 1901 3871 2300 3937; x_wconf 84' lang='lat' dir='ltr'><strong>Marcellinum,</strong></span> <span class='ocrx_word' id='word_1_526' title='bbox 2332 3873 2448 3928; x_wconf 86' lang='lat' dir='ltr'><strong>sine</strong></span> <span class='ocrx_word' id='word_1_527' title='bbox 2472 3879 2627 3928; x_wconf 89' lang='lat' dir='ltr'><strong>veste</strong></span> <span class='ocrx_word' id='word_1_528' title='bbox 2659 3872 2804 3927; x_wconf 91' lang='lat' dir='ltr'><strong>nudo</strong></span> <span class='ocrx_word' id='word_1_529' title='bbox 2836 3871 3072 3926; x_wconf 88' lang='lat' dir='ltr'><strong>vinctum</strong></span> <span class='ocrx_word' id='word_1_530' title='bbox 3103 3885 3354 3940; x_wconf 87' lang='lat' dir='ltr'><strong>corpore,</strong></span> 
     </span>
    </p>
   </div>
   <div class='ocr_carea' id='block_1_86' title="bbox 1893 3963 3244 4035">
    <p class='ocr_par' dir='ltr' id='par_1_86' title="bbox 1893 3963 3244 4035">
     <span class='ocr_line' id='line_1_86' title="bbox 1893 3963 3244 4035; baseline -0.002 -13"><span class='ocrx_word' id='word_1_531' title='bbox 1893 3964 2115 4022; x_wconf 86' lang='lat' dir='ltr'><strong>Christo</strong></span> <span class='ocrx_word' id='word_1_532' title='bbox 2141 3965 2252 4020; x_wconf 91' lang='lat' dir='ltr'><strong>Deo</strong></span> <span class='ocrx_word' id='word_1_533' title='bbox 2273 3965 2695 4035; x_wconf 89' lang='lat' dir='ltr'><strong>supplicantem,</strong></span> <span class='ocrx_word' id='word_1_534' title='bbox 2719 3965 2862 4019; x_wconf 87' lang='lat' dir='ltr'><strong>sicut</strong></span> <span class='ocrx_word' id='word_1_535' title='bbox 2886 3972 3003 4028; x_wconf 85' lang='lat' dir='ltr'><strong>erat</strong></span> <span class='ocrx_word' id='word_1_536' title='bbox 3028 3963 3244 4030; x_wconf 90' lang='lat' dir='ltr'><strong>solitus,</strong></span> 
     </span>
    </p>
   </div>
   <div class='ocr_carea' id='block_1_87' title="bbox 1897 4053 3290 4126">
    <p class='ocr_par' dir='ltr' id='par_1_87' title="bbox 1897 4053 3290 4126">
     <span class='ocr_line' id='line_1_87' title="bbox 1897 4053 3290 4126; baseline -0.001 -15"><span class='ocrx_word' id='word_1_537' title='bbox 1897 4053 2071 4118; x_wconf 75' lang='lat' dir='ltr'><strong>Solvit</strong></span> <span class='ocrx_word' id='word_1_538' title='bbox 2100 4056 2303 4121; x_wconf 80' lang='lat' dir='ltr'><strong>statim,</strong></span> <span class='ocrx_word' id='word_1_539' title='bbox 2327 4063 2384 4110; x_wconf 92' lang='lat' dir='ltr'><strong>et</strong></span> <span class='ocrx_word' id='word_1_540' title='bbox 2403 4062 2654 4124; x_wconf 90' lang='lat' dir='ltr'><strong>opertum</strong></span> <span class='ocrx_word' id='word_1_541' title='bbox 2673 4053 3008 4111; x_wconf 89' lang='lat' dir='ltr'><strong>indumentis</strong></span> <span class='ocrx_word' id='word_1_542' title='bbox 3034 4054 3290 4126; x_wconf 89' lang='lat' dir='ltr'><strong>propriis,</strong></span> 
     </span>
    </p>
   </div>
   <div class='ocr_carea' id='block_1_88' title="bbox 1894 4144 3492 4218">
    <p class='ocr_par' dir='ltr' id='par_1_88' title="bbox 1894 4144 3492 4218">
     <span class='ocr_line' id='line_1_88' title="bbox 1894 4144 3492 4218; baseline -0.001 -18"><span class='ocrx_word' id='word_1_543' title='bbox 1894 4144 2316 4218; x_wconf 82' lang='lat' dir='ltr'><strong>Quoquoversus</strong></span> <span class='ocrx_word' id='word_1_544' title='bbox 2342 4145 2738 4217; x_wconf 68' lang='lat' dir='ltr'><strong>praecedentem</strong></span> <span class='ocrx_word' id='word_1_545' title='bbox 2775 4160 2832 4201; x_wconf 90' lang='lat' dir='ltr'><strong>se</strong></span> <span class='ocrx_word' id='word_1_546' title='bbox 2862 4148 3196 4216; x_wconf 86' lang='lat' dir='ltr'><strong>sequendum</strong></span> <span class='ocrx_word' id='word_1_547' title='bbox 3239 4146 3492 4218; x_wconf 89' lang='lat' dir='ltr'><strong>imperat,</strong></span> 
     </span>
    </p>
   </div>
   <div class='ocr_carea' id='block_1_89' title="bbox 1895 4237 3190 4310">
    <p class='ocr_par' dir='ltr' id='par_1_89' title="bbox 1895 4237 3190 4310">
     <span class='ocr_line' id='line_1_89' title="bbox 1895 4237 3190 4310; baseline 0.002 -18"><span class='ocrx_word' id='word_1_548' title='bbox 1895 4237 1976 4293; x_wconf 91' lang='grc' dir='ltr'><strong>Εο</strong></span> <span class='ocrx_word' id='word_1_549' title='bbox 1997 4238 2182 4294; x_wconf 89' lang='lat' dir='ltr'><strong>dicens</strong></span> <span class='ocrx_word' id='word_1_550' title='bbox 2207 4238 2631 4310; x_wconf 90' lang='lat' dir='ltr'><strong>perducendum,</strong></span> <span class='ocrx_word' id='word_1_551' title='bbox 2664 4238 2755 4296; x_wconf 90' lang='lat' dir='ltr'><strong>ubi</strong></span> <span class='ocrx_word' id='word_1_552' title='bbox 2776 4238 2972 4295; x_wconf 88' lang='lat' dir='ltr'><strong>Petrus</strong></span> <span class='ocrx_word' id='word_1_553' title='bbox 2992 4239 3190 4295; x_wconf 81' lang='lat' dir='ltr'><strong>fuerat.</strong></span> 
     </span>
    </p>
   </div>
   <div class='ocr_carea' id='block_1_90' title="bbox 1895 4330 3273 4402">
    <p class='ocr_par' dir='ltr' id='par_1_90' title="bbox 1895 4330 3273 4402">
     <span class='ocr_line' id='line_1_90' title="bbox 1895 4330 3273 4402; baseline 0 -15"><span class='ocrx_word' id='word_1_554' title='bbox 1895 4330 2138 4402; x_wconf 88' lang='lat' dir='ltr'><strong>Cumque</strong></span> <span class='ocrx_word' id='word_1_555' title='bbox 2166 4339 2313 4388; x_wconf 85' lang='lat' dir='ltr'><strong>esset</strong></span> <span class='ocrx_word' id='word_1_556' title='bbox 2336 4331 2425 4386; x_wconf 90' lang='lat' dir='ltr'><strong>illo</strong></span> <span class='ocrx_word' id='word_1_557' title='bbox 2447 4339 2689 4397; x_wconf 91' lang='lat' dir='ltr'><strong>ventum,</strong></span> <span class='ocrx_word' id='word_1_558' title='bbox 2718 4347 2880 4388; x_wconf 90' lang='lat' dir='ltr'><strong>verus</strong></span> <span class='ocrx_word' id='word_1_559' title='bbox 2901 4331 3000 4389; x_wconf 91' lang='lat' dir='ltr'><strong>Dei</strong></span> <span class='ocrx_word' id='word_1_560' title='bbox 3031 4333 3273 4398; x_wconf 91' lang='lat' dir='ltr'><strong>nuntius,</strong></span> 
     </span>
    </p>
   </div>
   <div class='ocr_carea' id='block_1_91' title="bbox 1895 4421 3206 4496">
    <p class='ocr_par' dir='ltr' id='par_1_91' title="bbox 1895 4421 3206 4496">
     <span class='ocr_line' id='line_1_91' title="bbox 1895 4421 3206 4496; baseline 0.002 -20"><span class='ocrx_word' id='word_1_561' title='bbox 1895 4421 2058 4491; x_wconf 89' lang='lat' dir='ltr'><strong>Petro</strong></span> <span class='ocrx_word' id='word_1_562' title='bbox 2079 4423 2266 4478; x_wconf 89' lang='lat' dir='ltr'><strong>statim</strong></span> <span class='ocrx_word' id='word_1_563' title='bbox 2299 4422 2566 4489; x_wconf 88' lang='lat' dir='ltr'><strong>absoluto,</strong></span> <span class='ocrx_word' id='word_1_564' title='bbox 2602 4423 2915 4481; x_wconf 84' lang='lat' dir='ltr'><strong>Marcellino</strong></span> <span class='ocrx_word' id='word_1_565' title='bbox 2940 4424 3206 4496; x_wconf 72' lang='lat' dir='ltr'><strong>praecipit,</strong></span> 
     </span>
    </p>
   </div>
   <div class='ocr_carea' id='block_1_92' title="bbox 1903 4513 3329 4590">
    <p class='ocr_par' dir='ltr' id='par_1_92' title="bbox 1903 4513 3329 4590">
     <span class='ocr_line' id='line_1_92' title="bbox 1903 4513 3329 4590; baseline -0.001 -20"><span class='ocrx_word' id='word_1_566' title='bbox 1903 4513 1971 4570; x_wconf 90' lang='lat' dir='ltr'><strong>Ut</strong></span> <span class='ocrx_word' id='word_1_567' title='bbox 2008 4530 2066 4569; x_wconf 94' lang='lat' dir='ltr'><strong>se</strong></span> <span class='ocrx_word' id='word_1_568' title='bbox 2105 4514 2265 4570; x_wconf 91' lang='lat' dir='ltr'><strong>ambo</strong></span> <span class='ocrx_word' id='word_1_569' title='bbox 2294 4514 2692 4585; x_wconf 67' lang='lat' dir='ltr'><strong>praecedentem</strong></span> <span class='ocrx_word' id='word_1_570' title='bbox 2722 4527 3083 4590; x_wconf 87' lang='lat' dir='ltr'><strong>sequerentur</strong></span> <span class='ocrx_word' id='word_1_571' title='bbox 3103 4516 3329 4588; x_wconf 88' lang='lat' dir='ltr'><strong>pariter.</strong></span> 
     </span>
    </p>
   </div>
   <div class='ocr_carea' id='block_1_93' title="bbox 1586 4578 3490 4682">
    <p class='ocr_par' dir='ltr' id='par_1_93' title="bbox 1586 4578 3490 4682">
     <span class='ocr_line' id='line_1_93' title="bbox 1586 4578 3490 4682; baseline -0.001 -18"><span class='ocrx_word' id='word_1_572' title='bbox 1586 4609 1717 4682; x_wconf 81' lang='lat' dir='ltr'><strong>[dilz</strong></span> <span class='ocrx_word' id='word_1_573' title='bbox 1818 4578 1872 4644; x_wconf 74' lang='grc' dir='ltr'><strong>Π</strong></span> <span class='ocrx_word' id='word_1_574' title='bbox 1898 4608 2067 4676; x_wconf 87' lang='lat' dir='ltr'><strong>Quem</strong></span> <span class='ocrx_word' id='word_1_575' title='bbox 2106 4618 2394 4680; x_wconf 87' lang='lat' dir='ltr'><strong>sequentes</strong></span> <span class='ocrx_word' id='word_1_576' title='bbox 2440 4609 2784 4669; x_wconf 91' lang='lat' dir='ltr'><strong>intraverunt</strong></span> <span class='ocrx_word' id='word_1_577' title='bbox 2801 4578 3038 4668; x_wconf 12' lang='lat' dir='ltr'><strong>.domum.</strong></span> <span class='ocrx_word' id='word_1_578' title='bbox 3073 4578 3365 4681; x_wconf 70' lang='lat' dir='ltr'><strong>quamdam</strong></span> <span class='ocrx_word' id='word_1_579' title='bbox 3400 4623 3490 4664; x_wconf 86' lang='lat' dir='ltr'><strong>su-</strong></span> 
     </span>
    </p>
   </div>
   <div class='ocr_carea' id='block_1_94' title="bbox 189 4703 1790 4780">
    <p class='ocr_par' dir='ltr' id='par_1_94' title="bbox 189 4703 1790 4780">
     <span class='ocr_line' id='line_1_94' title="bbox 189 4703 1790 4780; baseline -0.002 -19"><span class='ocrx_word' id='word_1_580' title='bbox 189 4728 213 4761; x_wconf 75' lang='grc' dir='ltr'>ι</span> <span class='ocrx_word' id='word_1_581' title='bbox 255 4705 375 4763; x_wconf 85' lang='lat' dir='ltr'><strong>Non</strong></span> <span class='ocrx_word' id='word_1_582' title='bbox 403 4714 510 4773; x_wconf 92' lang='lat' dir='ltr'><strong>est,</strong></span> <span class='ocrx_word' id='word_1_583' title='bbox 540 4705 719 4780; x_wconf 81' lang='lat' dir='ltr'><strong>inquit</strong></span> <span class='ocrx_word' id='word_1_584' title='bbox 747 4745 763 4774; x_wconf 92' lang='lat'><strong>,</strong></span> <span class='ocrx_word' id='word_1_585' title='bbox 798 4705 1129 4776; x_wconf 83' lang='lat' dir='ltr'><strong>criminosus</strong></span> <span class='ocrx_word' id='word_1_586' title='bbox 1163 4719 1264 4759; x_wconf 91' lang='lat' dir='ltr'><strong>nec</strong></span> <span class='ocrx_word' id='word_1_587' title='bbox 1287 4703 1548 4770; x_wconf 87' lang='lat' dir='ltr'><strong>dicendus</strong></span> <span class='ocrx_word' id='word_1_588' title='bbox 1575 4703 1790 4772; x_wconf 77' lang='lat' dir='ltr'><strong>noxius,</strong></span> 
     </span>
    </p>
   </div>
   <div class='ocr_carea' id='block_1_95' title="bbox 182 4794 1650 4870">
    <p class='ocr_par' dir='ltr' id='par_1_95' title="bbox 182 4794 1650 4870">
     <span class='ocr_line' id='line_1_95' title="bbox 182 4794 1650 4870; baseline -0.003 -15"><span class='ocrx_word' id='word_1_589' title='bbox 182 4800 324 4870; x_wconf 90' lang='lat' dir='ltr'><strong>Qui,</strong></span> <span class='ocrx_word' id='word_1_590' title='bbox 352 4800 556 4866; x_wconf 86' lang='lat' dir='ltr'><strong>omisso</strong></span> <span class='ocrx_word' id='word_1_591' title='bbox 585 4797 926 4870; x_wconf 81' lang='lat' dir='ltr'><strong>paganismo,</strong></span> <span class='ocrx_word' id='word_1_592' title='bbox 958 4795 1177 4852; x_wconf 87' lang='lat' dir='ltr'><strong>Christo</strong></span> <span class='ocrx_word' id='word_1_593' title='bbox 1204 4797 1370 4867; x_wconf 67' lang='lat' dir='ltr'><strong>coepit</strong></span> <span class='ocrx_word' id='word_1_594' title='bbox 1403 4794 1650 4860; x_wconf 87' lang='lat' dir='ltr'><strong>credere,</strong></span> 
     </span>
    </p>
   </div>
   <div class='ocr_carea' id='block_1_96' title="bbox 182 4891 1476 4970">
    <p class='ocr_par' dir='ltr' id='par_1_96' title="bbox 182 4891 1476 4970">
     <span class='ocr_line' id='line_1_96' title="bbox 182 4891 1476 4970; baseline -0.005 -17"><span class='ocrx_word' id='word_1_595' title='bbox 182 4899 374 4967; x_wconf 85' lang='lat' dir='ltr'><strong>Atque</strong></span> <span class='ocrx_word' id='word_1_596' title='bbox 411 4896 486 4952; x_wconf 91' lang='lat' dir='ltr'><strong>illi</strong></span> <span class='ocrx_word' id='word_1_597' title='bbox 514 4911 648 4970; x_wconf 75' lang='lat' dir='ltr'><strong>sana</strong></span> <span class='ocrx_word' id='word_1_598' title='bbox 671 4903 855 4956; x_wconf 89' lang='lat' dir='ltr'><strong>mente</strong></span> <span class='ocrx_word' id='word_1_599' title='bbox 885 4893 1228 4952; x_wconf 88' lang='lat' dir='ltr'><strong>serviendum</strong></span> <span class='ocrx_word' id='word_1_600' title='bbox 1244 4891 1476 4960; x_wconf 88' lang='lat' dir='ltr'><strong>judicat.</strong></span> 
     </span>
    </p>
   </div>
   <div class='ocr_carea' id='block_1_97' title="bbox 184 4985 1472 5060">
    <p class='ocr_par' dir='ltr' id='par_1_97' title="bbox 184 4985 1472 5060">
     <span class='ocr_line' id='line_1_97' title="bbox 184 4985 1472 5060; baseline -0.002 -15"><span class='ocrx_word' id='word_1_601' title='bbox 184 4989 314 5045; x_wconf 77' lang='lat' dir='ltr'><strong>Hoc</strong></span> <span class='ocrx_word' id='word_1_602' title='bbox 345 4989 442 5060; x_wconf 91' lang='lat' dir='ltr'><strong>qui</strong></span> <span class='ocrx_word' id='word_1_603' title='bbox 470 4988 620 5055; x_wconf 83' lang='lat' dir='ltr'><strong>facit,</strong></span> <span class='ocrx_word' id='word_1_604' title='bbox 647 4988 745 5044; x_wconf 92' lang='lat' dir='ltr'><strong>Dei</strong></span> <span class='ocrx_word' id='word_1_605' title='bbox 767 4987 972 5048; x_wconf 87' lang='lat' dir='ltr'><strong>summi</strong></span> <span class='ocrx_word' id='word_1_606' title='bbox 998 4986 1140 5048; x_wconf 85' lang='lat' dir='ltr'><strong>ﬁlius</strong></span> <span class='ocrx_word' id='word_1_607' title='bbox 1168 4985 1472 5055; x_wconf 73' lang='lat' dir='ltr'><strong>vocabitur,</strong></span> 
     </span>
    </p>
   </div>
   <div class='ocr_carea' id='block_1_98' title="bbox 183 5077 1549 5158">
    <p class='ocr_par' dir='ltr' id='par_1_98' title="bbox 183 5077 1549 5158">
     <span class='ocr_line' id='line_1_98' title="bbox 183 5077 1549 5158; baseline -0.004 -18"><span class='ocrx_word' id='word_1_608' title='bbox 183 5084 265 5140; x_wconf 86' lang='lat' dir='ltr'><strong>Et</strong></span> <span class='ocrx_word' id='word_1_609' title='bbox 290 5098 322 5137; x_wconf 90' lang='lat' dir='ltr'><strong>a</strong></span> <span class='ocrx_word' id='word_1_610' title='bbox 343 5083 555 5142; x_wconf 90' lang='lat' dir='ltr'><strong>cunctis</strong></span> <span class='ocrx_word' id='word_1_611' title='bbox 586 5091 935 5158; x_wconf 88' lang='lat' dir='ltr'><strong>peccatorum</strong></span> <span class='ocrx_word' id='word_1_612' title='bbox 964 5080 1246 5144; x_wconf 87' lang='lat' dir='ltr'><strong>absolutus</strong></span> <span class='ocrx_word' id='word_1_613' title='bbox 1275 5077 1549 5146; x_wconf 89' lang='lat' dir='ltr'><strong>sordibus,</strong></span> 
     </span>
    </p>
   </div>
   <div class='ocr_carea' id='block_1_99' title="bbox 185 5171 1594 5246">
    <p class='ocr_par' dir='ltr' id='par_1_99' title="bbox 185 5171 1594 5246">
     <span class='ocr_line' id='line_1_99' title="bbox 185 5171 1594 5246; baseline -0.004 -14"><span class='ocrx_word' id='word_1_614' title='bbox 185 5177 342 5232; x_wconf 73' lang='lat' dir='ltr'><strong>Vere</strong></span> <span class='ocrx_word' id='word_1_615' title='bbox 377 5190 500 5231; x_wconf 89' lang='lat' dir='ltr'><strong>esse</strong></span> <span class='ocrx_word' id='word_1_616' title='bbox 523 5176 667 5246; x_wconf 88' lang='lat' dir='ltr'><strong>quod</strong></span> <span class='ocrx_word' id='word_1_617' title='bbox 693 5183 937 5240; x_wconf 89' lang='lat' dir='ltr'><strong>vocatur,</strong></span> <span class='ocrx_word' id='word_1_618' title='bbox 968 5174 1078 5235; x_wconf 89' lang='lat' dir='ltr'><strong>Deo</strong></span> <span class='ocrx_word' id='word_1_619' title='bbox 1111 5174 1297 5238; x_wconf 89' lang='lat' dir='ltr'><strong>dante,</strong></span> <span class='ocrx_word' id='word_1_620' title='bbox 1321 5171 1537 5228; x_wconf 85' lang='lat' dir='ltr'><strong>visitur.</strong></span> <span class='ocrx_word' id='word_1_621' title='bbox 1577 5190 1594 5226; x_wconf 73' lang='grc' dir='ltr'><strong><em>ι</em></strong></span> 
     </span>
    </p>
   </div>
   <div class='ocr_carea' id='block_1_100' title="bbox 185 5262 1581 5335">
    <p class='ocr_par' dir='ltr' id='par_1_100' title="bbox 185 5262 1581 5335">
     <span class='ocr_line' id='line_1_100' title="bbox 185 5262 1581 5335; baseline -0.005 -12"><span class='ocrx_word' id='word_1_622' title='bbox 185 5266 328 5323; x_wconf 80' lang='lat' dir='ltr'><strong>Ilaec</strong></span> <span class='ocrx_word' id='word_1_623' title='bbox 351 5265 621 5330; x_wconf 86' lang='lat' dir='ltr'><strong>dicentem</strong></span> <span class='ocrx_word' id='word_1_624' title='bbox 643 5265 1017 5326; x_wconf 79' lang='lat' dir='ltr'><strong>Marcellinum</strong></span> <span class='ocrx_word' id='word_1_625' title='bbox 1040 5264 1273 5335; x_wconf 87' lang='lat' dir='ltr'><strong>imperat</strong></span> <span class='ocrx_word' id='word_1_626' title='bbox 1294 5262 1581 5320; x_wconf 87' lang='lat' dir='ltr'><strong>minaciter</strong></span> 
     </span>
    </p>
   </div>
   <div class='ocr_carea' id='block_1_101' title="bbox 188 5351 1724 5429">
    <p class='ocr_par' dir='ltr' id='par_1_101' title="bbox 188 5351 1724 5429">
     <span class='ocr_line' id='line_1_101' title="bbox 188 5351 1724 5429; baseline -0.004 -14"><span class='ocrx_word' id='word_1_627' title='bbox 188 5356 396 5415; x_wconf 84' lang='lat' dir='ltr'><strong>Saevus</strong></span> <span class='ocrx_word' id='word_1_628' title='bbox 423 5355 612 5428; x_wconf 79' lang='lat' dir='ltr'><strong>judex,</strong></span> <span class='ocrx_word' id='word_1_629' title='bbox 641 5359 744 5416; x_wconf 90' lang='lat' dir='ltr'><strong>sub</strong></span> <span class='ocrx_word' id='word_1_630' title='bbox 782 5359 1010 5418; x_wconf 89' lang='lat' dir='ltr'><strong>duorum</strong></span> <span class='ocrx_word' id='word_1_631' title='bbox 1042 5355 1239 5429; x_wconf 81' lang='lat' dir='ltr'><strong>pugnis</strong></span> <span class='ocrx_word' id='word_1_632' title='bbox 1265 5369 1464 5424; x_wconf 76' lang='lat' dir='ltr'><strong>caesum</strong></span> <span class='ocrx_word' id='word_1_633' title='bbox 1503 5351 1680 5424; x_wconf 84' lang='lat' dir='ltr'><strong>subigi</strong></span> <span class='ocrx_word' id='word_1_634' title='bbox 1708 5370 1724 5409; x_wconf 72' lang='grc' dir='ltr'><strong><em>ι</em></strong></span> 
     </span>
    </p>
   </div>
   <div class='ocr_carea' id='block_1_102' title="bbox 186 5433 1657 5520">
    <p class='ocr_par' dir='ltr' id='par_1_102' title="bbox 186 5433 1657 5520">
     <span class='ocr_line' id='line_1_102' title="bbox 186 5433 1657 5520; baseline -0.003 -13"><span class='ocrx_word' id='word_1_635' title='bbox 186 5447 270 5507; x_wconf 86' lang='lat' dir='ltr'><strong>Et</strong></span> <span class='ocrx_word' id='word_1_636' title='bbox 292 5448 350 5504; x_wconf 92' lang='lat' dir='ltr'><strong>in</strong></span> <span class='ocrx_word' id='word_1_637' title='bbox 375 5447 579 5518; x_wconf 92' lang='lat' dir='ltr'><strong>locum,</strong></span> <span class='ocrx_word' id='word_1_638' title='bbox 610 5449 760 5506; x_wconf 90' lang='lat' dir='ltr'><strong>omni</strong></span> <span class='ocrx_word' id='word_1_639' title='bbox 784 5449 904 5505; x_wconf 90' lang='lat' dir='ltr'><strong>luce</strong></span> <span class='ocrx_word' id='word_1_640' title='bbox 941 5449 1034 5519; x_wconf 90' lang='lat' dir='ltr'><strong>qui</strong></span> <span class='ocrx_word' id='word_1_641' title='bbox 1073 5456 1306 5513; x_wconf 89' lang='lat' dir='ltr'><strong>careret,</strong></span> <span class='ocrx_word' id='word_1_642' title='bbox 1331 5445 1564 5520; x_wconf 79' lang='lat' dir='ltr'><strong>projici;</strong></span> <span class='ocrx_word' id='word_1_643' title='bbox 1651 5433 1657 5440; x_wconf 71' lang='grc'><em>’</em></span> 
     </span>
    </p>
   </div>
   <div class='ocr_carea' id='block_1_103' title="bbox 187 5537 1796 5612">
    <p class='ocr_par' dir='ltr' id='par_1_103' title="bbox 187 5537 1796 5612">
     <span class='ocr_line' id='line_1_103' title="bbox 187 5537 1796 5612; baseline -0.002 -15"><span class='ocrx_word' id='word_1_644' title='bbox 187 5538 262 5597; x_wconf 86' lang='lat' dir='ltr'><strong>In</strong></span> <span class='ocrx_word' id='word_1_645' title='bbox 291 5555 402 5612; x_wconf 93' lang='lat' dir='ltr'><strong>quo</strong></span> <span class='ocrx_word' id='word_1_646' title='bbox 428 5541 631 5594; x_wconf 91' lang='lat' dir='ltr'><strong>vitrum</strong></span> <span class='ocrx_word' id='word_1_647' title='bbox 653 5555 815 5610; x_wconf 92' lang='lat' dir='ltr'><strong>super</strong></span> <span class='ocrx_word' id='word_1_648' title='bbox 846 5542 1068 5595; x_wconf 90' lang='lat' dir='ltr'><strong>humum</strong></span> <span class='ocrx_word' id='word_1_649' title='bbox 1100 5539 1232 5595; x_wconf 81' lang='lat' dir='ltr'><strong>fecit</strong></span> <span class='ocrx_word' id='word_1_650' title='bbox 1257 5538 1495 5593; x_wconf 85' lang='lat' dir='ltr'><strong>fractum</strong></span> <span class='ocrx_word' id='word_1_651' title='bbox 1527 5537 1796 5610; x_wconf 89' lang='lat' dir='ltr'><strong>spargier,</strong></span> 
     </span>
    </p>
   </div>
   <div class='ocr_carea' id='block_1_104' title="bbox 193 5629 1622 5703">
    <p class='ocr_par' dir='ltr' id='par_1_104' title="bbox 193 5629 1622 5703">
     <span class='ocr_line' id='line_1_104' title="bbox 193 5629 1622 5703; baseline -0.001 -16"><span class='ocrx_word' id='word_1_652' title='bbox 193 5629 282 5687; x_wconf 82' lang='lat' dir='ltr'><strong>Ac</strong></span> <span class='ocrx_word' id='word_1_653' title='bbox 311 5633 546 5703; x_wconf 88' lang='lat' dir='ltr'><strong>desuper</strong></span> <span class='ocrx_word' id='word_1_654' title='bbox 568 5641 900 5689; x_wconf 89' lang='lat' dir='ltr'><strong>assertorem</strong></span> <span class='ocrx_word' id='word_1_655' title='bbox 925 5633 1040 5688; x_wconf 91' lang='lat' dir='ltr'><strong>veri</strong></span> <span class='ocrx_word' id='word_1_656' title='bbox 1070 5632 1272 5688; x_wconf 90' lang='lat' dir='ltr'><strong>nudum</strong></span> <span class='ocrx_word' id='word_1_657' title='bbox 1305 5631 1543 5686; x_wconf 90' lang='lat' dir='ltr'><strong>sternier</strong></span> <span class='ocrx_word' id='word_1_658' title='bbox 1569 5631 1622 5698; x_wconf 74' lang='grc' dir='ltr'><strong>δ,</strong></span> 
     </span>
    </p>
   </div>
   <div class='ocr_carea' id='block_1_105' title="bbox 194 5725 1545 5810">
    <p class='ocr_par' dir='ltr' id='par_1_105' title="bbox 194 5725 1545 5810">
     <span class='ocr_line' id='line_1_105' title="bbox 194 5725 1545 5810; baseline -0.001 -26"><span class='ocrx_word' id='word_1_659' title='bbox 194 5726 384 5798; x_wconf 77' lang='lat' dir='ltr'><strong>Atque</strong></span> <span class='ocrx_word' id='word_1_660' title='bbox 411 5728 654 5784; x_wconf 90' lang='lat' dir='ltr'><strong>vinctum</strong></span> <span class='ocrx_word' id='word_1_661' title='bbox 678 5729 908 5785; x_wconf 89' lang='lat' dir='ltr'><strong>volutari</strong></span> <span class='ocrx_word' id='word_1_662' title='bbox 940 5728 1048 5810; x_wconf 71' lang='lat' dir='ltr'><strong>illis</strong></span> <span class='ocrx_word' id='word_1_663' title='bbox 1067 5729 1123 5785; x_wconf 90' lang='lat' dir='ltr'><strong>in</strong></span> <span class='ocrx_word' id='word_1_664' title='bbox 1144 5725 1502 5800; x_wconf 79' lang='lat' dir='ltr'><strong>fragminibus</strong></span> <span class='ocrx_word' id='word_1_665' title='bbox 1528 5743 1545 5796; x_wconf 90' lang='lat'><strong>;</strong></span> 
     </span>
    </p>
   </div>
   <div class='ocr_carea' id='block_1_106' title="bbox 285 5845 897 5928">
    <p class='ocr_par' dir='ltr' id='par_1_106' title="bbox 285 5845 897 5928">
     <span class='ocr_line' id='line_1_106' title="bbox 285 5845 897 5928; baseline 0 -24"><span class='ocrx_word' id='word_1_666' title='bbox 285 5860 311 5891; x_wconf 76' lang='grc' dir='ltr'>ι</span> <span class='ocrx_word' id='word_1_667' title='bbox 343 5845 406 5912; x_wconf 81' lang='grc' dir='ltr'><strong>ι).</strong></span> <span class='ocrx_word' id='word_1_668' title='bbox 440 5847 650 5928; x_wconf 65' lang='lat' dir='ltr'><strong>Teulet,</strong></span> <span class='ocrx_word' id='word_1_669' title='bbox 677 5849 897 5906; x_wconf 80' lang='lat' dir='ltr'><strong>dubitet.</strong></span> 
     </span>
    </p>
   </div>
   <div class='ocr_carea' id='block_1_107' title="bbox 3325 4701 3592 4775">
    <p class='ocr_par' dir='ltr' id='par_1_107' title="bbox 3325 4701 3592 4775">
     <span class='ocr_line' id='line_1_107' title="bbox 3325 4701 3592 4775; baseline -0.004 -18"><span class='ocrx_word' id='word_1_670' title='bbox 3325 4701 3488 4775; x_wconf 70' lang='grc' dir='ltr'><strong>[δίιο.</strong></span> <span class='ocrx_word' id='word_1_671' title='bbox 3531 4703 3592 4742; x_wconf 57' lang='grc' dir='ltr'><strong>κ</strong></span> 
     </span>
    </p>
   </div>
   <div class='ocr_carea' id='block_1_108' title="bbox 1894 4793 3270 4868">
    <p class='ocr_par' dir='ltr' id='par_1_108' title="bbox 1894 4793 3270 4868">
     <span class='ocr_line' id='line_1_108' title="bbox 1894 4793 3270 4868; baseline -0.001 -20"><span class='ocrx_word' id='word_1_672' title='bbox 1894 4793 1954 4848; x_wconf 90' lang='lat' dir='ltr'><strong>In</strong></span> <span class='ocrx_word' id='word_1_673' title='bbox 1976 4809 2080 4864; x_wconf 89' lang='lat' dir='ltr'><strong>qua</strong></span> <span class='ocrx_word' id='word_1_674' title='bbox 2105 4801 2223 4856; x_wconf 80' lang='lat' dir='ltr'><strong>erat</strong></span> <span class='ocrx_word' id='word_1_675' title='bbox 2254 4805 2618 4868; x_wconf 85' lang='lat' dir='ltr'><strong>congregatus</strong></span> <span class='ocrx_word' id='word_1_676' title='bbox 2643 4794 2985 4852; x_wconf 89' lang='lat' dir='ltr'><strong>Christianus</strong></span> <span class='ocrx_word' id='word_1_677' title='bbox 3023 4793 3270 4866; x_wconf 83' lang='lat' dir='ltr'><strong>populus,</strong></span> 
     </span>
    </p>
   </div>
   <div class='ocr_carea' id='block_1_109' title="bbox 1900 4887 3382 4960">
    <p class='ocr_par' dir='ltr' id='par_1_109' title="bbox 1900 4887 3382 4960">
     <span class='ocr_line' id='line_1_109' title="bbox 1900 4887 3382 4960; baseline -0.001 -18"><span class='ocrx_word' id='word_1_678' title='bbox 1900 4887 2001 4956; x_wconf 90' lang='lat' dir='ltr'><strong>Qui</strong></span> <span class='ocrx_word' id='word_1_679' title='bbox 2036 4904 2135 4960; x_wconf 86' lang='lat' dir='ltr'><strong>per</strong></span> <span class='ocrx_word' id='word_1_680' title='bbox 2173 4889 2322 4960; x_wconf 85' lang='lat' dir='ltr'><strong>ipsos</strong></span> <span class='ocrx_word' id='word_1_681' title='bbox 2345 4889 2415 4945; x_wconf 92' lang='lat' dir='ltr'><strong>ad</strong></span> <span class='ocrx_word' id='word_1_682' title='bbox 2444 4890 2685 4948; x_wconf 88' lang='lat' dir='ltr'><strong>divinam</strong></span> <span class='ocrx_word' id='word_1_683' title='bbox 2712 4889 3020 4945; x_wconf 88' lang='lat' dir='ltr'><strong>doctrinam</strong></span> <span class='ocrx_word' id='word_1_684' title='bbox 3043 4895 3382 4958; x_wconf 89' lang='lat' dir='ltr'><strong>pervenerat.</strong></span> 
     </span>
    </p>
   </div>
   <div class='ocr_carea' id='block_1_110' title="bbox 1903 4981 3323 5056">
    <p class='ocr_par' dir='ltr' id='par_1_110' title="bbox 1903 4981 3323 5056">
     <span class='ocr_line' id='line_1_110' title="bbox 1903 4981 3323 5056; baseline -0.001 -17"><span class='ocrx_word' id='word_1_685' title='bbox 1903 4984 2039 5039; x_wconf 90' lang='lat' dir='ltr'><strong>Tum</strong></span> <span class='ocrx_word' id='word_1_686' title='bbox 2066 4985 2323 5055; x_wconf 83' lang='lat' dir='ltr'><strong>praecepit</strong></span> <span class='ocrx_word' id='word_1_687' title='bbox 2350 4985 2440 5054; x_wconf 82' lang='lat' dir='ltr'><strong>ille</strong></span> <span class='ocrx_word' id='word_1_688' title='bbox 2471 4985 2684 5056; x_wconf 88' lang='lat' dir='ltr'><strong>magnis</strong></span> <span class='ocrx_word' id='word_1_689' title='bbox 2713 4983 2936 5053; x_wconf 88' lang='lat' dir='ltr'><strong>angelus</strong></span> <span class='ocrx_word' id='word_1_690' title='bbox 2967 4981 3323 5054; x_wconf 86' lang='lat' dir='ltr'><strong>martyribus,</strong></span> 
     </span>
    </p>
   </div>
   <div class='ocr_carea' id='block_1_111' title="bbox 1903 5075 3355 5150">
    <p class='ocr_par' dir='ltr' id='par_1_111' title="bbox 1903 5075 3355 5150">
     <span class='ocr_line' id='line_1_111' title="bbox 1903 5075 3355 5150; baseline -0.004 -15"><span class='ocrx_word' id='word_1_691' title='bbox 1903 5077 1975 5135; x_wconf 92' lang='lat' dir='ltr'><strong>Ut</strong></span> <span class='ocrx_word' id='word_1_692' title='bbox 2000 5087 2278 5136; x_wconf 88' lang='lat' dir='ltr'><strong>catervam</strong></span> <span class='ocrx_word' id='word_1_693' title='bbox 2309 5084 2692 5150; x_wconf 76' lang='lat' dir='ltr'><strong>congregatum</strong></span> <span class='ocrx_word' id='word_1_694' title='bbox 2722 5075 3050 5142; x_wconf 83' lang='lat' dir='ltr'><strong>conﬁrmare</strong></span> <span class='ocrx_word' id='word_1_695' title='bbox 3067 5075 3355 5142; x_wconf 88' lang='lat' dir='ltr'><strong>studeant,</strong></span> 
     </span>
    </p>
   </div>
   <div class='ocr_carea' id='block_1_112' title="bbox 1904 5170 3252 5248">
    <p class='ocr_par' dir='ltr' id='par_1_112' title="bbox 1904 5170 3252 5248">
     <span class='ocr_line' id='line_1_112' title="bbox 1904 5170 3252 5248; baseline -0.001 -22"><span class='ocrx_word' id='word_1_696' title='bbox 1904 5171 2008 5232; x_wconf 91' lang='lat' dir='ltr'><strong>Per</strong></span> <span class='ocrx_word' id='word_1_697' title='bbox 2031 5178 2253 5244; x_wconf 88' lang='lat' dir='ltr'><strong>septena</strong></span> <span class='ocrx_word' id='word_1_698' title='bbox 2281 5171 2655 5248; x_wconf 82' lang='lat' dir='ltr'><strong>proximorum</strong></span> <span class='ocrx_word' id='word_1_699' title='bbox 2683 5170 2894 5227; x_wconf 87' lang='lat' dir='ltr'><strong>dierum</strong></span> <span class='ocrx_word' id='word_1_700' title='bbox 2931 5170 3206 5225; x_wconf 88' lang='lat' dir='ltr'><strong>volumina</strong></span> <span class='ocrx_word' id='word_1_701' title='bbox 3237 5184 3252 5223; x_wconf 89' lang='lat'><strong>:</strong></span> 
     </span>
    </p>
   </div>
   <div class='ocr_carea' id='block_1_113' title="bbox 1902 5263 3334 5335">
    <p class='ocr_par' dir='ltr' id='par_1_113' title="bbox 1902 5263 3334 5335">
     <span class='ocr_line' id='line_1_113' title="bbox 1902 5263 3334 5335; baseline -0.003 -16"><span class='ocrx_word' id='word_1_702' title='bbox 1902 5263 1982 5319; x_wconf 85' lang='lat' dir='ltr'><strong>Ac</strong></span> <span class='ocrx_word' id='word_1_703' title='bbox 2011 5273 2125 5322; x_wconf 90' lang='lat' dir='ltr'><strong>tum</strong></span> <span class='ocrx_word' id='word_1_704' title='bbox 2167 5265 2386 5322; x_wconf 90' lang='lat' dir='ltr'><strong>demum</strong></span> <span class='ocrx_word' id='word_1_705' title='bbox 2413 5263 2658 5321; x_wconf 73' lang='lat' dir='ltr'><strong>saevienti</strong></span> <span class='ocrx_word' id='word_1_706' title='bbox 2681 5278 2742 5319; x_wconf 90' lang='lat' dir='ltr'><strong>se</strong></span> <span class='ocrx_word' id='word_1_707' title='bbox 2772 5272 3000 5335; x_wconf 87' lang='lat' dir='ltr'><strong>tyranno</strong></span> <span class='ocrx_word' id='word_1_708' title='bbox 3021 5263 3334 5334; x_wconf 79' lang='lat' dir='ltr'><strong>proferant,</strong></span> 
     </span>
    </p>
   </div>
   <div class='ocr_carea' id='block_1_114' title="bbox 1903 5341 3249 5427">
    <p class='ocr_par' dir='ltr' id='par_1_114' title="bbox 1903 5341 3249 5427">
     <span class='ocr_line' id='line_1_114' title="bbox 1903 5341 3249 5427; baseline -0.003 -14"><span class='ocrx_word' id='word_1_709' title='bbox 1903 5341 2312 5427; x_wconf 89' lang='lat' dir='ltr'><strong>Ostendantque</strong></span> <span class='ocrx_word' id='word_1_710' title='bbox 2345 5371 2537 5426; x_wconf 90' lang='lat' dir='ltr'><strong>parum</strong></span> <span class='ocrx_word' id='word_1_711' title='bbox 2563 5370 2724 5426; x_wconf 91' lang='lat' dir='ltr'><strong>posse</strong></span> <span class='ocrx_word' id='word_1_712' title='bbox 2745 5355 2905 5423; x_wconf 70' lang='lat' dir='ltr'><strong>[illius</strong></span> <span class='ocrx_word' id='word_1_713' title='bbox 2928 5355 3249 5427; x_wconf 87' lang='lat' dir='ltr'><strong>potentiam,</strong></span> 
     </span>
    </p>
   </div>
   <div class='ocr_carea' id='block_1_115' title="bbox 1904 5448 3282 5521">
    <p class='ocr_par' dir='ltr' id='par_1_115' title="bbox 1904 5448 3282 5521">
     <span class='ocr_line' id='line_1_115' title="bbox 1904 5448 3282 5521; baseline -0.002 -16"><span class='ocrx_word' id='word_1_714' title='bbox 1904 5450 2106 5506; x_wconf 89' lang='lat' dir='ltr'><strong>Contra</strong></span> <span class='ocrx_word' id='word_1_715' title='bbox 2138 5451 2237 5506; x_wconf 90' lang='lat' dir='ltr'><strong>Dei</strong></span> <span class='ocrx_word' id='word_1_716' title='bbox 2260 5448 2592 5506; x_wconf 88' lang='lat' dir='ltr'><strong>continentis</strong></span> <span class='ocrx_word' id='word_1_717' title='bbox 2631 5459 2824 5506; x_wconf 85' lang='lat' dir='ltr'><strong>cuneta</strong></span> <span class='ocrx_word' id='word_1_718' title='bbox 2861 5450 3282 5521; x_wconf 88' lang='lat' dir='ltr'><strong>providentiam.</strong></span> 
     </span>
    </p>
   </div>
   <div class='ocr_carea' id='block_1_116' title="bbox 1980 5540 3502 5614">
    <p class='ocr_par' dir='ltr' id='par_1_116' title="bbox 1980 5540 3502 5614">
     <span class='ocr_line' id='line_1_116' title="bbox 1980 5540 3502 5614; baseline -0.001 -18"><span class='ocrx_word' id='word_1_719' title='bbox 1980 5543 2067 5596; x_wconf 80' lang='lat' dir='ltr'><strong>ll.</strong></span> <span class='ocrx_word' id='word_1_720' title='bbox 2110 5541 2246 5598; x_wconf 92' lang='lat' dir='ltr'><strong>Tum</strong></span> <span class='ocrx_word' id='word_1_721' title='bbox 2273 5541 2519 5611; x_wconf 83' lang='lat' dir='ltr'><strong>sequenti</strong></span> <span class='ocrx_word' id='word_1_722' title='bbox 2556 5540 2675 5613; x_wconf 79' lang='lat' dir='ltr'><strong>luce</strong></span> <span class='ocrx_word' id='word_1_723' title='bbox 2694 5542 2861 5614; x_wconf 87' lang='lat' dir='ltr'><strong>jussit</strong></span> <span class='ocrx_word' id='word_1_724' title='bbox 2871 5541 3035 5612; x_wconf 76' lang='lat' dir='ltr'><strong>iudex</strong></span> <span class='ocrx_word' id='word_1_725' title='bbox 3061 5540 3502 5606; x_wconf 73' lang='lat' dir='ltr'><strong>crudelissimus,</strong></span> 
     </span>
    </p>
   </div>
   <div class='ocr_carea' id='block_1_117' title="bbox 1862 5633 3253 5706">
    <p class='ocr_par' dir='ltr' id='par_1_117' title="bbox 1862 5633 3253 5706">
     <span class='ocr_line' id='line_1_117' title="bbox 1862 5633 3253 5706; baseline -0.001 -16"><span class='ocrx_word' id='word_1_726' title='bbox 1862 5674 1870 5680; x_wconf 90' lang='grc'><strong>-</strong></span> <span class='ocrx_word' id='word_1_727' title='bbox 1912 5633 1986 5690; x_wconf 88' lang='lat' dir='ltr'><strong>Ut</strong></span> <span class='ocrx_word' id='word_1_728' title='bbox 2006 5633 2243 5688; x_wconf 89' lang='lat' dir='ltr'><strong>ministri</strong></span> <span class='ocrx_word' id='word_1_729' title='bbox 2266 5633 2555 5689; x_wconf 89' lang='lat' dir='ltr'><strong>visitarent</strong></span> <span class='ocrx_word' id='word_1_730' title='bbox 2580 5633 2728 5704; x_wconf 90' lang='lat' dir='ltr'><strong>loca,</strong></span> <span class='ocrx_word' id='word_1_731' title='bbox 2761 5635 2959 5706; x_wconf 93' lang='lat' dir='ltr'><strong>quibus</strong></span> <span class='ocrx_word' id='word_1_732' title='bbox 2983 5642 3253 5706; x_wconf 86' lang='lat' dir='ltr'><strong>martyres</strong></span> 
     </span>
    </p>
   </div>
   <div class='ocr_carea' id='block_1_118' title="bbox 1913 5725 3211 5801">
    <p class='ocr_par' dir='ltr' id='par_1_118' title="bbox 1913 5725 3211 5801">
     <span class='ocr_line' id='line_1_118' title="bbox 1913 5725 3211 5801; baseline -0.002 -19"><span class='ocrx_word' id='word_1_733' title='bbox 1913 5726 2138 5782; x_wconf 91' lang='lat' dir='ltr'><strong>Clausos</strong></span> <span class='ocrx_word' id='word_1_734' title='bbox 2163 5726 2324 5782; x_wconf 91' lang='lat' dir='ltr'><strong>simul</strong></span> <span class='ocrx_word' id='word_1_735' title='bbox 2361 5735 2416 5782; x_wconf 92' lang='lat' dir='ltr'><strong>et</strong></span> <span class='ocrx_word' id='word_1_736' title='bbox 2451 5726 2646 5799; x_wconf 89' lang='lat' dir='ltr'><strong>ligatos</strong></span> <span class='ocrx_word' id='word_1_737' title='bbox 2673 5725 2936 5801; x_wconf 82' lang='lat' dir='ltr'><strong>custodiri</strong></span> <span class='ocrx_word' id='word_1_738' title='bbox 2960 5726 3211 5785; x_wconf 66' lang='lat' dir='ltr'><strong>iusserat.</strong></span> 
     </span>
    </p>
   </div>
   <div class='ocr_carea' id='block_1_119' title="bbox 1982 5842 2631 5915">
    <p class='ocr_par' dir='ltr' id='par_1_119' title="bbox 1982 5842 2631 5915">
     <span class='ocr_line' id='line_1_119' title="bbox 1982 5842 2631 5915; baseline 0.005 -15"><span class='ocrx_word' id='word_1_739' title='bbox 1982 5844 2012 5886; x_wconf 69' lang='grc' dir='ltr'>δ</span> <span class='ocrx_word' id='word_1_740' title='bbox 2041 5843 2107 5900; x_wconf 87' lang='grc' dir='ltr'><strong>Ι).</strong></span> <span class='ocrx_word' id='word_1_741' title='bbox 2137 5842 2348 5915; x_wconf 90' lang='lat' dir='ltr'><strong>Teulet,</strong></span> <span class='ocrx_word' id='word_1_742' title='bbox 2382 5855 2631 5903; x_wconf 77' lang='lat' dir='ltr'><strong>sternere.</strong></span> 
     </span>
    </p>
   </div>
  </div>
